{"host":"u7lm8z2rvb4dg2oo","time":1610730849,"event":{"mods":["AchievementEnabler","BaseMod","Bestiary","Block Reminder","Colored Map","Colored Powertips","Curses Come First","DeckTracker","Googly Eyes","Highlight Path","Minty Spire (QoL Compilation)","Quick Restart","StSLib"],"gold_per_floor":[116,134,154,3,178,178,128,159,159,171,171,184,204,279,279,384,384,402,415,428,90,90,129,129,129,129,166,166,204,12,32,32,136,136,148,21,45,45,54,84,84,104,157,157,171,171,208,23,23,23,23,23,13,42,42],"floor_reached":56,"language":"ENG","playtime":8732,"items_purged":["Strike_G"],"score":1527,"play_id":"83122f04-4f9b-4524-97ee-e4633a3b2231","local_time":"20210115121409","is_ascension_mode":true,"campfire_choices":[{"data":"Terror","floor":6.0,"key":"SMITH"},{"floor":11.0,"key":"REST"},{"data":"Choke","floor":15.0,"key":"SMITH"},{"floor":25.0,"key":"REST"},{"floor":28.0,"key":"REST"},{"floor":32.0,"key":"REST"},{"data":"Envenom","floor":44.0,"key":"SMITH"},{"floor":46.0,"key":"REST"},{"floor":49.0,"key":"RECALL"},{"data":"Footwork","floor":52.0,"key":"SMITH"}],"circlet_count":0,"master_deck":["Strike_G+1","Strike_G","Strike_G","Defend_G","Defend_G","Defend_G","Defend_G","Survivor","Neutralize","Terror+1","Choke+1","Unload","Blur","Malaise","PiercingWail","Dash+1","Footwork","Finesse","Poisoned Stab+1","Setup+1","Leg Sweep","Envenom+1","Storm of Steel","Phantasmal Killer","Malaise","Backflip+1","Footwork+1","Caltrops","Finisher","Noxious Fumes"],"relics":["Ring of the Snake","NeowsBlessing","Membership Card","Ninja Scroll","Juzu Bracelet","SlaversCollar","Art of War","Sling","CeramicFish","Centennial Puzzle","MutagenicStrength","Whetstone","TungstenRod","Meat on the Bone","SacredBark","Mummified Hand","Ancient Tea Set","MealTicket","Strawberry","ClockworkSouvenir","Oddly Smooth Stone"],"acts_visited":["Exordium","TheCity","TheBeyond","TheEnding"],"potions_floor_usage":[55,55],"damage_taken":[{"damage":0.0,"enemies":"Cultist","floor":1.0,"turns":1.0},{"damage":0.0,"enemies":"Jaw Worm","floor":2.0,"turns":1.0},{"damage":0.0,"enemies":"Small Slimes","floor":3.0,"turns":1.0},{"damage":18.0,"enemies":"Gremlin Nob","floor":8.0,"turns":4.0},{"damage":0.0,"enemies":"2 Fungi Beasts","floor":10.0,"turns":2.0},{"damage":0.0,"enemies":"Blue Slaver","floor":12.0,"turns":3.0},{"damage":1.0,"enemies":"Large Slime","floor":13.0,"turns":5.0},{"damage":8.0,"enemies":"Slime Boss","floor":16.0,"turns":8.0},{"damage":11.0,"enemies":"2 Thieves","floor":18.0,"turns":5.0},{"damage":6.0,"enemies":"Shell Parasite","floor":19.0,"turns":9.0},{"damage":11.0,"enemies":"Snecko","floor":20.0,"turns":4.0},{"damage":26.0,"enemies":"Gremlin Leader","floor":23.0,"turns":7.0},{"damage":5.0,"enemies":"Slavers","floor":27.0,"turns":6.0},{"damage":0.0,"enemies":"Gremlin Leader","floor":29.0,"turns":3.0},{"damage":2.0,"enemies":"Centurion and Healer","floor":31.0,"turns":6.0},{"damage":46.0,"enemies":"Champ","floor":33.0,"turns":18.0},{"damage":0.0,"enemies":"3 Shapes","floor":35.0,"turns":5.0},{"damage":4.0,"enemies":"Orb Walker","floor":37.0,"turns":4.0},{"damage":19.0,"enemies":"Nemesis","floor":40.0,"turns":13.0},{"damage":25.0,"enemies":"Jaw Worm Horde","floor":42.0,"turns":5.0},{"damage":22.0,"enemies":"3 Darklings","floor":45.0,"turns":11.0},{"damage":21.0,"enemies":"Reptomancer","floor":47.0,"turns":9.0},{"damage":38.0,"enemies":"Donu and Deca","floor":50.0,"turns":14.0},{"damage":17.0,"enemies":"Shield and Spear","floor":54.0,"turns":5.0},{"damage":116,"enemies":"The Heart","floor":55,"turns":14}],"seed_played":"-5471022586592342976","potions_obtained":[{"floor":2.0,"key":"SpeedPotion"},{"floor":3.0,"key":"SkillPotion"},{"floor":10.0,"key":"Energy Potion"},{"floor":18.0,"key":"Block Potion"},{"floor":27.0,"key":"LiquidBronze"},{"floor":33.0,"key":"Strength Potion"},{"floor":40.0,"key":"FairyPotion"},{"floor":42.0,"key":"DuplicationPotion"},{"floor":47.0,"key":"AttackPotion"},{"floor":54.0,"key":"Weak Potion"}],"is_trial":false,"path_per_floor":["M","M","M","$","?","R","?","E","T","M","R","M","M","?","R","B",null,"M","M","M","$","?","E","?","R","T","E","R","E","$","M","R","B",null,"M","$","M","?","?","E","?","M","T","R","M","R","E","$","R","B",null,"R","$","E","B",null],"character_chosen":"THE_SILENT","items_purchased":["Membership Card","Footwork","Art of War","Sling","Finesse","CeramicFish","Envenom","Meat on the Bone","Mummified Hand","Caltrops","SteroidPotion","PowerPotion","Finisher","ClockworkSouvenir","Noxious Fumes"],"campfire_rested":5,"item_purchase_floors":[4,21,21,21,21,21,30,30,36,48,48,48,48,48,53],"current_hp_per_floor":[63,63,63,63,63,63,63,45,45,45,66,66,65,54,54,46,64,53,47,36,36,36,10,10,31,31,26,47,47,47,45,66,32,61,61,61,57,57,57,38,70,45,45,45,35,56,54,69,69,43,69,69,77,60,18],"gold":42,"neow_bonus":"THREE_ENEMY_KILL","is_daily":false,"chose_seed":false,"campfire_upgraded":4,"win_rate":0.0,"timestamp":1610730849,"path_taken":["M","?","M","$","?","R","?","E","T","M","R","M","M","?","R","BOSS","M","M","M","$","?","E","?","R","T","E","R","E","$","M","R","BOSS","M","$","M","?","?","E","?","M","T","R","M","R","E","$","R","BOSS","R","$","E","BOSS"],"items_purchased_type":["Relic","Card","Relic","Relic","Card","Relic","Card","Relic","Relic","Card","Potion","Potion","Card","Relic","Card"],"build_version":"2020-12-22","purchased_purges":1,"victory":true,"max_hp_per_floor":[70,70,70,70,70,70,70,70,70,70,70,70,70,70,70,70,70,70,70,70,70,70,70,70,70,70,70,70,70,70,70,70,70,70,70,70,70,70,70,70,70,70,70,70,70,70,77,77,77,77,77,77,77,77,77],"card_choices":[{"not_picked":["Dagger Throw","Heel Hook","Escape Plan"],"picked":"SKIP","floor":1.0},{"not_picked":["Blade Dance","Cloak And Dagger"],"picked":"Terror","floor":2.0},{"not_picked":["Dagger Spray","Dagger Throw"],"picked":"Choke","floor":3.0},{"not_picked":["Concentrate","Predator","Sucker Punch"],"picked":"SKIP","floor":8.0},{"not_picked":["Bane","Prepared","Acrobatics"],"picked":"SKIP","floor":10.0},{"not_picked":["Dagger Spray","Crippling Poison"],"picked":"Unload","floor":12.0},{"not_picked":["Dagger Spray","Dagger Throw"],"picked":"Blur","floor":13.0},{"not_picked":["Night Terror","Grand Finale"],"picked":"Malaise","floor":16.0},{"not_picked":["Dagger Spray","Slice"],"picked":"PiercingWail","floor":18.0},{"not_picked":["Masterful Stab","Poisoned Stab"],"picked":"Dash","floor":19.0},{"not_picked":["Quick Slash+1","Prepared","Setup"],"picked":"SKIP","floor":20.0},{"not_picked":["Bane","Catalyst"],"picked":"Poisoned Stab+1","floor":23.0},{"not_picked":["Dodge and Roll+1","Predator"],"picked":"Setup+1","floor":27.0},{"not_picked":["Prepared","Acrobatics"],"picked":"Leg Sweep","floor":29.0},{"not_picked":["Bouncing Flask","Accuracy"],"picked":"Storm of Steel","floor":31.0},{"not_picked":["Bullet Time","A Thousand Cuts"],"picked":"Phantasmal Killer","floor":33.0},{"not_picked":["Crippling Poison+1","Underhanded Strike","Dagger Throw+1"],"picked":"SKIP","floor":35.0},{"not_picked":["Escape Plan+1","Deadly Poison"],"picked":"Masterful Stab","floor":37.0},{"not_picked":["Deflect+1","Crippling Poison+1","Dagger Spray"],"picked":"SKIP","floor":40.0},{"not_picked":["Prepared+1","Bouncing Flask+1"],"picked":"Backflip+1","floor":42.0},{"not_picked":["Doppelganger","Masterful Stab+1","Setup"],"picked":"SKIP","floor":45.0},{"not_picked":["Crippling Poison+1","Backflip"],"picked":"Footwork","floor":47.0},{"not_picked":["Dagger Spray+1","Dagger Throw","Calculated Gamble"],"picked":"SKIP","floor":54.0}],"player_experience":992688,"relics_obtained":[{"floor":8.0,"key":"Ninja Scroll"},{"floor":9.0,"key":"Juzu Bracelet"},{"floor":23.0,"key":"Centennial Puzzle"},{"floor":27.0,"key":"Whetstone"},{"floor":29.0,"key":"TungstenRod"},{"floor":40.0,"key":"Ancient Tea Set"},{"floor":43.0,"key":"MealTicket"},{"floor":47.0,"key":"Strawberry"},{"floor":54.0,"key":"Oddly Smooth Stone"}],"event_choices":[{"damage_healed":0.0,"max_hp_gain":0.0,"max_hp_loss":0.0,"gold_gain":175.0,"event_name":"Liars Game","player_choice":"AGREE","floor":5.0,"gold_loss":0.0,"damage_taken":0.0,"cards_obtained":["Doubt"]},{"cards_removed":["Doubt"],"damage_healed":0.0,"max_hp_gain":0.0,"max_hp_loss":0.0,"gold_gain":0.0,"event_name":"The Cleric","player_choice":"Card Removal","floor":7.0,"gold_loss":50.0,"damage_taken":0.0},{"damage_healed":0.0,"max_hp_gain":0.0,"max_hp_loss":0.0,"gold_gain":75.0,"event_name":"World of Goop","player_choice":"Gather Gold","floor":14.0,"gold_loss":0.0,"damage_taken":11.0},{"cards_removed":["Strike_G"],"damage_healed":0.0,"max_hp_gain":0.0,"max_hp_loss":0.0,"gold_gain":0.0,"event_name":"Back to Basics","player_choice":"Elegance","floor":22.0,"gold_loss":0.0,"damage_taken":0.0},{"damage_healed":0.0,"max_hp_gain":0.0,"max_hp_loss":0.0,"gold_gain":0.0,"event_name":"Drug Dealer","player_choice":"Inject Mutagens","floor":24.0,"gold_loss":0.0,"damage_taken":0.0,"relics_obtained":["MutagenicStrength"]},{"cards_removed":["Defend_G"],"damage_healed":0.0,"max_hp_gain":0.0,"max_hp_loss":0.0,"gold_gain":0.0,"event_name":"Falling","player_choice":"Removed Skill","floor":38.0,"gold_loss":0.0,"damage_taken":0.0},{"damage_healed":0.0,"max_hp_gain":0.0,"max_hp_loss":0.0,"gold_gain":0.0,"event_name":"Duplicator","player_choice":"Copied","floor":39.0,"gold_loss":0.0,"damage_taken":0.0,"cards_obtained":["Malaise"]},{"cards_removed":["Masterful Stab"],"damage_healed":32.0,"max_hp_gain":0.0,"max_hp_loss":0.0,"gold_gain":0.0,"event_name":"Bonfire Elementals","player_choice":"Offered Uncommon","floor":41.0,"gold_loss":0.0,"damage_taken":0.0}],"is_beta":false,"boss_relics":[{"not_picked":["Busted Crown","Runic Dome"],"picked":"SlaversCollar"},{"not_picked":["Astrolabe","Calling Bell"],"picked":"SacredBark"}],"items_purged_floors":[21],"is_endless":false,"potions_floor_spawned":[2,3,10,18,27,33,40,42,47,54],"ascension_level":6}}