{"host":"skvwuvqqk8x6jusd","time":1610672742,"event":{"mods":["AchievementEnabler","BaseMod","Colored Map","Colored Powertips","Highlight Path","Minty Spire (QoL Compilation)","Relic Stats","Slay-I"],"gold_per_floor":[118,135,145,145,30,30,44,56,80,90,90,90,55,72,72,175,175,189,201,201,201,219,219,233,244,244,244,144,158,158,60,60,164,164,177,177,0,0,0,0,16,30,110,110,110,145,155,9,9,9],"floor_reached":51,"language":"ENG","playtime":984,"items_purged":["Defend_R","Defend_R"],"score":719,"play_id":"141a7c1a-0658-4520-a46f-573b057871cc","local_time":"20210115010542","is_ascension_mode":false,"campfire_choices":[{"data":"Perfected Strike","floor":6,"key":"SMITH"},{"data":"Pummel","floor":11,"key":"SMITH"},{"data":"Dropkick","floor":15,"key":"SMITH"},{"data":"Flex","floor":23,"key":"SMITH"},{"data":"Flex","floor":30,"key":"SMITH"},{"data":"Whirlwind","floor":32,"key":"SMITH"},{"data":"Heavy Blade","floor":40,"key":"SMITH"},{"data":"Dramatic Entrance","floor":45,"key":"SMITH"},{"floor":49,"key":"REST"}],"circlet_count":0,"master_deck":["Strike_R","Strike_R","Strike_R","Strike_R","Bash+1","Perfected Strike+1","Dropkick+1","Anger","Pummel+1","Anger","Flex+1","Perfected Strike+1","Flex+1","Heavy Blade+1","Carnage+1","Whirlwind+1","Clash","Whirlwind+1","Dramatic Entrance+1","Clash"],"relics":["Burning Blood","Orichalcum","Red Skull","Velvet Choker","MutagenicStrength","Art of War","Bag of Marbles","Empty Cage","Red Mask","Meat on the Bone","Pen Nib","Bag of Preparation"],"acts_visited":["Exordium","TheCity","TheBeyond"],"potions_floor_usage":[16,16,33,33,50,50],"damage_taken":[{"damage":10,"enemies":"Small Slimes","floor":1,"turns":3},{"damage":6,"enemies":"Cultist","floor":2,"turns":3},{"damage":11,"enemies":"Jaw Worm","floor":3,"turns":2},{"damage":10,"enemies":"Looter","floor":7,"turns":2},{"damage":18,"enemies":"Lots of Slimes","floor":8,"turns":4},{"damage":13,"enemies":"Exordium Thugs","floor":10,"turns":3},{"damage":8,"enemies":"Red Slaver","floor":14,"turns":2},{"damage":50,"enemies":"The Guardian","floor":16,"turns":7},{"damage":8,"enemies":"2 Thieves","floor":18,"turns":3},{"damage":9,"enemies":"Shell Parasite","floor":19,"turns":3},{"damage":2,"enemies":"Snecko","floor":22,"turns":3},{"damage":4,"enemies":"Sentry and Sphere","floor":24,"turns":3},{"damage":2,"enemies":"Centurion and Healer","floor":25,"turns":3},{"damage":15,"enemies":"Snake Plant","floor":29,"turns":2},{"damage":50,"enemies":"Champ","floor":33,"turns":5},{"damage":3,"enemies":"3 Shapes","floor":35,"turns":2},{"damage":0,"enemies":"3 Darklings","floor":41,"turns":1},{"damage":0,"enemies":"Jaw Worm Horde","floor":42,"turns":2},{"damage":24,"enemies":"Nemesis","floor":46,"turns":5},{"damage":12,"enemies":"4 Shapes","floor":47,"turns":2},{"damage":22,"enemies":"Donu and Deca","floor":50,"turns":4}],"seed_played":"7006577006975129651","potions_obtained":[{"floor":7,"key":"Dexterity Potion"},{"floor":10,"key":"Regen Potion"},{"floor":14,"key":"Block Potion"},{"floor":22,"key":"FearPotion"},{"floor":24,"key":"Swift Potion"},{"floor":29,"key":"Strength Potion"},{"floor":42,"key":"HeartOfIron"},{"floor":46,"key":"Explosive Potion"}],"is_trial":false,"path_per_floor":["M","M","M","?","$","R","M","M","T","M","R","?","?","M","R","B",null,"M","M","?","?","M","R","M","M","T","T","$","M","R","$","R","B",null,"M","?","?","?","$","R","M","M","T","?","R","E","M","$","R","B",null],"character_chosen":"IRONCLAD","items_purchased":["Dropkick","Whirlwind","Clash","Bag of Preparation"],"campfire_rested":1,"item_purchase_floors":[5,31,31,48],"current_hp_per_floor":[76,76,71,71,71,71,67,55,55,48,48,48,68,66,66,37,80,78,75,75,75,79,79,80,80,80,80,80,71,71,71,71,27,80,80,80,80,80,80,80,80,80,80,80,80,62,56,56,80,64],"gold":9,"neow_bonus":"UPGRADE_CARD","is_daily":false,"chose_seed":false,"campfire_upgraded":8,"win_rate":0.0,"timestamp":1610672742,"path_taken":["M","M","M","?","$","R","?","M","T","M","R","?","?","M","R","BOSS","M","M","?","?","M","R","M","?","T","?","$","M","R","$","R","BOSS","M","?","?","?","$","R","M","M","T","?","R","E","M","$","R","BOSS"],"items_purchased_type":["Card","Card","Card","Relic"],"build_version":"2020-12-22","purchased_purges":2,"victory":true,"max_hp_per_floor":[80,80,80,80,80,80,80,80,80,80,80,80,80,80,80,80,80,80,80,80,80,80,80,80,80,80,80,80,80,80,80,80,80,80,80,80,80,80,80,80,80,80,80,80,80,80,80,80,80,80],"relic_stats":{"counters":[21,64],"Pen Nib":[1],"Art of War":[0],"Bag of Preparation":[2],"Orichalcum":[180],"obtain_stats":[{"MutagenicStrength":20,"Velvet Choker":17,"Pen Nib":46,"Art of War":26,"Bag of Marbles":27,"Red Mask":37,"Bag of Preparation":48,"Orichalcum":9,"Empty Cage":34,"Burning Blood":0,"Red Skull":12,"Meat on the Bone":43},{"MutagenicStrength":10,"Velvet Choker":8,"Pen Nib":19,"Art of War":13,"Bag of Marbles":13,"Red Mask":16,"Bag of Preparation":20,"Orichalcum":5,"Empty Cage":15,"Burning Blood":0,"Red Skull":6,"Meat on the Bone":18},{"MutagenicStrength":32,"Velvet Choker":26,"Pen Nib":58,"Art of War":41,"Bag of Marbles":41,"Red Mask":50,"Bag of Preparation":60,"Orichalcum":14,"Empty Cage":48,"Burning Blood":0,"Red Skull":17,"Meat on the Bone":53}],"Burning Blood":106,"Meat on the Bone":0},"card_choices":[{"not_picked":["Clothesline","Pommel Strike","Burning Pact"],"picked":"SKIP","floor":1},{"not_picked":["Disarm","Shrug It Off"],"picked":"Perfected Strike","floor":2},{"not_picked":["Body Slam","Dual Wield","Armaments"],"picked":"SKIP","floor":3},{"not_picked":["Sentinel","Burning Pact"],"picked":"Anger","floor":7},{"not_picked":["Shrug It Off","True Grit","Flame Barrier"],"picked":"SKIP","floor":8},{"not_picked":["Blood for Blood","Thunderclap"],"picked":"Pummel","floor":10},{"not_picked":["Dark Embrace","Shrug It Off"],"picked":"Anger","floor":14},{"not_picked":["Entrench","Headbutt","Warcry"],"picked":"SKIP","floor":18},{"not_picked":["Clothesline","Armaments+1"],"picked":"Flex","floor":19},{"not_picked":["Iron Wave","Ghostly Armor+1"],"picked":"Perfected Strike","floor":22},{"not_picked":["Wild Strike+1","Clothesline"],"picked":"Flex","floor":24},{"not_picked":["Pommel Strike+1","Headbutt"],"picked":"Heavy Blade","floor":25},{"not_picked":["Shrug It Off","Anger+1"],"picked":"Carnage+1","floor":29},{"not_picked":["Uppercut","Flex"],"picked":"Whirlwind+1","floor":35},{"not_picked":["Purity","Finesse"],"picked":"Dramatic Entrance","floor":38},{"not_picked":["Pommel Strike","Dark Embrace+1","Thunderclap+1"],"picked":"SKIP","floor":41},{"not_picked":["Headbutt+1","Flame Barrier+1","Uppercut"],"picked":"SKIP","floor":42},{"not_picked":["Twin Strike","Armaments+1"],"picked":"Clash","floor":46},{"not_picked":["Feed","Iron Wave+1","Anger"],"picked":"SKIP","floor":47}],"player_experience":617511,"relics_obtained":[{"floor":9,"key":"Orichalcum"},{"floor":26,"key":"Art of War"},{"floor":27,"key":"Bag of Marbles"},{"floor":43,"key":"Meat on the Bone"},{"floor":46,"key":"Pen Nib"}],"event_choices":[{"cards_removed":["Defend_R"],"damage_healed":0,"gold_gain":0,"player_choice":"Purged","damage_taken":0,"max_hp_gain":0,"max_hp_loss":0,"event_name":"Purifier","floor":4,"gold_loss":0},{"damage_healed":0,"gold_gain":0,"player_choice":"Searched \u00271\u0027 times","damage_taken":0,"relics_obtained":["Red Skull"],"max_hp_gain":0,"max_hp_loss":0,"event_name":"Dead Adventurer","floor":12,"gold_loss":0},{"damage_healed":20,"gold_gain":0,"player_choice":"Healed","damage_taken":0,"max_hp_gain":0,"max_hp_loss":0,"event_name":"The Cleric","floor":13,"gold_loss":35},{"damage_healed":0,"gold_gain":0,"player_choice":"Inject Mutagens","damage_taken":0,"relics_obtained":["MutagenicStrength"],"max_hp_gain":0,"max_hp_loss":0,"event_name":"Drug Dealer","floor":20,"gold_loss":0},{"damage_healed":0,"gold_gain":0,"player_choice":"Ignored","damage_taken":0,"max_hp_gain":0,"max_hp_loss":0,"event_name":"N\u0027loth","floor":21,"gold_loss":0},{"damage_healed":0,"gold_gain":0,"player_choice":"Ignored","damage_taken":0,"max_hp_gain":0,"max_hp_loss":0,"event_name":"Mysterious Sphere","floor":36,"gold_loss":0},{"damage_healed":0,"gold_gain":0,"player_choice":"Paid","damage_taken":0,"relics_obtained":["Red Mask"],"max_hp_gain":0,"max_hp_loss":0,"event_name":"Tomb of Lord Red Mask","floor":37,"gold_loss":177},{"damage_healed":0,"gold_gain":0,"player_choice":"Memory 1","damage_taken":0,"max_hp_gain":0,"max_hp_loss":0,"event_name":"SensoryStone","floor":38,"gold_loss":0},{"damage_healed":0,"gold_gain":0,"player_choice":"Forge","damage_taken":0,"max_hp_gain":0,"max_hp_loss":0,"event_name":"Accursed Blacksmith","floor":44,"gold_loss":0,"cards_upgraded":["Perfected Strike"]}],"is_beta":false,"boss_relics":[{"not_picked":["Busted Crown","Coffee Dripper"],"picked":"Velvet Choker"},{"not_picked":["Mark of Pain","SacredBark"],"picked":"Empty Cage"}],"items_purged_floors":[5,28],"is_endless":false,"potions_floor_spawned":[7,10,14,22,24,29,42,46],"ascension_level":0}}