{"host":"sygfylmorsvdndbx","time":1610682843,"event":{"mods":["AchievementEnabler","BaseMod","Minty Spire (QoL Compilation)","Quick Restart","Relic Stats"],"gold_per_floor":[13,25,40,40,54,54,84,84,84,113,113,129,148,163,163,264,264,281,206,55,66,66,66,96,69,69,69,98,13,13,13,13,114,114,128,145,0,11,35,35,60,60,60,74,74,89,144,177,177,177,177,177,27,60,60,60],"floor_reached":55,"language":"ENG","playtime":4218,"items_purged":["Strike_R","Defend_R"],"score":738,"play_id":"dadcf45e-96a2-4f8c-9e68-fba3688e2956","local_time":"20210114225403","is_ascension_mode":false,"campfire_choices":[{"data":"Immolate","floor":6,"key":"SMITH"},{"data":"Uppercut","floor":8,"key":"SMITH"},{"data":"Power Through","floor":11,"key":"SMITH"},{"data":"Shrug It Off","floor":15,"key":"SMITH"},{"data":"Blood for Blood","floor":23,"key":"SMITH"},{"data":"Double Tap","floor":27,"key":"SMITH"},{"data":"Brutality","floor":32,"key":"SMITH"},{"data":"Immolate","floor":40,"key":"SMITH"},{"floor":49,"key":"RECALL"},{"data":"Second Wind","floor":52,"key":"SMITH"}],"circlet_count":0,"master_deck":["Strike_R","Strike_R","Defend_R+1","Defend_R+1","Bash+1","Reckless Charge","Immolate+1","Shockwave","Uppercut+1","Dropkick+1","Thunderclap","Second Wind+1","Power Through+1","Burning Pact","Shrug It Off+1","Brutality+1","Blood for Blood+1","Double Tap+1","Shrug It Off","Iron Wave+1","Immolate+1","Burning Pact+1","Inflame+1","Dropkick+1","Blood for Blood+1","Carnage+1","True Grit+1","Fire Breathing"],"relics":["Burning Blood","Vajra","War Paint","Odd Mushroom","SlaversCollar","Mummified Hand","Charon\u0027s Ashes","CaptainsWheel","Strawberry","Eternal Feather","Velvet Choker","Red Mask","Anchor","Nunchaku","Dead Branch","Self Forming Clay","Bag of Preparation"],"acts_visited":["Exordium","TheCity","TheBeyond","TheEnding"],"potions_floor_usage":[13,28,33,41,46,50,54,55,55,55,55,55,55],"damage_taken":[{"damage":0,"enemies":"Small Slimes","floor":1,"turns":2},{"damage":0,"enemies":"2 Louse","floor":2,"turns":1},{"damage":6,"enemies":"Jaw Worm","floor":3,"turns":2},{"damage":0,"enemies":"3 Louse","floor":5,"turns":1},{"damage":14,"enemies":"Gremlin Nob","floor":7,"turns":3},{"damage":8,"enemies":"The Mushroom Lair","floor":10,"turns":2},{"damage":0,"enemies":"Large Slime","floor":12,"turns":2},{"damage":0,"enemies":"Exordium Thugs","floor":13,"turns":3},{"damage":0,"enemies":"Lots of Slimes","floor":14,"turns":1},{"damage":11,"enemies":"Slime Boss","floor":16,"turns":8},{"damage":3,"enemies":"Chosen","floor":18,"turns":4},{"damage":8,"enemies":"Spheric Guardian","floor":21,"turns":6},{"damage":19,"enemies":"Slavers","floor":24,"turns":3},{"damage":22,"enemies":"Gremlin Leader","floor":28,"turns":2},{"damage":13,"enemies":"Champ","floor":33,"turns":6},{"damage":12,"enemies":"3 Shapes","floor":35,"turns":2},{"damage":12,"enemies":"Orb Walker","floor":36,"turns":2},{"damage":2,"enemies":"3 Darklings","floor":38,"turns":2},{"damage":5,"enemies":"Giant Head","floor":41,"turns":5},{"damage":21,"enemies":"4 Shapes","floor":44,"turns":2},{"damage":1,"enemies":"Sphere and 2 Shapes","floor":46,"turns":2},{"damage":26,"enemies":"2 Orb Walkers","floor":47,"turns":3},{"damage":4,"enemies":"Nemesis","floor":48,"turns":5},{"damage":23,"enemies":"Awakened One","floor":50,"turns":7},{"damage":32,"enemies":"Shield and Spear","floor":54,"turns":3},{"damage":63,"enemies":"The Heart","floor":55,"turns":8}],"seed_played":"-1943230566946518284","potions_obtained":[{"floor":1,"key":"Energy Potion"},{"floor":5,"key":"SteroidPotion"},{"floor":10,"key":"Strength Potion"},{"floor":16,"key":"SteroidPotion"},{"floor":28,"key":"SpeedPotion"},{"floor":35,"key":"SteroidPotion"},{"floor":36,"key":"Weak Potion"},{"floor":41,"key":"EntropicBrew"},{"floor":47,"key":"LiquidMemories"},{"floor":54,"key":"Dexterity Potion"}],"is_trial":false,"path_per_floor":["M","M","M","?","M","R","E","R","T","?","R","M","M","M","R","B",null,"M","?","$","M","?","R","E","$","T","R","E","?","?","T","R","B",null,"M","M","?","M","T","R","E","?","T","M","$","M","?","E","R","B",null,"R","$","E","B"],"character_chosen":"IRONCLAD","items_purchased":["Blood for Blood","Shrug It Off","Strength Potion"],"campfire_rested":0,"item_purchase_floors":[20,25,53],"current_hp_per_floor":[80,80,80,64,70,70,62,62,62,60,60,66,72,78,78,73,80,80,80,80,78,78,78,65,65,65,65,49,56,56,56,68,61,87,81,75,75,79,79,87,87,87,87,72,72,77,57,59,74,57,87,87,87,61,0,0],"gold":60,"neow_bonus":"TRANSFORM_TWO_CARDS","is_daily":false,"chose_seed":false,"campfire_upgraded":9,"win_rate":0.0,"timestamp":1610682843,"path_taken":["M","M","M","?","M","R","E","R","T","?","R","M","M","M","R","BOSS","M","?","$","M","?","R","E","$","T","R","E","?","?","?","R","BOSS","M","M","?","M","?","R","E","?","T","?","$","M","?","E","R","BOSS","R","$","E","BOSS"],"items_purchased_type":["Card","Card","Potion"],"build_version":"2020-12-22","purchased_purges":2,"victory":false,"max_hp_per_floor":[80,80,80,80,80,80,80,80,80,80,80,80,80,80,80,80,80,80,80,80,80,80,80,80,80,80,80,80,87,87,87,87,87,87,87,87,87,87,87,87,87,87,87,87,87,87,87,87,87,87,87,87,87,87,87,87],"relic_stats":{"Nunchaku":[7],"counters":[26,87],"Mummified Hand":[24],"Self Forming Clay":[90],"Dead Branch":[26],"Eternal Feather":35,"Charon\u0027s Ashes":[135],"Bag of Preparation":[2],"War Paint":["Defend_R","Defend_R"],"obtain_stats":[{"Self Forming Clay":48,"Dead Branch":47,"Vajra":7,"Velvet Choker":34,"Eternal Feather":31,"Charon\u0027s Ashes":26,"Bag of Preparation":54,"War Paint":9,"Odd Mushroom":10,"Burning Blood":0,"SlaversCollar":17,"CaptainsWheel":28,"Anchor":39,"Nunchaku":41,"Mummified Hand":24,"Strawberry":29,"Red Mask":37},{"Self Forming Clay":23,"Dead Branch":22,"Vajra":5,"Velvet Choker":15,"Eternal Feather":14,"Charon\u0027s Ashes":13,"Bag of Preparation":25,"War Paint":5,"Odd Mushroom":6,"Burning Blood":0,"SlaversCollar":10,"CaptainsWheel":14,"Anchor":18,"Nunchaku":19,"Mummified Hand":13,"Strawberry":14,"Red Mask":17},{"Self Forming Clay":69,"Dead Branch":64,"Vajra":9,"Velvet Choker":46,"Eternal Feather":40,"Charon\u0027s Ashes":38,"Bag of Preparation":79,"War Paint":9,"Odd Mushroom":11,"Burning Blood":0,"SlaversCollar":25,"CaptainsWheel":40,"Anchor":52,"Nunchaku":57,"Mummified Hand":38,"Strawberry":40,"Red Mask":50}],"Burning Blood":134},"card_choices":[{"not_picked":["Perfected Strike","Warcry"],"picked":"Shockwave","floor":1},{"not_picked":["Sever Soul","Havoc"],"picked":"Uppercut","floor":2},{"not_picked":["Headbutt","True Grit"],"picked":"Dropkick","floor":3},{"not_picked":["Perfected Strike","Pommel Strike"],"picked":"Thunderclap","floor":5},{"not_picked":["Flex","Corruption"],"picked":"Second Wind","floor":7},{"not_picked":["Armaments","Havoc"],"picked":"Power Through","floor":10},{"not_picked":["Dual Wield","Heavy Blade","Twin Strike"],"picked":"SKIP","floor":12},{"not_picked":["Metallicize","Clothesline"],"picked":"Burning Pact","floor":13},{"not_picked":["Clothesline","Uppercut"],"picked":"Shrug It Off","floor":14},{"not_picked":["Juggernaut","Corruption"],"picked":"Brutality","floor":16},{"not_picked":["Clothesline","Rampage","Havoc+1"],"picked":"SKIP","floor":18},{"not_picked":["Clash","True Grit","Second Wind"],"picked":"SKIP","floor":21},{"not_picked":["Shrug It Off","Clash"],"picked":"Double Tap","floor":24},{"not_picked":["Wild Strike","Heavy Blade+1"],"picked":"Iron Wave+1","floor":28},{"not_picked":["Berserk","Reaper"],"picked":"Immolate","floor":33},{"not_picked":["Clothesline","Hemokinesis+1"],"picked":"Burning Pact+1","floor":35},{"not_picked":["Sword Boomerang+1","Cleave+1","Wild Strike"],"picked":"SKIP","floor":36},{"not_picked":["Warcry+1","Spot Weakness+1"],"picked":"Inflame+1","floor":38},{"not_picked":["Flex","Wild Strike+1"],"picked":"Dropkick+1","floor":41},{"not_picked":["Body Slam","Reckless Charge","Twin Strike"],"picked":"SKIP","floor":44},{"not_picked":["Entrench+1","Seeing Red+1"],"picked":"Carnage+1","floor":46},{"not_picked":["Body Slam","Heavy Blade"],"picked":"True Grit+1","floor":48},{"not_picked":["Anger+1","Immolate"],"picked":"Fire Breathing","floor":54}],"player_experience":241267,"relics_obtained":[{"floor":7,"key":"Vajra"},{"floor":9,"key":"War Paint"},{"floor":10,"key":"Odd Mushroom"},{"floor":24,"key":"Mummified Hand"},{"floor":26,"key":"Charon\u0027s Ashes"},{"floor":28,"key":"CaptainsWheel"},{"floor":31,"key":"Eternal Feather"},{"floor":39,"key":"Anchor"},{"floor":41,"key":"Nunchaku"},{"floor":47,"key":"Dead Branch"},{"floor":48,"key":"Self Forming Clay"},{"floor":54,"key":"Bag of Preparation"}],"event_choices":[{"damage_healed":0,"gold_gain":0,"player_choice":"Entered Light","damage_taken":16,"max_hp_gain":0,"max_hp_loss":0,"event_name":"Shining Light","floor":4,"gold_loss":0,"cards_upgraded":["Bash","Dropkick"]},{"damage_healed":0,"gold_gain":0,"player_choice":"Fought Mushrooms","damage_taken":0,"max_hp_gain":0,"max_hp_loss":0,"event_name":"Mushrooms","floor":10,"gold_loss":0},{"cards_removed":["Strike_R"],"damage_healed":0,"gold_gain":0,"player_choice":"Gave Gold","damage_taken":0,"max_hp_gain":0,"max_hp_loss":0,"event_name":"Beggar","floor":19,"gold_loss":75},{"damage_healed":0,"gold_gain":0,"player_choice":"Ignored","damage_taken":0,"max_hp_gain":0,"max_hp_loss":0,"event_name":"Vampires","floor":22,"gold_loss":0},{"damage_healed":0,"gold_gain":0,"player_choice":"Obtained Relic","damage_taken":0,"relics_obtained":["Strawberry"],"max_hp_gain":0,"max_hp_loss":0,"event_name":"Addict","floor":29,"gold_loss":85},{"damage_healed":0,"gold_gain":0,"player_choice":"Ignored","damage_taken":0,"max_hp_gain":0,"max_hp_loss":0,"event_name":"Ghosts","floor":30,"gold_loss":0},{"damage_healed":0,"gold_gain":0,"player_choice":"Paid","damage_taken":0,"relics_obtained":["Red Mask"],"max_hp_gain":0,"max_hp_loss":0,"event_name":"Tomb of Lord Red Mask","floor":37,"gold_loss":145},{"damage_healed":0,"gold_gain":0,"player_choice":"Copied","damage_taken":0,"max_hp_gain":0,"max_hp_loss":0,"event_name":"Duplicator","floor":42,"gold_loss":0,"cards_obtained":["Blood for Blood"]},{"damage_healed":0,"gold_gain":0,"player_choice":"Fight","damage_taken":0,"max_hp_gain":0,"max_hp_loss":0,"event_name":"Mysterious Sphere","floor":47,"gold_loss":0}],"is_beta":false,"boss_relics":[{"not_picked":["SacredBark","Tiny House"],"picked":"SlaversCollar"},{"not_picked":["Black Blood","Empty Cage"],"picked":"Velvet Choker"}],"items_purged_floors":[20,53],"is_endless":false,"potions_floor_spawned":[1,5,10,12,16,28,35,36,41,47,48,54],"killed_by":"The Heart","ascension_level":0}}