{"host":"51f0ad793vly1w6u","time":1610691994,"event":{"mods":["BaseMod","Colored Map","DeckTracker","Minty Spire (QoL Compilation)","StSLib","SuperFastMode"],"gold_per_floor":[113,124,124,140,164,164,164,182,182,107,107,148,162,176,176,275,275,293,16,16,16],"floor_reached":20,"language":"KOR","playtime":359,"items_purged":["Strike_R"],"score":452,"play_id":"72de359b-6c3a-4973-ad65-31424ba32b26","local_time":"20210115152634","is_ascension_mode":true,"campfire_choices":[{"data":"Flex","floor":6,"key":"SMITH"},{"data":"Blood for Blood","floor":11,"key":"SMITH"},{"data":"Barricade","floor":15,"key":"SMITH"}],"circlet_count":0,"master_deck":["AscendersBane","Strike_R","Strike_R","Defend_R","Defend_R","Defend_R","Defend_R","Bash","Twin Strike","Twin Strike","Blood for Blood+1","Flex+1","Shrug It Off","Barricade+1","Power Through","Demon Form","Fire Breathing","Feel No Pain"],"relics":["Burning Blood","Golden Idol","Ancient Tea Set","Boot","Question Card","Philosopher\u0027s Stone","Medical Kit"],"acts_visited":["Exordium","TheCity"],"potions_floor_usage":[8,16,16],"damage_taken":[{"damage":10,"enemies":"Small Slimes","floor":1,"turns":5},{"damage":1,"enemies":"Cultist","floor":2,"turns":3},{"damage":6,"enemies":"2 Louse","floor":4,"turns":3},{"damage":41,"enemies":"Large Slime","floor":5,"turns":6},{"damage":0,"enemies":"3 Louse","floor":8,"turns":1},{"damage":32,"enemies":"Lagavulin","floor":12,"turns":4},{"damage":11,"enemies":"2 Fungi Beasts","floor":13,"turns":4},{"damage":7,"enemies":"Gremlin Gang","floor":14,"turns":6},{"damage":0,"enemies":"Hexaghost","floor":16,"turns":9},{"damage":32,"enemies":"Chosen","floor":18,"turns":5},{"damage":35,"enemies":"Shell Parasite","floor":20,"turns":5}],"seed_played":"8871413057560119267","potions_obtained":[{"floor":4,"key":"Dexterity Potion"},{"floor":5,"key":"AttackPotion"},{"floor":13,"key":"PowerPotion"},{"floor":14,"key":"Energy Potion"}],"is_trial":false,"path_per_floor":["M","M","?","M","M","R","?","M","T","?","R","E","M","M","R","B",null,"M","$","M"],"character_chosen":"IRONCLAD","items_purchased":["Feel No Pain","Medical Kit"],"campfire_rested":0,"item_purchase_floors":[19,19],"current_hp_per_floor":[64,69,68,68,33,33,33,39,39,39,39,13,8,7,7,13,54,28,28,0,0],"gold":16,"neow_bonus":"TRANSFORM_CARD","is_daily":false,"chose_seed":false,"campfire_upgraded":3,"win_rate":0.0,"timestamp":1610691994,"path_taken":["M","M","?","M","M","R","?","?","T","?","R","E","M","M","R","BOSS","M","$","M"],"items_purchased_type":["Card","Relic"],"build_version":"2020-12-22","purchased_purges":1,"victory":false,"max_hp_per_floor":[75,75,68,68,68,68,68,68,68,68,68,68,68,68,68,68,68,68,68,68,68],"card_choices":[{"not_picked":["Havoc","Pummel"],"picked":"Twin Strike","floor":1},{"not_picked":["Cleave","Clash"],"picked":"Blood for Blood","floor":2},{"not_picked":["Armaments","Sword Boomerang"],"picked":"Flex","floor":4},{"not_picked":["Sword Boomerang","True Grit"],"picked":"Shrug It Off","floor":5},{"not_picked":["Sever Soul","Exhume","Pommel Strike"],"picked":"SKIP","floor":8},{"not_picked":["Whirlwind","Armaments"],"picked":"Barricade","floor":12},{"not_picked":["Havoc","Headbutt","Sever Soul"],"picked":"Power Through","floor":13},{"not_picked":["Blood for Blood","Intimidate","Pommel Strike","Clash"],"picked":"SKIP","floor":14},{"not_picked":["Feed","Reaper","Fiend Fire"],"picked":"Demon Form","floor":16},{"not_picked":["Anger","Clothesline","Sentinel"],"picked":"Fire Breathing","floor":18}],"player_experience":1392421,"relics_obtained":[{"floor":9,"key":"Boot"},{"floor":12,"key":"Question Card"}],"event_choices":[{"damage_healed":0,"gold_gain":0,"player_choice":"Lose Max HP","damage_taken":0,"relics_obtained":["Golden Idol"],"max_hp_gain":0,"max_hp_loss":7,"event_name":"Golden Idol","floor":3,"gold_loss":0},{"damage_healed":0,"gold_gain":0,"player_choice":"Gave Potion","damage_taken":0,"relics_obtained":["Ancient Tea Set"],"max_hp_gain":0,"max_hp_loss":0,"event_name":"WeMeetAgain","floor":7,"gold_loss":0},{"cards_removed":["Strike_R"],"damage_healed":0,"gold_gain":0,"player_choice":"Card Removal","damage_taken":0,"max_hp_gain":0,"max_hp_loss":0,"event_name":"The Cleric","floor":10,"gold_loss":75}],"is_beta":false,"boss_relics":[{"not_picked":["Tiny House","Runic Cube"],"picked":"Philosopher\u0027s Stone"}],"items_purged_floors":[19],"is_endless":false,"potions_floor_spawned":[4,5,13,14],"killed_by":"Shell Parasite","ascension_level":20}}