{"host":"uu8qcv8llpcbwyus","time":1610695777,"event":{"mods":["100% Spire Juice","BaseMod","CapriCore","Conspire","Downfall","Hubris","Marisa（霧雨　魔理沙）","Minty Spire (QoL Compilation)","Reimu（博??梦）","Remilia（蕾米莉?）","Replay The Spire","StSLib","The Administrix","The Animator","The Gatherer","The Immortal","The Servant 0.9.4","TheSwordswoman","WarShipGirlsR/??少女R mod","Yakumo Yukari mod"],"gold_per_floor":[119,119,119,14,14,14,14,14,14,48,48,61,79,95,95,191,71,81,81,81,98,108,108,138,138,164,180,192,72,88,101,101,201,201,212,229,39,39,52,52,79,93,93,93,110,123,123,123,123,123],"floor_reached":51,"language":"ENG","playtime":1981,"items_purged":["sneckomod:Bewildered"],"score":766,"play_id":"d9739335-5823-47eb-82a0-b78130e07c8b","local_time":"20210114232937","is_ascension_mode":true,"campfire_choices":[{"data":"Moonworks:FullSpeedAlicianrone","floor":6,"key":"SMITH"},{"data":"Moonworks:MiracleWalker","floor":8,"key":"SMITH"},{"data":"Moonworks:Ambush","floor":11,"key":"SMITH"},{"data":"Moonworks:EvilSpyWorkPreparation","floor":15,"key":"SMITH"},{"data":"Moonworks:WindyEnchantment","floor":23,"key":"SMITH"},{"data":"Moonworks:FullSpeedAlicianrone","floor":25,"key":"SMITH"},{"data":"Moonworks:BigMagnum","floor":32,"key":"SMITH"},{"data":"Moonworks:MetallicMonocoque","floor":40,"key":"SMITH"},{"floor":44,"key":"REST"},{"data":"hubris:DuctTapeCard","floor":49,"key":"SMITH"}],"circlet_count":0,"master_deck":["Moonworks:Defend","Moonworks:Ambush+1","Moonworks:LongDistanceShot","Moonworks:MiracleWalker+1","Moonworks:FullSpeedAlicianrone+1","Moonworks:EvilSpyWorkPreparation+1","Moonworks:Bloodlust","Moonworks:ShieldCounter","Moonworks:IndiscriminateFireSupport+1","Moonworks:WindyEnchantment+1","Moonworks:FullSpeedAlicianrone+1","Moonworks:BigMagnum+1","Moonworks:NicePresent+1","Moonworks:MetallicMonocoque+1","Moonworks:DevilHand","Moonworks:NicePresent+1","hubris:DuctTapeCard+2"],"relics":["Moonworks:BrokenBomb","Moonworks:Homemark","hubris:Towel","conspire:Flyswatter","hubris:64BitClover","Empty Cage","GreatHeart","Moonworks:LittleGull","RuthlessExorcism:ReiMu","Orichalcum","Replay:Bottled Steam","Busted Crown","Kunai","BargainBundle","AntiCross","Snack Pack","hubris:DuctTape"],"acts_visited":["Exordium","TheCity","TheBeyond"],"potions_floor_usage":[22,50,50],"damage_taken":[{"damage":4,"enemies":"Small Slimes","floor":1,"turns":4},{"damage":0,"enemies":"2 Louse","floor":4,"turns":3},{"damage":4,"enemies":"Replay:BlueRogue","floor":10,"turns":4},{"damage":0,"enemies":"Cultist","floor":12,"turns":2},{"damage":4,"enemies":"Gremlin Gang","floor":13,"turns":4},{"damage":11,"enemies":"Exordium Thugs","floor":14,"turns":5},{"damage":40,"enemies":"Hexaghost","floor":16,"turns":8},{"damage":29,"enemies":"3 Byrds","floor":18,"turns":4},{"damage":15,"enemies":"Spheric Guardian","floor":21,"turns":5},{"damage":8,"enemies":"Snecko","floor":22,"turns":3},{"damage":19,"enemies":"Replay:Snechameleon","floor":24,"turns":4},{"damage":17,"enemies":"Shelled Parasite and Fungi","floor":27,"turns":3},{"damage":12,"enemies":"Cultist and Chosen","floor":28,"turns":3},{"damage":17,"enemies":"Centurion and Healer","floor":30,"turns":2},{"damage":0,"enemies":"3 Cultists","floor":31,"turns":1},{"damage":35,"enemies":"Collector","floor":33,"turns":4},{"damage":10,"enemies":"3 Darklings","floor":35,"turns":2},{"damage":10,"enemies":"3 Shapes","floor":36,"turns":2},{"damage":32,"enemies":"Writhing Mass","floor":39,"turns":2},{"damage":33,"enemies":"Nemesis","floor":41,"turns":5},{"damage":14,"enemies":"Jaw Worm Horde","floor":42,"turns":2},{"damage":8,"enemies":"3 Darklings","floor":45,"turns":2},{"damage":17,"enemies":"Transient","floor":46,"turns":5},{"damage":0,"enemies":"Transient","floor":47,"turns":1},{"damage":12,"enemies":"Donu and Deca","floor":50,"turns":4}],"seed_played":"-7009963150995812870","potions_obtained":[{"floor":1,"key":"PowerPotion"},{"floor":13,"key":"Swift Potion"},{"floor":16,"key":"Milkshake"},{"floor":24,"key":"Ancient Potion"},{"floor":30,"key":"Dexterity Potion"},{"floor":35,"key":"Swift Potion"}],"is_trial":false,"path_per_floor":["M","$","?","M","?","R","?","R","T","E","R","M","M","M","R","B",null,"M","?","?","M","M","R","E","R","T","M","M","?","M","M","R","B",null,"M","M","$","?","M","R","E","M","T","R","M","M","?","T","R","B",null],"character_chosen":"THE_STARBREAKER","items_purchased":["BargainBundle","Moonworks:DevilHand"],"campfire_rested":1,"item_purchase_floors":[37,37],"current_hp_per_floor":[56,56,56,56,56,56,56,56,56,55,55,55,54,43,43,17,60,45,45,45,48,50,50,49,49,49,42,42,42,39,39,39,18,60,56,54,54,54,34,34,15,9,9,27,31,38,40,40,40,50],"gold":123,"neow_bonus":"REMOVE_CARD","is_daily":false,"chose_seed":false,"campfire_upgraded":9,"win_rate":0.0,"timestamp":1610695777,"path_taken":["M","$","?","M","?","R","?","R","T","E","R","?","?","M","R","BOSS","M","?","?","M","M","R","E","R","T","M","M","?","?","M","R","BOSS","M","M","$","?","M","R","E","M","T","R","M","?","?","?","R","BOSS"],"items_purchased_type":["Relic","Card"],"build_version":"2020-12-22","purchased_purges":1,"victory":true,"max_hp_per_floor":[60,60,60,60,60,60,60,60,60,60,60,60,60,60,60,60,60,60,60,60,60,60,60,60,60,60,60,60,60,60,60,60,60,60,60,60,60,60,60,60,60,60,60,60,60,60,60,60,60,60],"card_choices":[{"not_picked":["Moonworks:Flamethrower","Moonworks:Assault"],"picked":"Moonworks:MiracleWalker","floor":1},{"not_picked":["Moonworks:CookingTime","Moonworks:SakisCookie"],"picked":"Moonworks:FullSpeedAlicianrone","floor":4},{"not_picked":[],"picked":"Moonworks:EvilSpyWorkPreparation","floor":5},{"not_picked":["Moonworks:EvilSpyWorkPreparation","Moonworks:ImmovableObject","Moonworks:JonathanRush"],"picked":"SKIP","floor":10},{"not_picked":["Moonworks:EvilSpyWorkPreparation","Moonworks:CloudOfSeagulls","Moonworks:ScrambledEve"],"picked":"SKIP","floor":12},{"not_picked":["Moonworks:SweetBattle","Moonworks:ReproductionOfRecords","Moonworks:CloudOfSeagulls"],"picked":"SKIP","floor":13},{"not_picked":["Moonworks:CloudOfSeagulls","Moonworks:Flamethrower"],"picked":"Moonworks:Bloodlust","floor":14},{"not_picked":["Moonworks:SinkOrSwim","Moonworks:RocketCannon"],"picked":"Moonworks:ShieldCounter","floor":16},{"not_picked":["Moonworks:SakisCookie","Moonworks:MixPhenomenon"],"picked":"Moonworks:IndiscriminateFireSupport+1","floor":18},{"not_picked":["Moonworks:StiffCrystal","Moonworks:DeployBits","Moonworks:Assault+1"],"picked":"SKIP","floor":21},{"not_picked":["Moonworks:MixPhenomenon+1","Moonworks:SakisCookie"],"picked":"Moonworks:WindyEnchantment","floor":22},{"not_picked":["Moonworks:Dash+1","Moonworks:CompletionReward"],"picked":"Moonworks:FullSpeedAlicianrone","floor":24},{"not_picked":["Moonworks:CloudOfSeagulls","Moonworks:LulusLuckyEgg","Moonworks:DeployBits+1"],"picked":"SKIP","floor":27},{"not_picked":["Moonworks:ImOnFire+1","Moonworks:CloudOfSeagulls","Moonworks:MiracleWalker"],"picked":"SKIP","floor":28},{"not_picked":["Moonworks:NicePresent","Moonworks:EvilMastermind"],"picked":"Moonworks:BigMagnum","floor":30},{"not_picked":["Moonworks:x16BigRocket","Moonworks:MiracleWalker"],"picked":"Moonworks:NicePresent+1","floor":31},{"not_picked":["Moonworks:Wanted","Moonworks:Blazing"],"picked":"Moonworks:MetallicMonocoque","floor":33},{"not_picked":["Moonworks:JonathanRush"],"picked":"SKIP","floor":35},{"not_picked":["Moonworks:BeyondHell"],"picked":"SKIP","floor":36},{"not_picked":["Moonworks:ImOnFire"],"picked":"SKIP","floor":39},{"not_picked":[],"picked":"Moonworks:NicePresent+1","floor":41},{"not_picked":["Moonworks:StiffCrystal"],"picked":"SKIP","floor":42},{"not_picked":["Moonworks:ImOnFire+1"],"picked":"SKIP","floor":45},{"not_picked":["Moonworks:JonathanRush+1"],"picked":"SKIP","floor":46}],"player_experience":1126728,"relics_obtained":[{"floor":9,"key":"conspire:Flyswatter"},{"floor":10,"key":"hubris:64BitClover"},{"floor":22,"key":"Moonworks:LittleGull"},{"floor":24,"key":"RuthlessExorcism:ReiMu"},{"floor":26,"key":"Orichalcum"},{"floor":36,"key":"Kunai"},{"floor":41,"key":"AntiCross"},{"floor":43,"key":"Snack Pack"},{"floor":48,"key":"hubris:DuctTape"}],"event_choices":[{"cards_removed":["Moonworks:Strike"],"damage_healed":0,"gold_gain":0,"player_choice":"Purged","damage_taken":0,"max_hp_gain":0,"max_hp_loss":0,"event_name":"Purifier","floor":7,"gold_loss":0},{"damage_healed":0,"gold_gain":0,"player_choice":"Leave","damage_taken":0,"max_hp_gain":0,"max_hp_loss":0,"event_name":"conspire:Investor","floor":20,"gold_loss":0},{"cards_removed":["Pride"],"damage_healed":0,"gold_gain":0,"player_choice":"Removed Curses","damage_taken":0,"max_hp_gain":0,"max_hp_loss":0,"event_name":"Fountain of Cleansing","floor":38,"gold_loss":0}],"is_beta":false,"boss_relics":[{"not_picked":["Honey Jar","Pandora\u0027s Box"],"picked":"Empty Cage"},{"not_picked":["hubris:HollowSoul","hubris:BlackHole"],"picked":"Busted Crown"}],"items_purged_floors":[37],"is_endless":false,"potions_floor_spawned":[1,13,16,18,24,27,30,35,36,46,47],"ascension_level":2}}