{"host":"q8niu1x2pgv94o1d","time":1610714997,"event":{"mods":["AchievementEnabler","BaseMod","Colored Map","Colored Powertips","Minty Spire (QoL Compilation)","StSLib"],"gold_per_floor":[17,17,35,45,61,61,88,88,88,13,13,75,75,86,86,86,86],"floor_reached":16,"language":"ENG","playtime":1065,"items_purged":["Defend_P"],"score":250,"play_id":"e9da200d-fa5c-415a-8be0-a9848a3c1c80","local_time":"20210115134957","is_ascension_mode":true,"campfire_choices":[{"data":"Eruption","floor":6.0,"key":"SMITH"},{"data":"Blasphemy","floor":8.0,"key":"SMITH"},{"data":"Vigilance","floor":13.0,"key":"SMITH"},{"data":"CutThroughFate","floor":15.0,"key":"SMITH"}],"circlet_count":0,"master_deck":["AscendersBane","Strike_P","Strike_P","Strike_P","Defend_P","Defend_P","Eruption+1","Vigilance+1","Blasphemy+1","CutThroughFate+1","InnerPeace"],"relics":["PureWater","Letter Opener","HornCleat","Bottled Lightning"],"acts_visited":["Exordium"],"potions_floor_usage":[16],"damage_taken":[{"damage":1.0,"enemies":"Small Slimes","floor":1.0,"turns":4.0},{"damage":0.0,"enemies":"Cultist","floor":3.0,"turns":2.0},{"damage":0.0,"enemies":"2 Louse","floor":4.0,"turns":1.0},{"damage":0.0,"enemies":"2 Fungi Beasts","floor":5.0,"turns":2.0},{"damage":0.0,"enemies":"Gremlin Nob","floor":7.0,"turns":2.0},{"damage":6.0,"enemies":"Lagavulin Event","floor":12.0,"turns":3.0},{"damage":7.0,"enemies":"Exordium Thugs","floor":14.0,"turns":3.0},{"damage":55,"enemies":"Hexaghost","floor":16,"turns":11}],"seed_played":"5469538272273609598","potions_obtained":[{"floor":1.0,"key":"FearPotion"},{"floor":4.0,"key":"Ancient Potion"},{"floor":7.0,"key":"Regen Potion"},{"floor":12.0,"key":"SkillPotion"}],"is_trial":false,"path_per_floor":["M","?","M","M","M","R","E","R","T","$","?","?","R","M","R","B"],"character_chosen":"WATCHER","items_purchased":[],"campfire_rested":0,"item_purchase_floors":[],"current_hp_per_floor":[60,60,60,60,60,60,60,60,60,60,65,59,59,52,52,0,0],"gold":86,"neow_bonus":"REMOVE_TWO","is_daily":false,"chose_seed":false,"campfire_upgraded":4,"win_rate":0.0,"timestamp":1610714997,"path_taken":["M","?","?","M","M","R","E","R","T","$","?","?","R","M","R","BOSS"],"items_purchased_type":[],"build_version":"2020-12-22","purchased_purges":1,"victory":false,"max_hp_per_floor":[68,68,68,68,68,68,68,68,68,68,73,73,73,73,73,73,73],"card_choices":[{"not_picked":["Fasting2","WheelKick","Weave"],"picked":"SKIP","floor":1.0},{"not_picked":["Protect","PathToVictory"],"picked":"CutThroughFate","floor":3.0},{"not_picked":["EmptyBody","JustLucky"],"picked":"InnerPeace","floor":4.0},{"not_picked":["ReachHeaven","Weave","SpiritShield"],"picked":"SKIP","floor":5.0},{"not_picked":["WindmillStrike","Protect","Wireheading"],"picked":"SKIP","floor":7.0},{"not_picked":["Evaluate","EmptyBody","Crescendo"],"picked":"SKIP","floor":14.0}],"player_experience":1802663,"relics_obtained":[{"floor":7.0,"key":"Letter Opener"},{"floor":9.0,"key":"HornCleat"},{"floor":12.0,"key":"Bottled Lightning"}],"event_choices":[{"damage_healed":0.0,"max_hp_gain":0.0,"max_hp_loss":0.0,"gold_gain":0.0,"event_name":"Match and Keep!","player_choice":"1 cards matched","floor":2.0,"gold_loss":0.0,"damage_taken":0.0,"cards_obtained":["Blasphemy"]},{"damage_healed":0.0,"max_hp_gain":5.0,"max_hp_loss":0.0,"gold_gain":0.0,"event_name":"Big Fish","player_choice":"Donut","floor":11.0,"gold_loss":0.0,"damage_taken":0.0},{"damage_healed":0.0,"max_hp_gain":0.0,"max_hp_loss":0.0,"gold_gain":0.0,"event_name":"Dead Adventurer","player_choice":"Searched \u00271\u0027 times","floor":12.0,"gold_loss":0.0,"damage_taken":0.0}],"is_beta":false,"boss_relics":[],"items_purged_floors":[10],"is_endless":false,"potions_floor_spawned":[1,4,5,7,12],"killed_by":"Hexaghost","ascension_level":20}}