{"host":"lg1avtpkuoyoubr4","time":1610736374,"event":{"mods":["Act Like it!","BaseMod","BetterRewards","Downfall","Friendly Minions","Gensokyo","Hallownest","Kiyohime（清?）","Marisa（霧雨　魔理沙）","Mimic Mod","Minty Spire (QoL Compilation)","MostiFishMod","Reimu（博??梦）","Remilia（蕾米莉?）","Replay The Spire","Shop Mod","StSLib","The Jungle","Waifu the Spire"],"gold_per_floor":[112,123,123,123,23,23,23,23],"floor_reached":7,"language":"ZHS","playtime":301,"items_purged":["KiyohimeMod:Defend"],"score":41,"play_id":"62fd3c07-2086-494d-a87a-c39a6bfe3de3","local_time":"20210116024614","is_ascension_mode":true,"campfire_choices":[{"data":"MostiFishMod:BrokenBlackCloak","floor":6,"key":"SMITH"}],"circlet_count":0,"master_deck":["KiyohimeMod:Strike","KiyohimeMod:Strike","KiyohimeMod:Strike","KiyohimeMod:Strike","KiyohimeMod:Defend","KiyohimeMod:Defend","KiyohimeMod:Defend","KiyohimeMod:Track","KiyohimeMod:FlameKiss","KiyohimeMod:Shapeshift","MostiFishMod:BrokenBlackCloak+1","KiyohimeMod:ExSpicyMapoTofu","KiyohimeMod:RedBlackKey","Clumsy"],"relics":["KiyohimeMod:FireDragon","DaveBox","Replay:Kaleidoscope","Blue Doll","Strange Spoon","SynthV:TestCard","Gensokyo:YoukaiFlower","Gensokyo:NagashiBinaDoll","Chameleon Ring"],"acts_visited":["Gensokyo:Gensokyo"],"potions_floor_usage":[],"damage_taken":[{"damage":0,"enemies":"Gensokyo:Python","floor":1,"turns":3},{"damage":2,"enemies":"Gensokyo:2_Kodama","floor":2,"turns":4},{"damage":38,"enemies":"Gensokyo:Aya","floor":7,"turns":5}],"seed_played":"-7939539192479520938","potions_obtained":[],"is_trial":false,"path_per_floor":["M","M","?","?","?","R","E"],"character_chosen":"Kiyohime","items_purchased":["KiyohimeMod:Destruction","Blue Doll","Strange Spoon","MostiFishMod:BrokenBlackCloak"],"campfire_rested":0,"item_purchase_floors":[0,0,0,0],"current_hp_per_floor":[28,29,29,29,29,29,0,0],"gold":23,"neow_bonus":"","is_daily":false,"chose_seed":false,"campfire_upgraded":1,"win_rate":0.0,"timestamp":1610736374,"path_taken":["M","M","?","?","?","R","E"],"items_purchased_type":["Card","Relic","Relic","Card"],"build_version":"2020-12-22","purchased_purges":1,"victory":false,"max_hp_per_floor":[60,60,60,60,60,60,60,60],"card_choices":[{"not_picked":["KiyohimeMod:GreenBlackKey","KiyohimeMod:SteelTraining"],"picked":"KiyohimeMod:ExSpicyMapoTofu","floor":1},{"not_picked":["KiyohimeMod:SteelTraining","KiyohimeMod:Berserker","KiyohimeMod:Tenacious","KiyohimeMod:Preemptive"],"picked":"KiyohimeMod:RedBlackKey","floor":2}],"player_experience":178480,"relics_obtained":[{"floor":1,"key":"SynthV:TestCard"}],"event_choices":[],"is_beta":false,"boss_relics":[],"items_purged_floors":[0],"is_endless":false,"potions_floor_spawned":[],"killed_by":"Gensokyo:Aya","ascension_level":1}}