{"host":"18wi9kpcl4eah7pe","time":1610747399,"event":{"mods":["BaseMod","Colored Powertips","Downfall","Minty Spire (QoL Compilation)","StSLib"],"gold_per_floor":[99,116,116,116,116,101,101,26,38,53,83,68,101,114,129,229,229,154,165,165,165,165],"floor_reached":20,"language":"ENG","playtime":1017,"items_purged":[],"score":209,"play_id":"fcfc730e-0c89-43ca-b93a-51bd7e3428f7","local_time":"20210115154959","is_ascension_mode":true,"campfire_choices":[{"floor":1,"key":"RECALL"},{"data":"Slimebound:Split","floor":8,"key":"SMITH"},{"data":"Slimebound:LeechLife","floor":18,"key":"SMITH"}],"circlet_count":0,"master_deck":["Slimebound:Strike_Slimebound","Slimebound:Strike_Slimebound","Slimebound:Tackle","Slimebound:Defend_Slimebound","Slimebound:Defend_Slimebound","Slimebound:Defend_Slimebound","Slimebound:Defend_Slimebound","Slimebound:Split+1","Slimebound:CorrosiveSpit","expansioncontent:Chronoboost","Slimebound:LeechingTouch","Slimebound:Chomp","Slimebound:SlimeSpikes","Slimebound:AcidTongue","Slimebound:LevelUp","Slimebound:OneTwoCombo","Slimebound:ViciousTackle","Slimebound:Nibble","Slimebound:LeechLife+1","Slimebound:MegaLick","Slimebound:FinishingTackle","Slimebound:PrepareCrush","Slimebound:SplitMire"],"relics":["Slimebound:AbsorbEndCombat","White Beast Statue","downfall:HeartBlessingRed","Gambling Chip","Centennial Puzzle","expansioncontent:StudyCardRelic","downfall:HeartBlessingGreen"],"acts_visited":["Exordium","TheCity"],"potions_floor_usage":[6,11,12,13,14,16,16,19,20],"damage_taken":[{"damage":10,"enemies":"2 Louse","floor":2,"turns":3},{"damage":0,"enemies":"Cultist","floor":5,"turns":1},{"damage":9,"enemies":"downfall:FleeingMerchant","floor":6,"turns":4},{"damage":10,"enemies":"Jaw Worm","floor":9,"turns":4},{"damage":8,"enemies":"Exordium Wildlife","floor":10,"turns":4},{"damage":49,"enemies":"3 Sentries","floor":11,"turns":8},{"damage":8,"enemies":"downfall:FleeingMerchant","floor":12,"turns":4},{"damage":49,"enemies":"Gremlin Nob","floor":13,"turns":4},{"damage":23,"enemies":"Gremlin Gang","floor":14,"turns":4},{"damage":11,"enemies":"Large Slime","floor":15,"turns":4},{"damage":39,"enemies":"downfall:Watcher","floor":16,"turns":7},{"damage":61,"enemies":"3 Byrds","floor":19,"turns":6},{"damage":22,"enemies":"Centurion and Healer","floor":20,"turns":2}],"seed_played":"2192843256813055185","potions_obtained":[{"floor":2,"key":"LiquidBronze"},{"floor":9,"key":"Fire Potion"},{"floor":10,"key":"Weak Potion"},{"floor":11,"key":"FairyPotion"},{"floor":12,"key":"hexamod:EctoCoolerPotion"},{"floor":13,"key":"EssenceOfSteel"},{"floor":14,"key":"Guardian:BlockOnCardUsePotion"},{"floor":15,"key":"SkillPotion"},{"floor":16,"key":"Swift Potion"},{"floor":19,"key":"FearPotion"}],"is_trial":false,"path_per_floor":["R","M","?","?","M","$","T","R","M","M","E","$","E","M","M","B",null,"R","M","M"],"character_chosen":"SLIMEBOUND","items_purchased":[],"campfire_rested":0,"item_purchase_floors":[],"current_hp_per_floor":[60,56,56,56,56,57,57,57,57,59,24,28,30,21,32,21,60,60,15,0,0,0],"gold":165,"neow_bonus":"RANDOM_COLORLESS","is_daily":false,"chose_seed":false,"campfire_upgraded":2,"win_rate":0.0,"timestamp":1610747399,"path_taken":["R","M","?","?","?","?","T","R","M","M","E","?","E","M","M","BOSS","R","M","M"],"items_purchased_type":[],"build_version":"2020-12-22","purchased_purges":0,"victory":false,"max_hp_per_floor":[60,60,60,60,60,60,60,60,60,60,60,60,60,60,60,60,60,60,60,60,60,60],"card_choices":[{"not_picked":["Finesse","expansioncontent:BronzeBeam"],"picked":"expansioncontent:Chronoboost","floor":0},{"not_picked":["Slimebound:ServeAndProtect","Slimebound:SplitLeeching"],"picked":"Slimebound:LeechingTouch","floor":2},{"not_picked":["Slimebound:FinishingTackle","Slimebound:Schlurp"],"picked":"Slimebound:SlimeSpikes","floor":5},{"not_picked":["Slimebound:DuplicatedForm","Slimebound:CheckThePlaybook"],"picked":"Slimebound:AcidTongue","floor":6},{"not_picked":["Slimebound:SplitLeeching","Slimebound:TongueLash"],"picked":"Slimebound:LevelUp","floor":9},{"not_picked":["Slimebound:FinishingTackle","Slimebound:PressTheAttack"],"picked":"Slimebound:OneTwoCombo","floor":10},{"not_picked":["Slimebound:ComboTackle","Slimebound:FormOfPuddle"],"picked":"Slimebound:ViciousTackle","floor":11},{"not_picked":["Slimebound:Dissolve","Slimebound:DivideAndConquer"],"picked":"Slimebound:Nibble","floor":12},{"not_picked":["Slimebound:ViciousTackle","Slimebound:RallyTheTroops"],"picked":"Slimebound:LeechLife","floor":13},{"not_picked":["Slimebound:SplitLeeching","Slimebound:SamplingLick"],"picked":"Slimebound:MegaLick","floor":14},{"not_picked":["Slimebound:ViciousTackle","Slimebound:LeechingTouch"],"picked":"Slimebound:FinishingTackle","floor":15},{"not_picked":["Slimebound:SlimeSlap","Slimebound:CheckThePlaybook"],"picked":"Slimebound:PrepareCrush","floor":16},{"not_picked":["Slimebound:BestDefense+1","Slimebound:SlimeSpikes"],"picked":"Slimebound:SplitMire","floor":19}],"player_experience":916832,"relics_obtained":[{"floor":7,"key":"White Beast Statue"},{"floor":11,"key":"Gambling Chip"},{"floor":13,"key":"Centennial Puzzle"}],"event_choices":[{"damage_healed":0,"gold_gain":0,"cards_transformed":["Slimebound:Strike_Slimebound"],"player_choice":"Transformed","damage_taken":0,"max_hp_gain":0,"max_hp_loss":0,"event_name":"Transmorgrifier","floor":4,"gold_loss":0,"cards_obtained":["Slimebound:Chomp"]}],"is_beta":false,"boss_relics":[{"not_picked":["downfall:Hecktoplasm","Empty Cage"],"picked":"expansioncontent:StudyCardRelic"}],"items_purged_floors":[],"is_endless":false,"potions_floor_spawned":[2,9,10,11,12,13,14,15,16,19],"killed_by":"Centurion and Healer","ascension_level":3}}