{"host":"s2ap0bnrs90y0f0j","time":1610754077,"event":{"mods":["BaseMod","Minty Spire (QoL Compilation)","StSLib","TheArtist","TheBandit"],"gold_per_floor":[110,110,110,127,43,70,70,96,96,129,206,225,254,56,56,161,161,171,96,96,107,107,107,139,139,166,16,16,16,32,57,57,162,162,180,230,230,230,246,272,272,297,297,323,354,354,354,354],"floor_reached":46,"language":"ENG","playtime":3137,"items_purged":[],"score":787,"play_id":"126f001c-95c4-451f-a583-45ac873365cd","local_time":"20210115184117","is_ascension_mode":true,"campfire_choices":[{"data":"wariomod:RacingSpeed","floor":7,"key":"SMITH"},{"data":"wariomod:ChargeForth","floor":15,"key":"SMITH"},{"data":"wariomod:Enshrine","floor":23,"key":"SMITH"},{"data":"wariomod:Hopshield","floor":25,"key":"SMITH"},{"data":"wariomod:ImFeelingLucky","floor":29,"key":"SMITH"},{"data":"wariomod:KeyFinisher","floor":32,"key":"SMITH"}],"circlet_count":0,"master_deck":["wariomod:Strike+1","wariomod:Strike","wariomod:Strike","wariomod:Defend","wariomod:Defend+1","wariomod:Defend+1","wariomod:Step","wariomod:Leap","wariomod:Hopshield","wariomod:ImFeelingLucky+1","wariomod:RacingSpeed+1","wariomod:ChargeForth+1","wariomod:OctoJump+1","wariomod:Game","wariomod:Hopshield","wariomod:Hopshield+1","wariomod:Bombshield","wariomod:RacingSpeed+1","wariomod:Enshrine+1","wariomod:Immortalize+1","wariomod:Bombshield","wariomod:Hopshield+1","wariomod:KeyFinisher+1","wariomod:Bombshield+1","wariomod:Enshrine+1","Chrysalis+1","Deep Breath+1","Secret Technique+1","wariomod:ChargeForth+1","wariomod:SpacialMastery+1","wariomod:TreasureDig+1"],"relics":["wariomod:TheHat","Blood Vial","Ice Cream","War Paint","Pocketwatch","Bag of Preparation","Omamori","DollysMirror","SlaversCollar","MutagenicStrength","wariomod:SmileyHat","Pen Nib","Bag of Marbles","Toxic Egg 2","Question Card","Philosopher\u0027s Stone","Shovel","Happy Flower","CeramicFish","Ornamental Fan","StrikeDummy"],"acts_visited":["Exordium","TheCity","TheBeyond"],"potions_floor_usage":[24,39,39,46],"damage_taken":[{"damage":6,"enemies":"Cultist","floor":1,"turns":3},{"damage":0,"enemies":"2 Louse","floor":4,"turns":2},{"damage":13,"enemies":"3 Sentries","floor":6,"turns":7},{"damage":11,"enemies":"Lagavulin","floor":8,"turns":6},{"damage":19,"enemies":"3 Sentries","floor":10,"turns":4},{"damage":0,"enemies":"Jaw Worm","floor":12,"turns":4},{"damage":1,"enemies":"Gremlin Nob","floor":13,"turns":4},{"damage":12,"enemies":"Hexaghost","floor":16,"turns":8},{"damage":0,"enemies":"Chosen","floor":18,"turns":6},{"damage":0,"enemies":"Spheric Guardian","floor":21,"turns":6},{"damage":21,"enemies":"Slavers","floor":24,"turns":5},{"damage":3,"enemies":"Cultist and Chosen","floor":30,"turns":7},{"damage":0,"enemies":"Book of Stabbing","floor":31,"turns":4},{"damage":5,"enemies":"Automaton","floor":33,"turns":8},{"damage":8,"enemies":"Orb Walker","floor":35,"turns":4},{"damage":6,"enemies":"Mind Bloom Boss Battle","floor":36,"turns":2},{"damage":29,"enemies":"3 Darklings","floor":39,"turns":4},{"damage":0,"enemies":"Nemesis","floor":40,"turns":7},{"damage":0,"enemies":"Giant Head","floor":42,"turns":1},{"damage":0,"enemies":"Sphere and 2 Shapes","floor":44,"turns":3},{"damage":3,"enemies":"Reptomancer","floor":45,"turns":3},{"damage":0,"enemies":"Transient","floor":46,"turns":5}],"seed_played":"5700952509871250648","potions_obtained":[{"floor":6,"key":"Block Potion"},{"floor":8,"key":"LiquidBronze"},{"floor":12,"key":"Dexterity Potion"},{"floor":18,"key":"FairyPotion"},{"floor":30,"key":"GamblersBrew"},{"floor":36,"key":"Swift Potion"},{"floor":40,"key":"DistilledChaos"},{"floor":44,"key":"Regen Potion"}],"is_trial":false,"path_per_floor":["M","?","?","M","$","E","R","E","T","E","?","M","E","$","R","B",null,"M","?","?","M","?","R","E","R","T","$","?","R","M","E","R","B",null,"M","?","?","?","M","E","?","E","T","M","E","M"],"character_chosen":"THE_BANDIT","items_purchased":["wariomod:RacingSpeed","wariomod:ChargeForth","wariomod:Bombshield","DollysMirror","Bag of Marbles"],"campfire_rested":0,"item_purchase_floors":[5,5,14,14,27],"current_hp_per_floor":[74,79,62,64,64,53,53,44,44,27,27,29,30,30,30,20,85,85,85,69,71,71,71,52,52,52,52,52,52,51,53,53,50,90,82,78,78,68,41,43,43,45,45,47,46,0,0,0],"gold":354,"neow_bonus":"RANDOM_COMMON_RELIC","is_daily":false,"chose_seed":false,"campfire_upgraded":6,"win_rate":0.0,"timestamp":1610754077,"path_taken":["M","?","?","M","?","E","R","E","T","E","?","?","E","$","R","BOSS","M","?","?","M","?","R","E","R","T","$","?","R","M","E","R","BOSS","M","?","?","?","M","E","?","E","T","M","E","M"],"items_purchased_type":["Card","Card","Card","Relic","Relic"],"build_version":"2020-12-22","purchased_purges":0,"victory":false,"max_hp_per_floor":[80,85,85,85,85,85,85,85,85,85,85,85,85,85,85,85,85,85,85,90,90,90,90,90,90,90,90,90,90,90,90,90,90,90,90,90,90,90,90,90,85,85,85,85,85,85,85,85],"card_choices":[{"not_picked":["wariomod:DanceDash","wariomod:DoubleDash"],"picked":"wariomod:Hopshield","floor":1},{"not_picked":["wariomod:HappyHop","wariomod:AwfulLook"],"picked":"wariomod:ImFeelingLucky","floor":4},{"not_picked":["wariomod:Immortalize","wariomod:AwfulLook"],"picked":"wariomod:OctoJump","floor":6},{"not_picked":["wariomod:Smackflip","wariomod:HastyRush"],"picked":"wariomod:Game","floor":8},{"not_picked":["wariomod:Boomsmack","wariomod:TheGrandJourney"],"picked":"wariomod:Hopshield","floor":10},{"not_picked":["wariomod:AwfulLook","wariomod:SpikeSlash","wariomod:EmptyMind"],"picked":"SKIP","floor":12},{"not_picked":["wariomod:SpikeSlash","wariomod:AbandonGame"],"picked":"wariomod:Hopshield","floor":13},{"not_picked":["wariomod:ShipSmash","wariomod:FabulousPrizes"],"picked":"wariomod:Enshrine","floor":16},{"not_picked":["wariomod:AwfulLook","wariomod:Goblast"],"picked":"wariomod:Immortalize+1","floor":18},{"not_picked":["wariomod:Goblast+1","wariomod:BoomBoom"],"picked":"wariomod:Bombshield","floor":21},{"not_picked":["wariomod:DanceDash","wariomod:Leapslam"],"picked":"wariomod:Hopshield+1","floor":24},{"not_picked":["wariomod:BodyBlock+1","wariomod:DisarmingMoves+1"],"picked":"wariomod:KeyFinisher","floor":30},{"not_picked":["wariomod:Goblast+1","wariomod:EmptyMind"],"picked":"wariomod:Bombshield+1","floor":31},{"not_picked":["wariomod:MassiveParty+1","wariomod:SpacialMastery+1","wariomod:KeyFinisher"],"picked":"wariomod:Enshrine+1","floor":33},{"not_picked":["wariomod:SmackSlam+1","wariomod:EmptyMind","wariomod:TheGrandJourney+1","wariomod:PayItForwards+1"],"picked":"SKIP","floor":35},{"not_picked":["Blind+1","Impatience+1","Sadistic Nature"],"picked":"Chrysalis+1","floor":38},{"not_picked":["Purity+1","Impatience+1","Thinking Ahead+1"],"picked":"Deep Breath+1","floor":38},{"not_picked":["Sadistic Nature","Blind+1","Mind Blast"],"picked":"Secret Technique+1","floor":38},{"not_picked":["wariomod:ThatsNotAll","wariomod:Bombshield+1","wariomod:Leapslam"],"picked":"wariomod:ChargeForth+1","floor":39},{"not_picked":["wariomod:SelfImprison+1","wariomod:Purify+1","wariomod:TreasureDig+1"],"picked":"wariomod:SpacialMastery+1","floor":40},{"not_picked":["wariomod:DamnedStrength+1","wariomod:SmackSlam+1","wariomod:SimpleShield+1","wariomod:TempestBlasts+1"],"picked":"SKIP","floor":42},{"not_picked":["wariomod:WhirlwindBurst+1","wariomod:SmackSlam+1","wariomod:DropBash"],"picked":"wariomod:TreasureDig+1","floor":44},{"not_picked":["wariomod:Leapslam","wariomod:Immortalize+1","wariomod:FabulousPrizes+1","wariomod:ImFeelingLucky+1"],"picked":"SKIP","floor":45}],"player_experience":666961,"relics_obtained":[{"floor":6,"key":"Ice Cream"},{"floor":8,"key":"War Paint"},{"floor":9,"key":"Pocketwatch"},{"floor":10,"key":"Bag of Preparation"},{"floor":13,"key":"Omamori"},{"floor":24,"key":"wariomod:SmileyHat"},{"floor":26,"key":"Pen Nib"},{"floor":31,"key":"Question Card"},{"floor":36,"key":"Shovel"},{"floor":40,"key":"Happy Flower"},{"floor":42,"key":"CeramicFish"},{"floor":43,"key":"Ornamental Fan"},{"floor":45,"key":"StrikeDummy"}],"event_choices":[{"damage_healed":0,"gold_gain":0,"player_choice":"Donut","damage_taken":0,"max_hp_gain":5,"max_hp_loss":0,"event_name":"Big Fish","floor":2,"gold_loss":0},{"damage_healed":0,"gold_gain":0,"player_choice":"Entered Light","damage_taken":17,"max_hp_gain":0,"max_hp_loss":0,"event_name":"Shining Light","floor":3,"gold_loss":0,"cards_upgraded":["wariomod:Strike","wariomod:Defend"]},{"damage_healed":0,"gold_gain":77,"player_choice":"Gained Gold","damage_taken":0,"max_hp_gain":0,"max_hp_loss":0,"event_name":"Golden Wing","floor":11,"gold_loss":0},{"cards_removed":["wariomod:Defend"],"damage_healed":0,"gold_gain":0,"player_choice":"Gave Gold","damage_taken":0,"max_hp_gain":0,"max_hp_loss":0,"event_name":"Beggar","floor":19,"gold_loss":75},{"damage_healed":0,"gold_gain":0,"player_choice":"Shed Blood","damage_taken":21,"max_hp_gain":5,"max_hp_loss":0,"event_name":"Forgotten Altar","floor":20,"gold_loss":0},{"damage_healed":0,"gold_gain":0,"player_choice":"Inject Mutagens","damage_taken":0,"relics_obtained":["MutagenicStrength"],"max_hp_gain":0,"max_hp_loss":0,"event_name":"Drug Dealer","floor":22,"gold_loss":0},{"damage_healed":0,"gold_gain":0,"player_choice":"Stole Relic","damage_taken":0,"relics_obtained":["Toxic Egg 2"],"max_hp_gain":0,"max_hp_loss":0,"event_name":"Addict","floor":28,"gold_loss":0,"cards_obtained":["Shame"]},{"damage_healed":0,"gold_gain":0,"player_choice":"Fight","damage_taken":0,"max_hp_gain":0,"max_hp_loss":0,"event_name":"MindBloom","floor":36,"gold_loss":0},{"cards_removed":["wariomod:Strike"],"damage_healed":0,"gold_gain":0,"player_choice":"Removed Attack","damage_taken":0,"max_hp_gain":0,"max_hp_loss":0,"event_name":"Falling","floor":37,"gold_loss":0},{"damage_healed":0,"gold_gain":0,"player_choice":"Memory 3","damage_taken":10,"max_hp_gain":0,"max_hp_loss":0,"event_name":"SensoryStone","floor":38,"gold_loss":0},{"damage_healed":0,"gold_gain":0,"player_choice":"Max HP","damage_taken":0,"max_hp_gain":0,"max_hp_loss":5,"event_name":"Winding Halls","floor":41,"gold_loss":0}],"is_beta":false,"boss_relics":[{"not_picked":["Empty Cage","Coffee Dripper"],"picked":"SlaversCollar"},{"not_picked":["Snecko Eye","Fusion Hammer"],"picked":"Philosopher\u0027s Stone"}],"items_purged_floors":[],"is_endless":false,"potions_floor_spawned":[6,8,12,18,30,35,36,40,44],"killed_by":"Transient","ascension_level":2}}