{"host":"vje6bedaj0fhalec","time":1610710672,"event":{"mods":["Act Like it!","BaseMod","Minty Spire (QoL Compilation)","Quick Restart","StSLib"],"gold_per_floor":[113,133,83,21,34,69,69,84,84,111,111,111,111,36,36,159,159,159,159,159,4,4,4,4,4,4,4,4,4,4,4,4,4,4,4,0,0,0,0,0,0,0,0,0,0,0,0,0,0,0],"floor_reached":51,"language":"ZHS","playtime":2420,"items_purged":["Strike_B"],"score":844,"play_id":"998ea19b-0696-45dd-a14b-c5fb2b188a1e","local_time":"20210115193752","is_ascension_mode":true,"campfire_choices":[{"data":"Zap","floor":11.0,"key":"SMITH"},{"data":"Dualcast","floor":13.0,"key":"SMITH"},{"floor":15.0,"key":"REST"},{"data":"Double Energy","floor":23.0,"key":"SMITH"},{"data":"Fusion","floor":28.0,"key":"SMITH"},{"data":"Chaos","floor":32.0,"key":"SMITH"},{"data":"Double Energy","floor":40,"key":"SMITH"},{"data":"Thunder Strike","floor":42,"key":"SMITH"},{"data":"Seek","floor":44,"key":"SMITH"},{"data":"Seek","floor":49,"key":"SMITH"}],"circlet_count":0,"master_deck":["Strike_B","Strike_B","Strike_B","Defend_B","Defend_B","Zap+1","Dualcast+1","Self Repair","Defragment+1","Defragment+1","Seek+1","Compile Driver","Double Energy+1","Capacitor+1","Thunder Strike+1","White Noise+1","Skim+1","Heatsinks+1","Storm+1","Fusion+1","Chaos+1","Force Field","Hello World+1","Seek+1","Coolheaded+1","Double Energy+1","Defragment+1","Turbo+1","Buffer+1"],"relics":["Cracked Core","NeowsBlessing","Frozen Egg 2","Letter Opener","Matryoshka","Bag of Preparation","Golden Idol","Ectoplasm","Oddly Smooth Stone","Centennial Puzzle","Vajra","Coffee Dripper","Red Mask","Old Coin","Singing Bowl","Omamori"],"acts_visited":["Exordium","TheCity","TheBeyond"],"potions_floor_usage":[35,50,50],"damage_taken":[{"damage":0.0,"enemies":"2 Louse","floor":1.0,"turns":1.0},{"damage":0.0,"enemies":"Small Slimes","floor":2.0,"turns":1.0},{"damage":0.0,"enemies":"Cultist","floor":5.0,"turns":1.0},{"damage":40.0,"enemies":"3 Sentries","floor":6.0,"turns":6.0},{"damage":6.0,"enemies":"Blue Slaver","floor":8.0,"turns":4.0},{"damage":18.0,"enemies":"Gremlin Nob","floor":10.0,"turns":3.0},{"damage":42.0,"enemies":"Hexaghost","floor":16.0,"turns":8.0},{"damage":22.0,"enemies":"Spheric Guardian","floor":18.0,"turns":4.0},{"damage":0.0,"enemies":"Shell Parasite","floor":20.0,"turns":2.0},{"damage":0.0,"enemies":"Snecko","floor":22.0,"turns":3.0},{"damage":0.0,"enemies":"Sentry and Sphere","floor":27.0,"turns":2.0},{"damage":20.0,"enemies":"Slavers","floor":29.0,"turns":2.0},{"damage":12.0,"enemies":"Shelled Parasite and Fungi","floor":30.0,"turns":2.0},{"damage":4.0,"enemies":"Chosen and Byrds","floor":31.0,"turns":3.0},{"damage":32.0,"enemies":"Champ","floor":33.0,"turns":4.0},{"damage":0,"enemies":"3 Shapes","floor":35,"turns":1},{"damage":0,"enemies":"3 Darklings","floor":38,"turns":2},{"damage":0,"enemies":"Transient","floor":39,"turns":5},{"damage":16,"enemies":"Nemesis","floor":41,"turns":3},{"damage":4,"enemies":"Sphere and 2 Shapes","floor":45,"turns":2},{"damage":2,"enemies":"3 Darklings","floor":46,"turns":2},{"damage":0,"enemies":"4 Shapes","floor":48,"turns":1},{"damage":0,"enemies":"Donu and Deca","floor":50,"turns":2}],"seed_played":"8129570110732175492","potions_obtained":[{"floor":5.0,"key":"LiquidMemories"},{"floor":6.0,"key":"Strength Potion"},{"floor":16.0,"key":"DistilledChaos"},{"floor":18.0,"key":"SneckoOil"},{"floor":22.0,"key":"LiquidBronze"},{"floor":27.0,"key":"SkillPotion"},{"floor":29.0,"key":"SpeedPotion"},{"floor":35,"key":"PotionOfCapacity"},{"floor":39,"key":"Energy Potion"},{"floor":41,"key":"SkillPotion"},{"floor":46,"key":"GamblersBrew"}],"is_trial":false,"path_per_floor":["M","M","?","?","M","E","?","M","T","E","R","?","R","$","R","B",null,"M","?","M","$","M","R","?","$","T","M","R","E","M","M","R","B",null,"M","?","?","M","M","R","E","R","T","R","M","M","$","M","R","B",null],"character_chosen":"DEFECT","items_purchased":["Capacitor+1","Heatsinks+1"],"campfire_rested":1,"item_purchase_floors":[14,21],"current_hp_per_floor":[75,75,75,75,75,42,42,43,43,32,32,32,32,32,52,10,69,54,54,61,61,68,68,68,68,68,69,69,56,51,54,54,22,69,69,69,69,69,69,69,60,60,60,60,63,70,70,72,72,73],"gold":0,"neow_bonus":"THREE_ENEMY_KILL","is_daily":false,"chose_seed":false,"campfire_upgraded":9,"win_rate":0.0,"timestamp":1610710672,"path_taken":["M","M","?","?","?","E","?","M","T","E","R","?","R","$","R","BOSS","M","?","M","$","M","R","?","?","T","?","R","E","M","?","R","BOSS","M","?","?","?","M","R","E","R","T","R","?","M","?","?","R","BOSS"],"items_purchased_type":["Card","Card"],"build_version":"2020-12-22","purchased_purges":1,"victory":true,"max_hp_per_floor":[75,75,75,75,75,75,75,75,75,75,75,69,69,69,69,69,69,69,69,69,69,69,69,69,69,69,69,69,69,69,69,69,69,69,69,69,69,69,69,69,69,69,69,69,69,71,71,73,73,73],"card_choices":[{"not_picked":["Leap","Beam Cell"],"picked":"Self Repair","floor":1.0},{"not_picked":["Coolheaded","Steam"],"picked":"Defragment","floor":2.0},{"not_picked":["Compile Driver","White Noise"],"picked":"Defragment+1","floor":5.0},{"not_picked":["Beam Cell","Compile Driver"],"picked":"Seek","floor":6.0},{"not_picked":["Beam Cell","Reinforced Body"],"picked":"Compile Driver","floor":8.0},{"not_picked":["Meteor Strike","White Noise"],"picked":"Double Energy","floor":10.0},{"not_picked":["Seek","Amplify"],"picked":"Thunder Strike","floor":16.0},{"not_picked":["Cold Snap","Conserve Battery"],"picked":"White Noise+1","floor":18.0},{"not_picked":["Steam","Blizzard+1"],"picked":"Skim+1","floor":20.0},{"not_picked":["Ball Lightning","FTL"],"picked":"Storm+1","floor":22.0},{"not_picked":["Doom and Gloom","Redo"],"picked":"Fusion","floor":27.0},{"not_picked":["All For One","Hologram"],"picked":"Chaos","floor":29.0},{"not_picked":["Cold Snap","Go for the Eyes"],"picked":"Force Field","floor":30.0},{"not_picked":["Stack","Gash"],"picked":"Hello World+1","floor":31.0},{"not_picked":["Machine Learning+1","Amplify"],"picked":"Seek","floor":33.0},{"not_picked":["Sweeping Beam","Gash"],"picked":"Coolheaded+1","floor":35},{"not_picked":["Ball Lightning","Streamline"],"picked":"Double Energy","floor":38},{"not_picked":["Reprogram+1","Cold Snap"],"picked":"Defragment+1","floor":39},{"not_picked":["Ball Lightning","Coolheaded"],"picked":"Turbo+1","floor":41},{"not_picked":["Streamline+1","Cold Snap"],"picked":"Buffer+1","floor":45},{"not_picked":["Leap+1","Turbo","BootSequence+1"],"picked":"Singing Bowl","floor":46},{"not_picked":["Aggregate","Sweeping Beam","Steam"],"picked":"Singing Bowl","floor":48}],"player_experience":110154,"relics_obtained":[{"floor":6.0,"key":"Letter Opener"},{"floor":9.0,"key":"Matryoshka"},{"floor":10.0,"key":"Bag of Preparation"},{"floor":26.0,"key":"Oddly Smooth Stone"},{"floor":26.0,"key":"Centennial Puzzle"},{"floor":29.0,"key":"Vajra"},{"floor":41,"key":"Old Coin"},{"floor":43,"key":"Singing Bowl"},{"floor":43,"key":"Omamori"}],"event_choices":[{"cards_removed":["Defend_B"],"damage_healed":0.0,"max_hp_gain":0.0,"max_hp_loss":0.0,"gold_gain":0.0,"event_name":"The Cleric","player_choice":"Card Removal","floor":3.0,"gold_loss":50.0,"damage_taken":0.0},{"damage_healed":0.0,"max_hp_gain":0.0,"max_hp_loss":0.0,"gold_gain":0.0,"event_name":"WeMeetAgain","player_choice":"Paid Gold","floor":4.0,"gold_loss":62.0,"damage_taken":0.0,"relics_obtained":["Frozen Egg 2"]},{"damage_healed":0.0,"max_hp_gain":0.0,"max_hp_loss":0.0,"gold_gain":0.0,"event_name":"Living Wall","player_choice":"Grow","floor":7.0,"gold_loss":0.0,"damage_taken":0.0,"cards_upgraded":["Defragment"]},{"damage_healed":0.0,"max_hp_gain":0.0,"max_hp_loss":6.0,"gold_gain":0.0,"event_name":"Golden Idol","player_choice":"Lose Max HP","floor":12.0,"gold_loss":0.0,"damage_taken":0.0,"relics_obtained":["Golden Idol"]},{"damage_healed":0.0,"max_hp_gain":0.0,"max_hp_loss":0.0,"gold_gain":0.0,"event_name":"Vampires","player_choice":"Ignored","floor":19.0,"gold_loss":0.0,"damage_taken":0.0},{"cards_removed":["Defend_B"],"damage_healed":0.0,"max_hp_gain":0.0,"max_hp_loss":0.0,"gold_gain":0.0,"event_name":"Back to Basics","player_choice":"Elegance","floor":24.0,"gold_loss":0.0,"damage_taken":0.0},{"damage_healed":0,"gold_gain":0,"player_choice":"Paid","damage_taken":0,"relics_obtained":["Red Mask"],"max_hp_gain":0,"max_hp_loss":0,"event_name":"Tomb of Lord Red Mask","floor":36,"gold_loss":4},{"damage_healed":0,"gold_gain":0,"player_choice":"Ignored","damage_taken":0,"max_hp_gain":0,"max_hp_loss":0,"event_name":"SecretPortal","floor":37,"gold_loss":0}],"is_beta":false,"boss_relics":[{"not_picked":["Fusion Hammer","FrozenCore"],"picked":"Ectoplasm"},{"not_picked":["Runic Dome","Astrolabe"],"picked":"Coffee Dripper"}],"items_purged_floors":[21],"is_endless":false,"potions_floor_spawned":[5,6,16,18,22,27,29,35,39,41,46],"ascension_level":1}}