{"host":"kgfs5ebhusfk1t4t","time":1610721571,"event":{"mods":["BaseMod","Colored Map","DeckTracker","Highlight Path","KOR Keyword Fix","Keyboard Shortcuts","Minty Spire (QoL Compilation)","Permanent Neow","Quick Restart","StSLib","SuperFastMode","everything is the same but u backflip on backflip"],"gold_per_floor":[11,26,3,3,3,19,19,33,59,70,126,146,146,159,159,279,279,300,399,419,220,240,240,240],"floor_reached":23,"language":"KOR","playtime":1116,"items_purged":["Strike_R"],"score":296,"play_id":"9ca01857-51d0-435e-aa13-c88747a9cd0f","local_time":"20210115233931","is_ascension_mode":true,"campfire_choices":[{"data":"Entrench","floor":7.0,"key":"SMITH"},{"floor":15.0,"key":"REST"}],"circlet_count":0,"master_deck":["AscendersBane","Strike_R","Strike_R","Defend_R","Defend_R","Defend_R","Defend_R","Bash","Second Wind+1","Entrench+1","Clothesline","Wild Strike","Anger","Feel No Pain","Power Through","Armaments","Metallicize","Fiend Fire","Headbutt","Barricade","Blood for Blood","Metallicize+1","Dark Embrace","Ghostly Armor"],"relics":["Burning Blood","Bag of Preparation","Happy Flower","Golden Idol","Snecko Eye"],"acts_visited":["Exordium","TheCity"],"potions_floor_usage":[23],"damage_taken":[{"damage":14.0,"enemies":"Cultist","floor":1.0,"turns":5.0},{"damage":10.0,"enemies":"Small Slimes","floor":2.0,"turns":4.0},{"damage":0.0,"enemies":"2 Louse","floor":6.0,"turns":3.0},{"damage":30.0,"enemies":"Exordium Wildlife","floor":8.0,"turns":8.0},{"damage":12.0,"enemies":"Large Slime","floor":10.0,"turns":8.0},{"damage":15.0,"enemies":"Gremlin Nob","floor":11.0,"turns":5.0},{"damage":1.0,"enemies":"3 Louse","floor":12.0,"turns":3.0},{"damage":0.0,"enemies":"Looter","floor":14.0,"turns":1.0},{"damage":52.0,"enemies":"Hexaghost","floor":16.0,"turns":11.0},{"damage":0.0,"enemies":"Spheric Guardian","floor":18.0,"turns":3.0},{"damage":0.0,"enemies":"Chosen","floor":20.0,"turns":3.0},{"damage":2.0,"enemies":"Snake Plant","floor":22.0,"turns":3.0},{"damage":41,"enemies":"Gremlin Leader","floor":23,"turns":5}],"seed_played":"-6592563163812564911","potions_obtained":[{"floor":6.0,"key":"ColorlessPotion"},{"floor":14.0,"key":"Strength Potion"},{"floor":16.0,"key":"Swift Potion"}],"is_trial":false,"path_per_floor":["M","M","$","?","$","M","R","M","T","M","?","M","?","M","R","B",null,"M","?","M","$","M","E"],"character_chosen":"IRONCLAD","items_purchased":["Anger","Swift Potion","Dark Embrace"],"campfire_rested":1,"item_purchase_floors":[3,21,21],"current_hp_per_floor":[64,60,60,60,60,66,66,42,42,36,27,32,32,38,60,14,59,65,65,71,71,74,33,33],"gold":240,"neow_bonus":"TRANSFORM_TWO_CARDS","is_daily":false,"chose_seed":false,"campfire_upgraded":1,"win_rate":0.0,"timestamp":1610721571,"path_taken":["M","M","$","?","?","?","R","M","T","M","?","M","?","M","R","BOSS","M","?","M","$","M","E"],"items_purchased_type":["Card","Potion","Card"],"build_version":"2020-12-22","purchased_purges":1,"victory":false,"max_hp_per_floor":[80,80,80,80,80,80,80,80,80,80,80,80,74,74,74,74,74,74,74,74,74,74,74,74],"card_choices":[{"not_picked":["Perfected Strike","Rupture"],"picked":"Clothesline","floor":1.0},{"not_picked":["Warcry","Iron Wave"],"picked":"Wild Strike","floor":2.0},{"not_picked":["Clothesline","Perfected Strike"],"picked":"Feel No Pain","floor":6.0},{"not_picked":["Clothesline","Headbutt"],"picked":"Power Through","floor":8.0},{"not_picked":["Carnage","Flex"],"picked":"Armaments","floor":10.0},{"not_picked":["Warcry","Heavy Blade"],"picked":"Metallicize","floor":11.0},{"not_picked":["Anger","Dark Embrace"],"picked":"Fiend Fire","floor":12.0},{"not_picked":["Perfected Strike","Metallicize"],"picked":"Headbutt","floor":14.0},{"not_picked":["Impervious","Immolate"],"picked":"Barricade","floor":16.0},{"not_picked":["Hemokinesis","Metallicize"],"picked":"Blood for Blood","floor":18.0},{"not_picked":["Sword Boomerang","Wild Strike"],"picked":"Metallicize+1","floor":20.0},{"not_picked":["Flex+1","Clothesline"],"picked":"Ghostly Armor","floor":22.0}],"player_experience":492072,"relics_obtained":[{"floor":9.0,"key":"Bag of Preparation"},{"floor":11.0,"key":"Happy Flower"}],"event_choices":[{"damage_healed":0.0,"max_hp_gain":0.0,"max_hp_loss":0.0,"gold_gain":0.0,"event_name":"Accursed Blacksmith","player_choice":"Forge","floor":4.0,"gold_loss":0.0,"damage_taken":0.0,"cards_upgraded":["Second Wind"]},{"damage_healed":0.0,"max_hp_gain":0.0,"max_hp_loss":0.0,"gold_gain":0.0,"event_name":"Dead Adventurer","player_choice":"Searched \u00272\u0027 times","floor":11.0,"gold_loss":0.0,"damage_taken":0.0},{"damage_healed":0.0,"max_hp_gain":0.0,"max_hp_loss":6.0,"gold_gain":0.0,"event_name":"Golden Idol","player_choice":"Lose Max HP","floor":13.0,"gold_loss":0.0,"damage_taken":0.0,"relics_obtained":["Golden Idol"]},{"damage_healed":0.0,"max_hp_gain":0.0,"max_hp_loss":0.0,"gold_gain":99.0,"event_name":"Nest","player_choice":"Stole From Cult","floor":19.0,"gold_loss":0.0,"damage_taken":0.0}],"is_beta":false,"boss_relics":[{"not_picked":["Philosopher\u0027s Stone","Runic Pyramid"],"picked":"Snecko Eye"}],"items_purged_floors":[21],"is_endless":false,"potions_floor_spawned":[6,14,16],"killed_by":"Gremlin Leader","ascension_level":12}}