{"host":"bw00wb7p5bw58om7","time":1610714746,"event":{"mods":["Act Like it!","BaseMod","Downfall","Gensokyo","Koishi","KomeijiMod","Luminous","Marisa????????","Minty Spire (QoL Compilation)","Onozuka Komachi Mod","Permanent Neow","Prisma Mod","Reimu??????","Remilia??????","StSLib","The Animator","The Druid","The Exalted","The Jungle","The Mystic","The Problem Sleuth","The Senshi","The Servant 0.9.4","The Wild Card","TheArtist","Wandering Minibosses"],"gold_per_floor":[99,116,134,147,147,159,159,84,84,84,96,126,126,161,174,174,174],"floor_reached":16,"language":"ENG","playtime":614,"items_purged":[],"score":112,"play_id":"ff4bb5f4-cb0e-4726-9b62-30aea61d4dda","local_time":"20210115124546","is_ascension_mode":false,"campfire_choices":[{"floor":1,"key":"RECALL"},{"data":"Revamp","floor":8,"key":"SMITH"},{"data":"Foresight","floor":13,"key":"SMITH"}],"circlet_count":0,"master_deck":["Strike_S","Strike_S","Strike_S","Strike_S","Defend_S","Defend_S","Defend_S+1","Defend_S+1","KidneyShot","Exchange","ShatteredReality","Revamp+1","Clumsy","Replace","Foresight+1","Ricochet","Alleviate"],"relics":["Uniform","Bromod:ArcaneConsequence","Gensokyo:OccultBall","Eternal Feather","downfall:HeartBlessingRed","Gensokyo:Mercy","Gensokyo:NagashiBinaDoll","Bromod:ArcaneGuardian","War Paint"],"acts_visited":["Gensokyo:Gensokyo"],"potions_floor_usage":[16],"damage_taken":[{"damage":3,"enemies":"Gensokyo:Gryphon","floor":2,"turns":5},{"damage":7,"enemies":"Gensokyo:Python","floor":3,"turns":4},{"damage":0,"enemies":"Gensokyo:2_Kodama","floor":4,"turns":3},{"damage":4,"enemies":"Gensokyo:2_Rabbits","floor":6,"turns":3},{"damage":7,"enemies":"Gensokyo:Gryphon_and_Rabbit","floor":11,"turns":4},{"damage":26,"enemies":"Gensokyo:Aya","floor":12,"turns":7},{"damage":12,"enemies":"Gensokyo:Cirno","floor":14,"turns":5},{"damage":5,"enemies":"Gensokyo:Kitsune","floor":15,"turns":2},{"damage":19,"enemies":"downfall:Silent","floor":16,"turns":3}],"seed_played":"-2013079948417815247","potions_obtained":[{"floor":3,"key":"AttackPotion"},{"floor":6,"key":"LiquidBronze"},{"floor":12,"key":"Guardian:BlockOnCardUsePotion"}],"is_trial":false,"path_per_floor":["R","M","M","M","?","M","T","R","?","?","M","E","R","E","M","B"],"character_chosen":"THE_SERVANT","items_purchased":[],"campfire_rested":0,"item_purchase_floors":[],"current_hp_per_floor":[65,62,55,55,55,51,51,57,57,57,50,24,33,21,16,0,0],"gold":174,"neow_bonus":"RANDOM_COMMON_RELIC","is_daily":false,"chose_seed":false,"campfire_upgraded":2,"win_rate":0.0,"timestamp":1610714746,"path_taken":["R","M","M","M","?","M","T","R","?","?","M","E","R","E","M","BOSS"],"items_purchased_type":[],"build_version":"2020-12-22","purchased_purges":0,"victory":false,"max_hp_per_floor":[65,65,65,65,65,65,65,65,65,65,65,65,65,65,65,65,65],"card_choices":[{"not_picked":["Defy","Rearm"],"picked":"Luminosity","floor":2},{"not_picked":["Revamp","Sabotage"],"picked":"ShatteredReality","floor":3},{"not_picked":["Starlight","Spin"],"picked":"TimeWarp","floor":4},{"not_picked":["Duplication","Shuttle"],"picked":"Revamp","floor":6},{"not_picked":["TimeWarp","ShatteredReality"],"picked":"Replace","floor":11},{"not_picked":["FastForward","Misdirection"],"picked":"Foresight","floor":12},{"not_picked":["Hightail","MurderousAura"],"picked":"Ricochet","floor":14},{"not_picked":["Revamp","Replace"],"picked":"Alleviate","floor":15}],"player_experience":242400,"relics_obtained":[{"floor":7,"key":"Eternal Feather"},{"floor":12,"key":"Bromod:ArcaneGuardian"},{"floor":14,"key":"War Paint"},{"floor":15,"key":"Gensokyo:OccultBall"}],"event_choices":[],"is_beta":false,"boss_relics":[],"items_purged_floors":[],"is_endless":false,"potions_floor_spawned":[3,6,12],"killed_by":"downfall:Silent","ascension_level":0}}