{"host":"jl3raagrljzztomj","time":1610747215,"event":{"mods":["Aspiration","BaseMod","BetterRewards","Colored Map","Colored Powertips","Custom Start","Hermit","Highlight Path","Minty Spire (QoL Compilation)","Permanent Neow","StSLib","SuperFastMode","The Runesmith"],"gold_per_floor":[210,230,505,518,533,533,560,560,560,67,82,82,97,116,116,218,218,158,158,158],"floor_reached":19,"language":"ENG","playtime":986,"items_purged":["Regret"],"score":169,"play_id":"8e7d2863-c510-44b6-a3e5-28640f05ecc2","local_time":"20210115154655","is_ascension_mode":false,"campfire_choices":[{"data":"Runesmith:Fortify","floor":6,"key":"SMITH"},{"floor":8,"key":"REST"},{"floor":15,"key":"REST"}],"circlet_count":0,"master_deck":["Runesmith:Strike_RS","Runesmith:Strike_RS","Runesmith:Strike_RS","Runesmith:Defend_RS","Runesmith:Defend_RS","Runesmith:Defend_RS","Runesmith:Defend_RS","Runesmith:CraftFirestone","Runesmith:Fortify+1","Runesmith:EarthShield","Runesmith:CraftIncendium","Runesmith:PoweredAnvil","Runesmith:UnstableHammer","Runesmith:PoweredAnvil","Runesmith:Grindstone","Mayhem","Runesmith:Repurpose","Runesmith:CraftMedicinae","Runesmith:Firestorm","Runesmith:ArcReactor"],"relics":["Runesmith:BrokenRuby","Bag of Marbles","Letter Opener","Happy Flower","Philosopher\u0027s Stone"],"acts_visited":["Exordium","TheCity"],"potions_floor_usage":[11,16,16],"damage_taken":[{"damage":0,"enemies":"2 Louse","floor":1,"turns":4},{"damage":0,"enemies":"Cultist","floor":2,"turns":5},{"damage":10,"enemies":"Jaw Worm","floor":4,"turns":7},{"damage":10,"enemies":"Exordium Thugs","floor":5,"turns":7},{"damage":31,"enemies":"Lagavulin","floor":7,"turns":10},{"damage":0,"enemies":"3 Louse","floor":11,"turns":3},{"damage":6,"enemies":"Looter","floor":13,"turns":5},{"damage":15,"enemies":"Lots of Slimes","floor":14,"turns":4},{"damage":22,"enemies":"Slime Boss","floor":16,"turns":8},{"damage":11,"enemies":"2 Thieves","floor":18,"turns":4},{"damage":63,"enemies":"Masked Bandits","floor":19,"turns":5}],"seed_played":"-4889071794918283846","potions_obtained":[{"floor":2,"key":"Ancient Potion"},{"floor":5,"key":"ColorlessPotion"},{"floor":7,"key":"SpeedPotion"},{"floor":14,"key":"BlessingOfTheForge"}],"is_trial":false,"path_per_floor":["M","M","?","M","M","R","E","R","T","$","M","?","M","M","R","B",null,"M","?"],"character_chosen":"RUNESMITH_CLASS","items_purchased":["Runesmith:PoweredAnvil","Runesmith:Grindstone","Happy Flower","Mayhem"],"campfire_rested":2,"item_purchase_floors":[10,10,10,10],"current_hp_per_floor":[70,70,70,60,50,50,19,40,40,40,40,40,34,19,40,19,70,61,0,0],"gold":158,"neow_bonus":"HUNDRED_GOLD","is_daily":false,"chose_seed":false,"campfire_upgraded":1,"win_rate":0.0,"timestamp":1610747215,"path_taken":["M","M","?","M","M","R","E","R","T","$","?","?","M","M","R","BOSS","M","?"],"items_purchased_type":["Card","Card","Relic","Card"],"build_version":"2020-12-22","purchased_purges":1,"victory":false,"max_hp_per_floor":[70,70,70,70,70,70,70,70,70,70,70,70,70,70,70,70,70,70,70,70],"card_choices":[{"not_picked":["Runesmith:Grindstone","Runesmith:CraftProtectio"],"picked":"Runesmith:EarthShield","floor":1},{"not_picked":["Runesmith:MakeshiftArmor","Runesmith:UnstableHammer"],"picked":"Runesmith:CraftIncendium","floor":2},{"not_picked":["Runesmith:RunicBlueprint","Runesmith:CraftMagma"],"picked":"Runesmith:PoweredAnvil","floor":4},{"not_picked":["Runesmith:ShiftingStrike","Runesmith:Discharge","Runesmith:Prism"],"picked":"SKIP","floor":5},{"not_picked":["Runesmith:Attraction","Runesmith:Terraform"],"picked":"Runesmith:UnstableHammer","floor":7},{"not_picked":["Runesmith:OneForEveryone","Runesmith:NanitesCloud"],"picked":"Runesmith:Repurpose","floor":11},{"not_picked":["Runesmith:WhiteBalance","Runesmith:CraftProtectio"],"picked":"Runesmith:CraftMedicinae","floor":13},{"not_picked":["Runesmith:BackupBattery","Runesmith:HammerTime"],"picked":"Runesmith:Firestorm","floor":14},{"not_picked":["Runesmith:FissionHammer","Runesmith:CraftMedicinae"],"picked":"Runesmith:ArcReactor","floor":16},{"not_picked":["Runesmith:Empowerment","Runesmith:UnstableHammer","Runesmith:HammerThrow"],"picked":"SKIP","floor":18}],"player_experience":963855,"relics_obtained":[{"floor":7,"key":"Bag of Marbles"},{"floor":9,"key":"Letter Opener"}],"event_choices":[{"damage_healed":0,"gold_gain":275,"player_choice":"Desecrate","damage_taken":0,"max_hp_gain":0,"max_hp_loss":0,"event_name":"Golden Shrine","floor":3,"gold_loss":0,"cards_obtained":["Regret"]},{"cards_removed":["Runesmith:Strike_RS"],"damage_healed":0,"gold_gain":0,"player_choice":"Purged","damage_taken":0,"max_hp_gain":0,"max_hp_loss":0,"event_name":"Purifier","floor":12,"gold_loss":0},{"damage_healed":0,"gold_gain":0,"player_choice":"Fought Bandits","damage_taken":0,"max_hp_gain":0,"max_hp_loss":0,"event_name":"Masked Bandits","floor":19,"gold_loss":0}],"is_beta":false,"boss_relics":[{"not_picked":["Runesmith:CoreCrystal","Black Star"],"picked":"Philosopher\u0027s Stone"}],"items_purged_floors":[10],"is_endless":false,"potions_floor_spawned":[2,5,7,14],"killed_by":"Masked Bandits","ascension_level":0}}