{"host":"x21cvmfdo17nyhii","time":1610751148,"event":{"mods":["AchievementEnabler","BaseMod","Colored Map","Colored Powertips","DeckTracker","Highlight Path","Minty Spire (QoL Compilation)","Quick Restart","Rare Cards Sparkle","SuperFastMode"],"gold_per_floor":[109,15,29,29,42,69,1,13,13,13,32,52,52,3,3,106,106,120,120,87,98,98,98,4,4,4,4,14,40,53,388,388,485,485,499,515,515,515,515,515,548,566,566,577,111,111,142,153,153,153,153,153,2,31,31],"floor_reached":56,"language":"ENG","playtime":3350,"items_purged":["Strike_P"],"score":1462,"play_id":"e5ceb989-aadc-43a1-beb9-603d30959a4b","local_time":"20210115145228","is_ascension_mode":true,"campfire_choices":[{"data":"Eruption","floor":10.0,"key":"SMITH"},{"data":"Crescendo","floor":15.0,"key":"SMITH"},{"data":"Wallop","floor":23.0,"key":"SMITH"},{"data":"ClearTheMind","floor":25.0,"key":"SMITH"},{"data":"Wallop","floor":27.0,"key":"SMITH"},{"floor":32.0,"key":"REST"},{"data":"Enlightenment","floor":40.0,"key":"SMITH"},{"floor":46.0,"key":"RECALL"},{"data":"Apotheosis","floor":49.0,"key":"SMITH"},{"data":"Vault","floor":52.0,"key":"SMITH"}],"circlet_count":0,"master_deck":["Strike_P","Strike_P","Defend_P","Defend_P","Defend_P","Eruption+1","Vigilance","Brilliance","DeceiveReality","Sanctity","Crescendo+1","CutThroughFate","Wallop+1","FollowUp","InnerPeace","InnerPeace","Brilliance","Wallop+1","Consecrate+1","ClearTheMind+1","FollowUp","WheelKick","Evaluate+1","FlurryOfBlows+1","Ragnarok","EmptyBody+1","CrushJoints+1","Enlightenment+1","CarveReality+1","Conclude+1","Apotheosis+1","Scrawl","Vault+1","FearNoEvil+1","Pray","ClearTheMind+1"],"relics":["PureWater","Sundial","Turnip","TungstenRod","Odd Mushroom","Ice Cream","Black Star","CaptainsWheel","Shuriken","Old Coin","CloakClasp","Philosopher\u0027s Stone","InkBottle","Pocketwatch","Regal Pillow","Membership Card","Eternal Feather","Mercury Hourglass","Happy Flower","Letter Opener","Toy Ornithopter","Yang"],"acts_visited":["Exordium","TheCity","TheBeyond","TheEnding"],"potions_floor_usage":[54,55,55],"damage_taken":[{"damage":0.0,"enemies":"Jaw Worm","floor":1.0,"turns":3.0},{"damage":0.0,"enemies":"Cultist","floor":3.0,"turns":2.0},{"damage":0.0,"enemies":"2 Louse","floor":5.0,"turns":2.0},{"damage":8.0,"enemies":"Lagavulin","floor":6.0,"turns":5.0},{"damage":2.0,"enemies":"Red Slaver","floor":8.0,"turns":3.0},{"damage":0.0,"enemies":"Looter","floor":11.0,"turns":2.0},{"damage":2.0,"enemies":"The Mushroom Lair","floor":12.0,"turns":5.0},{"damage":23.0,"enemies":"The Guardian","floor":16.0,"turns":11.0},{"damage":0.0,"enemies":"Spheric Guardian","floor":18.0,"turns":3.0},{"damage":14.0,"enemies":"2 Thieves","floor":21.0,"turns":5.0},{"damage":0.0,"enemies":"Centurion and Healer","floor":28.0,"turns":3.0},{"damage":15.0,"enemies":"Slavers","floor":29.0,"turns":4.0},{"damage":0.0,"enemies":"Shelled Parasite and Fungi","floor":30.0,"turns":4.0},{"damage":0.0,"enemies":"Gremlin Leader","floor":31.0,"turns":4.0},{"damage":43.0,"enemies":"Collector","floor":33.0,"turns":9.0},{"damage":4.0,"enemies":"3 Shapes","floor":35.0,"turns":2.0},{"damage":0.0,"enemies":"Orb Walker","floor":36.0,"turns":2.0},{"damage":27.0,"enemies":"Reptomancer","floor":41.0,"turns":6.0},{"damage":0.0,"enemies":"Transient","floor":42.0,"turns":5.0},{"damage":0.0,"enemies":"Spire Growth","floor":44.0,"turns":2.0},{"damage":0.0,"enemies":"Giant Head","floor":47.0,"turns":5.0},{"damage":0.0,"enemies":"Maw","floor":48.0,"turns":4.0},{"damage":10.0,"enemies":"Awakened One","floor":50.0,"turns":5.0},{"damage":6,"enemies":"Shield and Spear","floor":54,"turns":4},{"damage":54,"enemies":"The Heart","floor":55,"turns":7}],"seed_played":"-9032271332653084144","potions_obtained":[{"floor":6.0,"key":"Block Potion"},{"floor":8.0,"key":"Weak Potion"},{"floor":16.0,"key":"PowerPotion"},{"floor":21.0,"key":"Weak Potion"},{"floor":28.0,"key":"FearPotion"},{"floor":29.0,"key":"DuplicationPotion"},{"floor":30.0,"key":"Fire Potion"},{"floor":33.0,"key":"DistilledChaos"},{"floor":36.0,"key":"PowerPotion"},{"floor":39.0,"key":"Strength Potion"},{"floor":39.0,"key":"LiquidBronze"},{"floor":39.0,"key":"Swift Potion"},{"floor":42.0,"key":"Swift Potion"},{"floor":54,"key":"LiquidMemories"}],"is_trial":false,"path_per_floor":["M","$","M","?","M","E","?","M","T","R","M","?","T","$","R","B",null,"M","?","$","M","?","R","$","R","T","R","M","E","M","E","R","B",null,"M","M","?","?","?","R","E","M","T","M","$","R","E","M","R","B",null,"R","$","E","B",null],"character_chosen":"WATCHER","items_purchased":["Sanctity","Crescendo","AttackPotion","Wallop","ClearTheMind","FollowUp","Membership Card","Apotheosis","Eternal Feather","Scrawl","Pray","Letter Opener"],"campfire_rested":1,"item_purchase_floors":[2,2,14,20,24,24,45,45,45,45,53,53],"current_hp_per_floor":[72,72,72,72,72,64,64,62,62,62,62,60,60,60,60,37,72,72,72,72,58,58,58,58,58,58,58,58,43,43,43,64,21,72,68,68,68,68,68,68,41,41,41,41,41,59,59,59,72,62,72,72,72,66,22],"gold":31,"neow_bonus":"ONE_RANDOM_RARE_CARD","is_daily":false,"chose_seed":false,"campfire_upgraded":8,"win_rate":0.0,"timestamp":1610751148,"path_taken":["M","$","M","?","?","E","?","M","T","R","?","?","?","$","R","BOSS","M","?","$","M","?","R","?","R","T","R","M","E","M","E","R","BOSS","M","?","?","?","?","R","E","M","T","?","$","R","E","M","R","BOSS","R","$","E","BOSS"],"items_purchased_type":["Card","Card","Potion","Card","Card","Card","Relic","Card","Relic","Card","Card","Relic"],"build_version":"2020-12-22","purchased_purges":1,"victory":true,"max_hp_per_floor":[72,72,72,72,72,72,72,72,72,72,72,72,72,72,72,72,72,72,72,72,72,72,72,72,72,72,72,72,72,72,72,72,72,72,72,72,72,72,72,72,72,72,72,72,72,72,72,72,72,72,72,72,72,72,72],"card_choices":[{"not_picked":["BowlingBash","FlyingSleeves"],"picked":"DeceiveReality","floor":1.0},{"not_picked":["PathToVictory","BowlingBash","Wireheading"],"picked":"SKIP","floor":3.0},{"not_picked":["Protect","Study"],"picked":"CutThroughFate","floor":5.0},{"not_picked":["Adaptation","ThirdEye"],"picked":"Wallop","floor":6.0},{"not_picked":["FlyingSleeves","Halt"],"picked":"FollowUp","floor":8.0},{"not_picked":["WreathOfFlame","WheelKick"],"picked":"InnerPeace","floor":11.0},{"not_picked":["TalkToTheHand","PathToVictory"],"picked":"InnerPeace","floor":12.0},{"not_picked":["Alpha","MasterReality"],"picked":"Brilliance","floor":16.0},{"not_picked":["Collect","Crescendo","Halt"],"picked":"SKIP","floor":18.0},{"not_picked":["Crescendo+1","MentalFortress"],"picked":"Consecrate+1","floor":21.0},{"not_picked":["FlurryOfBlows","Evaluate"],"picked":"WheelKick","floor":28.0},{"not_picked":["FollowUp","ConjureBlade","ReachHeaven"],"picked":"SKIP","floor":29.0},{"not_picked":["Perseverance","FollowUp"],"picked":"Evaluate+1","floor":30.0},{"not_picked":["FlyingSleeves","LessonLearned"],"picked":"FlurryOfBlows+1","floor":31.0},{"not_picked":["Alpha","Vault"],"picked":"Ragnarok","floor":33.0},{"not_picked":["Weave","FlyingSleeves+1"],"picked":"EmptyBody+1","floor":35.0},{"not_picked":["JustLucky","InnerPeace"],"picked":"CrushJoints+1","floor":36.0},{"not_picked":["Magnetism","Flash of Steel"],"picked":"Enlightenment","floor":37.0},{"not_picked":["BowlingBash","Adaptation"],"picked":"CarveReality+1","floor":41.0},{"not_picked":["CrushJoints","JustLucky"],"picked":"Conclude+1","floor":42.0},{"not_picked":["Consecrate","TalkToTheHand+1","EmptyFist+1"],"picked":"SKIP","floor":44.0},{"not_picked":["DeceiveReality","ForeignInfluence"],"picked":"Vault","floor":47.0},{"not_picked":["FlyingSleeves","Halt+1"],"picked":"FearNoEvil+1","floor":48.0},{"not_picked":["InnerPeace","Evaluate+1"],"picked":"ClearTheMind+1","floor":54}],"player_experience":410496,"relics_obtained":[{"floor":6.0,"key":"Sundial"},{"floor":9.0,"key":"TungstenRod"},{"floor":12.0,"key":"Odd Mushroom"},{"floor":13.0,"key":"Ice Cream"},{"floor":29.0,"key":"CaptainsWheel"},{"floor":29.0,"key":"Shuriken"},{"floor":31.0,"key":"Old Coin"},{"floor":31.0,"key":"CloakClasp"},{"floor":41.0,"key":"InkBottle"},{"floor":41.0,"key":"Pocketwatch"},{"floor":43.0,"key":"Regal Pillow"},{"floor":47.0,"key":"Mercury Hourglass"},{"floor":47.0,"key":"Happy Flower"},{"floor":54,"key":"Toy Ornithopter"},{"floor":54,"key":"Yang"}],"event_choices":[{"cards_removed":["Defend_P"],"damage_healed":0.0,"max_hp_gain":0.0,"max_hp_loss":0.0,"gold_gain":0.0,"event_name":"Purifier","player_choice":"Purged","floor":4.0,"gold_loss":0.0,"damage_taken":0.0},{"damage_healed":0.0,"max_hp_gain":0.0,"max_hp_loss":0.0,"gold_gain":0.0,"event_name":"WeMeetAgain","player_choice":"Paid Gold","floor":7.0,"gold_loss":68.0,"damage_taken":0.0,"relics_obtained":["Turnip"]},{"damage_healed":0.0,"max_hp_gain":0.0,"max_hp_loss":0.0,"gold_gain":0.0,"event_name":"Mushrooms","player_choice":"Fought Mushrooms","floor":12.0,"gold_loss":0.0,"damage_taken":0.0},{"cards_removed":["Strike_P"],"damage_healed":0.0,"max_hp_gain":0.0,"max_hp_loss":0.0,"gold_gain":0.0,"event_name":"Back to Basics","player_choice":"Elegance","floor":19.0,"gold_loss":0.0,"damage_taken":0.0},{"damage_healed":0.0,"max_hp_gain":0.0,"max_hp_loss":0.0,"gold_gain":0.0,"event_name":"Beggar","player_choice":"Ignored","floor":22.0,"gold_loss":0.0,"damage_taken":0.0},{"damage_healed":0.0,"max_hp_gain":0.0,"max_hp_loss":0.0,"gold_gain":0.0,"event_name":"SensoryStone","player_choice":"Memory 1","floor":37.0,"gold_loss":0.0,"damage_taken":0.0},{"damage_healed":0.0,"max_hp_gain":0.0,"max_hp_loss":0.0,"gold_gain":0.0,"event_name":"Tomb of Lord Red Mask","player_choice":"Ignored","floor":38.0,"gold_loss":0.0,"damage_taken":0.0},{"damage_healed":0.0,"max_hp_gain":0.0,"max_hp_loss":0.0,"gold_gain":0.0,"event_name":"Lab","player_choice":"Got Potions","floor":39.0,"gold_loss":0.0,"damage_taken":0.0}],"is_beta":false,"boss_relics":[{"not_picked":["Snecko Eye","Empty Cage"],"picked":"Black Star"},{"not_picked":["Velvet Choker","Runic Pyramid"],"picked":"Philosopher\u0027s Stone"}],"items_purged_floors":[45],"is_endless":false,"potions_floor_spawned":[6,8,16,21,28,29,30,33,36,42,48,54],"ascension_level":4}}