{"host":"ci7cmvrwpmzqnw7e","time":1610684012,"event":{"mods":["BaseMod","BetterRewards","Colored Map","Downfall","Googly Eyes","GungeonMod","Highlight Path","Hubris","Infinite Spire","Minty Spire (QoL Compilation)","Random Character Button","Rare Cards Sparkle","Replay The Spire","Shop Mod","StSLib","The Cursed","The Disciple","The Hierophant"],"gold_per_floor":[112,209,238,266,281,101,101,122,122,133,133,135,128,94,94,32,32],"floor_reached":16,"language":"ENG","playtime":668,"items_purged":[],"score":121,"play_id":"75ed9bd0-d9ce-46c6-9248-4a8993293af1","local_time":"20210114211332","is_ascension_mode":false,"campfire_choices":[{"data":"hubris:EnhanceAbility","floor":7,"key":"SMITH"},{"floor":15,"key":"REST"}],"circlet_count":0,"master_deck":["hierophant:Strike_Hierophant","hierophant:Strike_Hierophant","hierophant:Strike_Hierophant","hierophant:Strike_Hierophant","hierophant:Punish","hierophant:Defend_Hierophant","hierophant:Defend_Hierophant","hierophant:Defend_Hierophant","hierophant:Defend_Hierophant","hierophant:ChurchCoffers","hierophant:Zeal","hierophant:Alms","hierophant:OrnateBuckler","hierophant:Doubloon","hierophant:Charity","hierophant:HolyVerse","hierophant:Doubloon","hierophant:Determination","hubris:EnhanceAbility+1","hierophant:Patience","hierophant:MorningPrayer+1","hierophant:Doubloon","hierophant:CursedGold","hierophant:Doubloon","hierophant:Charity","hierophant:Doubloon"],"relics":["hierophant:PropheticMaskRelic","NeowsBlessing","hubris:64BitClover"],"acts_visited":["Exordium"],"potions_floor_usage":[16,16,16],"damage_taken":[{"damage":0,"enemies":"2 Louse","floor":1,"turns":1},{"damage":0,"enemies":"Jaw Worm","floor":3,"turns":1},{"damage":0,"enemies":"Cultist","floor":4,"turns":1},{"damage":7,"enemies":"Lots of Slimes","floor":5,"turns":2},{"damage":13,"enemies":"3 Louse","floor":8,"turns":2},{"damage":15,"enemies":"2 Fungi Beasts","floor":10,"turns":4},{"damage":0,"enemies":"Large Slime","floor":12,"turns":3},{"damage":14,"enemies":"Red Slaver","floor":13,"turns":4},{"damage":21,"enemies":"Looter","floor":14,"turns":5},{"damage":45,"enemies":"The Guardian","floor":16,"turns":9}],"seed_played":"-6016696407507152772","potions_obtained":[{"floor":3,"key":"Energy Potion"},{"floor":4,"key":"Strength Potion"},{"floor":12,"key":"LifebloodPotion"},{"floor":13,"key":"Elixir"}],"is_trial":false,"path_per_floor":["M","?","M","M","M","$","R","M","T","M","?","M","M","M","R","B"],"character_chosen":"HIEROPHANT","items_purchased":["hubris:EnhanceAbility"],"campfire_rested":1,"item_purchase_floors":[6],"current_hp_per_floor":[75,75,75,75,68,68,68,61,61,52,52,52,46,25,47,2,2],"gold":32,"neow_bonus":"THREE_ENEMY_KILL","is_daily":false,"chose_seed":false,"campfire_upgraded":1,"win_rate":0.0,"timestamp":1610684012,"path_taken":["M","?","?","M","?","$","R","M","T","M","?","M","M","M","R","BOSS"],"items_purchased_type":["Card"],"build_version":"2020-12-22","purchased_purges":0,"victory":false,"max_hp_per_floor":[75,75,75,75,75,75,75,75,75,75,75,75,75,75,75,75,75],"card_choices":[{"not_picked":["hierophant:Doubloon","hierophant:Sermon"],"picked":"hierophant:Zeal","floor":1},{"not_picked":["hierophant:SealAway","hierophant:Martyrdom"],"picked":"hierophant:Alms","floor":2},{"not_picked":["hierophant:Zeal","hierophant:Empathy"],"picked":"hierophant:OrnateBuckler","floor":2},{"not_picked":["hierophant:HolyVerse","hierophant:SealAway"],"picked":"hierophant:Charity","floor":2},{"not_picked":["hierophant:PassingBell","hierophant:Sermon"],"picked":"hierophant:HolyVerse","floor":3},{"not_picked":["hierophant:MorningPrayer","hierophant:DisplayOfPower"],"picked":"hierophant:Doubloon","floor":4},{"not_picked":["hierophant:Purify","hierophant:FlamingChariot"],"picked":"hierophant:Determination","floor":5},{"not_picked":["hierophant:Smite","hierophant:Rebuild"],"picked":"hierophant:Patience","floor":8},{"not_picked":["hierophant:Endure","hierophant:Doubloon"],"picked":"hierophant:MorningPrayer","floor":10},{"not_picked":["hierophant:AuricShield","hierophant:Sermon"],"picked":"hierophant:CursedGold","floor":12},{"not_picked":["hierophant:RepressedViolence","hierophant:Refuge"],"picked":"hierophant:Charity","floor":13},{"not_picked":["hierophant:Zeal","hierophant:ThreeLashes"],"picked":"hierophant:Doubloon","floor":14}],"player_experience":82203,"relics_obtained":[{"floor":9,"key":"hubris:64BitClover"}],"event_choices":[],"is_beta":false,"boss_relics":[],"items_purged_floors":[],"is_endless":false,"potions_floor_spawned":[3,4,12,13],"killed_by":"The Guardian","ascension_level":0}}