{"host":"jscggscbx0p7706o","time":1610698143,"event":{"mods":["AchievementEnabler","BaseMod","Block Reminder","Colored Powertips","Minty Spire (QoL Compilation)","Permanent Neow","Quick Restart","StSLib","The Bug Knight"],"gold_per_floor":[117,192,209,221,221,221,256,256,283,297,308,156,186,202,202,202,202],"floor_reached":16,"language":"ENG","playtime":1101,"items_purged":["HollowMod:NailStrikeStart"],"score":112,"play_id":"bb8de52e-63b4-4b61-86c1-7ae52b5eeb9c","local_time":"20210115160903","is_ascension_mode":false,"campfire_choices":[{"data":"HollowMod:RecoilStrike","floor":6,"key":"SMITH"},{"data":"HollowMod:VengefulSpirit","floor":8,"key":"SMITH"},{"data":"HollowMod:ShadowDash","floor":15,"key":"SMITH"}],"circlet_count":0,"master_deck":["HollowMod:NailStrikeStart","HollowMod:NailStrikeStart","HollowMod:NailStrikeStart","HollowMod:QuickDashStart","HollowMod:QuickDashStart","HollowMod:QuickDashStart","HollowMod:QuickDashStart","HollowMod:FocusHealStart","HollowMod:PogoStrike","HollowMod:VengefulSpirit+1","HollowMod:RecoilStrike+1","HollowMod:SoulStrike","HollowMod:ChannelNail","HollowMod:DescendingDark","HollowMod:VengefulVoid","HollowMod:DoubleDash","HollowMod:VengefulVoid","HollowMod:ShadowDash+1"],"relics":["HollowMod:VesselMask","Pen Nib","Boot","Ornamental Fan","Vajra","Oddly Smooth Stone"],"acts_visited":["Exordium"],"potions_floor_usage":[],"damage_taken":[{"damage":2.0,"enemies":"Small Slimes","floor":1.0,"turns":4.0},{"damage":0,"enemies":"Cultist","floor":3,"turns":3},{"damage":0,"enemies":"2 Louse","floor":4,"turns":2},{"damage":8,"enemies":"HollowMod:MossKnight","floor":7,"turns":11},{"damage":3,"enemies":"2 Fungi Beasts","floor":10,"turns":3},{"damage":0,"enemies":"Gremlin Gang","floor":11,"turns":3},{"damage":4,"enemies":"3 Sentries","floor":13,"turns":5},{"damage":12,"enemies":"Lots of Slimes","floor":14,"turns":2},{"damage":71,"enemies":"The Guardian","floor":16,"turns":13}],"seed_played":"-2025615010607624803","potions_obtained":[{"floor":1.0,"key":"Dexterity Potion"},{"floor":3,"key":"Regen Potion"},{"floor":10,"key":"DistilledChaos"}],"is_trial":false,"path_per_floor":["M","?","M","M","?","R","E","R","T","M","M","$","E","M","R","B"],"character_chosen":"THE_BUGKNIGHT","items_purchased":["HollowMod:VengefulVoid","HollowMod:DoubleDash"],"campfire_rested":0,"item_purchase_floors":[12,12],"current_hp_per_floor":[75,68,74,75,68,68,70,70,70,73,73,73,69,57,57,0,0],"gold":202,"neow_bonus":"RANDOM_COMMON_RELIC","is_daily":false,"chose_seed":false,"campfire_upgraded":3,"win_rate":0.0,"timestamp":1610698143,"path_taken":["M","?","M","?","?","R","E","R","T","M","M","$","E","M","R","BOSS"],"items_purchased_type":["Card","Card"],"build_version":"2020-12-22","purchased_purges":1,"victory":false,"max_hp_per_floor":[75,75,75,75,75,75,75,75,75,75,75,75,75,75,75,75,75],"card_choices":[{"not_picked":["HollowMod:InfectedCysts","HollowMod:MonarchWings"],"picked":"HollowMod:VengefulSpirit","floor":1.0},{"not_picked":["HollowMod:LifebloodCocoon","HollowMod:MonarchWings"],"picked":"HollowMod:RecoilStrike","floor":3},{"not_picked":["HollowMod:NewLittleFool","HollowMod:GrimmsGift"],"picked":"HollowMod:SoulStrike","floor":4},{"not_picked":["HollowMod:FallenFury","HollowMod:AwokenDreamNail"],"picked":"HollowMod:ChannelNail","floor":7},{"not_picked":["HollowMod:SharpenedNail","HollowMod:FallenFury","HollowMod:TaintedHusks"],"picked":"SKIP","floor":10},{"not_picked":["HollowMod:FallenFury","HollowMod:BaldurShell"],"picked":"HollowMod:DescendingDark","floor":11},{"not_picked":["HollowMod:BlackTendrils","HollowMod:InfectedCysts"],"picked":"HollowMod:VengefulVoid","floor":13},{"not_picked":["HollowMod:HeavyBlow","HollowMod:SharpenedNail"],"picked":"HollowMod:ShadowDash","floor":14}],"player_experience":265069,"relics_obtained":[{"floor":7,"key":"Ornamental Fan"},{"floor":9,"key":"Vajra"},{"floor":13,"key":"Oddly Smooth Stone"}],"event_choices":[{"damage_healed":0,"gold_gain":75,"player_choice":"Touch","damage_taken":7,"max_hp_gain":0,"max_hp_loss":0,"event_name":"FaceTrader","floor":2,"gold_loss":0},{"damage_healed":0,"gold_gain":0,"player_choice":"Success","damage_taken":7,"relics_obtained":["Boot"],"max_hp_gain":0,"max_hp_loss":0,"event_name":"Scrap Ooze","floor":5,"gold_loss":0}],"is_beta":false,"boss_relics":[],"items_purged_floors":[12],"is_endless":false,"potions_floor_spawned":[1,3,10,13,14],"killed_by":"The Guardian","ascension_level":0}}