{"host":"x52zk6e1f2bye2h7","time":1610708578,"event":{"mods":["AchievementEnabler","BaseMod","Highlight Path","Minty Spire (QoL Compilation)","everything is the same but u backflip on backflip"],"gold_per_floor":[111,123,123,136,12,28,5,37,86,86,98,98,110,124,124,220,220,235,253,253,253,263,263,263],"floor_reached":23,"language":"ENG","playtime":1474,"items_purged":["Strike_G"],"score":205,"play_id":"82160d48-bba6-4246-a9c1-6996cbd7b827","local_time":"20210115110258","is_ascension_mode":true,"campfire_choices":[{"data":"Noxious Fumes","floor":10,"key":"SMITH"},{"data":"Prepared","floor":12,"key":"SMITH"},{"data":"Acrobatics","floor":15,"key":"SMITH"}],"circlet_count":0,"master_deck":["Strike_G+1","Strike_G+1","Strike_G+1","Strike_G+1","Defend_G+1","Defend_G+1","Defend_G+1","Defend_G+1","Defend_G+1","Survivor+1","Neutralize","Noxious Fumes+1","Poisoned Stab","Reflex","Deadly Poison","Noxious Fumes+1","Prepared+1","Adrenaline","Acrobatics+1","Tools of the Trade","Catalyst","Footwork"],"relics":["Ring of the Snake","Mummified Hand","Black Star","Art of War"],"acts_visited":["Exordium","TheCity"],"potions_floor_usage":[23],"damage_taken":[{"damage":0,"enemies":"2 Louse","floor":1,"turns":3},{"damage":2,"enemies":"Cultist","floor":2,"turns":5},{"damage":5,"enemies":"Jaw Worm","floor":4,"turns":4},{"damage":0,"enemies":"Exordium Wildlife","floor":6,"turns":3},{"damage":3,"enemies":"Lagavulin","floor":8,"turns":7},{"damage":16,"enemies":"Large Slime","floor":11,"turns":5},{"damage":9,"enemies":"Blue Slaver","floor":13,"turns":4},{"damage":5,"enemies":"Exordium Thugs","floor":14,"turns":3},{"damage":5,"enemies":"The Guardian","floor":16,"turns":8},{"damage":6,"enemies":"Spheric Guardian","floor":18,"turns":4},{"damage":22,"enemies":"Chosen","floor":19,"turns":5},{"damage":28,"enemies":"Centurion and Healer","floor":22,"turns":7},{"damage":15,"enemies":"Slavers","floor":23,"turns":2}],"seed_played":"-5622401785381054596","potions_obtained":[{"floor":1,"key":"Explosive Potion"},{"floor":11,"key":"EssenceOfSteel"},{"floor":14,"key":"Strength Potion"},{"floor":19,"key":"BlessingOfTheForge"}],"is_trial":false,"path_per_floor":["M","M","?","M","$","M","$","E","T","R","M","R","M","M","R","B",null,"M","M","?","?","M","E"],"character_chosen":"THE_SILENT","items_purchased":["Deadly Poison","Prepared"],"campfire_rested":0,"item_purchase_floors":[5,7],"current_hp_per_floor":[70,68,68,63,63,63,63,60,60,60,44,44,35,30,30,25,70,64,42,42,42,14,0,0],"gold":263,"neow_bonus":"UPGRADE_CARD","is_daily":false,"chose_seed":false,"campfire_upgraded":3,"win_rate":0.0,"timestamp":1610708578,"path_taken":["M","M","?","M","$","M","?","E","T","R","M","R","M","M","R","BOSS","M","M","?","?","?","E"],"items_purchased_type":["Card","Card"],"build_version":"2020-12-22","purchased_purges":1,"victory":false,"max_hp_per_floor":[70,70,70,70,70,70,70,70,70,70,70,70,70,70,70,70,70,70,70,70,70,70,70,70],"card_choices":[{"not_picked":["Expertise","Cloak And Dagger"],"picked":"Noxious Fumes","floor":1},{"not_picked":["Bouncing Flask","Masterful Stab"],"picked":"Poisoned Stab","floor":2},{"not_picked":["Blade Dance","Tactician"],"picked":"Reflex","floor":4},{"not_picked":["Blade Dance","Deflect"],"picked":"Noxious Fumes","floor":6},{"not_picked":["Underhanded Strike","PiercingWail"],"picked":"Adrenaline","floor":8},{"not_picked":["Flying Knee","Riddle With Holes"],"picked":"Acrobatics","floor":11},{"not_picked":["Accuracy","All Out Attack","Predator"],"picked":"SKIP","floor":13},{"not_picked":["Quick Slash","Caltrops","Bane"],"picked":"SKIP","floor":14},{"not_picked":["Adrenaline","Burst"],"picked":"Tools of the Trade","floor":16},{"not_picked":["Bane","Endless Agony"],"picked":"Catalyst","floor":18},{"not_picked":["Backstab","Dagger Spray","Deadly Poison"],"picked":"SKIP","floor":19},{"not_picked":["Prepared","Deflect"],"picked":"Footwork","floor":22}],"player_experience":94877,"relics_obtained":[{"floor":8,"key":"Mummified Hand"}],"event_choices":[{"damage_healed":0,"gold_gain":0,"player_choice":"Upgraded","damage_taken":0,"max_hp_gain":0,"max_hp_loss":0,"event_name":"Upgrade Shrine","floor":3,"gold_loss":0,"cards_upgraded":["Noxious Fumes"]},{"damage_healed":0,"gold_gain":0,"player_choice":"Opened","damage_taken":0,"relics_obtained":["Art of War"],"max_hp_gain":0,"max_hp_loss":0,"event_name":"The Mausoleum","floor":20,"gold_loss":0},{"damage_healed":0,"gold_gain":0,"player_choice":"Simplicity","damage_taken":0,"max_hp_gain":0,"max_hp_loss":0,"event_name":"Back to Basics","floor":21,"gold_loss":0,"cards_upgraded":["Strike_G","Strike_G","Strike_G","Strike_G","Defend_G","Defend_G","Defend_G","Defend_G","Defend_G"]}],"is_beta":false,"boss_relics":[{"not_picked":["Pandora\u0027s Box","Calling Bell"],"picked":"Black Star"}],"items_purged_floors":[5],"is_endless":false,"potions_floor_spawned":[1,11,14,19,22],"killed_by":"Slavers","ascension_level":1}}