{"host":"9jj9tzo2iym4bpat","time":1610669458,"event":{"mods":["Act Like it!","BaseMod","CapriCore","Dark Map","Luminous","Marisa????????","Minty Spire (QoL Compilation)","Permanent Neow","StSLib","Td1madao Mod","The Animator","The Immortal","The Marked","The Servant 0.9.4","Yakumo Yukari mod"],"gold_per_floor":[114,128,144,24,24,24,42,52,52,80,155,155,171,196,196,291,291,305,321,321,321,337,337,337],"floor_reached":23,"language":"ENG","playtime":788,"items_purged":[],"score":233,"play_id":"022e4368-bb43-4b3c-8400-ea4e2afe5043","local_time":"20210114181058","is_ascension_mode":true,"campfire_choices":[{"data":"Heavy Blade","floor":6,"key":"SMITH"},{"floor":15,"key":"REST"}],"circlet_count":0,"master_deck":["Strike_R","Strike_R","Strike_R","Strike_R","Strike_R","Defend_R","Defend_R","Defend_R","Defend_R","Bash+1","Flex","Inflame","Thunderclap","Immolate","Armaments","Heavy Blade+1","Bash","Warcry","Clash","Pommel Strike","Double Tap","Flame Barrier","Bludgeon","CurseOfTheBell","Wild Strike","Intimidate","Disarm"],"relics":["Mark of Pain","Nunchaku","Potion Belt","Singing Bowl","Calling Bell","Centennial Puzzle","Shuriken","Gambling Chip"],"acts_visited":["Exordium","TheCity"],"potions_floor_usage":[14,16,16,23],"damage_taken":[{"damage":1,"enemies":"Cultist","floor":1,"turns":3},{"damage":2,"enemies":"2 Louse","floor":2,"turns":3},{"damage":14,"enemies":"Small Slimes","floor":3,"turns":4},{"damage":0,"enemies":"3 Louse","floor":7,"turns":1},{"damage":0,"enemies":"Lots of Slimes","floor":8,"turns":1},{"damage":25,"enemies":"3 Sentries","floor":10,"turns":6},{"damage":0,"enemies":"2 Fungi Beasts","floor":13,"turns":1},{"damage":17,"enemies":"Lagavulin","floor":14,"turns":4},{"damage":21,"enemies":"Hexaghost","floor":16,"turns":8},{"damage":7,"enemies":"Chosen","floor":18,"turns":3},{"damage":28,"enemies":"Spheric Guardian","floor":19,"turns":4},{"damage":1,"enemies":"Snake Plant","floor":22,"turns":3},{"damage":80,"enemies":"Slavers","floor":23,"turns":4}],"seed_played":"96586375190947353","potions_obtained":[{"floor":7,"key":"SkillPotion"},{"floor":8,"key":"Fire Potion"},{"floor":13,"key":"SpeedPotion"},{"floor":16,"key":"Strength Potion"},{"floor":18,"key":"FairyPotion"},{"floor":19,"key":"BloodPotion"}],"is_trial":false,"path_per_floor":["M","M","M","$","?","R","M","M","T","E","?","?","M","E","R","B",null,"M","M","?","?","M","E"],"character_chosen":"IRONCLAD","items_purchased":["Immolate","Armaments"],"campfire_rested":1,"item_purchase_floors":[4,4],"current_hp_per_floor":[79,77,63,63,63,63,63,63,63,38,27,27,27,10,34,13,80,73,45,30,30,29,0,0],"gold":337,"neow_bonus":"BOSS_RELIC","is_daily":false,"chose_seed":false,"campfire_upgraded":1,"win_rate":0.0,"timestamp":1610669458,"path_taken":["M","M","?","?","?","R","M","?","T","E","?","?","M","E","R","BOSS","M","?","?","?","M","E"],"items_purchased_type":["Card","Card"],"build_version":"2020-12-22","purchased_purges":0,"victory":false,"max_hp_per_floor":[80,80,80,80,80,80,80,80,80,80,80,80,80,80,80,80,80,80,80,85,85,85,85,85],"card_choices":[{"not_picked":["Thunderclap","Armaments"],"picked":"Flex","floor":1},{"not_picked":["Iron Wave","True Grit"],"picked":"Inflame","floor":2},{"not_picked":["Burning Pact","True Grit"],"picked":"Thunderclap","floor":3},{"not_picked":["Burning Pact","Dark Embrace"],"picked":"Warcry","floor":7},{"not_picked":["Fire Breathing","Combust"],"picked":"Clash","floor":8},{"not_picked":["Shrug It Off","Clothesline"],"picked":"Pommel Strike","floor":10},{"not_picked":["Body Slam","Warcry"],"picked":"Double Tap","floor":13},{"not_picked":["Headbutt","Blood for Blood"],"picked":"Flame Barrier","floor":14},{"not_picked":["Corruption","Fiend Fire"],"picked":"Bludgeon","floor":16},{"not_picked":["Anger+1","Sword Boomerang"],"picked":"Wild Strike","floor":18},{"not_picked":["Body Slam+1","Dual Wield"],"picked":"Intimidate","floor":19},{"not_picked":["Sentinel","Iron Wave"],"picked":"Disarm","floor":22}],"player_experience":245806,"relics_obtained":[{"floor":9,"key":"Nunchaku"},{"floor":10,"key":"Potion Belt"},{"floor":14,"key":"Singing Bowl"},{"floor":17,"key":"Centennial Puzzle"},{"floor":17,"key":"Shuriken"},{"floor":17,"key":"Gambling Chip"}],"event_choices":[{"damage_healed":0,"gold_gain":0,"player_choice":"2 cards matched","damage_taken":0,"max_hp_gain":0,"max_hp_loss":0,"event_name":"Match and Keep!","floor":5,"gold_loss":0,"cards_obtained":["Heavy Blade","Bash"]},{"damage_healed":0,"gold_gain":75,"player_choice":"Gather Gold","damage_taken":11,"max_hp_gain":0,"max_hp_loss":0,"event_name":"World of Goop","floor":11,"gold_loss":0},{"damage_healed":0,"gold_gain":0,"player_choice":"Upgraded","damage_taken":0,"max_hp_gain":0,"max_hp_loss":0,"event_name":"Upgrade Shrine","floor":12,"gold_loss":0,"cards_upgraded":["Bash"]},{"damage_healed":0,"gold_gain":0,"player_choice":"Shed Blood","damage_taken":20,"max_hp_gain":5,"max_hp_loss":0,"event_name":"Forgotten Altar","floor":20,"gold_loss":0},{"damage_healed":0,"gold_gain":0,"player_choice":"Ignored","damage_taken":0,"max_hp_gain":0,"max_hp_loss":0,"event_name":"Vampires","floor":21,"gold_loss":0}],"is_beta":false,"boss_relics":[{"not_picked":["Runic Cube","Fusion Hammer"],"picked":"Calling Bell"}],"items_purged_floors":[],"is_endless":false,"potions_floor_spawned":[7,8,13,16,18,19],"killed_by":"Slavers","ascension_level":3}}