{"host":"f0gpob8hq9vgebej","time":1610713045,"event":{"mods":["AchievementEnabler","BaseMod","Minty Spire (QoL Compilation)","Quick Restart","SuperFastMode"],"gold_per_floor":[114,132,144,158,233,233,233,260,260,30,30,42,59,69,69,164,164,177,33,33,44,62,62,82,82,130,149,167,167,194,94,94,195,195,214,226,226,250,300,300,315,332,355,129,163,175,187,220,220,220],"floor_reached":51,"language":"KOR","playtime":1596,"items_purged":["Decay","Strike_B","Defend_B"],"score":883,"play_id":"c93f0d20-cc4f-4491-b986-1f1b7b44d07b","local_time":"20210115211725","is_ascension_mode":true,"campfire_choices":[{"data":"Storm","floor":6.0,"key":"SMITH"},{"data":"Fission","floor":15,"key":"SMITH"},{"data":"Zap","floor":23,"key":"SMITH"},{"data":"Thunder Strike","floor":25,"key":"SMITH"},{"floor":29,"key":"REST"},{"data":"Creative AI","floor":32,"key":"SMITH"},{"data":"Biased Cognition","floor":40,"key":"SMITH"},{"data":"Buffer","floor":49,"key":"SMITH"}],"circlet_count":0,"master_deck":["Defend_B","Defend_B","Defend_B","Zap+1","Dualcast","Electrodynamics","Ball Lightning","Chill","Storm+1","Fission+1","Stack","Ball Lightning","Thunder Strike+1","CurseOfTheBell","Streamline","White Noise+1","Auto Shields","Creative AI+1","Recycle+1","Biased Cognition+1","Conserve Battery","Parasite","Buffer+1","Heatsinks+1"],"relics":["Cracked Core","Odd Mushroom","White Beast Statue","Anchor","Calling Bell","Tiny Chest","Singing Bowl","Turnip","Runic Capacitor","Regal Pillow","Kunai","Inserter","Oddly Smooth Stone","Bird Faced Urn","Bronze Scales","Gambling Chip","Letter Opener"],"acts_visited":["Exordium","TheCity","TheBeyond"],"potions_floor_usage":[16,16,16,28,33,33,46,47,50,50],"damage_taken":[{"damage":12.0,"enemies":"Small Slimes","floor":1.0,"turns":2.0},{"damage":12.0,"enemies":"Jaw Worm","floor":2.0,"turns":2.0},{"damage":0.0,"enemies":"2 Louse","floor":3.0,"turns":3.0},{"damage":4.0,"enemies":"Blue Slaver","floor":4.0,"turns":4.0},{"damage":1.0,"enemies":"The Mushroom Lair","floor":8.0,"turns":3.0},{"damage":0.0,"enemies":"Lots of Slimes","floor":12.0,"turns":2.0},{"damage":8,"enemies":"Exordium Thugs","floor":13,"turns":3},{"damage":0,"enemies":"Red Slaver","floor":14,"turns":2},{"damage":11,"enemies":"The Guardian","floor":16,"turns":9},{"damage":17,"enemies":"Spheric Guardian","floor":18,"turns":4},{"damage":12,"enemies":"2 Thieves","floor":21,"turns":2},{"damage":13,"enemies":"Sentry and Sphere","floor":22,"turns":5},{"damage":0,"enemies":"Cultist and Chosen","floor":24,"turns":3},{"damage":10,"enemies":"Snake Plant","floor":27,"turns":4},{"damage":12,"enemies":"Centurion and Healer","floor":28,"turns":4},{"damage":19,"enemies":"Book of Stabbing","floor":30,"turns":3},{"damage":14,"enemies":"Automaton","floor":33,"turns":5},{"damage":4,"enemies":"Orb Walker","floor":35,"turns":3},{"damage":0,"enemies":"3 Shapes","floor":36,"turns":2},{"damage":0,"enemies":"Mind Bloom Boss Battle","floor":39,"turns":3},{"damage":11,"enemies":"Writhing Mass","floor":41,"turns":5},{"damage":50,"enemies":"3 Darklings","floor":42,"turns":5},{"damage":21,"enemies":"Nemesis","floor":45,"turns":6},{"damage":5,"enemies":"Jaw Worm Horde","floor":46,"turns":2},{"damage":0,"enemies":"Transient","floor":47,"turns":5},{"damage":1,"enemies":"Giant Head","floor":48,"turns":5},{"damage":6,"enemies":"Time Eater","floor":50,"turns":8}],"seed_played":"-5222597428045544261","potions_obtained":[{"floor":3.0,"key":"AttackPotion"},{"floor":12.0,"key":"FocusPotion"},{"floor":13,"key":"Block Potion"},{"floor":14,"key":"PotionOfCapacity"},{"floor":16,"key":"SpeedPotion"},{"floor":18,"key":"FocusPotion"},{"floor":21,"key":"SteroidPotion"},{"floor":22,"key":"BlessingOfTheForge"},{"floor":24,"key":"EssenceOfSteel"},{"floor":28,"key":"Fruit Juice"},{"floor":30,"key":"PotionOfCapacity"},{"floor":33,"key":"LiquidBronze"},{"floor":35,"key":"AttackPotion"},{"floor":36,"key":"BlessingOfTheForge"},{"floor":39,"key":"DuplicationPotion"},{"floor":41,"key":"PowerPotion"},{"floor":46,"key":"LiquidMemories"},{"floor":47,"key":"Swift Potion"},{"floor":48,"key":"DuplicationPotion"}],"is_trial":false,"path_per_floor":["M","M","M","M","?","R","?","?","T","$","?","M","M","M","R","B",null,"M","$","?","M","M","R","M","R","T","M","M","R","E","$","R","B",null,"M","M","?","T","?","R","M","M","T","$","E","M","M","E","R","B",null],"character_chosen":"DEFECT","items_purchased":["Anchor","Runic Capacitor","FairyPotion"],"campfire_rested":1,"item_purchase_floors":[10,19,44],"current_hp_per_floor":[63,51,51,47,36,36,36,35,35,35,35,35,27,27,27,16,75,60,60,60,48,37,37,37,37,37,27,22,62,43,43,43,29,86,82,84,84,84,86,86,81,45,45,45,42,49,61,84,84,98],"gold":220,"neow_bonus":"THREE_RARE_CARDS","is_daily":false,"chose_seed":false,"campfire_upgraded":7,"win_rate":0.0,"timestamp":1610713045,"path_taken":["M","M","M","M","?","R","?","?","T","$","?","M","M","?","R","BOSS","M","$","?","M","M","R","M","R","T","M","?","R","E","$","R","BOSS","M","M","?","?","?","R","M","M","T","$","E","?","M","E","R","BOSS"],"items_purchased_type":["Relic","Relic","Potion"],"build_version":"2020-12-22","purchased_purges":3,"victory":true,"max_hp_per_floor":[75,75,75,75,75,75,75,75,75,75,75,75,75,75,75,75,75,77,77,77,77,79,79,79,79,79,79,86,86,86,86,86,86,86,86,88,88,88,90,90,90,92,92,92,94,96,96,98,98,98],"card_choices":[{"not_picked":["All For One","Fission"],"picked":"Electrodynamics","floor":0.0},{"not_picked":["Compile Driver","Stack"],"picked":"Ball Lightning","floor":1.0},{"not_picked":["Sunder","Rebound","Blizzard"],"picked":"SKIP","floor":2.0},{"not_picked":["Redo","Aggregate"],"picked":"Chill","floor":3.0},{"not_picked":["Compile Driver","Chill"],"picked":"Storm","floor":4.0},{"not_picked":["Undo","Gash"],"picked":"Fission","floor":8.0},{"not_picked":["Lockon","Reprogram","Steam"],"picked":"SKIP","floor":12.0},{"not_picked":["Turbo","Redo","Hologram"],"picked":"SKIP","floor":13},{"not_picked":["Gash","Sweeping Beam"],"picked":"Ball Lightning","floor":14},{"not_picked":["Machine Learning","Hyperbeam"],"picked":"Thunder Strike","floor":16},{"not_picked":["Beam Cell","Coolheaded","Steam"],"picked":"Singing Bowl","floor":18},{"not_picked":["Streamline","Redo"],"picked":"White Noise+1","floor":21},{"not_picked":["Go for the Eyes+1","Cold Snap","Coolheaded"],"picked":"Singing Bowl","floor":22},{"not_picked":["Go for the Eyes","Barrage"],"picked":"Auto Shields","floor":24},{"not_picked":["Compile Driver","Tempest+1"],"picked":"Creative AI","floor":27},{"not_picked":["Turbo","Leap","Coolheaded"],"picked":"Singing Bowl","floor":28},{"not_picked":["Gash","Stack"],"picked":"Recycle+1","floor":30},{"not_picked":["Multi-Cast","Core Surge"],"picked":"Biased Cognition","floor":33},{"not_picked":["Coolheaded","Leap+1"],"picked":"Conserve Battery","floor":35},{"not_picked":["Scrape+1","Leap","Turbo"],"picked":"Singing Bowl","floor":36},{"not_picked":["Streamline+1","Compile Driver","Ball Lightning+1"],"picked":"Singing Bowl","floor":39},{"not_picked":["Skim+1","Aggregate"],"picked":"Buffer","floor":41},{"not_picked":["Redo","Sweeping Beam+1","Gash"],"picked":"Singing Bowl","floor":42},{"not_picked":["Doom and Gloom","Rebound+1","Conserve Battery"],"picked":"Singing Bowl","floor":45},{"not_picked":["Aggregate","Redo+1","Skim"],"picked":"Singing Bowl","floor":46},{"not_picked":["Ball Lightning+1","Turbo"],"picked":"Heatsinks+1","floor":47},{"not_picked":["Self Repair+1","Turbo+1","Redo"],"picked":"Singing Bowl","floor":48}],"player_experience":152730,"relics_obtained":[{"floor":8.0,"key":"Odd Mushroom"},{"floor":9.0,"key":"White Beast Statue"},{"floor":17,"key":"Tiny Chest"},{"floor":17,"key":"Singing Bowl"},{"floor":17,"key":"Turnip"},{"floor":26,"key":"Regal Pillow"},{"floor":30,"key":"Kunai"},{"floor":38,"key":"Oddly Smooth Stone"},{"floor":39,"key":"Bird Faced Urn"},{"floor":43,"key":"Bronze Scales"},{"floor":45,"key":"Gambling Chip"},{"floor":48,"key":"Letter Opener"}],"event_choices":[{"damage_healed":0.0,"max_hp_gain":0.0,"max_hp_loss":0.0,"gold_gain":75.0,"event_name":"World of Goop","player_choice":"Gather Gold","floor":5.0,"gold_loss":0.0,"damage_taken":11.0},{"cards_removed":["Strike_B"],"damage_healed":0.0,"max_hp_gain":0.0,"max_hp_loss":0.0,"gold_gain":0.0,"event_name":"Living Wall","player_choice":"Forget","floor":7.0,"gold_loss":0.0,"damage_taken":0.0},{"damage_healed":0.0,"max_hp_gain":0.0,"max_hp_loss":0.0,"gold_gain":0.0,"event_name":"Mushrooms","player_choice":"Fought Mushrooms","floor":8.0,"gold_loss":0.0,"damage_taken":0.0},{"damage_healed":0.0,"max_hp_gain":0.0,"max_hp_loss":0.0,"gold_gain":0.0,"cards_transformed":["Strike_B"],"event_name":"Transmorgrifier","player_choice":"Transformed","floor":11.0,"gold_loss":0.0,"damage_taken":0.0,"cards_obtained":["Stack"]},{"damage_healed":0,"gold_gain":0,"cards_transformed":["Strike_B"],"player_choice":"Transformed","damage_taken":0,"max_hp_gain":0,"max_hp_loss":0,"event_name":"Transmorgrifier","floor":20,"gold_loss":0,"cards_obtained":["Streamline"]},{"damage_healed":0,"gold_gain":0,"player_choice":"Ignored","damage_taken":0,"max_hp_gain":0,"max_hp_loss":0,"event_name":"Tomb of Lord Red Mask","floor":37,"gold_loss":0},{"damage_healed":0,"gold_gain":0,"player_choice":"Fight","damage_taken":0,"max_hp_gain":0,"max_hp_loss":0,"event_name":"MindBloom","floor":39,"gold_loss":0}],"is_beta":false,"boss_relics":[{"not_picked":["Pandora\u0027s Box","Tiny House"],"picked":"Calling Bell"},{"not_picked":["Cursed Key","Coffee Dripper"],"picked":"Inserter"}],"items_purged_floors":[10,31,44],"is_endless":false,"potions_floor_spawned":[3,12,13,14,16,18,21,22,24,27,28,30,33,35,36,39,41,42,45,46,47,48],"ascension_level":4}}