{"host":"eu5wvbbtjeiar27l","time":1610743420,"event":{"mods":["Astrologer","BaseMod","Colored Powertips","Conspire","Energized Spire","Hubris","Infinite Spire","Mad Scientist","Melee Mod","Minty Spire (QoL Compilation)","Potionbrewer","Rare Cards Sparkle","StSLib","The Construct","The Factory","The Jungle","The Runesmith","The Valiant","Treasure Hunter","themimic","vexMod"],"gold_per_floor":[118,118,18,18,28,93,131,183,183,183,358,376,376,376,376,519,519,573,631,690,690,727,727,727],"floor_reached":23,"language":"ENG","playtime":1182,"items_purged":[],"score":218,"play_id":"882c0839-5bd5-4983-ac2b-d8804d394f13","local_time":"20210115204340","is_ascension_mode":false,"campfire_choices":[{"data":"hubris:DuctTapeCard","floor":10,"key":"SMITH"},{"data":"astrologer:LonelyStar","floor":15,"key":"SMITH"}],"circlet_count":0,"master_deck":["astrologer:Strike","astrologer:Strike","astrologer:Strike","astrologer:Strike","astrologer:Defend","astrologer:Defend","astrologer:Defend","astrologer:Stardust","conspire:SpireCoStock","conspire:SpireCoStock","astrologer:NeutronStar","hubris:DuctTapeCard+2","astrologer:Opposition+1","astrologer:LonelyStar+1","Doubt","astrologer:FrozenStar","astrologer:Starfield","astrologer:Stardust+1","astrologer:Confirmation","astrologer:Moonlight"],"relics":["astrologer:SkyMirror","NeowsBlessing","hubris:DuctTape","hubris:CuriousFeather","energizedSpire:RedRose","hubris:Spice"],"acts_visited":["Exordium","TheCity"],"potions_floor_usage":[18],"damage_taken":[{"damage":0,"enemies":"2 Louse","floor":1,"turns":1},{"damage":0,"enemies":"Small Slimes","floor":5,"turns":1},{"damage":0,"enemies":"Gremlin Nob","floor":6,"turns":1},{"damage":4,"enemies":"Jaw Worm","floor":7,"turns":3},{"damage":7,"enemies":"Blue Slaver","floor":8,"turns":4},{"damage":0,"enemies":"3 Louse","floor":12,"turns":3},{"damage":49,"enemies":"Hexaghost","floor":16,"turns":9},{"damage":16,"enemies":"2 Thieves","floor":18,"turns":4},{"damage":1,"enemies":"Chosen","floor":19,"turns":5},{"damage":23,"enemies":"3 Cultists","floor":20,"turns":6},{"damage":14,"enemies":"Centurion and Healer","floor":22,"turns":5},{"damage":29,"enemies":"Gremlin Leader","floor":23,"turns":3}],"seed_played":"-598185688749131300","potions_obtained":[{"floor":6,"key":"potionbrewer:CleansingPotion"},{"floor":7,"key":"SneckoOil"},{"floor":12,"key":"potionbrewer:BarricadePotion"},{"floor":20,"key":"PowerPotion"}],"is_trial":false,"path_per_floor":["M","?","?","$","M","E","M","M","T","R","?","M","?","?","R","B",null,"M","M","M","T","M","E"],"character_chosen":"ASTROLOGER","items_purchased":[],"campfire_rested":0,"item_purchase_floors":[],"current_hp_per_floor":[70,70,70,70,70,70,66,59,59,59,59,59,64,64,64,15,75,59,58,35,43,29,0,0],"gold":727,"neow_bonus":"THREE_ENEMY_KILL","is_daily":false,"chose_seed":false,"campfire_upgraded":2,"win_rate":0.0,"timestamp":1610743420,"path_taken":["M","?","?","$","M","E","M","M","T","R","?","?","?","?","R","BOSS","M","M","?","?","M","E"],"items_purchased_type":[],"build_version":"2020-12-22","purchased_purges":0,"victory":false,"max_hp_per_floor":[70,70,70,70,70,70,70,70,70,70,70,70,75,75,75,75,75,75,75,75,83,83,83,83],"card_choices":[{"not_picked":["astrologer:Moonlight","astrologer:SpaceDust"],"picked":"astrologer:Stardust","floor":1},{"not_picked":["astrologer:Moonlight","astrologer:Observe"],"picked":"astrologer:NeutronStar","floor":5},{"not_picked":["TH:BikiniMail","TH:CursedSword"],"picked":"SKIP","floor":6},{"not_picked":["astrologer:Observe","astrologer:TheHermit","astrologer:TheHighPriestess"],"picked":"SKIP","floor":6},{"not_picked":["astrologer:Moonlight","astrologer:Stardust"],"picked":"astrologer:Opposition","floor":7},{"not_picked":["astrologer:Eclipse","astrologer:SolarFlare"],"picked":"astrologer:LonelyStar","floor":8},{"not_picked":["TH:Mimic","TH:DeckOfManyThings"],"picked":"SKIP","floor":9},{"not_picked":["astrologer:TheTower","astrologer:Fireball"],"picked":"astrologer:FrozenStar","floor":12},{"not_picked":["astrologer:Wish","astrologer:TheWorld"],"picked":"astrologer:Starfield","floor":16},{"not_picked":["astrologer:TheHangedMan","astrologer:TheEmperor"],"picked":"astrologer:Stardust+1","floor":18},{"not_picked":["astrologer:Still+1","astrologer:Eclipse"],"picked":"astrologer:Confirmation","floor":19},{"not_picked":["astrologer:MeteorShower","astrologer:SpaceDust","astrologer:TheTower+1"],"picked":"SKIP","floor":20},{"not_picked":["TH:CopperCoins","TH:TreasureMap"],"picked":"SKIP","floor":21},{"not_picked":["astrologer:ReadTheStars","astrologer:Radiance"],"picked":"astrologer:Moonlight","floor":22}],"player_experience":189698,"relics_obtained":[{"floor":6,"key":"hubris:DuctTape"},{"floor":9,"key":"hubris:CuriousFeather"},{"floor":21,"key":"hubris:Spice"}],"event_choices":[{"damage_healed":0,"gold_gain":0,"player_choice":"Invest 2","damage_taken":0,"max_hp_gain":0,"max_hp_loss":0,"event_name":"conspire:Investor","floor":3,"gold_loss":0},{"damage_healed":0,"gold_gain":175,"player_choice":"AGREE","damage_taken":0,"max_hp_gain":0,"max_hp_loss":0,"event_name":"Liars Game","floor":11,"gold_loss":0,"cards_obtained":["Doubt"]},{"damage_healed":0,"gold_gain":0,"player_choice":"Donut","damage_taken":0,"max_hp_gain":5,"max_hp_loss":0,"event_name":"Big Fish","floor":13,"gold_loss":0},{"damage_healed":0,"gold_gain":0,"player_choice":"Forge","damage_taken":0,"max_hp_gain":0,"max_hp_loss":0,"event_name":"Accursed Blacksmith","floor":14,"gold_loss":0,"cards_upgraded":["astrologer:Opposition"]}],"is_beta":false,"boss_relics":[{"not_picked":["conspire:SeveredTorchhead","Coffee Dripper"],"picked":"energizedSpire:RedRose"}],"items_purged_floors":[],"is_endless":false,"potions_floor_spawned":[6,7,12,20],"killed_by":"Gremlin Leader","ascension_level":0}}