{"host":"9tdk3zzhmpo6o3dg","time":1610701001,"event":{"mods":["AchievementEnabler","BaseMod","Downfall","Marisa£®ÏF”Í°°ƒß¿Ì…≥£©","Minty Spire (QoL Compilation)","Shop Mod","StSLib","The Cursed","The Marked","The Servant 0.9.4"],"gold_per_floor":[111,111,111,132,207,242,242,283,283,283,83,101,101,115,115,239,239,259,18,18,31,54,54,75,75,75,119,146,246,289,289,289],"floor_reached":31,"language":"ZHS","playtime":1485,"items_purged":["Defend_B"],"score":364,"play_id":"60ede8bf-0852-44c2-bec4-f91cea7387a9","local_time":"20210115165641","is_ascension_mode":true,"campfire_choices":[{"data":"Recycle","floor":7.0,"key":"SMITH"},{"floor":10.0,"key":"REST"},{"data":"Redo","floor":15.0,"key":"SMITH"},{"data":"Chill","floor":23.0,"key":"SMITH"},{"floor":25.0,"key":"REST"}],"circlet_count":0,"master_deck":["Strike_B","Strike_B","Strike_B","Strike_B","Defend_B","Defend_B","Defend_B","Zap","Dualcast","Coolheaded","Blizzard","Recycle+1","Leap","Defragment","Redo+1","Fusion","Multi-Cast","CurseOfTheBell","Redo","Turbo","Panache","Chill+1","Cold Snap+1","Auto Shields","Cold Snap+1","Coolheaded","Redo"],"relics":["Cracked Core","NeowsBlessing","Eternal Feather","Golden Idol","Dead Branch","Meat on the Bone","Gremlin Horn","Calling Bell","Boot","Darkstone Periapt","Mango","Shovel","Pantograph","Pen Nib","Unceasing Top"],"acts_visited":["Exordium","TheCity"],"potions_floor_usage":[31],"damage_taken":[{"damage":0.0,"enemies":"Cultist","floor":1.0,"turns":1.0},{"damage":0.0,"enemies":"2 Louse","floor":4.0,"turns":1.0},{"damage":0.0,"enemies":"3 Sentries","floor":6.0,"turns":1.0},{"damage":29.0,"enemies":"Lagavulin","floor":8.0,"turns":8.0},{"damage":3.0,"enemies":"Small Slimes","floor":12.0,"turns":3.0},{"damage":14.0,"enemies":"2 Fungi Beasts","floor":14.0,"turns":3.0},{"damage":42.0,"enemies":"Slime Boss","floor":16.0,"turns":10.0},{"damage":42.0,"enemies":"Shell Parasite","floor":18.0,"turns":8.0},{"damage":24.0,"enemies":"Spheric Guardian","floor":21.0,"turns":5.0},{"damage":42.0,"enemies":"Snake Plant","floor":22.0,"turns":6.0},{"damage":23.0,"enemies":"Centurion and Healer","floor":24.0,"turns":9.0},{"damage":45.0,"enemies":"Book of Stabbing","floor":27.0,"turns":8.0},{"damage":0.0,"enemies":"Gremlin Leader","floor":30.0,"turns":6.0},{"damage":41,"enemies":"Cultist and Chosen","floor":31,"turns":4}],"seed_played":"3121830790090670916","potions_obtained":[{"floor":6.0,"key":"Energy Potion"},{"floor":12.0,"key":"Fire Potion"},{"floor":14.0,"key":"Regen Potion"},{"floor":21.0,"key":"Weak Potion"},{"floor":24.0,"key":"ColorlessPotion"},{"floor":30.0,"key":"AttackPotion"}],"is_trial":false,"path_per_floor":["M","T","?","M","?","E","R","E","T","R","$","M","?","M","R","B",null,"M","$","?","M","M","R","M","R","T","E","T","?","E","M"],"character_chosen":"DEFECT","items_purchased":["Defragment","Redo","Redo","Turbo","Panache"],"campfire_rested":2,"item_purchase_floors":[11,11,19,19,19],"current_hp_per_floor":[75,75,57,57,46,46,52,23,23,51,51,48,75,61,70,40,89,59,59,59,47,17,29,18,59,59,26,26,26,38,0,0],"gold":289,"neow_bonus":"THREE_ENEMY_KILL","is_daily":false,"chose_seed":false,"campfire_upgraded":3,"win_rate":0.0,"timestamp":1610701001,"path_taken":["M","?","?","M","?","E","R","E","T","R","$","M","?","M","R","BOSS","M","$","?","M","M","R","M","R","T","E","?","?","E","M"],"items_purchased_type":["Card","Card","Card","Card","Card"],"build_version":"2020-12-22","purchased_purges":1,"victory":false,"max_hp_per_floor":[75,75,75,75,75,75,75,75,75,75,75,75,75,75,75,75,89,89,89,89,89,89,89,89,89,89,89,89,89,89,89,89],"card_choices":[{"not_picked":["Conserve Battery","Hologram"],"picked":"Coolheaded","floor":1.0},{"not_picked":["Gash","Tempest"],"picked":"Blizzard","floor":4.0},{"not_picked":["Multi-Cast","Auto Shields"],"picked":"Recycle","floor":6.0},{"not_picked":["Reprogram","Go for the Eyes"],"picked":"Leap","floor":8.0},{"not_picked":["Hello World","Leap"],"picked":"Genetic Algorithm","floor":12.0},{"not_picked":["Beam Cell","Steam"],"picked":"Fusion","floor":14.0},{"not_picked":["Machine Learning","Buffer"],"picked":"Multi-Cast","floor":16.0},{"not_picked":["FTL","Beam Cell","Gash"],"picked":"SKIP","floor":18.0},{"not_picked":["Rip and Tear","Rebound"],"picked":"Cold Snap+1","floor":21.0},{"not_picked":["FTL","Storm"],"picked":"Auto Shields","floor":22.0},{"not_picked":["Ball Lightning","Rebound"],"picked":"Cold Snap+1","floor":24.0},{"not_picked":["Leap","Cold Snap"],"picked":"Coolheaded","floor":27.0},{"not_picked":["Beam Cell","Force Field+1"],"picked":"Redo","floor":30.0}],"player_experience":119349,"relics_obtained":[{"floor":2.0,"key":"Eternal Feather"},{"floor":6.0,"key":"Dead Branch"},{"floor":8.0,"key":"Meat on the Bone"},{"floor":9.0,"key":"Gremlin Horn"},{"floor":17.0,"key":"Boot"},{"floor":17.0,"key":"Darkstone Periapt"},{"floor":17.0,"key":"Mango"},{"floor":26.0,"key":"Shovel"},{"floor":27.0,"key":"Pantograph"},{"floor":28.0,"key":"Pen Nib"},{"floor":30.0,"key":"Unceasing Top"}],"event_choices":[{"damage_healed":0.0,"max_hp_gain":0.0,"max_hp_loss":0.0,"gold_gain":0.0,"event_name":"Golden Idol","player_choice":"Take Damage","floor":3.0,"gold_loss":0.0,"damage_taken":18.0,"relics_obtained":["Golden Idol"]},{"damage_healed":0.0,"max_hp_gain":0.0,"max_hp_loss":0.0,"gold_gain":75.0,"event_name":"World of Goop","player_choice":"Gather Gold","floor":5.0,"gold_loss":0.0,"damage_taken":11.0},{"cards_removed":["Genetic Algorithm"],"damage_healed":27.0,"max_hp_gain":0.0,"max_hp_loss":0.0,"gold_gain":0.0,"event_name":"Bonfire Elementals","player_choice":"Offered Uncommon","floor":13.0,"gold_loss":0.0,"damage_taken":0.0},{"damage_healed":0.0,"max_hp_gain":0.0,"max_hp_loss":0.0,"gold_gain":0.0,"event_name":"The Library","player_choice":"Read","floor":20.0,"gold_loss":0.0,"damage_taken":0.0,"cards_obtained":["Chill"]},{"damage_healed":0.0,"max_hp_gain":0.0,"max_hp_loss":0.0,"gold_gain":100.0,"event_name":"Golden Shrine","player_choice":"Pray","floor":29.0,"gold_loss":0.0,"damage_taken":0.0}],"is_beta":false,"boss_relics":[{"not_picked":["SlaversCollar","Tiny House"],"picked":"Calling Bell"}],"items_purged_floors":[11],"is_endless":false,"potions_floor_spawned":[6,12,14,21,24,30],"killed_by":"Cultist and Chosen","ascension_level":2}}