{"host":"6j8r4uax2c577qhw","time":1610696853,"event":{"mods":["2.2 Compatiblity","BaseMod","BetterRewards","Colored Map","Downfall","Highlight Path","Hubris","Infinite Spire","MarisaÅiñ∂âJÅ@ñÇóùçπÅj","Minty Spire (QoL Compilation)","Replay The Spire","Reworked Bosses","StSLib","The Animator"],"gold_per_floor":[99,115,132,147,247,280,280,295,312,162,195,195,221,321,334,437,437,437,453,472,484,497,514,514,614,625,658,658,675,675,706,726,824,824,1124,1141,1157,1175,1194,1205,1205,1231,946,977,977,977,1009,1028,1048,1048],"floor_reached":51,"language":"ENG","playtime":6480,"items_purged":["Shame","Guardian:RollAttack"],"score":1050,"play_id":"893b843e-c114-4d1f-acc9-f73f0d81406b","local_time":"20210115164733","is_ascension_mode":true,"campfire_choices":[{"floor":1.0,"key":"RECALL"},{"data":"Guardian:Harden","floor":10.0,"key":"SMITH"},{"floor":12.0,"key":"REST"},{"data":"Guardian:FierceBash","floor":18.0,"key":"SMITH"},{"data":"Guardian:Suspension","floor":35,"key":"SMITH"},{"data":"Guardian:AncientConstruct","floor":45,"key":"SMITH"}],"circlet_count":0,"master_deck":["infinitespire:TheBestDefense+1","Guardian:Strike_Guardian","Guardian:Strike_Guardian","Guardian:Strike_Guardian","Guardian:Strike_Guardian","Guardian:Defend_Guardian","Guardian:Defend_Guardian","Guardian:Defend_Guardian","Guardian:Defend_Guardian","Guardian:CurlUp","Guardian:TwinSlam","Guardian:PiercingHide","Guardian:Orbwalk","Guardian:Harden+1","Guardian:ChargeCore","Guardian:GuardianWhirl","Guardian:AncientConstruct+1","Guardian:PolyBeam","Guardian:FierceBash+1","expansioncontent:Chronoboost","Guardian:ExploitGems","Guardian:BronzeOrb","Guardian:RevengeProtocol","Guardian:Suspension+1","Guardian:SentryBeam+1","Guardian:ExploitGems","Guardian:GemFinder","Guardian:StasisField","Guardian:Gem_Yellow","Guardian:Gem_Fragmented","expansioncontent:StudyTheSpire","Guardian:EvasiveProtocol+1","Guardian:Gem_Cyan"],"relics":["Runic Pyramid","downfall:GremlinWheel","Shuriken","infinitespire:BottledMercury","downfall:HeartBlessingRed","downfall:HeartBlessingGreen","Regal Pillow","downfall:GremlinSack","hubris:ScarierMask","Bottled Tornado","Torii","Mummified Hand","ReplayTheSpireMod:Shallot","Nloth\u0027s Gift","Boot","Busted Crown","hubris:SphereOfDissonance","ReplayTheSpireMod:TigerMarble","Lizard Tail","Toolbox","Replay:Arrowhead"],"acts_visited":["Exordium","TheCity","TheBeyond"],"potions_floor_usage":[40],"damage_taken":[{"damage":0.0,"enemies":"Jaw Worm","floor":2.0,"turns":3.0},{"damage":0.0,"enemies":"Cultist","floor":3.0,"turns":3.0},{"damage":0.0,"enemies":"Small Slimes","floor":4.0,"turns":3.0},{"damage":34.0,"enemies":"Small Slimes","floor":5.0,"turns":5.0},{"damage":2.0,"enemies":"Lagavulin","floor":6.0,"turns":6.0},{"damage":3.0,"enemies":"Exordium Thugs","floor":8.0,"turns":5.0},{"damage":0.0,"enemies":"Exordium Wildlife","floor":9.0,"turns":3.0},{"damage":0.0,"enemies":"Gremlin Nob","floor":11.0,"turns":3.0},{"damage":10.0,"enemies":"3 Sentries","floor":13.0,"turns":3.0},{"damage":0.0,"enemies":"3 Sentries","floor":14.0,"turns":3.0},{"damage":4.0,"enemies":"Gremlin Gang","floor":15.0,"turns":3.0},{"damage":48.0,"enemies":"downfall:Defect","floor":16.0,"turns":6.0},{"damage":9.0,"enemies":"Shell Parasite","floor":19.0,"turns":5.0},{"damage":0.0,"enemies":"Sentry and Sphere","floor":20.0,"turns":2.0},{"damage":4.0,"enemies":"Centurion and Healer","floor":21.0,"turns":3.0},{"damage":3.0,"enemies":"Snake Plant","floor":22.0,"turns":4.0},{"damage":9.0,"enemies":"Snecko","floor":23.0,"turns":5.0},{"damage":2.0,"enemies":"downfall:Watcher","floor":25.0,"turns":5.0},{"damage":0.0,"enemies":"Cultist and Chosen","floor":26.0,"turns":4.0},{"damage":9.0,"enemies":"Slavers","floor":27.0,"turns":4.0},{"damage":0.0,"enemies":"Shelled Parasite and Fungi","floor":29.0,"turns":4.0},{"damage":0.0,"enemies":"Gremlin Leader","floor":31.0,"turns":4.0},{"damage":0.0,"enemies":"Snecko","floor":32.0,"turns":3.0},{"damage":0.0,"enemies":"downfall:Silent","floor":33.0,"turns":6.0},{"damage":0,"enemies":"Orb Walker","floor":36,"turns":5},{"damage":2,"enemies":"3 Shapes","floor":37,"turns":2},{"damage":0,"enemies":"3 Darklings","floor":38,"turns":3},{"damage":0,"enemies":"Maw","floor":39,"turns":5},{"damage":1,"enemies":"Transient","floor":40,"turns":5},{"damage":0,"enemies":"Reptomancer","floor":42,"turns":5},{"damage":0,"enemies":"downfall:FleeingMerchant","floor":43,"turns":4},{"damage":0,"enemies":"Nemesis","floor":44,"turns":1},{"damage":0,"enemies":"Reptomancer","floor":47,"turns":5},{"damage":0,"enemies":"Jaw Worm Horde","floor":48,"turns":2},{"damage":0,"enemies":"Writhing Mass","floor":49,"turns":3},{"damage":1,"enemies":"downfall:Ironclad","floor":50,"turns":5}],"seed_played":"2975036184966229480","potions_obtained":[{"floor":3.0,"key":"Dexterity Potion"},{"floor":5.0,"key":"Adrenaline Potion"},{"floor":9.0,"key":"BlessingOfTheForge"},{"floor":13.0,"key":"Block Potion"},{"floor":14.0,"key":"Guardian:DefensiveModePotion"},{"floor":15.0,"key":"Guardian:BlockOnCardUsePotion"},{"floor":16.0,"key":"Dexterity Potion"},{"floor":19.0,"key":"ColorlessPotion"},{"floor":22.0,"key":"DuplicationPotion"},{"floor":25.0,"key":"Doom Potion"},{"floor":27.0,"key":"champ:CounterPotion"},{"floor":31.0,"key":"Strength Potion"},{"floor":37,"key":"Death Potion"},{"floor":38,"key":"Adrenaline Potion"},{"floor":44,"key":"Fire Potion"},{"floor":48,"key":"BlessingOfTheForge"},{"floor":49,"key":"Swift Potion"}],"is_trial":false,"path_per_floor":["R_BF","M","M","M","?","E","T","M","M","R","E","R","E","?","M","B",null,"R","M","M","M","M","M","T","?","M","E","?","M","?","E","M","B",null,"R","M","M","M","M","M","T","E","$","E","R","AVR","E","M","M","B",null],"character_chosen":"GUARDIAN","items_purchased":["expansioncontent:StudyTheSpire"],"campfire_rested":1,"item_purchase_floors":[43],"current_hp_per_floor":[80,80,80,80,46,44,44,41,41,41,41,80,70,76,72,24,86,86,77,77,73,70,61,61,59,59,50,50,50,50,50,50,50,86,86,86,84,84,84,83,83,83,83,83,83,83,83,83,83,82],"gold":1048,"neow_bonus":"BOSS_RELIC","is_daily":false,"chose_seed":false,"campfire_upgraded":4,"win_rate":0.0,"timestamp":1610696853,"path_taken":["R_BF","M","M","M","?","E","T","?","M","R","E","R","E","?","M","BOSS","R","M","M","M","M","M","T","?","M","E","?","?","?","E","M","BOSS","R","M","M","M","M","M","T","E","?","E","R","AVR","E","?","M","BOSS"],"items_purchased_type":["Card"],"build_version":"2020-12-22","purchased_purges":2,"victory":true,"max_hp_per_floor":[80,80,80,80,80,80,80,80,80,80,80,80,80,86,86,86,86,86,86,86,86,86,86,86,86,86,86,86,86,86,86,86,86,86,86,86,86,86,86,86,86,86,86,86,86,86,86,86,86,86],"card_choices":[{"not_picked":["Guardian:Gem_Green","Guardian:TemporalStrike"],"picked":"Guardian:PiercingHide","floor":2.0},{"not_picked":["Guardian:Recover","Guardian:TemporalShield"],"picked":"Guardian:Orbwalk","floor":3.0},{"not_picked":["Guardian:PiercingHide","Guardian:RollAttack"],"picked":"Guardian:Harden","floor":4.0},{"not_picked":["Guardian:WalkerClaw","Guardian:Gem_Green"],"picked":"Guardian:ChargeCore","floor":6.0},{"not_picked":["Guardian:Repulse","Guardian:WalkerClaw","Guardian:CrystalBeam"],"picked":"SKIP","floor":8.0},{"not_picked":["Guardian:Incinerate","Guardian:Reroute"],"picked":"Guardian:GuardianWhirl","floor":9.0},{"not_picked":["Guardian:Planning","Guardian:VentSteam"],"picked":"Guardian:Gem_Purple","floor":11.0},{"not_picked":["Guardian:Gem_Cyan","Guardian:Gem_Green"],"picked":"Guardian:AncientConstruct","floor":13.0},{"not_picked":["Guardian:Gem_Cyan","Guardian:Harden"],"picked":"Guardian:PolyBeam","floor":14.0},{"not_picked":["Guardian:VentSteam","Guardian:Harden","Guardian:PrismaticBarrier"],"picked":"SKIP","floor":15.0},{"not_picked":["Guardian:FastForward","Guardian:GemFinder"],"picked":"Guardian:ExploitGems","floor":16.0},{"not_picked":["Guardian:TemporalStrike","Guardian:ChargeCore"],"picked":"Guardian:Gem_Cyan","floor":19.0},{"not_picked":["Guardian:Incinerate","Guardian:ChargeCore","Guardian:Recover+1"],"picked":"SKIP","floor":20.0},{"not_picked":["Guardian:DonusPower","Guardian:ShieldSpikes"],"picked":"Guardian:BronzeOrb","floor":21.0},{"not_picked":["Guardian:CrystalBeam","Guardian:Gem_Lightblue","Guardian:PrimingBeam"],"picked":"SKIP","floor":22.0},{"not_picked":["Guardian:EvasiveProtocol","Guardian:Reroute"],"picked":"Guardian:RevengeProtocol","floor":23.0},{"not_picked":["Guardian:ShieldCharger","Guardian:Incinerate+1"],"picked":"Guardian:Suspension","floor":26.0},{"not_picked":["Guardian:Recover","Guardian:Emergency+1"],"picked":"Guardian:SentryBeam+1","floor":27.0},{"not_picked":["Guardian:CrystalBeam","Guardian:Gem_Red"],"picked":"Guardian:ExploitGems","floor":29.0},{"not_picked":["Guardian:PolyBeam","Guardian:ExploitGems"],"picked":"Guardian:GemFinder","floor":31.0},{"not_picked":["Guardian:Recover","Guardian:WalkerClaw","Guardian:ShieldCharger+1"],"picked":"SKIP","floor":32.0},{"not_picked":["Guardian:Gem_Green","Guardian:Gem_Red"],"picked":"Guardian:Gem_Cyan","floor":33.0},{"not_picked":["Guardian:GemFinder","Guardian:HyperBeam_Guardian"],"picked":"Guardian:StasisField","floor":33.0},{"not_picked":["Guardian:Gem_Green","Guardian:Gem_Lightblue"],"picked":"Guardian:Gem_Cyan","floor":36},{"not_picked":["Guardian:Reroute+1"],"picked":"SKIP","floor":36},{"not_picked":["Guardian:StasisField"],"picked":"SKIP","floor":37},{"not_picked":[],"picked":"Guardian:Gem_Yellow","floor":38},{"not_picked":[],"picked":"Guardian:Gem_Fragmented","floor":39},{"not_picked":["Guardian:RollAttack+1"],"picked":"SKIP","floor":40},{"not_picked":["Guardian:GemFinder"],"picked":"SKIP","floor":42},{"not_picked":["Guardian:Gem_Fragmented"],"picked":"SKIP","floor":43},{"not_picked":[],"picked":"Guardian:EvasiveProtocol+1","floor":44},{"not_picked":["Guardian:Gem_Green","Guardian:Gem_Red"],"picked":"Guardian:Gem_Cyan","floor":47},{"not_picked":["Guardian:BronzeOrb+1"],"picked":"SKIP","floor":47},{"not_picked":["Guardian:SentryBeam"],"picked":"SKIP","floor":48},{"not_picked":["Guardian:ShieldSpikes"],"picked":"SKIP","floor":49}],"player_experience":826553,"relics_obtained":[{"floor":5.0,"key":"downfall:GremlinWheel"},{"floor":6.0,"key":"Shuriken"},{"floor":7.0,"key":"infinitespire:BottledMercury"},{"floor":11.0,"key":"Regal Pillow"},{"floor":13.0,"key":"Darkstone Periapt"},{"floor":14.0,"key":"downfall:GremlinSack"},{"floor":24.0,"key":"Bottled Tornado"},{"floor":25.0,"key":"Torii"},{"floor":25.0,"key":"Mummified Hand"},{"floor":27.0,"key":"ReplayTheSpireMod:Shallot"},{"floor":31.0,"key":"Boot"},{"floor":41,"key":"hubris:SphereOfDissonance"},{"floor":42,"key":"ReplayTheSpireMod:TigerMarble"},{"floor":44,"key":"Lizard Tail"},{"floor":47,"key":"Replay:Arrowhead"}],"event_choices":[{"damage_healed":0,"gold_gain":300,"player_choice":"Gold","damage_taken":0,"max_hp_gain":0,"max_hp_loss":0,"event_name":"Wheel of Change","floor":35,"gold_loss":0}],"is_beta":false,"boss_relics":[{"not_picked":["Tiny House","downfall:Hecktoplasm"],"picked":"hubris:ScarierMask"},{"not_picked":["hubris:VirtuousBlindfold","hubris:RunicObelisk"],"picked":"Busted Crown"}],"items_purged_floors":[43,46],"is_endless":false,"potions_floor_spawned":[3,5,9,13,14,15,16,19,22,25,27,31,37,38,44,48,49],"ascension_level":2}}