{"host":"pvafbce70weqvzks","time":1610677109,"event":{"mods":["BaseMod","Gremlin Mod","Hermit","Minty Spire (QoL Compilation)","StSLib","themimic"],"gold_per_floor":[113,113,132,142,152,180,150,150,150,166,176,189,200,216,216,318,318,330,342,34,48,48,48],"floor_reached":22,"language":"ENG","playtime":1089,"items_purged":[],"score":269,"play_id":"0e5e2eb2-1ae2-4a1b-aba8-8e3e293000e5","local_time":"20210114231829","is_ascension_mode":false,"campfire_choices":[{"data":"PathToVictory","floor":8,"key":"SMITH"},{"floor":15,"key":"REST"}],"circlet_count":0,"master_deck":["Strike_P","Strike_P","Strike_P","Strike_P+1","Defend_P","Defend_P","Defend_P+1","Defend_P","Eruption","Vigilance","FearNoEvil","Prostrate","PathToVictory+1","LessonLearned","Prostrate","Prostrate","CarveReality+1","Establishment","Judgement+1","Prostrate","ClearTheMind","Crescendo","Consecrate","PathToVictory","EmptyFist","PathToVictory","DeusExMachina","BowlingBash","CrushJoints","Consecrate+1","BowlingBash","SashWhip","LessonLearned","Halt"],"relics":["Sozu","Eternal Feather","Prayer Wheel","Coffee Dripper","Bottled Tornado"],"acts_visited":["Exordium","TheCity"],"potions_floor_usage":[],"damage_taken":[{"damage":0,"enemies":"Jaw Worm","floor":1,"turns":4},{"damage":0,"enemies":"Cultist","floor":3,"turns":3},{"damage":5,"enemies":"Small Slimes","floor":4,"turns":3},{"damage":3,"enemies":"2 Fungi Beasts","floor":5,"turns":2},{"damage":11,"enemies":"Lagavulin","floor":6,"turns":5},{"damage":0,"enemies":"Looter","floor":7,"turns":4},{"damage":1,"enemies":"Red Slaver","floor":10,"turns":6},{"damage":4,"enemies":"2 Fungi Beasts","floor":11,"turns":3},{"damage":6,"enemies":"Lots of Slimes","floor":12,"turns":4},{"damage":0,"enemies":"Exordium Thugs","floor":13,"turns":3},{"damage":6,"enemies":"3 Louse","floor":14,"turns":3},{"damage":0,"enemies":"Slime Boss","floor":16,"turns":4},{"damage":34,"enemies":"Shell Parasite","floor":18,"turns":3},{"damage":10,"enemies":"Chosen","floor":19,"turns":2},{"damage":23,"enemies":"Centurion and Healer","floor":21,"turns":6},{"damage":5,"enemies":"Chosen and Byrds","floor":22,"turns":1}],"seed_played":"3281259066924141037","potions_obtained":[],"is_trial":false,"path_per_floor":["M","?","M","M","M","E","M","R","T","M","M","M","M","M","R","B",null,"M","M","$","M","M"],"character_chosen":"WATCHER","items_purchased":["Bottled Tornado","SashWhip"],"campfire_rested":1,"item_purchase_floors":[20,20],"current_hp_per_floor":[72,72,72,67,64,53,53,62,62,61,57,51,51,45,72,72,72,38,28,28,5,0,0],"gold":48,"neow_bonus":"BOSS_RELIC","is_daily":false,"chose_seed":false,"campfire_upgraded":1,"win_rate":0.0,"timestamp":1610677109,"path_taken":["M","?","M","M","M","E","M","R","T","?","M","M","M","M","R","BOSS","M","M","$","M","M"],"items_purchased_type":["Relic","Card"],"build_version":"2020-12-22","purchased_purges":0,"victory":false,"max_hp_per_floor":[72,72,72,72,72,72,72,72,72,72,72,72,72,72,72,72,72,72,72,72,72,72,72],"card_choices":[{"not_picked":["EmptyBody","CrushJoints"],"picked":"FearNoEvil","floor":1},{"not_picked":["Indignation","Evaluate"],"picked":"Prostrate","floor":3},{"not_picked":["FollowUp","Prostrate"],"picked":"PathToVictory","floor":4},{"not_picked":["FlurryOfBlows","SandsOfTime"],"picked":"LessonLearned","floor":5},{"not_picked":["ClearTheMind","CrushJoints"],"picked":"Prostrate","floor":6},{"not_picked":["Crescendo","Fasting2"],"picked":"Prostrate","floor":7},{"not_picked":["ClearTheMind","Indignation"],"picked":"CarveReality","floor":10},{"not_picked":["ClearTheMind","Protect"],"picked":"Establishment","floor":10},{"not_picked":["EmptyFist","Halt"],"picked":"Judgement","floor":11},{"not_picked":["Adaptation","Indignation"],"picked":"Prostrate","floor":11},{"not_picked":["CutThroughFate","ThirdEye"],"picked":"ClearTheMind","floor":12},{"not_picked":["Study","Evaluate"],"picked":"Crescendo","floor":12},{"not_picked":["Conclude","WindmillStrike"],"picked":"Consecrate","floor":13},{"not_picked":["Prostrate","Scrawl"],"picked":"PathToVictory","floor":13},{"not_picked":["WaveOfTheHand","Study"],"picked":"EmptyFist","floor":14},{"not_picked":["CarveReality","FlyingSleeves"],"picked":"PathToVictory","floor":14},{"not_picked":["Brilliance","MasterReality"],"picked":"DeusExMachina","floor":16},{"not_picked":["CutThroughFate","SashWhip+1"],"picked":"BowlingBash","floor":18},{"not_picked":["ThirdEye","Nirvana"],"picked":"CrushJoints","floor":18},{"not_picked":["FlyingSleeves+1","Ragnarok"],"picked":"Consecrate+1","floor":19},{"not_picked":["Crescendo","Evaluate"],"picked":"BowlingBash","floor":19},{"not_picked":["ClearTheMind","SashWhip"],"picked":"LessonLearned","floor":21},{"not_picked":["FlyingSleeves","WindmillStrike"],"picked":"Halt","floor":21}],"player_experience":92723,"relics_obtained":[{"floor":6,"key":"Eternal Feather"},{"floor":9,"key":"Prayer Wheel"}],"event_choices":[{"damage_healed":0,"gold_gain":0,"player_choice":"Got Potions","damage_taken":0,"max_hp_gain":0,"max_hp_loss":0,"event_name":"Lab","floor":2,"gold_loss":0}],"is_beta":false,"boss_relics":[{"not_picked":["Pandora\u0027s Box","Velvet Choker"],"picked":"Coffee Dripper"}],"items_purged_floors":[],"is_endless":false,"potions_floor_spawned":[1,6,10,11,16],"killed_by":"Chosen and Byrds","ascension_level":0}}