{"host":"873t0y8ybyo38pfq","time":1610730025,"event":{"mods":["BaseMod","Bestiary","Colored Map","Colored Powertips","Highlight Path","Minty Spire (QoL Compilation)","Quick Restart","RNG Fix","Rare Cards Sparkle","Relic Stats","StSLib"],"gold_per_floor":[217,217,237,14,34,34,34,48,48,9,9,9,9],"floor_reached":12,"language":"ENG","playtime":246,"items_purged":[],"score":156,"play_id":"4cb581e9-efc8-4ff5-9ac8-39cad0dfdf03","local_time":"20210115120025","is_ascension_mode":true,"campfire_choices":[{"floor":7,"key":"REST"},{"floor":11,"key":"REST"}],"circlet_count":0,"master_deck":["AscendersBane","Strike_B","Strike_B","Strike_B","Strike_B","Defend_B","Defend_B","Defend_B","Defend_B","Zap","Dualcast","White Noise","Hologram","Bandage Up","Conserve Battery","Melter","Static Discharge"],"relics":["Cracked Core","Lantern","Membership Card","Toy Ornithopter"],"acts_visited":["Exordium"],"potions_floor_usage":[6,6,6,8,12],"damage_taken":[{"damage":2,"enemies":"Small Slimes","floor":1,"turns":4},{"damage":0,"enemies":"2 Louse","floor":3,"turns":1},{"damage":1,"enemies":"Cultist","floor":5,"turns":3},{"damage":32,"enemies":"Lagavulin","floor":6,"turns":6},{"damage":0,"enemies":"Looter","floor":8,"turns":3},{"damage":90,"enemies":"Gremlin Nob","floor":12,"turns":4}],"seed_played":"1016884571637626215","potions_obtained":[{"floor":3,"key":"GamblersBrew"},{"floor":5,"key":"EntropicBrew"},{"floor":8,"key":"EssenceOfSteel"}],"is_trial":false,"path_per_floor":["M","?","M","$","M","E","R","M","T","$","R","E"],"character_chosen":"DEFECT","items_purchased":["Membership Card","Bandage Up","Static Discharge"],"campfire_rested":2,"item_purchase_floors":[4,4,10],"current_hp_per_floor":[62,27,27,27,30,2,23,27,27,27,48,0,0],"gold":9,"neow_bonus":"HUNDRED_GOLD","is_daily":false,"chose_seed":false,"campfire_upgraded":0,"win_rate":0.0,"timestamp":1610730025,"path_taken":["M","?","M","$","M","E","R","M","T","$","R","E"],"items_purchased_type":["Relic","Card","Card"],"build_version":"2020-12-22","purchased_purges":0,"victory":false,"max_hp_per_floor":[71,71,71,71,71,71,71,71,71,71,71,71,71],"relic_stats":{"counters":[6,21],"obtain_stats":[{"Lantern":2,"Membership Card":4,"Cracked Core":0,"Toy Ornithopter":9},{"Lantern":1,"Membership Card":2,"Cracked Core":0,"Toy Ornithopter":5},{"Lantern":4,"Membership Card":5,"Cracked Core":0,"Toy Ornithopter":17}],"Toy Ornithopter":5},"card_choices":[{"not_picked":["Hologram","Cold Snap"],"picked":"White Noise","floor":1},{"not_picked":["Fusion","Turbo"],"picked":"Hologram","floor":3},{"not_picked":["Hologram","Rebound"],"picked":"Conserve Battery","floor":5},{"not_picked":["Stack","Loop"],"picked":"Melter","floor":8}],"player_experience":1637686,"relics_obtained":[{"floor":9,"key":"Toy Ornithopter"}],"event_choices":[{"damage_healed":0,"gold_gain":0,"player_choice":"Success","damage_taken":35,"relics_obtained":["Lantern"],"max_hp_gain":0,"max_hp_loss":0,"event_name":"Scrap Ooze","floor":2,"gold_loss":0}],"is_beta":false,"boss_relics":[],"items_purged_floors":[],"is_endless":false,"potions_floor_spawned":[3,5,8],"killed_by":"Gremlin Nob","ascension_level":20}}