{"host":"w4b7hmige5bnqipq","time":1610699572,"event":{"mods":["2.2 Compatiblity","BaseMod","Colored Map","DeckTracker","Keyboard Shortcuts","Minty Spire (QoL Compilation)","Permanent Neow","Rare Cards Sparkle","SuperFastMode","everything is the same but u backflip on backflip","slay the spire mod where everything is the same but ironclad has a cowboy hat"],"gold_per_floor":[113,123,123,143,293,293,311,28,51,126,126,166,166,189,189,282,282,307,323,347,237,66,66,109,109,185,208,208,208,229,248,248,248,248],"floor_reached":33,"language":"KOR","playtime":1817,"items_purged":["Strike_G"],"score":534,"play_id":"08d2ee06-59f1-4d5b-a3d7-47d91ca562f9","local_time":"20210115173252","is_ascension_mode":true,"campfire_choices":[{"data":"All Out Attack","floor":6.0,"key":"SMITH"},{"floor":15.0,"key":"REST"},{"floor":23.0,"key":"REST"},{"data":"Adrenaline","floor":25.0,"key":"SMITH"},{"floor":28.0,"key":"REST"},{"floor":32,"key":"REST"}],"circlet_count":0,"master_deck":["AscendersBane","Strike_G","Strike_G","Defend_G","Defend_G","Defend_G","Defend_G","Defend_G","Survivor","Neutralize","All Out Attack+1","Well Laid Plans","Eviscerate+1","Footwork+1","Backstab+1","Tools of the Trade+1","Accuracy+1","Blade Dance","Adrenaline+1","Escape Plan","Tactician+1"],"relics":["Ring of the Snake","Tough Bandages","Frozen Egg 2","Bag of Marbles","Golden Idol","Bronze Scales","Empty Cage","StoneCalendar","White Beast Statue"],"acts_visited":["Exordium","TheCity"],"potions_floor_usage":[30,31,33,33],"damage_taken":[{"damage":9.0,"enemies":"Jaw Worm","floor":1.0,"turns":6.0},{"damage":0.0,"enemies":"2 Louse","floor":2.0,"turns":3.0},{"damage":4.0,"enemies":"Small Slimes","floor":4.0,"turns":3.0},{"damage":1.0,"enemies":"3 Louse","floor":7.0,"turns":3.0},{"damage":26.0,"enemies":"Gremlin Nob","floor":12.0,"turns":4.0},{"damage":0.0,"enemies":"Lots of Slimes","floor":14.0,"turns":1.0},{"damage":10.0,"enemies":"The Guardian","floor":16.0,"turns":12.0},{"damage":13.0,"enemies":"Spheric Guardian","floor":18.0,"turns":4.0},{"damage":1.0,"enemies":"Chosen","floor":19.0,"turns":6.0},{"damage":7.0,"enemies":"Centurion and Healer","floor":20.0,"turns":6.0},{"damage":29.0,"enemies":"Book of Stabbing","floor":24.0,"turns":5.0},{"damage":5.0,"enemies":"Cultist and Chosen","floor":27.0,"turns":7.0},{"damage":12,"enemies":"Snake Plant","floor":30,"turns":3},{"damage":0,"enemies":"Chosen and Byrds","floor":31,"turns":5},{"damage":51,"enemies":"Champ","floor":33,"turns":12}],"seed_played":"7286028162763469425","potions_obtained":[{"floor":12.0,"key":"LiquidMemories"},{"floor":14.0,"key":"Fire Potion"},{"floor":16.0,"key":"PowerPotion"},{"floor":18.0,"key":"SpeedPotion"},{"floor":24.0,"key":"Dexterity Potion"},{"floor":27.0,"key":"Weak Potion"},{"floor":30,"key":"PowerPotion"},{"floor":31,"key":"Dexterity Potion"}],"is_trial":false,"path_per_floor":["M","M","?","M","?","R","M","$","T","?","?","E","?","M","R","B",null,"M","M","M","?","$","R","E","R","T","M","R","?","M","M","R","B"],"character_chosen":"THE_SILENT","items_purchased":["Frozen Egg 2","Accuracy+1","Blade Dance"],"campfire_rested":4,"item_purchase_floors":[8,22,22],"current_hp_per_floor":[50,50,50,46,46,46,45,45,45,34,34,8,8,8,26,16,49,36,35,28,28,28,46,17,17,17,12,30,30,18,18,36,0,0],"gold":248,"neow_bonus":"ONE_RARE_RELIC","is_daily":false,"chose_seed":false,"campfire_upgraded":2,"win_rate":0.0,"timestamp":1610699572,"path_taken":["M","M","?","M","?","R","M","$","T","?","?","E","?","M","R","BOSS","M","?","?","?","$","R","E","R","T","?","R","?","M","M","R","BOSS"],"items_purchased_type":["Relic","Card","Card"],"build_version":"2020-12-22","purchased_purges":1,"victory":false,"max_hp_per_floor":[66,66,66,66,66,66,66,66,66,66,60,60,60,60,60,60,60,60,60,60,60,60,60,60,60,60,60,60,60,60,60,60,60,60],"card_choices":[{"not_picked":["Sucker Punch","Dodge and Roll"],"picked":"All Out Attack","floor":1.0},{"not_picked":["Dodge and Roll","Accuracy"],"picked":"Well Laid Plans","floor":2.0},{"not_picked":["Sucker Punch","Flying Knee","Cloak And Dagger"],"picked":"SKIP","floor":4.0},{"not_picked":["Sucker Punch","Flying Knee","Cloak And Dagger"],"picked":"SKIP","floor":4.0},{"not_picked":["Cloak And Dagger","Underhanded Strike"],"picked":"Eviscerate","floor":7.0},{"not_picked":["Outmaneuver","Sucker Punch"],"picked":"Footwork+1","floor":12.0},{"not_picked":["Sucker Punch","Prepared"],"picked":"Backstab","floor":14.0},{"not_picked":["Malaise","Bullet Time"],"picked":"Tools of the Trade+1","floor":16.0},{"not_picked":["Eviscerate","Dash+1","Quick Slash"],"picked":"SKIP","floor":18.0},{"not_picked":["Prepared","Noxious Fumes+1","Distraction"],"picked":"SKIP","floor":19.0},{"not_picked":["Heel Hook","Bane+1","Outmaneuver"],"picked":"SKIP","floor":20.0},{"not_picked":["Backflip","Well Laid Plans+1"],"picked":"Adrenaline","floor":24.0},{"not_picked":["Eviscerate","Masterful Stab"],"picked":"Escape Plan","floor":27.0},{"not_picked":["Dagger Spray","Underhanded Strike+1"],"picked":"Tactician+1","floor":30},{"not_picked":["Skewer","Deflect","Slice"],"picked":"SKIP","floor":31}],"player_experience":498798,"relics_obtained":[{"floor":9.0,"key":"Bag of Marbles"},{"floor":12.0,"key":"Bronze Scales"},{"floor":24.0,"key":"StoneCalendar"},{"floor":26.0,"key":"White Beast Statue"}],"event_choices":[{"cards_removed":["Regret"],"damage_healed":0.0,"max_hp_gain":0.0,"max_hp_loss":0.0,"gold_gain":0.0,"event_name":"Living Wall","player_choice":"Forget","floor":3.0,"gold_loss":0.0,"damage_taken":0.0},{"damage_healed":0.0,"max_hp_gain":0.0,"max_hp_loss":0.0,"gold_gain":150.0,"event_name":"Liars Game","player_choice":"AGREE","floor":5.0,"gold_loss":0.0,"damage_taken":0.0,"cards_obtained":["Doubt"]},{"damage_healed":0.0,"max_hp_gain":0.0,"max_hp_loss":0.0,"gold_gain":75.0,"event_name":"World of Goop","player_choice":"Gather Gold","floor":10.0,"gold_loss":0.0,"damage_taken":11.0},{"damage_healed":0.0,"max_hp_gain":0.0,"max_hp_loss":6.0,"gold_gain":0.0,"event_name":"Golden Idol","player_choice":"Lose Max HP","floor":11.0,"gold_loss":0.0,"damage_taken":0.0,"relics_obtained":["Golden Idol"]},{"damage_healed":0.0,"max_hp_gain":0.0,"max_hp_loss":0.0,"gold_gain":0.0,"event_name":"Accursed Blacksmith","player_choice":"Forge","floor":13.0,"gold_loss":0.0,"damage_taken":0.0,"cards_upgraded":["Eviscerate"]},{"cards_removed":["Strike_G"],"damage_healed":0.0,"max_hp_gain":0.0,"max_hp_loss":0.0,"gold_gain":0.0,"event_name":"Designer","player_choice":"Upgrade and Remove","floor":21.0,"gold_loss":110.0,"damage_taken":0.0,"cards_upgraded":["Backstab"]},{"damage_healed":0,"gold_gain":0,"player_choice":"Ignored","damage_taken":0,"max_hp_gain":0,"max_hp_loss":0,"event_name":"Cursed Tome","floor":29,"gold_loss":0}],"is_beta":false,"boss_relics":[{"not_picked":["Busted Crown","Cursed Key"],"picked":"Empty Cage"}],"items_purged_floors":[22],"is_endless":false,"potions_floor_spawned":[12,14,16,18,24,27,30,31],"killed_by":"Champ","ascension_level":20}}