{"host":"r5cycnjhcbwgkpkf","time":1610739874,"event":{"mods":["2.2 Compatiblity","AchievementEnabler","BaseMod","Bestiary","Better Match","Better Note","Better Skull","Better Third Choice","BetterRewards","Colored Map","Colored Powertips","Downfall","Infinite Spire","Minty Spire (QoL Compilation)","Replay The Spire","Spicy Shops","StSLib"],"gold_per_floor":[109,49,66,0,13,13,39,39,39,39,50,50,66,88,88,185,185,197,197,207,226,428,428,442,442,442,442,442,442,462,481,481,615,615,666,646,66,120,146,146,190,240,267,302,302,338,41,41,41,48],"floor_reached":51,"language":"ENG","playtime":3504,"items_purged":["Strike_B","Strike_B","Strike_B"],"score":1313,"play_id":"27f59f97-c7ce-4eb7-a712-0a62e7468abb","local_time":"20210115114434","is_ascension_mode":true,"campfire_choices":[{"data":"Self Repair","floor":6.0,"key":"SMITH"},{"data":"ReplayTheSpireMod:Calculation Training","floor":8.0,"key":"SMITH"},{"data":"Thunder Strike","floor":15.0,"key":"SMITH"},{"data":"Seek","floor":23.0,"key":"SMITH"},{"data":"Zap","floor":25.0,"key":"SMITH"},{"data":"Redo","floor":32.0,"key":"SMITH"},{"data":"Biased Cognition","floor":40.0,"key":"SMITH"},{"floor":49,"key":"REST"}],"circlet_count":0,"master_deck":["AscendersBane","Strike_B","Defend_B","Defend_B+1","Defend_B","Defend_B","Zap+1","Self Repair+1","Cold Snap+1","Conserve Battery+1","Static Discharge+1","Melter","ReplayTheSpireMod:Calculation Training+1","Thunder Strike+1","Seek+1","Sweeping Beam+1","Seek","ReplayTheSpireMod:Splinters","Redo+1","Melter+1","Biased Cognition+1","CurseOfTheBell","Lockon","Panic Button+1","Secret Technique+1","Hologram+1","Core Surge"],"relics":["Cracked Core","Replay:Rubber Ducky","infinitespire:SolderingIron","Pocketwatch","Bottled Lightning","Peace Pipe","Odd Mushroom","Unceasing Top","Nuclear Battery","Orichalcum","MutagenicStrength","Pantograph","infinitespire:EvilPickle","Calling Bell","Juzu Bracelet","Toxic Egg 2","infinitespire:Freezer","Replay:Baseball","Blood Vial","War Paint","StoneCalendar","Dream Catcher","Replay:Lucky Slots"],"acts_visited":["Exordium","TheCity","TheBeyond"],"potions_floor_usage":[50,50],"damage_taken":[{"damage":4.0,"enemies":"infinitespire:Voidling","floor":1.0,"turns":3.0},{"damage":0.0,"enemies":"Small Slimes","floor":3.0,"turns":4.0},{"damage":0.0,"enemies":"Cultist","floor":5.0,"turns":3.0},{"damage":14.0,"enemies":"Lagavulin","floor":7.0,"turns":6.0},{"damage":10.0,"enemies":"3 Louse","floor":11.0,"turns":2.0},{"damage":0.0,"enemies":"Looter","floor":13.0,"turns":3.0},{"damage":8.0,"enemies":"The Mushroom Lair","floor":14.0,"turns":5.0},{"damage":21.0,"enemies":"Hexaghost","floor":16.0,"turns":6.0},{"damage":12.0,"enemies":"Shell Parasite","floor":18.0,"turns":5.0},{"damage":7.0,"enemies":"Chosen","floor":20.0,"turns":5.0},{"damage":21.0,"enemies":"Snake Plant","floor":21.0,"turns":4.0},{"damage":9.0,"enemies":"Chosen and Byrds","floor":24.0,"turns":5.0},{"damage":22.0,"enemies":"Colosseum Slavers","floor":28.0,"turns":3.0},{"damage":15.0,"enemies":"3 Cultists","floor":30.0,"turns":4.0},{"damage":7.0,"enemies":"Snake Plant","floor":31.0,"turns":3.0},{"damage":31.0,"enemies":"Pondfish","floor":33.0,"turns":9.0},{"damage":10.0,"enemies":"3 Darklings","floor":35.0,"turns":4.0},{"damage":0.0,"enemies":"Orb Walker","floor":39.0,"turns":3.0},{"damage":21.0,"enemies":"Nemesis","floor":41.0,"turns":7.0},{"damage":27.0,"enemies":"Mind Bloom Boss Battle","floor":42.0,"turns":10.0},{"damage":19.0,"enemies":"3 Darklings","floor":44.0,"turns":6.0},{"damage":31.0,"enemies":"4 Shapes","floor":46.0,"turns":5.0},{"damage":38,"enemies":"Replay:Hell Engine","floor":50,"turns":16}],"seed_played":"4019911204625063103","potions_obtained":[{"floor":1.0,"key":"champ:CounterPotion"},{"floor":5.0,"key":"Swift Potion"},{"floor":16.0,"key":"FearPotion"},{"floor":24.0,"key":"Weak Potion"},{"floor":30.0,"key":"Fire Potion"},{"floor":31.0,"key":"Block Potion"},{"floor":36.0,"key":"Energy Potion"},{"floor":44.0,"key":"Energy Potion"},{"floor":46.0,"key":"Elixir"}],"is_trial":false,"path_per_floor":["M","$","M","?","M","R","E","R","T","?","M","AVR","M","?","R","B",null,"M","AVR","M","M","?","R","M","R","T","?","?","T","M","M","R","B",null,"M","?","$","T","M","R","E","?","T","M","?","M","$","?","R","B",null],"character_chosen":"DEFECT","items_purchased":["Self Repair","Cold Snap+1","Replay:Rubber Ducky","Static Discharge+1","Panic Button+1","infinitespire:Freezer","Replay:Baseball","Secret Technique+1","LifebloodPotion","PowerPotion","Replay:Lucky Slots"],"campfire_rested":1,"item_purchase_floors":[0,0,0,2,37,37,37,37,47,47,47],"current_hp_per_floor":[53,53,60,60,67,67,63,63,63,63,53,53,63,65,65,54,70,68,68,71,60,60,60,61,61,61,61,49,49,44,47,47,51,69,69,69,69,69,75,75,64,58,58,51,51,32,32,32,54,57],"gold":48,"neow_bonus":"","is_daily":false,"chose_seed":false,"campfire_upgraded":7,"win_rate":0.0,"timestamp":1610739874,"path_taken":["M","$","?","?","?","R","E","R","T","?","M","AVR","M","?","R","BOSS","M","AVR","M","M","?","R","M","R","T","?","?","?","M","?","R","BOSS","M","?","$","?","M","R","E","?","T","M","?","M","?","?","R","BOSS"],"items_purchased_type":["Card","Card","Relic","Card","Card","Relic","Relic","Card","Potion","Potion","Relic"],"build_version":"2020-12-22","purchased_purges":3,"victory":true,"max_hp_per_floor":[75,75,75,75,75,75,75,75,75,75,75,75,75,75,75,75,75,75,75,75,75,75,75,75,75,75,75,75,75,75,75,75,75,75,75,75,75,75,75,75,75,75,75,75,75,75,75,75,75,75],"card_choices":[{"not_picked":["Compile Driver","Go for the Eyes"],"picked":"Conserve Battery","floor":1.0},{"not_picked":["Recycle","Streamline"],"picked":"Melter","floor":3.0},{"not_picked":["Compile Driver","Tempest","Rip and Tear"],"picked":"SKIP","floor":5.0},{"not_picked":["Heatsinks","Sweeping Beam"],"picked":"ReplayTheSpireMod:Calculation Training","floor":7.0},{"not_picked":["Tempest","Redo","Go for the Eyes"],"picked":"SKIP","floor":11.0},{"not_picked":["Force Field","Coolheaded","Aggregate"],"picked":"SKIP","floor":13.0},{"not_picked":["ReplayGash","Time Bomb"],"picked":"Thunder Strike","floor":14.0},{"not_picked":["Multi-Cast","Creative AI"],"picked":"Seek","floor":16.0},{"not_picked":["ReplayTheSpireMod:GoodbyeWorld","ReplayTheSpireMod:Reroute Power"],"picked":"Sweeping Beam+1","floor":18.0},{"not_picked":["Compile Driver","Steam","Melter"],"picked":"SKIP","floor":20.0},{"not_picked":["Sweeping Beam+1","Turbo"],"picked":"Seek","floor":21.0},{"not_picked":["Sunder","Capacitor+1","Rebound"],"picked":"SKIP","floor":24.0},{"not_picked":["Conserve Battery","Sweeping Beam"],"picked":"Redo","floor":30.0},{"not_picked":["Capacitor","ReplayGash"],"picked":"Melter+1","floor":31.0},{"not_picked":["Buffer","Meteor Strike"],"picked":"Biased Cognition","floor":33.0},{"not_picked":["Double Energy+1","ReplayTheSpireMod:Reroute Power+1"],"picked":"Lockon","floor":35.0},{"not_picked":["Undo+1","Redo+1"],"picked":"Hologram+1","floor":39.0},{"not_picked":["Capacitor+1","Beam Cell"],"picked":"Core Surge","floor":41.0},{"not_picked":["Glacier+1","Self Repair","ReplayTheSpireMod:Omega Cannon"],"picked":"SKIP","floor":44.0},{"not_picked":["Conserve Battery+1","Time Bomb+1","Go for the Eyes+1"],"picked":"SKIP","floor":46.0}],"player_experience":429479,"relics_obtained":[{"floor":7.0,"key":"Pocketwatch"},{"floor":9.0,"key":"Bottled Lightning"},{"floor":14.0,"key":"Odd Mushroom"},{"floor":26.0,"key":"Orichalcum"},{"floor":29.0,"key":"Pantograph"},{"floor":34.0,"key":"Juzu Bracelet"},{"floor":34.0,"key":"Toxic Egg 2"},{"floor":38.0,"key":"Blood Vial"},{"floor":41.0,"key":"War Paint"},{"floor":42.0,"key":"StoneCalendar"},{"floor":43.0,"key":"Dream Catcher"}],"event_choices":[{"damage_healed":0.0,"max_hp_gain":0.0,"max_hp_loss":0.0,"gold_gain":0.0,"event_name":"WeMeetAgain","player_choice":"Paid Gold","floor":4.0,"gold_loss":66.0,"damage_taken":0.0,"relics_obtained":["infinitespire:SolderingIron"]},{"damage_healed":0.0,"max_hp_gain":0.0,"max_hp_loss":0.0,"gold_gain":0.0,"event_name":"Mushrooms","player_choice":"Fought Mushrooms","floor":14.0,"gold_loss":0.0,"damage_taken":0.0},{"damage_healed":0.0,"max_hp_gain":0.0,"max_hp_loss":0.0,"gold_gain":0.0,"event_name":"Drug Dealer","player_choice":"Inject Mutagens","floor":27.0,"gold_loss":0.0,"damage_taken":0.0,"relics_obtained":["MutagenicStrength"]},{"damage_healed":0.0,"max_hp_gain":0.0,"max_hp_loss":0.0,"gold_gain":0.0,"event_name":"Colosseum","player_choice":"Fight","floor":28.0,"gold_loss":0.0,"damage_taken":0.0},{"damage_healed":0.0,"max_hp_gain":0.0,"max_hp_loss":0.0,"gold_gain":0.0,"event_name":"Colosseum","player_choice":"Fled From Nobs","floor":28.0,"gold_loss":0.0,"damage_taken":0.0},{"damage_healed":0.0,"max_hp_gain":0.0,"max_hp_loss":0.0,"gold_gain":0.0,"event_name":"The Woman in Blue","player_choice":"Bought 1 Potion","floor":36.0,"gold_loss":0.0,"damage_taken":0.0},{"damage_healed":0.0,"max_hp_gain":0.0,"max_hp_loss":0.0,"gold_gain":0.0,"event_name":"MindBloom","player_choice":"Fight","floor":42.0,"gold_loss":0.0,"damage_taken":0.0},{"cards_removed":["Dualcast"],"damage_healed":0.0,"max_hp_gain":0.0,"max_hp_loss":0.0,"gold_gain":0.0,"event_name":"Falling","player_choice":"Removed Skill","floor":45.0,"gold_loss":0.0,"damage_taken":0.0}],"is_beta":false,"boss_relics":[{"not_picked":["Honey Jar","ReplayTheSpireMod:SealedPack","infinitespire:Cupcake"]},{"not_picked":["FrozenCore","Astrolabe"],"picked":"Calling Bell"}],"items_purged_floors":[0,12,19],"is_endless":false,"potions_floor_spawned":[1,5,16,18,24,30,31,39,44,46],"ascension_level":10}}