{"host":"50qwps766cbz6ukm","time":1610709996,"event":{"mods":["BaseMod","Colored Map","Colored Powertips","DeckTracker","Highlight Path","Infinite Spire","Minty Spire (QoL Compilation)","Quick Restart","Remove Card Discount Mod","StSLib","SuperFastMode","Synergy Search"],"gold_per_floor":[110,110,110,72,72,100,65,78,103,103,51,80,80,95,95,200,200,212,232,232,190,204,204,204,204,204,204,223,236,335,355,355,454,454,464,477,477,477],"floor_reached":37,"language":"ENG","playtime":1043,"items_purged":["Strike_P","Strike_P","Strike_P","Defend_P","Defend_P","Defend_P","Strike_P+1","Defend_P"],"score":580,"play_id":"74cbc8af-f95b-43b9-b72f-418d5da86e8a","local_time":"20210115132636","is_ascension_mode":true,"campfire_choices":[{"data":"Eruption","floor":10,"key":"SMITH"},{"data":"MentalFortress","floor":13,"key":"SMITH"},{"data":"FollowUp","floor":15,"key":"SMITH"},{"floor":23,"key":"REST"},{"floor":25,"key":"REST"},{"floor":32,"key":"REST"}],"circlet_count":0,"master_deck":["Eruption+1","Vigilance+1","BowlingBash","FollowUp+1","Consecrate+1","MentalFortress+1","FlurryOfBlows+1","Prostrate","FlurryOfBlows+1","ConjureBlade","FlurryOfBlows+1","Study","BowlingBash+1","BattleHymn","Consecrate+1","Ragnarok+1","FlurryOfBlows+1"],"relics":["PureWater","NeowsBlessing","Dream Catcher","Molten Egg 2","Nunchaku","Orichalcum","Happy Flower","VioletLotus","Matryoshka","Nilry\u0027s Codex","infinitespire:FocusingShard","Oddly Smooth Stone","Cursed Key"],"acts_visited":["Exordium","TheCity","TheBeyond"],"potions_floor_usage":[22,22,33,33,33,33,36],"damage_taken":[{"damage":0,"enemies":"Small Slimes","floor":1,"turns":1},{"damage":0,"enemies":"3 Sentries","floor":6,"turns":1},{"damage":0,"enemies":"Jaw Worm","floor":8,"turns":1},{"damage":0,"enemies":"Lagavulin","floor":12,"turns":5},{"damage":0,"enemies":"2 Louse","floor":14,"turns":1},{"damage":7,"enemies":"Slime Boss","floor":16,"turns":7},{"damage":7,"enemies":"3 Byrds","floor":18,"turns":4},{"damage":23,"enemies":"2 Thieves","floor":19,"turns":4},{"damage":26,"enemies":"Snake Plant","floor":22,"turns":4},{"damage":16,"enemies":"Snecko","floor":28,"turns":4},{"damage":0,"enemies":"Chosen and Byrds","floor":29,"turns":3},{"damage":15,"enemies":"Centurion and Healer","floor":31,"turns":4},{"damage":22,"enemies":"Automaton","floor":33,"turns":6},{"damage":17,"enemies":"3 Darklings","floor":35,"turns":5},{"damage":0,"enemies":"Orb Walker","floor":36,"turns":1},{"damage":48,"enemies":"3 Darklings","floor":37,"turns":3}],"seed_played":"6994522869681635509","potions_obtained":[{"floor":1,"key":"ColorlessPotion"},{"floor":6,"key":"Dexterity Potion"},{"floor":12,"key":"DistilledChaos"},{"floor":14,"key":"EntropicBrew"},{"floor":22,"key":"FearPotion"},{"floor":33,"key":"DistilledChaos"}],"is_trial":false,"path_per_floor":["M","?","?","$","?","E","?","M","T","R","$","E","R","M","R","B",null,"M","M","T","$","M","R","?","R","T","?","M","M","?","M","R","B",null,"M","M","M"],"character_chosen":"WATCHER","items_purchased":["FollowUp","FlurryOfBlows+1","Study"],"campfire_rested":3,"item_purchase_floors":[4,11,21],"current_hp_per_floor":[65,65,51,51,39,39,57,57,57,57,57,57,57,57,57,50,67,60,37,37,37,11,32,16,37,37,37,21,21,21,6,27,5,55,38,38,0,0],"gold":477,"neow_bonus":"THREE_ENEMY_KILL","is_daily":false,"chose_seed":false,"campfire_upgraded":3,"win_rate":0.0,"timestamp":1610709996,"path_taken":["M","?","?","$","?","E","?","M","T","R","?","E","R","?","R","BOSS","M","M","?","$","M","R","?","R","T","?","M","M","?","?","R","BOSS","M","M","M"],"items_purchased_type":["Card","Card","Card"],"build_version":"2020-12-22","purchased_purges":8,"victory":false,"max_hp_per_floor":[72,72,72,72,72,72,72,72,72,72,72,72,72,72,72,72,72,72,72,72,72,72,72,72,72,72,72,72,72,72,72,72,72,72,72,72,72,72],"card_choices":[{"not_picked":["Indignation","Halt"],"picked":"BowlingBash","floor":1},{"not_picked":["FearNoEvil+1","Evaluate"],"picked":"Consecrate+1","floor":6},{"not_picked":["SashWhip+1","Prostrate"],"picked":"MentalFortress","floor":8},{"not_picked":["Indignation","WreathOfFlame"],"picked":"Prostrate","floor":12},{"not_picked":["ReachHeaven+1","Tantrum+1"],"picked":"FlurryOfBlows+1","floor":14},{"not_picked":["MasterReality","Judgement"],"picked":"ConjureBlade","floor":16},{"not_picked":["Swivel","FollowUp+1"],"picked":"FlurryOfBlows+1","floor":18},{"not_picked":["SandsOfTime+1","ClearTheMind","Halt"],"picked":"SKIP","floor":19},{"not_picked":["SashWhip+1","ClearTheMind"],"picked":"BowlingBash+1","floor":22},{"not_picked":["Halt","ReachHeaven+1","WindmillStrike+1"],"picked":"SKIP","floor":28},{"not_picked":["FollowUp+1","Establishment","Evaluate"],"picked":"SKIP","floor":29},{"not_picked":["CrushJoints+1","FearNoEvil+1"],"picked":"BattleHymn","floor":31},{"not_picked":["Fasting2+1","ClearTheMind"],"picked":"Consecrate+1","floor":32},{"not_picked":["Omniscience","Establishment"],"picked":"Ragnarok+1","floor":33},{"not_picked":["ThirdEye","Meditate+1","FlyingSleeves+1"],"picked":"SKIP","floor":35},{"not_picked":["FollowUp+1","Sanctity+1"],"picked":"FlurryOfBlows+1","floor":36}],"player_experience":563939,"relics_obtained":[{"floor":2,"key":"Dream Catcher"},{"floor":6,"key":"Nunchaku"},{"floor":9,"key":"Orichalcum"},{"floor":12,"key":"Happy Flower"},{"floor":20,"key":"Matryoshka"},{"floor":24,"key":"Nilry\u0027s Codex"},{"floor":26,"key":"infinitespire:FocusingShard"},{"floor":26,"key":"Oddly Smooth Stone"}],"event_choices":[{"damage_healed":0,"gold_gain":0,"player_choice":"Entered Light","damage_taken":14,"max_hp_gain":0,"max_hp_loss":0,"event_name":"Shining Light","floor":3,"gold_loss":0,"cards_upgraded":["Vigilance","Strike_P"]},{"damage_healed":0,"gold_gain":0,"player_choice":"Success","damage_taken":12,"relics_obtained":["Molten Egg 2"],"max_hp_gain":0,"max_hp_loss":0,"event_name":"Scrap Ooze","floor":5,"gold_loss":0},{"damage_healed":18,"gold_gain":0,"player_choice":"Healed","damage_taken":0,"max_hp_gain":0,"max_hp_loss":0,"event_name":"The Cleric","floor":7,"gold_loss":35},{"damage_healed":0,"gold_gain":0,"player_choice":"Obtained Book","damage_taken":16,"max_hp_gain":0,"max_hp_loss":0,"event_name":"Cursed Tome","floor":24,"gold_loss":0},{"damage_healed":0,"gold_gain":0,"player_choice":"Ignored","damage_taken":0,"max_hp_gain":0,"max_hp_loss":0,"event_name":"Vampires","floor":27,"gold_loss":0},{"damage_healed":0,"gold_gain":99,"player_choice":"Stole From Cult","damage_taken":0,"max_hp_gain":0,"max_hp_loss":0,"event_name":"Nest","floor":30,"gold_loss":0}],"is_beta":false,"boss_relics":[{"not_picked":["Astrolabe","Velvet Choker"],"picked":"VioletLotus"},{"not_picked":["Philosopher\u0027s Stone","Busted Crown"],"picked":"Cursed Key"}],"items_purged_floors":[4,4,4,4,4,4,11,21],"is_endless":false,"potions_floor_spawned":[1,6,12,14,22,33],"killed_by":"3 Darklings","ascension_level":6}}