{"host":"8suwxzmsh8pwn3fh","time":1610728139,"event":{"mods":["AchievementEnabler","BaseMod","Colored Map","Curses Come First","Dark Map","Hubris","Infinite Spire","Minty Spire (QoL Compilation)","Replay The Spire","StSLib"],"gold_per_floor":[115,115,33,33,33,33,68,68,68,68,86,99,114,114,114],"floor_reached":14,"language":"ENG","playtime":341,"items_purged":[],"score":113,"play_id":"a4ca96f4-616a-4c7b-a160-e71e47ff3974","local_time":"20210115172859","is_ascension_mode":false,"campfire_choices":[{"data":"Loop","floor":6,"key":"SMITH"},{"data":"BasicCrystalCard","floor":10,"key":"SMITH"}],"circlet_count":0,"master_deck":["Strike_B","Strike_B","Strike_B","Strike_B","Defend_B","Defend_B","Defend_B","Zap","Dualcast","BasicCrystalCard+1","Loop+1","Core Surge+1","Genetic Algorithm","Leap"],"relics":["Cracked Core","NeowsBlessing","hubris:Towel","Golden Idol","hubris:64BitClover","CultistMask","Pantograph"],"acts_visited":["Exordium"],"potions_floor_usage":[13,14],"damage_taken":[{"damage":0,"enemies":"2 Louse","floor":1,"turns":1},{"damage":0,"enemies":"Gremlin Nob","floor":7,"turns":1},{"damage":0,"enemies":"Small Slimes","floor":11,"turns":1},{"damage":6,"enemies":"Cultist","floor":12,"turns":3},{"damage":9,"enemies":"Looter","floor":13,"turns":3},{"damage":50,"enemies":"3 Sentries","floor":14,"turns":10}],"seed_played":"-9073297002238346594","potions_obtained":[{"floor":1,"key":"Dexterity Potion"},{"floor":11,"key":"FearPotion"},{"floor":12,"key":"Weak Potion"}],"is_trial":false,"path_per_floor":["M","?","$","?","?","R","E","?","T","R","M","M","M","E"],"character_chosen":"DEFECT","items_purchased":["Loop"],"campfire_rested":0,"item_purchase_floors":[3],"current_hp_per_floor":[75,75,75,57,57,57,57,57,57,57,57,51,42,0,0],"gold":114,"neow_bonus":"THREE_ENEMY_KILL","is_daily":false,"chose_seed":false,"campfire_upgraded":2,"win_rate":0.0,"timestamp":1610728139,"path_taken":["M","?","$","?","?","R","E","?","T","R","M","?","M","E"],"items_purchased_type":["Card"],"build_version":"2020-12-22","purchased_purges":0,"victory":false,"max_hp_per_floor":[75,75,75,75,75,75,75,75,75,75,75,75,75,75,75],"card_choices":[{"not_picked":["Steam","Turbo"],"picked":"BasicCrystalCard","floor":1},{"not_picked":["Consume","Rip and Tear","Streamline"],"picked":"SKIP","floor":7},{"not_picked":["Rebound","Ball Lightning","Go for the Eyes"],"picked":"SKIP","floor":11},{"not_picked":["Cold Snap","Fission"],"picked":"Genetic Algorithm","floor":12},{"not_picked":["Hologram","Recycle"],"picked":"Leap","floor":13}],"player_experience":378149,"relics_obtained":[{"floor":7,"key":"hubris:64BitClover"},{"floor":9,"key":"Pantograph"}],"event_choices":[{"damage_healed":0,"gold_gain":0,"player_choice":"Take Damage","damage_taken":18,"relics_obtained":["Golden Idol"],"max_hp_gain":0,"max_hp_loss":0,"event_name":"Golden Idol","floor":4,"gold_loss":0},{"damage_healed":0,"gold_gain":0,"player_choice":"Trade","damage_taken":0,"relics_obtained":["CultistMask"],"max_hp_gain":0,"max_hp_loss":0,"event_name":"FaceTrader","floor":8,"gold_loss":0}],"is_beta":false,"boss_relics":[],"items_purged_floors":[],"is_endless":false,"potions_floor_spawned":[1,11,12],"killed_by":"3 Sentries","ascension_level":0}}