{"host":"51fyd6gkml7xavq8","time":1610702366,"event":{"mods":["BaseMod","BetterRewards","Colored Map","Energized Spire","Infinite Spire","Minty Spire (QoL Compilation)","Replay The Spire","Shop Mod","Spicy Shops","StSLib","The Blue Laboratory","[IsaacMod]????"],"gold_per_floor":[289,364,381,393,68,102,102,30,30,30,46,46,59,59,59,157,157,169,11,21,33,33,33,17,47,47,47,47,75,115,145,145,351,351,399,447,454,228,235,303,348,348,423,423,423,466,534,606,606,620],"floor_reached":51,"language":"ENG","playtime":4156,"items_purged":["DoctorFetus","Defend_G","Defend_G","Strike_G","Defend_G"],"score":1343,"play_id":"acf87b45-396d-4306-880a-22b7e4d8ea18","local_time":"20210115061926","is_ascension_mode":true,"campfire_choices":[{"data":"Apotheosis","floor":7.0,"key":"SMITH"},{"floor":12.0,"key":"REST"},{"data":"Noxious Fumes","floor":15.0,"key":"SMITH"},{"floor":23.0,"key":"REST"},{"data":"Neutralize","floor":27.0,"key":"SMITH"},{"floor":32.0,"key":"REST"},{"floor":42,"key":"REST"},{"floor":49,"key":"REST"}],"circlet_count":0,"master_deck":["Strike_G","Strike_G","Survivor","Neutralize+1","Apotheosis+1","Infinite Blades","Noxious Fumes+1","Corpse Explosion","After Image","Caltrops+1","Footwork","Corpse Explosion+1","Cloak And Dagger+1","Corpse Explosion+1","Enlightenment","infinitespire:SevenWalls","Voices","Catalyst+1"],"relics":["Ring of the Snake","HushsDoor","UnicornStump","SteamSale","MerchantsRug","Blood Vial","BookofShadows","infinitespire:PuzzleCube","Quantum Egg","PreservedInsect","Bottled Lightning","energizedSpire:DeadBattery","Singing Bowl","TheBean","Eternal Feather","The Courier","SalivaCoin","Darkstone Periapt","infinitespire:EvilPickle","Astrolabe","infinitespire:CheckeredPen","YumHeart","HowToJump","Chameleon Ring","Ring of Panic","Ring of Hypnosis","TungstenRod","Lizard Tail"],"acts_visited":["Exordium","TheCity","TheBeyond"],"potions_floor_usage":[47,47],"damage_taken":[{"damage":3.0,"enemies":"Small Slimes","floor":1.0,"turns":4.0},{"damage":0.0,"enemies":"Cultist","floor":3.0,"turns":5.0},{"damage":7.0,"enemies":"2 Louse","floor":4.0,"turns":4.0},{"damage":14.0,"enemies":"Lagavulin","floor":6.0,"turns":6.0},{"damage":0.0,"enemies":"Gremlin Gang","floor":11.0,"turns":3.0},{"damage":10.0,"enemies":"2 Fungi Beasts","floor":13.0,"turns":2.0},{"damage":7.0,"enemies":"The Guardian","floor":16.0,"turns":9.0},{"damage":0.0,"enemies":"2 Thieves","floor":18.0,"turns":3.0},{"damage":17.0,"enemies":"Shell Parasite","floor":20.0,"turns":4.0},{"damage":10.0,"enemies":"Snake Plant","floor":21.0,"turns":4.0},{"damage":4.0,"enemies":"Gremlin Leader","floor":25.0,"turns":6.0},{"damage":14.0,"enemies":"Sentry and Sphere","floor":29.0,"turns":5.0},{"damage":15.0,"enemies":"Slavers","floor":30.0,"turns":3.0},{"damage":12.0,"enemies":"Shelled Parasite and Fungi","floor":31.0,"turns":6.0},{"damage":42.0,"enemies":"Pondfish","floor":33.0,"turns":8.0},{"damage":21.0,"enemies":"3 Darklings","floor":35.0,"turns":3.0},{"damage":6.0,"enemies":"Orb Walker","floor":36.0,"turns":4.0},{"damage":22,"enemies":"Reptomancer","floor":40,"turns":4},{"damage":18,"enemies":"Jaw Worm Horde","floor":41,"turns":2},{"damage":0,"enemies":"Transient","floor":46,"turns":5},{"damage":21,"enemies":"2 Orb Walkers","floor":47,"turns":3},{"damage":1,"enemies":"Giant Head","floor":48,"turns":6},{"damage":5,"enemies":"infinitespire:MassOfShapes","floor":50,"turns":7}],"seed_played":"1315635905720172672","potions_obtained":[{"floor":3.0,"key":"blueLaboratory:FrostheartPotion"},{"floor":11.0,"key":"PowerPotion"},{"floor":13.0,"key":"blueLaboratory:PyrophylliteBrew"},{"floor":20.0,"key":"blueLaboratory:ArtistsPotion"},{"floor":29.0,"key":"Explosive Potion"},{"floor":30.0,"key":"blueLaboratory:StoneskinPotion"},{"floor":31.0,"key":"Elixir"},{"floor":41,"key":"Elixir"},{"floor":46,"key":"blueLaboratory:FruitPunch"}],"is_trial":false,"path_per_floor":["M","?","M","M","$","E","R","$","T","?","M","R","M","?","R","B",null,"M","$","M","M","?","R","$","E","T","R","?","M","E","M","R","B",null,"M","M","?","$","?","E","M","R","T","?","?","M","?","E","R","B",null],"character_chosen":"THE_SILENT","items_purchased":["SteamSale","MerchantsRug","Apotheosis","Blood Vial","BookofShadows","Noxious Fumes","infinitespire:PuzzleCube","Strange Spoon","PreservedInsect","Singing Bowl","TheBean","infinitespire:CheckeredPen","YumHeart"],"campfire_rested":5,"item_purchase_floors":[0,0,0,0,0,5,5,5,8,19,24,38,38],"current_hp_per_floor":[30,23,25,20,20,8,8,8,8,8,10,31,23,70,70,63,68,70,70,55,47,47,68,68,68,68,74,59,49,38,30,63,25,68,51,49,43,43,46,28,14,51,51,57,57,61,47,73,107,102],"gold":620,"neow_bonus":"","is_daily":false,"chose_seed":false,"campfire_upgraded":3,"win_rate":0.0,"timestamp":1610702366,"path_taken":["M","?","M","?","$","E","R","?","T","?","M","R","M","?","R","BOSS","M","$","M","M","?","R","?","E","T","R","?","?","E","M","R","BOSS","M","M","?","$","?","E","?","R","T","?","?","?","?","E","R","BOSS"],"items_purchased_type":["Relic","Relic","Card","Relic","Relic","Card","Relic","Relic","Relic","Relic","Relic","Relic","Relic"],"build_version":"2020-12-22","purchased_purges":5,"victory":true,"max_hp_per_floor":[70,70,70,70,70,70,70,70,70,70,70,70,70,70,70,70,70,70,70,72,72,72,72,72,74,74,74,74,76,78,80,80,82,82,84,86,90,90,90,92,94,94,94,100,100,102,107,107,107,107],"card_choices":[{"not_picked":[],"picked":"DoctorFetus","floor":0.0},{"not_picked":["Finisher","Distraction","Adrenaline"],"picked":"SKIP","floor":1.0},{"not_picked":["Outmaneuver","Sucker Punch"],"picked":"Infinite Blades","floor":3.0},{"not_picked":["Terror","Heel Hook","Outmaneuver"],"picked":"SKIP","floor":4.0},{"not_picked":["ReplayTheSpireMod:Tripwire","Expertise"],"picked":"Corpse Explosion","floor":6.0},{"not_picked":["Outmaneuver","Heel Hook","Endless Agony"],"picked":"SKIP","floor":11.0},{"not_picked":["All Out Attack","Blade Dance","Quick Slash"],"picked":"SKIP","floor":13.0},{"not_picked":["Replay:Bag of Tricks","Poison Darts"],"picked":"After Image","floor":16.0},{"not_picked":["Backflip","Deflect"],"picked":"Caltrops+1","floor":18.0},{"not_picked":["Outmaneuver","Prepared","Catalyst"],"picked":"Singing Bowl","floor":20.0},{"not_picked":["Flying Knee","Bane+1"],"picked":"Footwork","floor":21.0},{"not_picked":["Malaise","All Out Attack+1","Sucker Punch"],"picked":"Singing Bowl","floor":25.0},{"not_picked":["Cloak And Dagger","Choke","PiercingWail"],"picked":"Singing Bowl","floor":29.0},{"not_picked":["Well Laid Plans","ReplayTheSpireMod:Tripwire","ReplayTheSpireMod:Scrap Shanks+1"],"picked":"Singing Bowl","floor":30.0},{"not_picked":["Cloak And Dagger","Blade Dance","Dagger Spray"],"picked":"Singing Bowl","floor":31.0},{"not_picked":["infinitespire:Neurotoxin","Storm of Steel","Night Terror"],"picked":"Singing Bowl","floor":33.0},{"not_picked":["Underhanded Strike","Flying Knee+1","Dagger Spray+1"],"picked":"Singing Bowl","floor":35.0},{"not_picked":["Outmaneuver+1","Concentrate+1","Sneak Up+1"],"picked":"Singing Bowl","floor":36.0},{"not_picked":["Replay:BasicMightCard","Replay:Sssssssssshield","Replay:Parry"],"picked":"Singing Bowl","floor":37.0},{"not_picked":["Transmutation","Jack Of All Trades","Survey Options"],"picked":"Singing Bowl","floor":37.0},{"not_picked":["Replay:BasicMightCard","SuicideKing"],"picked":"Enlightenment","floor":37.0},{"not_picked":["infinitespire:Menacing","ReplayTheSpireMod:Chaos Vortex"],"picked":"infinitespire:SevenWalls","floor":39.0},{"not_picked":["Hidden Blade","Dagger Spray+1","Outmaneuver+1"],"picked":"Singing Bowl","floor":40},{"not_picked":["Dodge and Roll","Quick Slash+1","PiercingWail+1"],"picked":"Singing Bowl","floor":41},{"not_picked":["Eviscerate+1","Acrobatics+1","Poisoned Stab+1"],"picked":"Singing Bowl","floor":46},{"not_picked":["Prepared+1","Dagger Spray","Dagger Throw"],"picked":"Singing Bowl","floor":47},{"not_picked":["Finisher","Setup"],"picked":"Catalyst+1","floor":48}],"player_experience":535781,"relics_obtained":[{"floor":6.0,"key":"Quantum Egg"},{"floor":9.0,"key":"Bottled Lightning"},{"floor":25.0,"key":"Eternal Feather"},{"floor":26.0,"key":"The Courier"},{"floor":30.0,"key":"Darkstone Periapt"},{"floor":40,"key":"HowToJump"},{"floor":43,"key":"Chameleon Ring"},{"floor":44,"key":"Ring of Panic"},{"floor":44,"key":"Ring of Hypnosis"},{"floor":47,"key":"TungstenRod"},{"floor":48,"key":"Lizard Tail"}],"event_choices":[{"damage_healed":0.0,"max_hp_gain":0.0,"max_hp_loss":0.0,"gold_gain":75.0,"event_name":"FaceTrader","player_choice":"Touch","floor":2.0,"gold_loss":0.0,"damage_taken":7.0},{"damage_healed":47.0,"max_hp_gain":0.0,"max_hp_loss":0.0,"gold_gain":0.0,"event_name":"Wheel of Change","player_choice":"Full Heal","floor":14.0,"gold_loss":0.0,"damage_taken":0.0},{"cards_removed":["Strike_G"],"damage_healed":0.0,"max_hp_gain":0.0,"max_hp_loss":0.0,"gold_gain":0.0,"event_name":"Purifier","player_choice":"Purged","floor":22.0,"gold_loss":0.0,"damage_taken":0.0},{"damage_healed":0.0,"max_hp_gain":0.0,"max_hp_loss":0.0,"gold_gain":0.0,"event_name":"SensoryStone","player_choice":"Memory 3","floor":37.0,"gold_loss":0.0,"damage_taken":10.0},{"damage_healed":0,"gold_gain":0,"player_choice":"Ignored","damage_taken":0,"max_hp_gain":0,"max_hp_loss":0,"event_name":"Tomb of Lord Red Mask","floor":45,"gold_loss":0},{"damage_healed":0,"gold_gain":0,"player_choice":"Fight","damage_taken":0,"max_hp_gain":0,"max_hp_loss":0,"event_name":"Mysterious Sphere","floor":47,"gold_loss":0}],"is_beta":false,"boss_relics":[{"not_picked":["Coffee Dripper","HoveringKite"],"picked":"energizedSpire:DeadBattery"},{"not_picked":[]},{"not_picked":["energizedSpire:EnergizedDie","Calling Bell"],"picked":"Astrolabe"},{"not_picked":[]}],"items_purged_floors":[0,5,5,19,38],"is_endless":false,"potions_floor_spawned":[3,11,13,20,29,30,31,41,46],"ascension_level":6}}