{"host":"qmlry8i8enac5s44","time":1610718591,"event":{"mods":["Act Like it!","BaseMod","Colored Map","Gensokyo","Luminous","Marisa£®ÏF”Í°°ƒß¿Ì…≥£©","Minty Spire (QoL Compilation)","StSLib","°æ“≈ŒÔø®≈∆°øREMEMod"],"gold_per_floor":[113,113,12,12,12,12,45,62,62,97,110,110,120,133,133,133,133],"floor_reached":16,"language":"ZHS","playtime":891,"items_purged":["Defend_MRS"],"score":141,"play_id":"32c43aed-303b-49a1-8a11-a9643c89c2bc","local_time":"20210115214951","is_ascension_mode":true,"campfire_choices":[{"data":"StarBarrage","floor":6.0,"key":"SMITH"},{"data":"BlazeAway","floor":15,"key":"SMITH"}],"circlet_count":0,"master_deck":["Strike_MRS","Strike_MRS","Strike_MRS","Strike_MRS","Defend_MRS","Defend_MRS","Defend_MRS","MasterSpark","UpSweep","StarBarrage+1","UltimateShortwave","Clumsy","PulseMagic","GalacticHalo","EarthLightRay","BlazeAway+1","MeteoricShower","UnstableBomb","ManaConvection","UnstableBomb"],"relics":["MiniHakkero","REME_ComplimentaryCards","NeowsBlessing","Gensokyo:NagashiBinaDoll","REME_HourglassOfDeath","Gensokyo:MarisaIngredientList","MagicBroom","Frozen Egg 2","Dream Catcher","Gensokyo:MarisaPhilosophersStone"],"acts_visited":["Exordium"],"potions_floor_usage":[12,12,16],"damage_taken":[{"damage":0.0,"enemies":"Gensokyo:3_Fairies","floor":1.0,"turns":1.0},{"damage":0.0,"enemies":"Gensokyo:Mamizou","floor":7.0,"turns":2.0},{"damage":0.0,"enemies":"Gensokyo:Gryphon","floor":8.0,"turns":1.0},{"damage":3.0,"enemies":"Gensokyo:Cirno","floor":10.0,"turns":5.0},{"damage":0.0,"enemies":"Gensokyo:Python","floor":11.0,"turns":2.0},{"damage":55,"enemies":"Gensokyo:Python","floor":12,"turns":5},{"damage":2,"enemies":"Gensokyo:2_Rabbits","floor":13,"turns":4},{"damage":1,"enemies":"Gensokyo:VengefulSpirit","floor":14,"turns":3},{"damage":36,"enemies":"Gensokyo:Reimu","floor":16,"turns":6}],"seed_played":"-1583886730184750370","potions_obtained":[{"floor":7.0,"key":"CultistPotion"},{"floor":11.0,"key":"Dexterity Potion"},{"floor":14,"key":"SteroidPotion"}],"is_trial":false,"path_per_floor":["M","?","$","T","?","R","E","M","T","E","M","?","M","M","R","B"],"character_chosen":"MARISA","items_purchased":["WitchOfGreed"],"campfire_rested":0,"item_purchase_floors":[3],"current_hp_per_floor":[75,75,75,75,75,75,75,75,75,72,72,21,23,26,26,0,0],"gold":133,"neow_bonus":"THREE_ENEMY_KILL","is_daily":false,"chose_seed":false,"campfire_upgraded":2,"win_rate":0.0,"timestamp":1610718591,"path_taken":["M","?","?","?","?","R","E","M","T","E","M","?","M","?","R","BOSS"],"items_purchased_type":["Card"],"build_version":"2020-12-22","purchased_purges":1,"victory":false,"max_hp_per_floor":[75,75,75,75,75,75,75,75,75,75,75,75,75,75,75,75,75],"card_choices":[{"not_picked":["NonDirectionalLaser","6A"],"picked":"StarBarrage","floor":1.0},{"not_picked":["Occultation","DC"],"picked":"PulseMagic","floor":7.0},{"not_picked":["ChargingUp","DoubleSpark"],"picked":"GalacticHalo","floor":8.0},{"not_picked":["PulseMagic","OpenUniverse"],"picked":"EarthLightRay","floor":10.0},{"not_picked":["SuperPerseids","AsteroidBelt"],"picked":"BlazeAway","floor":11.0},{"not_picked":["DC","EarthLightRay"],"picked":"UnstableBomb","floor":12},{"not_picked":["SporeBomb","DeepEcoloBomb"],"picked":"ManaConvection","floor":13},{"not_picked":["EnergyFlow+1","OpenUniverse"],"picked":"UnstableBomb","floor":14}],"player_experience":329918,"relics_obtained":[{"floor":4.0,"key":"REME_HourglassOfDeath"},{"floor":7.0,"key":"MagicBroom"},{"floor":9.0,"key":"Frozen Egg 2"},{"floor":10.0,"key":"Dream Catcher"},{"floor":12,"key":"Gensokyo:MarisaPhilosophersStone"}],"event_choices":[],"is_beta":false,"boss_relics":[],"items_purged_floors":[3],"is_endless":false,"potions_floor_spawned":[7,11,14],"killed_by":"Gensokyo:Reimu","ascension_level":1}}