{"host":"y2kfqdipa4rrljwb","time":1610690562,"event":{"mods":["ATMod(阿瑾Mod)","AchievementEnabler","Act Like it!","Aspiration","BaseMod","Downfall","Friendly Minions","Gensokyo","GungeonMod","GungeonMod Extend","Hallownest","Infinite Spire","LazyManMod","Library of Ruina","Marisa（F雨　魔理沙）","Minty Spire (QoL Compilation)","Random Character Button","Random Character Mod","Reimu（博丽灵梦）","Relic Stats","Remilia（蕾米莉亚）","Replay The Spire","RumiaBox-露米娅的神秘盒子","StSLib","TestMod","The Administrix","The Blackbeard","The Bug Knight","The Cursed","The Gatherer","The Invoker Mod","The Marked","The Servant 0.9.4","vexMod","【功能Mod】混沌之环修复补丁","【遗物Mod】死灵法师NEW","【遗物卡牌】REMEMod","魔戒"],"gold_per_floor":[109,122,122,140,140,140,167,167,167,199,199,214,224,324,324,400,400,415,340,340,355,255,282,282,314,314,314,314,331,206,226,226,331,997,1007,1007,1057,907,921,937,98,125,149,176,186,202,202,202,202,202,202,202,202,202,2,37,37,37,55,74,79,121,195,223,248,248,248],"floor_reached":66,"language":"ZHS","playtime":4176,"items_purged":["TrimTheIngredients","Poor:ReiMu","DemoMod:DoubleSwitch","DemoMod:DirectionalPad","DemoMod:Strike_Huntress","DemoMod:Strike_Huntress","DemoMod:Defend_Huntress","DemoMod:Defend_Huntress"],"score":1332,"play_id":"ff5db67d-de72-4f0c-b6e3-6df5b7c19a83","local_time":"20210115140242","is_ascension_mode":false,"campfire_choices":[{"data":"DemoMod:ManualReload","floor":6.0,"key":"SMITH"},{"data":"DemoMod:RustySidearm","floor":8.0,"key":"SMITH"},{"data":"DemoMod:StickyCrossBow","floor":11.0,"key":"SMITH"},{"floor":15.0,"key":"DIG"},{"floor":32.0,"key":"RECALL"},{"floor":47.0,"key":"DIG"},{"data":"DemoMod:Defend_Huntress","floor":51.0,"key":"PURGE"},{"floor":54.0,"key":"DIG"}],"circlet_count":0,"master_deck":["DemoMod:Defend_Huntress","DemoMod:Roll","DemoMod:ManualReload+1","DemoMod:RustySidearm+1","DemoMod:CrossBow","DemoMod:BattleInHaste+1","DemoMod:StickyCrossBow+1","DemoMod:ConditionalReflex+1","Burn+1","Burn+1","Burn+1"],"relics":["REME_ComplimentaryCards","AT_ATBox","testmod-TestBox","SlaversCollar","testmod-BatchProcessingSystem","YidongShenshe:ReiMu","Pondfish Scales","DemoMod:AgedBell","Shovel","Thread and Needle","RingOfChaos2","infinitespire:Lucky Rock","AT_ChloranthyRing","vexMod:RockOfEvil","Guide Book","ClockworkSouvenir","HollowMod:LifeEnderRelic","Bottled Flame","Bag of Preparation","Replay:Mystery Machine","ReplayFunnel","AT_DeathDance","Divine Protection","DemoMod:GlassGuonStoneRelic","testmod-BouquetWithThorns","Chameleon Ring","Lantern","ScarletDevilRocket"],"acts_visited":["Exordium","TheCity","TheBeyond","TheEnding","TheEnding"],"potions_floor_usage":[],"damage_taken":[{"damage":0.0,"enemies":"Small Slimes","floor":1.0,"turns":2.0},{"damage":0.0,"enemies":"Cultist","floor":2.0,"turns":1.0},{"damage":0.0,"enemies":"2 Louse","floor":4.0,"turns":1.0},{"damage":0.0,"enemies":"Lagavulin","floor":7.0,"turns":1.0},{"damage":0.0,"enemies":"3 Sentries","floor":10.0,"turns":1.0},{"damage":0.0,"enemies":"Lots of Slimes","floor":12.0,"turns":1.0},{"damage":0.0,"enemies":"Exordium Wildlife","floor":13.0,"turns":2.0},{"damage":0.0,"enemies":"Fading Forest","floor":16.0,"turns":2.0},{"damage":0.0,"enemies":"2 Thieves","floor":18.0,"turns":1.0},{"damage":0.0,"enemies":"Shell Parasite","floor":21.0,"turns":1.0},{"damage":0.0,"enemies":"Nightmare","floor":23.0,"turns":1.0},{"damage":0.0,"enemies":"Slavers","floor":25.0,"turns":2.0},{"damage":0.0,"enemies":"Snake Plant","floor":29.0,"turns":1.0},{"damage":0.0,"enemies":"Cultist and Chosen","floor":31.0,"turns":1.0},{"damage":0.0,"enemies":"Champ","floor":33.0,"turns":1.0},{"damage":0.0,"enemies":"3 Shapes","floor":35.0,"turns":1.0},{"damage":0.0,"enemies":"Mind Bloom Boss Battle","floor":37.0,"turns":1.0},{"damage":0.0,"enemies":"3 Darklings","floor":39.0,"turns":1.0},{"damage":0.0,"enemies":"Jaw Worm Horde","floor":40.0,"turns":1.0},{"damage":0.0,"enemies":"Jaw Worm Horde","floor":42.0,"turns":6.0},{"damage":0.0,"enemies":"Jaw Worm Horde","floor":44.0,"turns":7.0},{"damage":0.0,"enemies":"Maw","floor":45.0,"turns":1.0},{"damage":0.0,"enemies":"3 Darklings","floor":46.0,"turns":1.0},{"damage":0.0,"enemies":"Replay:Hell Engine","floor":52.0,"turns":1.0},{"damage":0.0,"enemies":"Shield and Spear","floor":56.0,"turns":1.0},{"damage":0.0,"enemies":"The Heart","floor":57.0,"turns":1.0},{"damage":7.0,"enemies":"AshenShotgunKin_and_MuzzleWisp","floor":59.0,"turns":1.0},{"damage":0.0,"enemies":"3_Gunzookies","floor":60.0,"turns":1.0},{"damage":0.0,"enemies":"3_Gunzookies","floor":62.0,"turns":1.0},{"damage":0.0,"enemies":"3_Gunzookies","floor":62.0,"turns":1.0},{"damage":0.0,"enemies":"3_Gunzookies","floor":62.0,"turns":1.0},{"damage":0.0,"enemies":"3_Gunzookies","floor":64.0,"turns":5.0},{"damage":0,"enemies":"DemoExt:Dragun","floor":66,"turns":2}],"seed_played":"9188155105192191443","potions_obtained":[{"floor":4.0,"key":"Strength Potion"},{"floor":16.0,"key":"champ:CounterPotion"},{"floor":21.0,"key":"SpeedPotion"},{"floor":29.0,"key":"Weak Potion"},{"floor":31.0,"key":"Dexterity Potion"},{"floor":40.0,"key":"Adrenaline Potion"}],"is_trial":false,"path_per_floor":["M","M","?","M","?","R","E","R","T","E","R","M","M","?","R","B",null,"M","$","?","M","$","NM","AVR","E","T","?","?","M","$","M","R","B",null,"M","AVR","?","$","M","M","$","E","T","E","M","M","R","PTL","PTL","?","R","B",null,"R","$","E","B",null,"M","M","?","?","?","E","T","B"],"character_chosen":"HUNTRESS","items_purchased":["ClockworkSouvenir","HollowMod:LifeEnderRelic","Bottled Flame"],"campfire_rested":0,"item_purchase_floors":[41,41,41],"current_hp_per_floor":[70,70,70,70,70,70,70,70,70,70,70,70,70,70,70,70,70,70,70,70,70,70,70,70,70,70,57,57,57,57,57,57,57,75,75,75,75,75,75,75,75,75,75,75,75,75,75,75,75,75,75,75,75,75,75,75,75,75,68,68,68,68,68,68,68,68,68],"gold":248,"neow_bonus":"BOSS_RELIC","is_daily":false,"chose_seed":false,"campfire_upgraded":3,"win_rate":0.0,"timestamp":1610690562,"path_taken":["M","M","?","?","?","R","E","R","T","E","R","M","M","?","R","BOSS","M","?","?","M","$","NM","AVR","E","T","?","?","M","$","M","R","BOSS","M","AVR","?","$","M","M","$","E","T","E","M","M","R","PTL","PTL","?","R","BOSS","R","$","E","BOSS","M","?","?","?","?","E","?","BOSS"],"items_purchased_type":["Relic","Relic","Relic"],"build_version":"2020-12-22","purchased_purges":8,"victory":false,"max_hp_per_floor":[70,70,70,70,70,70,70,70,70,70,70,70,70,70,70,70,70,70,70,70,70,70,70,70,70,70,75,75,75,75,75,75,75,75,75,75,75,75,75,75,75,75,75,75,75,75,75,75,75,75,75,75,75,75,75,75,75,75,75,75,75,75,75,75,75,75,75],"relic_stats":{"Shovel":3,"counters":[33,53],"Bag of Preparation":[26],"obtain_stats":[{"ReplayFunnel":44,"Divine Protection":54,"Lantern":64,"AT_ATBox":0,"DemoMod:AgedBell":9,"ScarletDevilRocket":65,"testmod-BatchProcessingSystem":0,"DemoMod:GlassGuonStoneRelic":2,"Bag of Preparation":42,"Replay:Mystery Machine":43,"vexMod:RockOfEvil":34,"testmod-BouquetWithThorns":62,"ClockworkSouvenir":41,"Shovel":10,"Chameleon Ring":63,"RingOfChaos2":17,"AT_ChloranthyRing":25,"testmod-TestBox":0,"HollowMod:LifeEnderRelic":41,"DemoMod:Dog":0,"DemoMod:WeirdEgg":15,"Guide Book":36,"Thread and Needle":56,"infinitespire:Lucky Rock":23,"SlaversCollar":0,"Pondfish Scales":7,"Bottled Flame":41,"YidongShenshe:ReiMu":5,"AT_DeathDance":47,"REME_ComplimentaryCards":0},{"ReplayFunnel":21,"Divine Protection":24,"Lantern":32,"AT_ATBox":0,"DemoMod:AgedBell":4,"ScarletDevilRocket":32,"testmod-BatchProcessingSystem":0,"DemoMod:GlassGuonStoneRelic":2,"Bag of Preparation":20,"Replay:Mystery Machine":20,"vexMod:RockOfEvil":15,"testmod-BouquetWithThorns":31,"ClockworkSouvenir":19,"Shovel":5,"Chameleon Ring":31,"RingOfChaos2":8,"AT_ChloranthyRing":12,"testmod-TestBox":0,"HollowMod:LifeEnderRelic":19,"DemoMod:Dog":0,"DemoMod:WeirdEgg":7,"Guide Book":16,"Thread and Needle":25,"infinitespire:Lucky Rock":11,"SlaversCollar":0,"Pondfish Scales":4,"Bottled Flame":19,"YidongShenshe:ReiMu":3,"AT_DeathDance":23,"REME_ComplimentaryCards":0},{"ReplayFunnel":36,"Divine Protection":39,"Lantern":51,"AT_ATBox":0,"DemoMod:AgedBell":5,"ScarletDevilRocket":51,"testmod-BatchProcessingSystem":0,"DemoMod:GlassGuonStoneRelic":3,"Bag of Preparation":29,"Replay:Mystery Machine":29,"vexMod:RockOfEvil":19,"testmod-BouquetWithThorns":46,"ClockworkSouvenir":23,"Shovel":6,"Chameleon Ring":46,"RingOfChaos2":11,"AT_ChloranthyRing":16,"testmod-TestBox":0,"HollowMod:LifeEnderRelic":23,"DemoMod:Dog":0,"DemoMod:WeirdEgg":9,"Guide Book":20,"Thread and Needle":40,"infinitespire:Lucky Rock":14,"SlaversCollar":0,"Pondfish Scales":5,"Bottled Flame":23,"YidongShenshe:ReiMu":4,"AT_DeathDance":38,"REME_ComplimentaryCards":0}]},"card_choices":[{"not_picked":["DemoMod:JK47","DemoMod:ShadowBullets"],"picked":"DemoMod:DoubleSwitch","floor":1.0},{"not_picked":["DemoMod:HuntsMan","DemoMod:Unity","DemoMod:FortunesFavor"],"picked":"SKIP","floor":2.0},{"not_picked":["DemoMod:DoubleSwitch","DemoMod:HuntsMan"],"picked":"DemoMod:DirectionalPad","floor":4.0},{"not_picked":["DemoMod:BlackHoleGun","DemoMod:Unmoved"],"picked":"DemoMod:BattleInHaste","floor":7.0},{"not_picked":["DemoMod:TeaPot","DemoMod:SAA"],"picked":"DemoMod:StickyCrossBow","floor":10.0},{"not_picked":["DemoMod:DirectionalPad","DemoMod:HuntsMan"],"picked":"DemoMod:ConditionalReflex","floor":12.0},{"not_picked":["DemoMod:HuntsMan","DemoMod:MegaHand","DemoMod:AWP"],"picked":"SKIP","floor":13.0},{"not_picked":["DemoMod:HuntsMan","DemoMod:LifeOrb+1","DemoMod:PotionOfGunFriendShip+1"],"picked":"SKIP","floor":18.0},{"not_picked":["DemoMod:DoubleSwitch","DemoMod:HungryBullets","DemoMod:PracticeMakesPerfect"],"picked":"SKIP","floor":21.0},{"not_picked":["DemoMod:DoubleSwitch","DemoMod:HungryBullets","DemoMod:PracticeMakesPerfect"],"picked":"SKIP","floor":21.0},{"not_picked":["DemoMod:AbyssalTentacle+1","DemoMod:Purify","DemoMod:GunstockTap+1"],"picked":"SKIP","floor":23.0},{"not_picked":["DemoMod:BlackHoleGun","DemoMod:StickyCrossBow","DemoMod:AC15+1"],"picked":"SKIP","floor":25.0},{"not_picked":["DemoMod:ZorGun","DemoMod:LifeOrb+1","DemoMod:CursedBullets"],"picked":"SKIP","floor":29.0},{"not_picked":["DemoMod:TripleGun+1","DemoMod:SkilledReload","DemoMod:BattleInHaste"],"picked":"SKIP","floor":31.0},{"not_picked":["DemoMod:MachoBrace+1","DemoMod:ChanceBullets+1","DemoMod:DarkMarker"],"picked":"SKIP","floor":35.0},{"not_picked":["DemoMod:GunstockTap","DemoMod:TableSutra+1","DemoMod:HardPowerCard+1"],"picked":"SKIP","floor":39.0},{"not_picked":["DemoMod:CursedBullets+1","DemoMod:TeaPot+1","DemoMod:BoxingGlove"],"picked":"SKIP","floor":40.0},{"not_picked":["DemoMod:BulletBore","DemoMod:BattleInHaste+1","DemoMod:GunShield+1"],"picked":"SKIP","floor":42.0},{"not_picked":["DemoMod:Rummage","DemoMod:PotionOfGunFriendShip","DemoMod:HuntsMan+1"],"picked":"SKIP","floor":44.0},{"not_picked":["DemoMod:Unmoved","DemoMod:MachoBrace+1","DemoMod:StickyCrossBow+1"],"picked":"SKIP","floor":45.0},{"not_picked":["DemoMod:Unity","DemoMod:ConditionalReflex+1","DemoMod:CombinedRifle"],"picked":"SKIP","floor":46.0},{"not_picked":["DemoMod:Unmoved+1","DemoMod:DarkMarker","DemoMod:StickyCrossBow+1"],"picked":"SKIP","floor":56.0},{"not_picked":["DemoMod:Unmoved","DemoMod:MegaHand","DemoMod:SniperShot+1"],"picked":"SKIP","floor":59.0},{"not_picked":["DemoMod:AWP+1","DemoMod:Unity+1","DemoMod:EasyReloadBullets"],"picked":"SKIP","floor":60.0},{"not_picked":["DemoMod:ProbeStrike","DemoMod:TeaPot","DemoMod:AC15"],"picked":"SKIP","floor":64.0}],"player_experience":322940,"relics_obtained":[{"floor":7.0,"key":"Pondfish Scales"},{"floor":9.0,"key":"DemoMod:AgedBell"},{"floor":10.0,"key":"Shovel"},{"floor":15.0,"key":"DemoMod:WeirdEgg"},{"floor":23.0,"key":"infinitespire:Lucky Rock"},{"floor":25.0,"key":"AT_ChloranthyRing"},{"floor":42.0,"key":"Bag of Preparation"},{"floor":43.0,"key":"Replay:Mystery Machine"},{"floor":44.0,"key":"ReplayFunnel"},{"floor":47.0,"key":"AT_DeathDance"},{"floor":54.0,"key":"Divine Protection"},{"floor":62.0,"key":"testmod-BouquetWithThorns"},{"floor":63.0,"key":"Chameleon Ring"},{"floor":64.0,"key":"Lantern"},{"floor":65.0,"key":"ScarletDevilRocket"}],"event_choices":[{"cards_removed":["DemoMod:Strike_Huntress"],"damage_healed":0.0,"max_hp_gain":0.0,"max_hp_loss":0.0,"gold_gain":0.0,"event_name":"Purifier","player_choice":"Purged","floor":3.0,"gold_loss":0.0,"damage_taken":0.0},{"damage_healed":0.0,"max_hp_gain":0.0,"max_hp_loss":0.0,"gold_gain":0.0,"event_name":"yidonshenshe","player_choice":"带走神社","floor":5.0,"gold_loss":0.0,"damage_taken":0.0,"relics_obtained":["YidongShenshe:ReiMu"],"cards_obtained":["Poor:ReiMu"]},{"damage_healed":0.0,"max_hp_gain":0.0,"max_hp_loss":0.0,"gold_gain":100.0,"event_name":"Golden Shrine","player_choice":"Pray","floor":14.0,"gold_loss":0.0,"damage_taken":0.0},{"damage_healed":0.0,"max_hp_gain":0.0,"max_hp_loss":0.0,"gold_gain":0.0,"event_name":"Match and Keep!","player_choice":"1 cards matched","floor":20.0,"gold_loss":0.0,"damage_taken":0.0,"cards_obtained":["DemoExt:MakeshiftCannon"]},{"damage_healed":0.0,"max_hp_gain":5.0,"max_hp_loss":0.0,"gold_gain":0.0,"event_name":"Forgotten Altar","player_choice":"Shed Blood","floor":27.0,"gold_loss":0.0,"damage_taken":18.0},{"damage_healed":0.0,"max_hp_gain":0.0,"max_hp_loss":0.0,"gold_gain":0.0,"event_name":"MindBloom","player_choice":"Fight","floor":37.0,"gold_loss":0.0,"damage_taken":0.0},{"damage_healed":0.0,"max_hp_gain":0.0,"max_hp_loss":0.0,"gold_gain":0.0,"event_name":"Lab","player_choice":"Got Potions","floor":50.0,"gold_loss":0.0,"damage_taken":0.0}],"is_beta":false,"boss_relics":[{"not_picked":["testmod-IncinerationGenerator","Ring of Chaos"],"picked":"RingOfChaos2"},{"not_picked":["Velvet Choker","Runic Pyramid"],"picked":"vexMod:RockOfEvil"}],"items_purged_floors":[19,22,24,30,36,38,41,55],"is_endless":false,"potions_floor_spawned":[4,16,21,29,31,37,40,44,45,46,62],"killed_by":"DemoExt:Dragun","ascension_level":0}}