{"host":"kgfs5ebhusfk1t4t","time":1610719915,"event":{"mods":["BaseMod","Colored Map","DeckTracker","Highlight Path","KOR Keyword Fix","Keyboard Shortcuts","Minty Spire (QoL Compilation)","Permanent Neow","Quick Restart","StSLib","SuperFastMode","everything is the same but u backflip on backflip"],"gold_per_floor":[364,289,308,308,323,323,352,368,368,386,386,406,92,103,103,199,199,216,216,216,216],"floor_reached":20,"language":"KOR","playtime":913,"items_purged":["Writhe","Strike_R"],"score":282,"play_id":"8d2a6a52-603f-4e91-97e8-e6113315cc9b","local_time":"20210115231155","is_ascension_mode":true,"campfire_choices":[{"data":"Uppercut","floor":6,"key":"SMITH"},{"floor":11,"key":"REST"},{"floor":15,"key":"REST"}],"circlet_count":0,"master_deck":["AscendersBane","Bash","Uppercut+1","Clothesline","Feel No Pain+1","Berserk+1","Pummel","Seeing Red","Fire Breathing+1","Clash","Berserk+1","Barricade+1","Fire Breathing+1","Intimidate","Headbutt","Rage","Immolate","Disarm","Bludgeon","Fire Breathing+1"],"relics":["Burning Blood","War Paint","Frozen Egg 2","Nunchaku","Regal Pillow","Pandora\u0027s Box","Nilry\u0027s Codex"],"acts_visited":["Exordium","TheCity"],"potions_floor_usage":[7,16,16,18],"damage_taken":[{"damage":6,"enemies":"2 Louse","floor":1,"turns":4},{"damage":4,"enemies":"Cultist","floor":3,"turns":3},{"damage":4,"enemies":"Jaw Worm","floor":5,"turns":4},{"damage":25,"enemies":"Gremlin Nob","floor":7,"turns":5},{"damage":18,"enemies":"Exordium Wildlife","floor":8,"turns":6},{"damage":7,"enemies":"Blue Slaver","floor":10,"turns":4},{"damage":18,"enemies":"Lots of Slimes","floor":12,"turns":6},{"damage":22,"enemies":"3 Louse","floor":14,"turns":4},{"damage":48,"enemies":"Hexaghost","floor":16,"turns":10},{"damage":21,"enemies":"Spheric Guardian","floor":18,"turns":5},{"damage":41,"enemies":"Masked Bandits","floor":20,"turns":3}],"seed_played":"5844147286414993541","potions_obtained":[{"floor":5,"key":"BlessingOfTheForge"},{"floor":8,"key":"Ancient Potion"},{"floor":14,"key":"Block Potion"},{"floor":16,"key":"PowerPotion"}],"is_trial":false,"path_per_floor":["M","$","M","?","M","R","E","M","T","M","R","M","$","M","R","B",null,"M","?","?"],"character_chosen":"IRONCLAD","items_purchased":["Regal Pillow","Fire Breathing+1"],"campfire_rested":2,"item_purchase_floors":[13,13],"current_hp_per_floor":[72,72,74,74,76,76,57,45,45,44,68,56,56,40,79,37,69,54,38,0,0],"gold":216,"neow_bonus":"TWO_FIFTY_GOLD","is_daily":false,"chose_seed":false,"campfire_upgraded":1,"win_rate":0.0,"timestamp":1610719915,"path_taken":["M","$","M","?","M","R","E","M","T","M","R","M","$","M","R","BOSS","M","?","?"],"items_purchased_type":["Relic","Card"],"build_version":"2020-12-22","purchased_purges":2,"victory":false,"max_hp_per_floor":[80,80,80,80,80,80,80,80,80,80,80,80,80,80,80,80,80,80,80,80,80],"card_choices":[{"not_picked":["Thunderclap","Clothesline"],"picked":"Uppercut","floor":1},{"not_picked":["Havoc","Twin Strike"],"picked":"Clash","floor":3},{"not_picked":["Thunderclap","Disarm"],"picked":"Clothesline","floor":5},{"not_picked":["Heavy Blade","Pommel Strike"],"picked":"Feel No Pain+1","floor":7},{"not_picked":["Carnage","Shockwave"],"picked":"Berserk+1","floor":8},{"not_picked":["Bloodletting","Heavy Blade"],"picked":"Pummel","floor":10},{"not_picked":["Pommel Strike","Reckless Charge"],"picked":"Seeing Red","floor":12},{"not_picked":["Heavy Blade","Warcry"],"picked":"Clash","floor":14},{"not_picked":["Bludgeon","Reaper"],"picked":"Berserk+1","floor":16},{"not_picked":["Pommel Strike","Sword Boomerang"],"picked":"Fire Breathing+1","floor":18}],"player_experience":492072,"relics_obtained":[{"floor":7,"key":"Frozen Egg 2"},{"floor":9,"key":"Nunchaku"},{"floor":19,"key":"Nilry\u0027s Codex"}],"event_choices":[{"cards_removed":["Clash"],"damage_healed":0,"gold_gain":0,"player_choice":"Gave Card","damage_taken":0,"relics_obtained":["War Paint"],"max_hp_gain":0,"max_hp_loss":0,"event_name":"WeMeetAgain","floor":4,"gold_loss":0},{"damage_healed":0,"gold_gain":0,"player_choice":"Obtained Book","damage_taken":16,"max_hp_gain":0,"max_hp_loss":0,"event_name":"Cursed Tome","floor":19,"gold_loss":0},{"damage_healed":0,"gold_gain":0,"player_choice":"Fought Bandits","damage_taken":0,"max_hp_gain":0,"max_hp_loss":0,"event_name":"Masked Bandits","floor":20,"gold_loss":0}],"is_beta":false,"boss_relics":[{"not_picked":["Calling Bell","Black Blood"],"picked":"Pandora\u0027s Box"}],"items_purged_floors":[2,13],"is_endless":false,"potions_floor_spawned":[5,8,14,16],"killed_by":"Masked Bandits","ascension_level":12}}