{"host":"jb40sdn36ct36hhv","time":1610695039,"event":{"mods":["Act Like it!","BaseMod","Better Third Choice","Marisa????????","Minty Spire (QoL Compilation)","StSLib"],"gold_per_floor":[111,286,286,211,223,249,263,93,93,93,123,123,140,215,215,313,313,328,328,428,428,428,428,455,455,455,455,475,475,489,489,489],"floor_reached":31,"language":"ENG","playtime":1503,"items_purged":["Doubt","Strike_MRS"],"score":284,"play_id":"ff8ee4d8-9f88-4bc6-a868-8df37816c325","local_time":"20210114231719","is_ascension_mode":false,"campfire_choices":[{"data":"WitchLeyline","floor":10.0,"key":"SMITH"},{"data":"ShootingEcho","floor":12.0,"key":"SMITH"},{"data":"ShootingEcho","floor":15.0,"key":"SMITH"},{"data":"BinaryStars","floor":23.0,"key":"SMITH"}],"circlet_count":0,"master_deck":["Strike_MRS+1","Defend_MRS+1","Defend_MRS+1","Defend_MRS+1","Defend_MRS+1","UpSweep","GalacticHalo","ShootingEcho+1","WitchLeyline+1","ShootingEcho+1","GasGiant","BinaryStars+1","Orbital","RitualDagger","PropBag+1","GalacticHalo","GasGiant","SuperPerseids+1"],"relics":["MiniHakkero","Juzu Bracelet","Potion Belt","BreadOfAWashokuLover","Sundial","Question Card","SproutingBranch","Philosopher\u0027s Stone","Mummified Hand","Singing Bowl","Shuriken","Letter Opener"],"acts_visited":["Exordium","TheCity"],"potions_floor_usage":[],"damage_taken":[{"damage":0.0,"enemies":"2 Louse","floor":1.0,"turns":2.0},{"damage":0.0,"enemies":"Cultist","floor":5.0,"turns":3.0},{"damage":14.0,"enemies":"Gremlin Nob","floor":6.0,"turns":3.0},{"damage":3.0,"enemies":"Small Slimes","floor":7.0,"turns":3.0},{"damage":12.0,"enemies":"3 Sentries","floor":11.0,"turns":7.0},{"damage":6.0,"enemies":"Blue Slaver","floor":13.0,"turns":6.0},{"damage":20.0,"enemies":"The Guardian","floor":16.0,"turns":9.0},{"damage":23.0,"enemies":"3 Byrds","floor":18.0,"turns":3.0},{"damage":30.0,"enemies":"Slavers","floor":24.0,"turns":5.0},{"damage":0.0,"enemies":"Spheric Guardian","floor":28.0,"turns":2.0},{"damage":18,"enemies":"3 Cultists","floor":30,"turns":6},{"damage":49,"enemies":"Gremlin Leader","floor":31,"turns":8}],"seed_played":"8278754404568725721","potions_obtained":[{"floor":1.0,"key":"Dexterity Potion"},{"floor":5.0,"key":"FearPotion"},{"floor":7.0,"key":"LiquidBronze"},{"floor":30,"key":"FearPotion"}],"is_trial":false,"path_per_floor":["M","?","?","$","M","E","M","$","T","R","E","R","M","?","R","B",null,"M","?","?","?","?","R","E","?","T","?","M","?","M","E"],"character_chosen":"MARISA","items_purchased":["GasGiant"],"campfire_rested":0,"item_purchase_floors":[8],"current_hp_per_floor":[75,75,58,58,58,44,41,41,41,41,38,38,47,36,36,48,88,68,68,68,62,45,45,29,29,29,29,36,36,33,0,0],"gold":489,"neow_bonus":"RANDOM_COMMON_RELIC","is_daily":false,"chose_seed":false,"campfire_upgraded":4,"win_rate":0.0,"timestamp":1610695039,"path_taken":["M","?","?","$","M","E","M","$","T","R","E","R","M","?","R","BOSS","M","?","?","?","?","R","E","?","T","?","M","?","M","E"],"items_purchased_type":["Card"],"build_version":"2020-12-22","purchased_purges":2,"victory":false,"max_hp_per_floor":[75,75,75,75,75,75,75,75,75,75,75,75,75,75,75,88,88,88,88,88,88,93,93,93,93,93,93,95,95,95,95,95],"card_choices":[{"not_picked":["ManaConvection","ChargeUpSpray"],"picked":"GalacticHalo","floor":1.0},{"not_picked":["GravityBeat","StarBarrage"],"picked":"ShootingEcho","floor":5.0},{"not_picked":["DeepEcoloBomb","SatelliteIllusion"],"picked":"WitchLeyline","floor":6.0},{"not_picked":["SporeBomb","MysteriousBeam"],"picked":"ShootingEcho","floor":7.0},{"not_picked":["DC","Robbery","StarDustReverie","GravityBeat"],"picked":"SKIP","floor":11.0},{"not_picked":["6A","GravityBeat","StarlightTyphoon","Acceleration"],"picked":"SKIP","floor":13.0},{"not_picked":["ManaRampage","CasketOfStar","MaximisePower"],"picked":"BinaryStars","floor":16.0},{"not_picked":["PowerUp","GalacticHalo","GravityBeat"],"picked":"Orbital","floor":18.0},{"not_picked":["UnstableBomb","WitchLeyline","StarlightTyphoon"],"picked":"PropBag+1","floor":24.0},{"not_picked":["6A+1","NonDirectionalLaser","GalacticHalo+1","EnergyRecoil"],"picked":"Singing Bowl","floor":28.0},{"not_picked":["DC","IllusionStar+1","GrandCross"],"picked":"SuperPerseids+1","floor":30}],"player_experience":1204337,"relics_obtained":[{"floor":6.0,"key":"Sundial"},{"floor":9.0,"key":"Question Card"},{"floor":11.0,"key":"SproutingBranch"},{"floor":24.0,"key":"Mummified Hand"},{"floor":26.0,"key":"Singing Bowl"}],"event_choices":[{"damage_healed":0.0,"max_hp_gain":0.0,"max_hp_loss":0.0,"gold_gain":175.0,"event_name":"betterThird:BetterSerpent","player_choice":"AGREE","floor":2.0,"gold_loss":0.0,"damage_taken":111.0},{"damage_healed":0.0,"max_hp_gain":0.0,"max_hp_loss":0.0,"gold_gain":1.0,"event_name":"betterThird:BetterScrap","player_choice":"Relic Relic ","floor":3.0,"gold_loss":0.0,"damage_taken":17.0,"cards_obtained":["Distraction"]},{"damage_healed":0.0,"max_hp_gain":0.0,"max_hp_loss":0.0,"gold_gain":75.0,"event_name":"betterThird:BetterGoop","player_choice":"Gold","floor":14.0,"gold_loss":0.0,"damage_taken":11.0},{"damage_healed":0.0,"max_hp_gain":0.0,"max_hp_loss":7.0,"gold_gain":0.0,"event_name":"betterThird:BetterWriting","player_choice":"Simplicity","floor":19.0,"gold_loss":0.0,"damage_taken":0.0},{"damage_healed":0.0,"max_hp_gain":0.0,"max_hp_loss":0.0,"gold_gain":100.0,"event_name":"Golden Shrine","player_choice":"Pray","floor":20.0,"gold_loss":0.0,"damage_taken":0.0},{"damage_healed":0.0,"max_hp_gain":0.0,"max_hp_loss":0.0,"gold_gain":0.0,"event_name":"betterThird:BetterNest","player_choice":"Dagger","floor":21.0,"gold_loss":0.0,"damage_taken":6.0,"cards_obtained":["RitualDagger"]},{"damage_healed":0.0,"max_hp_gain":5.0,"max_hp_loss":0.0,"gold_gain":0.0,"event_name":"Forgotten Altar","player_choice":"Shed Blood","floor":22.0,"gold_loss":0.0,"damage_taken":22.0},{"damage_healed":0.0,"max_hp_gain":0.0,"max_hp_loss":0.0,"gold_gain":0.0,"event_name":"Vampires","player_choice":"Ignored","floor":25.0,"gold_loss":0.0,"damage_taken":0.0},{"cards_removed":["MasterSpark"],"damage_healed":0.0,"max_hp_gain":0.0,"max_hp_loss":0.0,"gold_gain":0.0,"event_name":"Purifier","player_choice":"Purged","floor":27.0,"gold_loss":0.0,"damage_taken":0.0},{"damage_healed":0,"gold_gain":0,"cards_transformed":["Strike_MRS","Strike_MRS"],"player_choice":"Became Test Subject","damage_taken":0,"max_hp_gain":0,"max_hp_loss":0,"event_name":"Drug Dealer","floor":29,"gold_loss":0,"cards_obtained":["GalacticHalo","GasGiant"]}],"is_beta":false,"boss_relics":[{"not_picked":["Busted Crown","Ectoplasm"],"picked":"Philosopher\u0027s Stone"}],"items_purged_floors":[4,8],"is_endless":false,"potions_floor_spawned":[1,5,7,30],"killed_by":"Gremlin Leader","ascension_level":0}}