{"host":"g01l53quoe6lrer0","time":1610680250,"event":{"mods":["2.2 Compatiblity","AchievementEnabler","BaseMod","Colored Map","Highlight Path","Keyboard Shortcuts","Minty Spire (QoL Compilation)","Permanent Neow","StSLib","SuperFastMode","everything is the same but u backflip on backflip"],"gold_per_floor":[20,32,43,58,19,19,36,52,75,86,86,97,126,136,136,214,214,231,231,247,259,259,259],"floor_reached":22,"language":"KOR","playtime":777,"items_purged":[],"score":369,"play_id":"b8e16485-9d31-4c88-a08e-88ac3f4bdf6b","local_time":"20210115121050","is_ascension_mode":true,"campfire_choices":[{"data":"Streamline","floor":6.0,"key":"SMITH"},{"floor":11.0,"key":"REST"},{"data":"Defragment","floor":15.0,"key":"SMITH"}],"circlet_count":0,"master_deck":["AscendersBane","Zap","Dualcast","Chill","Streamline+1","Genetic Algorithm","Ball Lightning","Capacitor","Sweeping Beam","Defragment+1","Coolheaded","Compile Driver","Echo Form","Stack","Multi-Cast","White Noise","Defragment","Conserve Battery","Rainbow","Ball Lightning","Buffer","Ball Lightning","Leap","Glacier","Loop","Leap"],"relics":["Cracked Core","Ice Cream","Akabeko","Pantograph","Pandora\u0027s Box"],"acts_visited":["Exordium","TheCity"],"potions_floor_usage":[21],"damage_taken":[{"damage":2.0,"enemies":"Jaw Worm","floor":1.0,"turns":3.0},{"damage":4.0,"enemies":"Cultist","floor":2.0,"turns":3.0},{"damage":3.0,"enemies":"Small Slimes","floor":3.0,"turns":3.0},{"damage":6.0,"enemies":"Exordium Thugs","floor":4.0,"turns":4.0},{"damage":12.0,"enemies":"Large Slime","floor":7.0,"turns":4.0},{"damage":4.0,"enemies":"Blue Slaver","floor":8.0,"turns":5.0},{"damage":12.0,"enemies":"Exordium Wildlife","floor":10.0,"turns":3.0},{"damage":8.0,"enemies":"Gremlin Gang","floor":12.0,"turns":5.0},{"damage":2.0,"enemies":"3 Sentries","floor":13.0,"turns":6.0},{"damage":12.0,"enemies":"Exordium Thugs","floor":14.0,"turns":4.0},{"damage":7.0,"enemies":"The Guardian","floor":16.0,"turns":9.0},{"damage":22.0,"enemies":"2 Thieves","floor":18.0,"turns":4.0},{"damage":12.0,"enemies":"Chosen","floor":20.0,"turns":5.0},{"damage":25,"enemies":"Shelled Parasite and Fungi","floor":21,"turns":8},{"damage":0,"enemies":"3 Cultists","floor":22,"turns":1}],"seed_played":"3835125455612395945","potions_obtained":[{"floor":1.0,"key":"Energy Potion"},{"floor":2.0,"key":"SpeedPotion"},{"floor":8.0,"key":"SkillPotion"},{"floor":12.0,"key":"Fire Potion"},{"floor":14.0,"key":"Fire Potion"},{"floor":21,"key":"DuplicationPotion"}],"is_trial":false,"path_per_floor":["M","M","M","M","$","R","M","M","T","M","R","M","E","M","R","B",null,"M","?","M","M","M"],"character_chosen":"DEFECT","items_purchased":["Capacitor"],"campfire_rested":1,"item_purchase_floors":[5],"current_hp_per_floor":[62,58,55,49,49,49,37,33,33,21,42,34,32,20,20,38,63,41,41,29,4,4,4],"gold":259,"neow_bonus":"ONE_RARE_RELIC","is_daily":false,"chose_seed":false,"campfire_upgraded":2,"win_rate":0.0,"timestamp":1610680250,"path_taken":["M","M","M","M","$","R","M","M","T","M","R","M","E","M","R","BOSS","M","?","M","M","?"],"items_purchased_type":["Card"],"build_version":"2020-12-22","purchased_purges":0,"victory":false,"max_hp_per_floor":[71,71,71,71,71,71,71,71,71,71,71,71,71,71,71,71,71,71,71,71,71,71,71],"card_choices":[{"not_picked":["Reprogram","FTL"],"picked":"Chill","floor":1.0},{"not_picked":["Ball Lightning","Darkness"],"picked":"Streamline","floor":2.0},{"not_picked":["Redo","Doom and Gloom"],"picked":"Genetic Algorithm","floor":3.0},{"not_picked":["Rebound","Cold Snap"],"picked":"Ball Lightning","floor":4.0},{"not_picked":["Streamline","Darkness"],"picked":"Sweeping Beam","floor":7.0},{"not_picked":["Reboot","Go for the Eyes"],"picked":"Defragment","floor":8.0},{"not_picked":["Chill","Loop"],"picked":"Coolheaded","floor":10.0},{"not_picked":["Double Energy","Rebound"],"picked":"Compile Driver","floor":12.0},{"not_picked":["Compile Driver","Ball Lightning"],"picked":"Echo Form","floor":13.0},{"not_picked":["Barrage","Ball Lightning"],"picked":"Stack","floor":14.0},{"not_picked":["Fission","Thunder Strike"],"picked":"Multi-Cast","floor":16.0},{"not_picked":["Rebound","FTL"],"picked":"Leap","floor":18.0},{"not_picked":["Redo","Gash"],"picked":"Loop","floor":20.0},{"not_picked":["Rebound","Coolheaded"],"picked":"Leap","floor":21}],"player_experience":202023,"relics_obtained":[{"floor":9.0,"key":"Akabeko"},{"floor":13.0,"key":"Pantograph"}],"event_choices":[{"damage_healed":0.0,"max_hp_gain":0.0,"max_hp_loss":0.0,"gold_gain":0.0,"cards_transformed":["Gash"],"event_name":"Transmorgrifier","player_choice":"Transformed","floor":19.0,"gold_loss":0.0,"damage_taken":0.0,"cards_obtained":["Glacier"]}],"is_beta":false,"boss_relics":[{"not_picked":["Velvet Choker","SlaversCollar"],"picked":"Pandora\u0027s Box"}],"items_purged_floors":[],"is_endless":false,"potions_floor_spawned":[1,2,8,12,14,21],"killed_by":"3 Cultists","ascension_level":18}}