{"host":"qjv9b7mze4c73keh","time":1610739769,"event":{"mods":["BaseMod","Minty Spire (QoL Compilation)"],"gold_per_floor":[115,115,190,200,213,213,183,200,225,68,83,83,101,121,121,226,226,246,171,270,252,252,252,252,252],"floor_reached":24,"language":"RUS","playtime":3510,"items_purged":["Strike_R"],"score":188,"play_id":"c80990a7-2d32-429d-827c-a894a285653a","local_time":"20210116004249","is_ascension_mode":false,"campfire_choices":[{"floor":6.0,"key":"REST"},{"floor":12,"key":"REST"},{"data":"Transmutation","floor":15,"key":"SMITH"},{"floor":23,"key":"REST"}],"circlet_count":0,"master_deck":["Strike_R","Strike_R","Strike_R","Defend_R","Defend_R","Defend_R","Defend_R","Bash","Transmutation+1","Metallicize","Searing Blow","Trip","Double Tap","Rampage","Demon Form","Armaments"],"relics":["Burning Blood","Juzu Bracelet","Philosopher\u0027s Stone"],"acts_visited":["Exordium","TheCity"],"potions_floor_usage":[16,16,24],"damage_taken":[{"damage":5.0,"enemies":"Small Slimes","floor":1.0,"turns":4.0},{"damage":0.0,"enemies":"2 Louse","floor":4.0,"turns":4.0},{"damage":16.0,"enemies":"Cultist","floor":5.0,"turns":8.0},{"damage":0.0,"enemies":"Looter","floor":7.0,"turns":4.0},{"damage":14.0,"enemies":"3 Louse","floor":8.0,"turns":6.0},{"damage":12,"enemies":"2 Fungi Beasts","floor":11,"turns":5},{"damage":4,"enemies":"Blue Slaver","floor":13,"turns":7},{"damage":13,"enemies":"Red Slaver","floor":14,"turns":6},{"damage":52,"enemies":"Hexaghost","floor":16,"turns":15},{"damage":33,"enemies":"Shell Parasite","floor":18,"turns":7},{"damage":31,"enemies":"2 Thieves","floor":21,"turns":4},{"damage":42,"enemies":"Cultist and Chosen","floor":24,"turns":5}],"seed_played":"1979046330197922709","potions_obtained":[{"floor":8.0,"key":"BlessingOfTheForge"},{"floor":11,"key":"DistilledChaos"},{"floor":13,"key":"PowerPotion"},{"floor":16,"key":"BlessingOfTheForge"},{"floor":22,"key":"AttackPotion"},{"floor":22,"key":"SpeedPotion"}],"is_trial":false,"path_per_floor":["M","?","?","M","M","R","M","M","T","$","M","R","M","M","R","B",null,"M","?","?","M","?","R","M"],"character_chosen":"IRONCLAD","items_purchased":["Trip"],"campfire_rested":3,"item_purchase_floors":[10],"current_hp_per_floor":[72,72,61,67,57,72,72,64,64,64,58,72,72,65,65,19,72,45,45,45,20,20,41,0,0],"gold":252,"neow_bonus":"RANDOM_COLORLESS_2","is_daily":false,"chose_seed":false,"campfire_upgraded":1,"win_rate":0.0,"timestamp":1610739769,"path_taken":["M","?","?","M","M","R","M","M","T","$","M","R","M","M","R","BOSS","M","?","?","M","?","R","M"],"items_purchased_type":["Card"],"build_version":"2020-12-22","purchased_purges":1,"victory":false,"max_hp_per_floor":[72,72,72,72,72,72,72,72,72,72,72,72,72,72,72,72,72,72,72,72,72,72,72,72,72],"card_choices":[{"not_picked":["Mayhem","Secret Technique"],"picked":"Transmutation","floor":0.0},{"not_picked":["Rupture","Headbutt","Flex"],"picked":"SKIP","floor":1.0},{"not_picked":["Twin Strike","Combust"],"picked":"Metallicize","floor":4.0},{"not_picked":["Dual Wield","Headbutt","Whirlwind"],"picked":"SKIP","floor":5.0},{"not_picked":["Warcry","Ghostly Armor"],"picked":"Searing Blow","floor":7.0},{"not_picked":["Dark Embrace","Brutality","Dropkick"],"picked":"SKIP","floor":8.0},{"not_picked":["Sword Boomerang","Pommel Strike","Shrug It Off"],"picked":"SKIP","floor":11},{"not_picked":["Warcry","Second Wind"],"picked":"Double Tap","floor":13},{"not_picked":["Seeing Red","Cleave"],"picked":"Rampage","floor":14},{"not_picked":["Impervious","Feed"],"picked":"Demon Form","floor":16},{"not_picked":["Thunderclap","True Grit","Dropkick"],"picked":"SKIP","floor":18},{"not_picked":["Intimidate","Anger+1"],"picked":"Armaments","floor":21}],"player_experience":81136,"relics_obtained":[{"floor":9.0,"key":"Juzu Bracelet"}],"event_choices":[{"damage_healed":0.0,"max_hp_gain":0.0,"max_hp_loss":0.0,"gold_gain":0.0,"event_name":"Liars Game","player_choice":"Ignored","floor":2.0,"gold_loss":0.0,"damage_taken":0.0},{"damage_healed":0.0,"max_hp_gain":0.0,"max_hp_loss":0.0,"gold_gain":75.0,"event_name":"World of Goop","player_choice":"Gather Gold","floor":3.0,"gold_loss":0.0,"damage_taken":11.0},{"cards_removed":["Strike_R"],"damage_healed":0,"gold_gain":0,"player_choice":"Gave Gold","damage_taken":0,"max_hp_gain":0,"max_hp_loss":0,"event_name":"Beggar","floor":19,"gold_loss":75},{"damage_healed":0,"gold_gain":99,"player_choice":"Stole From Cult","damage_taken":0,"max_hp_gain":0,"max_hp_loss":0,"event_name":"Nest","floor":20,"gold_loss":0},{"damage_healed":0,"gold_gain":0,"player_choice":"Got Potions","damage_taken":0,"max_hp_gain":0,"max_hp_loss":0,"event_name":"Lab","floor":22,"gold_loss":0}],"is_beta":false,"boss_relics":[{"not_picked":["Calling Bell","Tiny House"],"picked":"Philosopher\u0027s Stone"}],"items_purged_floors":[10],"is_endless":false,"potions_floor_spawned":[8,11,13,16],"killed_by":"Cultist and Chosen","ascension_level":0}}