{"host":"yvb207ks1sg3cxef","time":1610721846,"event":{"mods":["2.2 Compatiblity","BaseMod","Bestiary","Colored Powertips","Minty Spire (QoL Compilation)","Permanent Neow","Quick Restart","Relic Stats","StSLib"],"gold_per_floor":[212,222,15,15,25,54,72,98,123,151,165,179,195,208,208,308,308,327,327,327,106,106,106,21,21,21,49,69,69,81,81,81],"floor_reached":31,"language":"ENG","playtime":1412,"items_purged":["Strike_P+1"],"score":416,"play_id":"0ca9b5b0-56fa-4c18-a8dd-83773dcb7c96","local_time":"20210115201406","is_ascension_mode":true,"campfire_choices":[{"floor":15.0,"key":"REST"},{"data":"Vault","floor":23.0,"key":"SMITH"},{"floor":25.0,"key":"REST"},{"floor":29.0,"key":"REST"}],"circlet_count":0,"master_deck":["AscendersBane","Strike_P+1","Defend_P+1","Defend_P+1","Defend_P+1","Defend_P+1","Eruption","Vigilance","EmptyFist","Study+1","Protect+1","Dramatic Entrance+1","Omniscience+1","EmptyFist+1","SandsOfTime","CutThroughFate","Wireheading","LessonLearned","FlyingSleeves","Crescendo","BowlingBash+1","Vault+1","MentalFortress+1","LessonLearned","BattleHymn","Wish+1","CrushJoints+1","Protect+1"],"relics":["PureWater","Vajra","Ancient Tea Set","Nunchaku","Bag of Marbles","Lantern","Black Star","Turnip","MealTicket","Question Card","Smiling Mask","Unceasing Top"],"acts_visited":["Exordium","TheCity"],"potions_floor_usage":[],"damage_taken":[{"damage":0.0,"enemies":"2 Louse","floor":1.0,"turns":3.0},{"damage":0.0,"enemies":"Cultist","floor":2.0,"turns":5.0},{"damage":0.0,"enemies":"Jaw Worm","floor":5.0,"turns":5.0},{"damage":34.0,"enemies":"Gremlin Nob","floor":6.0,"turns":4.0},{"damage":0.0,"enemies":"Blue Slaver","floor":7.0,"turns":2.0},{"damage":22.0,"enemies":"3 Sentries","floor":8.0,"turns":10.0},{"damage":5.0,"enemies":"Lagavulin","floor":10.0,"turns":7.0},{"damage":0.0,"enemies":"3 Louse","floor":11.0,"turns":2.0},{"damage":0.0,"enemies":"Large Slime","floor":12.0,"turns":3.0},{"damage":0.0,"enemies":"Looter","floor":13.0,"turns":1.0},{"damage":0.0,"enemies":"2 Fungi Beasts","floor":14.0,"turns":1.0},{"damage":17.0,"enemies":"Hexaghost","floor":16.0,"turns":9.0},{"damage":11.0,"enemies":"2 Thieves","floor":18.0,"turns":4.0},{"damage":1.0,"enemies":"Slavers","floor":27.0,"turns":7.0},{"damage":31.0,"enemies":"Spheric Guardian","floor":28.0,"turns":8.0},{"damage":6.0,"enemies":"3 Cultists","floor":30.0,"turns":5.0},{"damage":0,"enemies":"Book of Stabbing","floor":31,"turns":1}],"seed_played":"-5470064496198733029","potions_obtained":[{"floor":5.0,"key":"Explosive Potion"},{"floor":6.0,"key":"DuplicationPotion"},{"floor":10.0,"key":"AttackPotion"},{"floor":12.0,"key":"CultistPotion"},{"floor":13.0,"key":"ColorlessPotion"},{"floor":14.0,"key":"PowerPotion"},{"floor":18.0,"key":"DistilledChaos"}],"is_trial":false,"path_per_floor":["M","M","$","?","M","E","M","E","T","E","M","M","M","M","R","B",null,"M","?","?","$","?","R","?","R","T","E","M","R","M","E"],"character_chosen":"WATCHER","items_purchased":["Vajra","Protect","LessonLearned","BattleHymn"],"campfire_rested":3,"item_purchase_floors":[3,3,21,21],"current_hp_per_floor":[65,65,65,65,65,31,31,9,9,4,4,4,4,4,25,8,56,45,45,45,45,45,45,45,66,66,65,34,55,49,49,49],"gold":81,"neow_bonus":"HUNDRED_GOLD","is_daily":false,"chose_seed":false,"campfire_upgraded":1,"win_rate":0.0,"timestamp":1610721846,"path_taken":["M","M","$","?","M","E","M","E","T","E","?","M","M","M","R","BOSS","M","?","?","?","?","R","?","R","T","E","M","R","M","E"],"items_purchased_type":["Relic","Card","Card","Card"],"build_version":"2020-12-22","purchased_purges":1,"victory":false,"max_hp_per_floor":[72,72,72,72,72,72,72,72,72,72,72,72,72,72,72,72,72,72,72,72,72,72,72,72,72,72,72,72,72,72,72,72],"relic_stats":{"Nunchaku":[8],"counters":[17,77],"MealTicket":0,"Turnip":[5],"Black Star":1,"Question Card":3,"Smiling Mask":0,"obtain_stats":[{"Nunchaku":8,"Lantern":10,"Vajra":3,"MealTicket":24,"Turnip":19,"Bag of Marbles":9,"Black Star":17,"PureWater":0,"Ancient Tea Set":6,"Question Card":26,"Smiling Mask":27,"Unceasing Top":27},{"Nunchaku":6,"Lantern":7,"Vajra":2,"MealTicket":13,"Turnip":13,"Bag of Marbles":6,"Black Star":12,"PureWater":0,"Ancient Tea Set":4,"Question Card":13,"Smiling Mask":14,"Unceasing Top":14},{"Nunchaku":29,"Lantern":36,"Vajra":8,"MealTicket":56,"Turnip":56,"Bag of Marbles":29,"Black Star":52,"PureWater":0,"Ancient Tea Set":17,"Question Card":56,"Smiling Mask":63,"Unceasing Top":63}],"Unceasing Top":[0]},"card_choices":[{"not_picked":["Consecrate","Halt"],"picked":"EmptyFist","floor":1.0},{"not_picked":["Weave","Halt"],"picked":"Study","floor":2.0},{"not_picked":["SashWhip","Vengeance"],"picked":"EmptyFist","floor":5.0},{"not_picked":["Swivel","WaveOfTheHand"],"picked":"SandsOfTime","floor":6.0},{"not_picked":["Conclude","PathToVictory"],"picked":"CutThroughFate","floor":7.0},{"not_picked":["Evaluate","ThirdEye"],"picked":"Wireheading","floor":8.0},{"not_picked":["WreathOfFlame","Pray"],"picked":"LessonLearned","floor":10.0},{"not_picked":["Conclude","Pray"],"picked":"FlyingSleeves","floor":11.0},{"not_picked":["FollowUp","Swivel","SashWhip"],"picked":"SKIP","floor":12.0},{"not_picked":["PathToVictory","JustLucky"],"picked":"Crescendo","floor":13.0},{"not_picked":["SashWhip","Conclude"],"picked":"BowlingBash","floor":14.0},{"not_picked":["Wish","DevaForm"],"picked":"Vault","floor":16.0},{"not_picked":["ClearTheMind+1","ThirdEye"],"picked":"MentalFortress+1","floor":18.0},{"not_picked":["Nirvana","BattleHymn","SandsOfTime","JustLucky"],"picked":"SKIP","floor":27.0},{"not_picked":["Evaluate","Halt+1","BowlingBash","Prostrate"],"picked":"SKIP","floor":28.0},{"not_picked":["Consecrate","MentalFortress","Weave"],"picked":"Protect+1","floor":30.0}],"player_experience":348406,"relics_obtained":[{"floor":6.0,"key":"Ancient Tea Set"},{"floor":8.0,"key":"Nunchaku"},{"floor":9.0,"key":"Bag of Marbles"},{"floor":10.0,"key":"Lantern"},{"floor":26.0,"key":"Question Card"},{"floor":27.0,"key":"Smiling Mask"},{"floor":27.0,"key":"Unceasing Top"}],"event_choices":[{"damage_healed":0.0,"max_hp_gain":0.0,"max_hp_loss":0.0,"gold_gain":0.0,"event_name":"Match and Keep!","player_choice":"2 cards matched","floor":4.0,"gold_loss":0.0,"damage_taken":0.0,"cards_obtained":["Dramatic Entrance","Omniscience"]},{"damage_healed":0.0,"max_hp_gain":0.0,"max_hp_loss":0.0,"gold_gain":0.0,"event_name":"The Mausoleum","player_choice":"Opened","floor":19.0,"gold_loss":0.0,"damage_taken":0.0,"relics_obtained":["Turnip"]},{"damage_healed":0.0,"max_hp_gain":0.0,"max_hp_loss":0.0,"gold_gain":0.0,"event_name":"Back to Basics","player_choice":"Simplicity","floor":20.0,"gold_loss":0.0,"damage_taken":0.0,"cards_upgraded":["Strike_P","Strike_P","Strike_P","Defend_P","Defend_P"]},{"damage_healed":0.0,"max_hp_gain":0.0,"max_hp_loss":0.0,"gold_gain":0.0,"cards_transformed":["Strike_P","Strike_P"],"event_name":"Drug Dealer","player_choice":"Became Test Subject","floor":22.0,"gold_loss":0.0,"damage_taken":0.0,"cards_obtained":["Wish","CrushJoints"]},{"damage_healed":0.0,"max_hp_gain":0.0,"max_hp_loss":0.0,"gold_gain":0.0,"event_name":"Addict","player_choice":"Obtained Relic","floor":24.0,"gold_loss":85.0,"damage_taken":0.0,"relics_obtained":["MealTicket"]}],"is_beta":false,"boss_relics":[{"not_picked":["SacredBark","Ectoplasm"],"picked":"Black Star"}],"items_purged_floors":[21],"is_endless":false,"potions_floor_spawned":[5,6,10,12,13,14,18],"killed_by":"Book of Stabbing","ascension_level":10}}