{"host":"ji1fk25fd1ga4ji1","time":1610690915,"event":{"mods":["2.2 Compatiblity","BaseMod","Colored Map","DeckTracker","Minty Spire (QoL Compilation)","Permanent Neow","Quick Restart","StSLib","SuperFastMode"],"gold_per_floor":[109,127,146,160,235,235,268,268,268,300,312,342,352,366,366,465,465,484,253,253,267,282,313,327,362,362,389,402,435,446,471,471,573,573,593,493,515,515,96,128,128,157,180,207,207,241,268,303,303,303],"floor_reached":51,"language":"KOR","playtime":1080,"items_purged":["Strike_R","Strike_R","Defend_R"],"score":962,"play_id":"57663b63-489e-4dd9-b9dd-86de6484a5e6","local_time":"20210115150835","is_ascension_mode":true,"campfire_choices":[{"data":"Immolate","floor":8.0,"key":"SMITH"},{"data":"Spot Weakness","floor":15,"key":"SMITH"},{"floor":32,"key":"REST"},{"data":"Berserk","floor":41,"key":"SMITH"},{"floor":49,"key":"REST"}],"circlet_count":0,"master_deck":["Defend_R","Bash","Evolve","Immolate+1","Carnage","Shrug It Off","Spot Weakness","Thunderclap","Spot Weakness+1","Berserk+1","Intimidate+1","Infernal Blade","Shrug It Off","Twin Strike","Sword Boomerang","Armaments+1","Disarm"],"relics":["Burning Blood","Boot","Pantograph","Thread and Needle","Pocketwatch","Philosopher\u0027s Stone","MealTicket","Strawberry","CeramicFish","White Beast Statue","Kunai","PreservedInsect","Empty Cage","Champion Belt","Omamori","Potion Belt","Juzu Bracelet","Red Skull","Bottled Flame"],"acts_visited":["Exordium","TheCity","TheBeyond"],"potions_floor_usage":[18,23,24,27,29,30,33,42,42,44,46,48,50,50],"damage_taken":[{"damage":4.0,"enemies":"Cultist","floor":1.0,"turns":4.0},{"damage":3.0,"enemies":"Small Slimes","floor":2.0,"turns":2.0},{"damage":1.0,"enemies":"Jaw Worm","floor":3.0,"turns":3.0},{"damage":0.0,"enemies":"Exordium Wildlife","floor":4.0,"turns":2.0},{"damage":28.0,"enemies":"Gremlin Nob","floor":7.0,"turns":4.0},{"damage":15.0,"enemies":"3 Sentries","floor":10.0,"turns":4.0},{"damage":0.0,"enemies":"Blue Slaver","floor":11.0,"turns":3.0},{"damage":25.0,"enemies":"Lagavulin","floor":12.0,"turns":6.0},{"damage":0.0,"enemies":"2 Fungi Beasts","floor":13.0,"turns":1.0},{"damage":2,"enemies":"3 Louse","floor":14,"turns":2},{"damage":28,"enemies":"Slime Boss","floor":16,"turns":5},{"damage":16,"enemies":"3 Byrds","floor":18,"turns":2},{"damage":20,"enemies":"Shell Parasite","floor":21,"turns":3},{"damage":9,"enemies":"Centurion and Healer","floor":22,"turns":4},{"damage":0,"enemies":"Slavers","floor":23,"turns":2},{"damage":8,"enemies":"Snake Plant","floor":24,"turns":4},{"damage":37,"enemies":"Book of Stabbing","floor":25,"turns":4},{"damage":23,"enemies":"Gremlin Leader","floor":27,"turns":5},{"damage":0,"enemies":"Chosen and Byrds","floor":28,"turns":4},{"damage":3,"enemies":"Slavers","floor":29,"turns":2},{"damage":7,"enemies":"Snecko","floor":30,"turns":4},{"damage":10,"enemies":"Centurion and Healer","floor":31,"turns":4},{"damage":19,"enemies":"Champ","floor":33,"turns":7},{"damage":8,"enemies":"3 Shapes","floor":35,"turns":4},{"damage":8,"enemies":"Orb Walker","floor":37,"turns":3},{"damage":25,"enemies":"Giant Head","floor":40,"turns":7},{"damage":18,"enemies":"Nemesis","floor":42,"turns":5},{"damage":3,"enemies":"4 Shapes","floor":44,"turns":3},{"damage":30,"enemies":"Giant Head","floor":46,"turns":7},{"damage":0,"enemies":"Reptomancer","floor":48,"turns":4},{"damage":67,"enemies":"Awakened One","floor":50,"turns":8}],"seed_played":"-3802411751702133550","potions_obtained":[{"floor":3.0,"key":"Strength Potion"},{"floor":4.0,"key":"HeartOfIron"},{"floor":7.0,"key":"ElixirPotion"},{"floor":11.0,"key":"SneckoOil"},{"floor":13,"key":"AttackPotion"},{"floor":14,"key":"Fire Potion"},{"floor":18,"key":"Weak Potion"},{"floor":23,"key":"Regen Potion"},{"floor":27,"key":"DistilledChaos"},{"floor":28,"key":"FearPotion"},{"floor":29,"key":"Regen Potion"},{"floor":30,"key":"SpeedPotion"},{"floor":31,"key":"Swift Potion"},{"floor":33,"key":"Dexterity Potion"},{"floor":35,"key":"SkillPotion"},{"floor":42,"key":"Fruit Juice"},{"floor":44,"key":"Block Potion"},{"floor":46,"key":"LiquidMemories"},{"floor":48,"key":"ColorlessPotion"}],"is_trial":false,"path_per_floor":["M","M","M","M","?","?","E","R","T","E","M","E","M","M","R","B",null,"M","$","?","M","M","E","M","E","T","E","M","E","M","M","R","B",null,"M","$","M","?","$","E","R","E","T","M","?","E","T","E","R","B",null],"character_chosen":"IRONCLAD","items_purchased":["MealTicket","Champion Belt"],"campfire_rested":2,"item_purchase_floors":[19,39],"current_hp_per_floor":[58,61,66,72,61,61,39,39,39,30,36,17,23,27,27,30,80,70,70,70,56,53,66,76,45,45,28,34,37,48,44,70,74,87,85,87,85,85,87,68,68,61,61,64,64,40,40,46,73,31],"gold":303,"neow_bonus":"TRANSFORM_TWO_CARDS","is_daily":false,"chose_seed":false,"campfire_upgraded":3,"win_rate":0.0,"timestamp":1610690915,"path_taken":["M","M","M","M","?","?","E","R","T","E","M","E","M","M","R","BOSS","M","$","?","M","?","E","M","E","T","E","M","E","M","?","R","BOSS","M","$","M","?","$","E","R","E","T","M","?","E","?","E","R","BOSS"],"items_purchased_type":["Relic","Relic"],"build_version":"2020-12-22","purchased_purges":3,"victory":true,"max_hp_per_floor":[80,80,80,80,80,80,80,80,80,80,80,80,80,80,80,80,80,80,80,80,80,80,87,87,87,87,87,87,87,87,87,87,87,87,87,87,87,87,87,87,87,92,92,92,92,92,92,92,92,92],"card_choices":[{"not_picked":["Havoc","Heavy Blade","Iron Wave"],"picked":"SKIP","floor":1.0},{"not_picked":["Entrench","Ghostly Armor"],"picked":"Carnage","floor":2.0},{"not_picked":["Shrug It Off","Cleave","Searing Blow"],"picked":"SKIP","floor":3.0},{"not_picked":["Cleave","Searing Blow"],"picked":"Shrug It Off","floor":3.0},{"not_picked":["Armaments","Hemokinesis"],"picked":"Spot Weakness","floor":4.0},{"not_picked":["Seeing Red","True Grit","Perfected Strike"],"picked":"SKIP","floor":7.0},{"not_picked":["Rupture","True Grit","Body Slam"],"picked":"SKIP","floor":10.0},{"not_picked":["Sword Boomerang","Warcry","Body Slam"],"picked":"SKIP","floor":11.0},{"not_picked":["True Grit","Rampage","Sentinel"],"picked":"SKIP","floor":12.0},{"not_picked":["Inflame","Perfected Strike"],"picked":"Thunderclap","floor":13},{"not_picked":["Sentinel","Anger"],"picked":"Spot Weakness","floor":14},{"not_picked":["Demon Form","Brutality"],"picked":"Berserk","floor":16},{"not_picked":["Entrench","Dual Wield"],"picked":"Intimidate+1","floor":18},{"not_picked":["Warcry","Rupture+1"],"picked":"Shrug It Off","floor":21},{"not_picked":["Wild Strike","Uppercut","Second Wind"],"picked":"SKIP","floor":22},{"not_picked":["Wild Strike","Uppercut","Second Wind"],"picked":"SKIP","floor":22},{"not_picked":["Seeing Red","Dropkick","Anger"],"picked":"SKIP","floor":23},{"not_picked":["Warcry","Clothesline","Exhume"],"picked":"SKIP","floor":24},{"not_picked":["Body Slam+1","Iron Wave+1"],"picked":"Twin Strike","floor":25},{"not_picked":["Carnage","Twin Strike","Reckless Charge"],"picked":"SKIP","floor":27},{"not_picked":["Anger","Sentinel","Headbutt"],"picked":"SKIP","floor":28},{"not_picked":["Reckless Charge","Clothesline","Ghostly Armor+1"],"picked":"SKIP","floor":29},{"not_picked":["Pummel","Heavy Blade","Rage"],"picked":"SKIP","floor":30},{"not_picked":["Hemokinesis","Feel No Pain"],"picked":"Sword Boomerang","floor":31},{"not_picked":["Headbutt+1","Twin Strike","Perfected Strike"],"picked":"SKIP","floor":35},{"not_picked":["Armaments+1","Wild Strike+1","Rampage+1"],"picked":"SKIP","floor":37},{"not_picked":["Wild Strike+1","Rampage+1"],"picked":"Armaments+1","floor":37},{"not_picked":["Sentinel","Wild Strike","Inflame+1"],"picked":"SKIP","floor":40},{"not_picked":["Searing Blow","Perfected Strike","True Grit"],"picked":"SKIP","floor":42},{"not_picked":["Cleave","Shockwave+1"],"picked":"Disarm","floor":44},{"not_picked":["Wild Strike","Second Wind","Iron Wave"],"picked":"SKIP","floor":46},{"not_picked":["Body Slam","Entrench+1","Hemokinesis+1"],"picked":"SKIP","floor":48}],"player_experience":477662,"relics_obtained":[{"floor":7.0,"key":"Boot"},{"floor":9.0,"key":"Pantograph"},{"floor":10.0,"key":"Thread and Needle"},{"floor":12.0,"key":"Pocketwatch"},{"floor":23,"key":"Strawberry"},{"floor":25,"key":"CeramicFish"},{"floor":26,"key":"White Beast Statue"},{"floor":27,"key":"Kunai"},{"floor":29,"key":"PreservedInsect"},{"floor":42,"key":"Omamori"},{"floor":43,"key":"Potion Belt"},{"floor":46,"key":"Juzu Bracelet"},{"floor":47,"key":"Red Skull"},{"floor":48,"key":"Bottled Flame"}],"event_choices":[{"damage_healed":0.0,"max_hp_gain":0.0,"max_hp_loss":0.0,"gold_gain":75.0,"event_name":"World of Goop","player_choice":"Gather Gold","floor":5.0,"gold_loss":0.0,"damage_taken":11.0},{"damage_healed":0.0,"max_hp_gain":0.0,"max_hp_loss":0.0,"gold_gain":0.0,"event_name":"NoteForYourself","player_choice":"Ignored","floor":6.0,"gold_loss":0.0,"damage_taken":0.0},{"damage_healed":0,"gold_gain":0,"cards_transformed":["Strike_R"],"player_choice":"Transformed","damage_taken":0,"max_hp_gain":0,"max_hp_loss":0,"event_name":"Transmorgrifier","floor":20,"gold_loss":0,"cards_obtained":["Infernal Blade"]},{"damage_healed":0,"gold_gain":0,"player_choice":"Ignored","damage_taken":0,"max_hp_gain":0,"max_hp_loss":0,"event_name":"Tomb of Lord Red Mask","floor":38,"gold_loss":0},{"damage_healed":0,"gold_gain":0,"player_choice":"Memory 1","damage_taken":0,"max_hp_gain":0,"max_hp_loss":0,"event_name":"SensoryStone","floor":45,"gold_loss":0}],"is_beta":false,"boss_relics":[{"not_picked":["Calling Bell","Runic Pyramid"],"picked":"Philosopher\u0027s Stone"},{"not_picked":["Sozu","SlaversCollar"],"picked":"Empty Cage"}],"items_purged_floors":[19,36,39],"is_endless":false,"potions_floor_spawned":[3,4,7,11,13,14,18,23,27,28,29,30,31,33,35,37,40,42,44,46,48],"ascension_level":1}}