{"host":"saki","time":1610685699,"event":{"mods":["BaseMod","Marisa（F雨　魔理沙）","Minty Spire (QoL Compilation)","StSLib","TestMod","Waifu the Spire"],"gold_per_floor":[109,124,299,699,238,280,280,306,361,406,80,124,155,195,195,314,314,323,323,323,323,346,391,410,509,584,624,624,658,658,458,458,584,584,630,433,478,533,533,597,597,665,744,744,744,803,857,900,900,906],"floor_reached":51,"language":"ZHS","playtime":4979,"items_purged":["Doubt","Strike_MRS","RitualDagger","Strike_MRS"],"score":1346,"play_id":"16b79d1b-984a-4aad-9d5e-1f4f2c157155","local_time":"20210115124139","is_ascension_mode":true,"campfire_choices":[{"data":"testmod-AutoReboundSystem","floor":7.0,"key":"SMITH"},{"data":"EscapeVelocity","floor":15.0,"key":"SMITH"},{"data":"SprinkleStarSeal","floor":28,"key":"SMITH"},{"floor":30,"key":"REST"},{"data":"BlazingStar","floor":32,"key":"SMITH"},{"data":"Singularity","floor":41,"key":"SMITH"},{"data":"GasGiant","floor":49,"key":"SMITH"}],"circlet_count":0,"master_deck":["Strike_MRS","Defend_MRS","Defend_MRS","Defend_MRS","Defend_MRS","MasterSpark","UpSweep","Singularity+1","ChargeUpSpray","GasGiant+1","WitchOfGreed","testmod-AutoReboundSystem+1","EscapeVelocity+1","PulseMagic","MysteriousBeam","GasGiant","SprinkleStarSeal+1","WitchLeyline","BlazingStar+1","WitchOfGreed","PropBag","PowerUp","Wraith"],"relics":["MiniHakkero","testmod-ConstraintPeriapt","Toy Ornithopter","Boot","Lantern","testmod-Charity","Pen Nib","Smiling Mask","Philosopher\u0027s Stone","Juzu Bracelet","testmod-Acrobat","Regal Pillow","testmod-InfectionSource","testmod-BlackFramedGlasses","Blood Vial","testmod-TurbochargingSystem","testmod-DeterminationOfClimber","Nunchaku","Potion Belt","Vajra","Letter Opener","testmod-BalancedPeriapt"],"acts_visited":["Exordium","TheCity","TheBeyond"],"potions_floor_usage":[18,18,23,27,33,33,37,38,38,40],"damage_taken":[{"damage":3.0,"enemies":"Cultist","floor":1.0,"turns":4.0},{"damage":2.0,"enemies":"2 Louse","floor":2.0,"turns":3.0},{"damage":15.0,"enemies":"3 Sentries","floor":6.0,"turns":4.0},{"damage":7.0,"enemies":"Jaw Worm","floor":8.0,"turns":3.0},{"damage":12.0,"enemies":"Gremlin Nob","floor":10.0,"turns":4.0},{"damage":0.0,"enemies":"3 Sentries","floor":12.0,"turns":3.0},{"damage":0.0,"enemies":"Red Slaver","floor":13.0,"turns":2.0},{"damage":3.0,"enemies":"Lagavulin","floor":14.0,"turns":4.0},{"damage":10.0,"enemies":"The Guardian","floor":16.0,"turns":5.0},{"damage":0,"enemies":"2 Thieves","floor":18,"turns":1},{"damage":21,"enemies":"Gremlin Leader","floor":23,"turns":4},{"damage":15,"enemies":"Chosen","floor":24,"turns":3},{"damage":50,"enemies":"Book of Stabbing","floor":27,"turns":5},{"damage":29,"enemies":"Slavers","floor":29,"turns":3},{"damage":29,"enemies":"Automaton","floor":33,"turns":5},{"damage":16,"enemies":"3 Shapes","floor":35,"turns":3},{"damage":12,"enemies":"Orb Walker","floor":37,"turns":3},{"damage":0,"enemies":"Sphere and 2 Shapes","floor":38,"turns":2},{"damage":6,"enemies":"Giant Head","floor":40,"turns":3},{"damage":23,"enemies":"Reptomancer","floor":42,"turns":3},{"damage":0,"enemies":"Giant Head","floor":46,"turns":4},{"damage":0,"enemies":"Writhing Mass","floor":47,"turns":2},{"damage":0,"enemies":"3 Darklings","floor":48,"turns":2},{"damage":58,"enemies":"Time Eater","floor":50,"turns":4}],"seed_played":"-8013869282499812135","potions_obtained":[{"floor":1.0,"key":"EssenceOfSteel"},{"floor":6.0,"key":"Explosive Potion"},{"floor":8.0,"key":"Block Potion"},{"floor":10.0,"key":"PowerPotion"},{"floor":12.0,"key":"Fire Potion"},{"floor":13.0,"key":"LiquidMemories"},{"floor":14.0,"key":"FearPotion"},{"floor":14.0,"key":"SkillPotion"},{"floor":16.0,"key":"Fire Potion"},{"floor":24,"key":"SkillPotion"},{"floor":27,"key":"GamblersBrew"},{"floor":27,"key":"GamblersBrew"},{"floor":29,"key":"AttackPotion"},{"floor":33,"key":"Weak Potion"},{"floor":33,"key":"Explosive Potion"},{"floor":35,"key":"FairyPotion"},{"floor":37,"key":"testmod-SpacePotion"},{"floor":37,"key":"FearPotion"},{"floor":37,"key":"Strength Potion"},{"floor":38,"key":"Dexterity Potion"},{"floor":38,"key":"Explosive Potion"},{"floor":40,"key":"Explosive Potion"},{"floor":40,"key":"DuplicationPotion"},{"floor":42,"key":"Block Potion"},{"floor":42,"key":"AttackPotion"}],"is_trial":false,"path_per_floor":["M","M","?","?","$","E","R","M","T","E","$","E","M","E","R","B",null,"M","?","?","?","T","E","M","?","T","E","R","E","R","$","R","B",null,"M","$","M","M","?","E","R","E","T","?","?","E","M","M","R","B",null],"character_chosen":"MARISA","items_purchased":["Toy Ornithopter","WitchOfGreed","testmod-AutoReboundSystem","testmod-Charity","GasGiant","testmod-TurbochargingSystem","Nunchaku"],"campfire_rested":1,"item_purchase_floors":[5,5,5,11,11,31,36],"current_hp_per_floor":[67,66,66,66,66,57,57,57,57,48,48,57,65,75,75,78,79,80,65,65,59,60,62,60,61,62,30,30,14,64,64,64,67,111,130,130,168,187,187,216,216,249,250,250,250,278,278,278,278,278],"gold":906,"neow_bonus":"TRANSFORM_CARD","is_daily":false,"chose_seed":false,"campfire_upgraded":6,"win_rate":0.0,"timestamp":1610685699,"path_taken":["M","?","?","?","$","E","R","?","T","E","?","E","M","E","R","BOSS","M","?","?","?","?","E","M","?","T","E","R","E","R","?","R","BOSS","M","?","M","M","?","E","R","E","T","?","?","E","M","M","R","BOSS"],"items_purchased_type":["Relic","Card","Card","Relic","Card","Relic","Relic"],"build_version":"2020-12-18","purchased_purges":4,"victory":true,"max_hp_per_floor":[75,75,75,75,75,75,75,75,75,75,75,76,77,78,78,79,79,80,85,85,85,86,93,99,100,101,111,111,117,117,117,117,126,126,142,142,168,187,187,222,222,249,250,250,250,278,278,278,278,278],"card_choices":[{"not_picked":["MilkyWay","GalacticHalo"],"picked":"ChargeUpSpray","floor":1.0},{"not_picked":["MagicAbsorber","OneTimeOff"],"picked":"GasGiant","floor":2.0},{"not_picked":["MilkyWay","SporeBomb"],"picked":"EscapeVelocity","floor":6.0},{"not_picked":["OpenUniverse","ChargingUp"],"picked":"PulseMagic","floor":8.0},{"not_picked":["SporeBomb","GrandCross"],"picked":"MysteriousBeam","floor":10.0},{"not_picked":["MagicChant","IllusionStar","MilkyWay"],"picked":"SKIP","floor":12.0},{"not_picked":["LuminesStrike","OpenUniverse"],"picked":"SprinkleStarSeal","floor":13.0},{"not_picked":["MysteriousBeam","RefractionSpark"],"picked":"WitchLeyline","floor":14.0},{"not_picked":["MaximisePower","AbsoluteMagnitude"],"picked":"BlazingStar","floor":16.0},{"not_picked":["DarkMatter","GravityBeat"],"picked":"WitchOfGreed","floor":18},{"not_picked":["DoubleSpark+1","6A","GrandCross"],"picked":"SKIP","floor":23},{"not_picked":["ChargingUp","EventHorizon","6A"],"picked":"SKIP","floor":24},{"not_picked":["MysteriousBeam","DC","SporeBomb"],"picked":"SKIP","floor":27},{"not_picked":["Acceleration","MilkyWay"],"picked":"PropBag","floor":29},{"not_picked":["AbsoluteMagnitude","StarDustReverie"],"picked":"EscapeVelocity","floor":33},{"not_picked":["ShootingEcho","NonDirectionalLaser"],"picked":"PowerUp","floor":35},{"not_picked":["MachineGunSpark+1","RefractionSpark","EventHorizon"],"picked":"SKIP","floor":37},{"not_picked":["Occultation","MysteriousBeam+1","ChargingUp+1"],"picked":"SKIP","floor":38},{"not_picked":["BinaryStars","NonDirectionalLaser+1","UnstableBomb"],"picked":"SKIP","floor":40},{"not_picked":["MysteriousBeam+1","LuminesStrike","FairyDestructionRay+1"],"picked":"SKIP","floor":42},{"not_picked":["Acceleration+1","WitchOfGreed+1","GravityBeat+1"],"picked":"SKIP","floor":46},{"not_picked":["UnstableBomb","MilkyWay+1","MysteriousBeam"],"picked":"SKIP","floor":47},{"not_picked":["AbsoluteMagnitude","SporeBomb+1","GrandCross"],"picked":"SKIP","floor":48}],"player_experience":258180,"relics_obtained":[{"floor":6.0,"key":"Boot"},{"floor":9.0,"key":"Lantern"},{"floor":10.0,"key":"Bag of Marbles"},{"floor":12.0,"key":"Pen Nib"},{"floor":14.0,"key":"Smiling Mask"},{"floor":22,"key":"testmod-Acrobat"},{"floor":23,"key":"Regal Pillow"},{"floor":26,"key":"testmod-InfectionSource"},{"floor":27,"key":"testmod-BlackFramedGlasses"},{"floor":29,"key":"Blood Vial"},{"floor":40,"key":"Potion Belt"},{"floor":42,"key":"Vajra"},{"floor":43,"key":"Letter Opener"},{"floor":46,"key":"testmod-BalancedPeriapt"}],"event_choices":[{"damage_healed":0.0,"max_hp_gain":0.0,"max_hp_loss":0.0,"gold_gain":175.0,"event_name":"Liars Game","player_choice":"AGREE","floor":3.0,"gold_loss":0.0,"damage_taken":0.0,"cards_obtained":["Doubt"]},{"damage_healed":0.0,"max_hp_gain":0.0,"max_hp_loss":0.0,"gold_gain":400.0,"event_name":"恩洛斯的盘子","player_choice":"Sell","floor":4.0,"relics_lost":["testmod-TestBox"],"gold_loss":0.0,"damage_taken":0.0},{"damage_healed":0,"gold_gain":0,"player_choice":"Shed Blood","damage_taken":20,"max_hp_gain":5,"max_hp_loss":0,"event_name":"Forgotten Altar","floor":19,"gold_loss":0},{"damage_healed":0,"gold_gain":0,"player_choice":"Swap Relic","damage_taken":0,"relics_obtained":["Juzu Bracelet"],"max_hp_gain":0,"max_hp_loss":0,"event_name":"给自己的盒子","floor":20,"relics_lost":["Bag of Marbles"],"gold_loss":0},{"damage_healed":0,"gold_gain":0,"player_choice":"Joined the Cult","damage_taken":6,"max_hp_gain":0,"max_hp_loss":0,"event_name":"Nest","floor":21,"gold_loss":0,"cards_obtained":["RitualDagger"]},{"damage_healed":0,"gold_gain":100,"player_choice":"Pray","damage_taken":0,"max_hp_gain":0,"max_hp_loss":0,"event_name":"Golden Shrine","floor":25,"gold_loss":0},{"cards_removed":["EscapeVelocity"],"damage_healed":0,"gold_gain":0,"player_choice":"Removed Power","damage_taken":0,"max_hp_gain":0,"max_hp_loss":0,"event_name":"Falling","floor":39,"gold_loss":0},{"damage_healed":0,"gold_gain":0,"player_choice":"Ignored","damage_taken":0,"max_hp_gain":0,"max_hp_loss":0,"event_name":"OrinTheCat","floor":44,"gold_loss":0},{"damage_healed":0,"gold_gain":0,"player_choice":"Ignored","damage_taken":0,"max_hp_gain":0,"max_hp_loss":0,"event_name":"Tomb of Lord Red Mask","floor":45,"gold_loss":0}],"is_beta":true,"boss_relics":[{"not_picked":["Pandora\u0027s Box","Calling Bell"],"picked":"Philosopher\u0027s Stone"},{"not_picked":["BewitchedHakkero","Coffee Dripper"],"picked":"testmod-DeterminationOfClimber"}],"items_purged_floors":[5,11,31,36],"is_endless":false,"potions_floor_spawned":[1,10,13,14,24,27,29,33,37,42,47],"ascension_level":9}}