{"host":"5ffrjkuvgrxgllwx","time":1610684311,"event":{"mods":["AchievementEnabler","BaseMod","Colored Map","Colored Powertips","Conspire","Hubris","Minty Spire (QoL Compilation)","Quick Restart","Rare Cards Sparkle","Replay The Spire","StSLib","everything is the same but u backflip on backflip"],"gold_per_floor":[118,118,118,134,134,164,164,190,240,240,240,240,240,259,259,277,277,357,357,369,154,154,154,104,104,130,130,211,211,243,267,280,304,304,304,304],"floor_reached":35,"language":"ENG","playtime":1419,"items_purged":["Strike_R","Strike_R"],"score":616,"play_id":"6bb6f372-70bf-4e2b-b005-df6faa13b430","local_time":"20210114231831","is_ascension_mode":true,"campfire_choices":[{"floor":11,"key":"REST"},{"data":"ReplayTheSpireMod:Limb From Limb","floor":15,"key":"SMITH"},{"floor":17,"key":"REST"},{"data":"Immolate","floor":25,"key":"SMITH"},{"data":"Anger","floor":27,"key":"SMITH"},{"data":"Anger","floor":29,"key":"SMITH"},{"floor":34,"key":"REST"}],"circlet_count":0,"master_deck":["AscendersBane","Replay:Many Hands+1","Strike_R","Strike_R","Defend_R","Defend_R","Defend_R","Defend_R","Replay:Many Hands+1","Anger+1","Eruption","conspire:ExplosiveBarrier","Flex","ReplayTheSpireMod:Limb From Limb+1","Immolate+1","Anger+1","ReplayTheSpireMod:Corrosion Curse","Flex"],"relics":["Replay:M_SmolderingBlood","Ring of Peace","Ring of Fury","Smiling Mask","ReplayTheSpireMod:TigerMarble","CeramicFish","hubris:Icosahedron","Empty Cage","Boot","Replay:Bottled Flurry","conspire:Boomerang"],"acts_visited":["Exordium","TheCity"],"potions_floor_usage":[18,18,35],"damage_taken":[{"damage":1,"enemies":"Cultist","floor":1,"turns":3},{"damage":7,"enemies":"Jaw Worm","floor":4,"turns":2},{"damage":0,"enemies":"Gremlin Nob","floor":6,"turns":3},{"damage":20,"enemies":"3 Sentries","floor":8,"turns":7},{"damage":0,"enemies":"2 Louse","floor":14,"turns":2},{"damage":8,"enemies":"Looter","floor":16,"turns":3},{"damage":46,"enemies":"Fading Forest","floor":18,"turns":11},{"damage":13,"enemies":"3 Byrds","floor":20,"turns":5},{"damage":0,"enemies":"Spheric Guardian","floor":26,"turns":3},{"damage":0,"enemies":"Gremlin Leader","floor":30,"turns":3},{"damage":12,"enemies":"Chosen and Byrds","floor":31,"turns":4},{"damage":0,"enemies":"Snecko","floor":32,"turns":3},{"damage":7,"enemies":"3 Cultists","floor":33,"turns":4},{"damage":85,"enemies":"hubris:MusketHawk","floor":35,"turns":6}],"seed_played":"9061291493986949380","potions_obtained":[{"floor":4,"key":"AttackPotion"},{"floor":8,"key":"Cursed Concoction"},{"floor":18,"key":"BloodPotion"},{"floor":20,"key":"GamblersBrew"}],"is_trial":false,"path_per_floor":["M","?","?","M","?","E","?","E","T","?","R","PTL","PTL","M","R","M","R","B",null,"M","$","?","?","$","R","M","R","T","R","E","M","M","M","R","B"],"character_chosen":"IRONCLAD","items_purchased":["Boot"],"campfire_rested":3,"item_purchase_floors":[21],"current_hp_per_floor":[55,55,55,48,48,48,53,33,33,33,57,57,57,57,57,49,73,41,70,57,57,57,57,57,57,57,57,57,57,57,45,45,38,62,0,0],"gold":304,"neow_bonus":"THREE_RARE_CARDS","is_daily":false,"chose_seed":false,"campfire_upgraded":4,"win_rate":0.0,"timestamp":1610684311,"path_taken":["M","?","?","?","?","E","?","E","T","?","R","PTL","PTL","M","R","M","R","BOSS","M","$","?","?","$","R","?","R","T","R","E","M","M","M","R","BOSS"],"items_purchased_type":["Relic"],"build_version":"2020-12-22","purchased_purges":2,"victory":false,"max_hp_per_floor":[75,75,75,75,75,75,80,80,80,80,80,80,80,80,80,80,80,80,80,80,80,80,80,80,80,80,80,80,80,80,80,80,80,80,80,80],"card_choices":[{"not_picked":["Double Tap","Bludgeon"],"picked":"Replay:Many Hands","floor":0},{"not_picked":["Thunderclap","hubris:ReadiedAction"],"picked":"Anger","floor":1},{"not_picked":["CrushJoints","Body Slam"],"picked":"conspire:ExplosiveBarrier","floor":4},{"not_picked":["Clash","Pommel Strike"],"picked":"Flex","floor":6},{"not_picked":["Brutality","Evolve"],"picked":"ReplayTheSpireMod:Limb From Limb","floor":8},{"not_picked":["Swivel","Clothesline","Seeing Red"],"picked":"SKIP","floor":14},{"not_picked":["BowlingBash","Heavy Blade","Swivel"],"picked":"SKIP","floor":16},{"not_picked":["conspire:Purge","Bludgeon"],"picked":"Immolate","floor":18},{"not_picked":["Second Wind","Iron Wave","True Grit"],"picked":"SKIP","floor":20},{"not_picked":["Twin Strike","Heavy Blade"],"picked":"Anger","floor":26},{"not_picked":["Shockwave","True Grit","Sword Boomerang+1"],"picked":"SKIP","floor":30},{"not_picked":["Spot Weakness","Heavy Blade"],"picked":"ReplayTheSpireMod:Corrosion Curse","floor":31},{"not_picked":["Fire Breathing","Sword Boomerang","Dropkick"],"picked":"SKIP","floor":32},{"not_picked":["Pommel Strike+1","Heavy Blade"],"picked":"Flex","floor":33}],"player_experience":1390192,"relics_obtained":[{"floor":5,"key":"Ring of Peace"},{"floor":5,"key":"Ring of Fury"},{"floor":6,"key":"Smiling Mask"},{"floor":8,"key":"ReplayTheSpireMod:TigerMarble"},{"floor":9,"key":"CeramicFish"},{"floor":28,"key":"Replay:Bottled Flurry"},{"floor":30,"key":"conspire:Boomerang"}],"event_choices":[{"damage_healed":0,"gold_gain":0,"player_choice":"Forge","damage_taken":0,"max_hp_gain":0,"max_hp_loss":0,"event_name":"Accursed Blacksmith","floor":3,"gold_loss":0,"cards_upgraded":["Replay:Many Hands"]},{"damage_healed":0,"gold_gain":0,"player_choice":"Donut","damage_taken":0,"max_hp_gain":5,"max_hp_loss":0,"event_name":"Big Fish","floor":7,"gold_loss":0},{"damage_healed":0,"gold_gain":0,"player_choice":"Ignored","damage_taken":0,"max_hp_gain":0,"max_hp_loss":0,"event_name":"Ghosts","floor":22,"gold_loss":0},{"damage_healed":0,"gold_gain":0,"player_choice":"Got Potions","damage_taken":0,"max_hp_gain":0,"max_hp_loss":0,"event_name":"Lab","floor":23,"gold_loss":0}],"is_beta":false,"boss_relics":[{"not_picked":["hubris:Stopwatch","Astrolabe"],"picked":"Empty Cage"}],"items_purged_floors":[21,24],"is_endless":false,"potions_floor_spawned":[4,8,18,20,26,32],"killed_by":"hubris:MusketHawk","ascension_level":17}}