{"host":"gc0hqzwg2gd3zszy","time":1610732896,"event":{"mods":["BaseMod","DeckTracker","Minty Spire (QoL Compilation)","Relic Stats","SuperFastMode"],"gold_per_floor":[119,119,139,21,21,21,55,55,79,79,79,29,29,53,53,146,146,169,169,119,133,146,146,169,169,169,119,193,212,162,187,187,276,276,292,242,575,575,595,628,311,338,338,318,344,363,373,386,386,386,386,386,386,83,118,118],"floor_reached":57,"language":"KOR","playtime":4172,"items_purged":["Defend_G","Strike_G","Strike_G","Blade Dance","Defend_G","Defend_G","Defend_G","Defend_G+1"],"score":2751,"play_id":"21241ea2-43be-4f4f-af41-a1a63072841d","local_time":"20210116024816","is_ascension_mode":true,"campfire_choices":[{"data":"Neutralize","floor":6.0,"key":"SMITH"},{"data":"Calculated Gamble","floor":8.0,"key":"SMITH"},{"data":"Blur","floor":10.0,"key":"SMITH"},{"floor":13.0,"key":"REST"},{"data":"Backflip","floor":15.0,"key":"SMITH"},{"data":"Acrobatics","floor":23.0,"key":"SMITH"},{"floor":25.0,"key":"REST"},{"data":"Crippling Poison","floor":32.0,"key":"SMITH"},{"floor":49.0,"key":"RECALL"},{"floor":53.0,"key":"REST"}],"circlet_count":0,"master_deck":["AscendersBane","Survivor","Neutralize+1","Calculated Gamble+1","Predator+1","Blur+1","Backflip+1","Grand Finale","Dagger Throw","Heel Hook","Crippling Poison+1","Acrobatics+1","Acrobatics","Panacea","Caltrops+1","After Image+1","Prepared"],"relics":["Ring of the Snake","Blood Vial","Smiling Mask","Runic Pyramid","Mercury Hourglass","Fusion Hammer","Toy Ornithopter","Question Card","Orichalcum","Frozen Egg 2","Pen Nib","Nunchaku","Happy Flower"],"acts_visited":["Exordium","TheCity","TheBeyond","TheEnding"],"potions_floor_usage":[56,56],"damage_taken":[{"damage":0.0,"enemies":"2 Louse","floor":1.0,"turns":3.0},{"damage":4.0,"enemies":"Jaw Worm","floor":3.0,"turns":3.0},{"damage":17.0,"enemies":"Lagavulin","floor":7.0,"turns":6.0},{"damage":0.0,"enemies":"Cultist","floor":14.0,"turns":3.0},{"damage":26.0,"enemies":"The Guardian","floor":16.0,"turns":22.0},{"damage":10.0,"enemies":"Spheric Guardian","floor":18.0,"turns":4.0},{"damage":0.0,"enemies":"Chosen","floor":21.0,"turns":3.0},{"damage":0.0,"enemies":"Snecko","floor":22.0,"turns":3.0},{"damage":10.0,"enemies":"Snake Plant","floor":24.0,"turns":4.0},{"damage":0.0,"enemies":"Centurion and Healer","floor":29.0,"turns":2.0},{"damage":9.0,"enemies":"Chosen and Byrds","floor":31.0,"turns":3.0},{"damage":23.0,"enemies":"Champ","floor":33.0,"turns":11.0},{"damage":0.0,"enemies":"3 Darklings","floor":35.0,"turns":2.0},{"damage":0.0,"enemies":"3 Shapes","floor":39.0,"turns":3.0},{"damage":2.0,"enemies":"Giant Head","floor":40.0,"turns":4.0},{"damage":28.0,"enemies":"Nemesis","floor":42.0,"turns":7.0},{"damage":2.0,"enemies":"Giant Head","floor":45.0,"turns":3.0},{"damage":2.0,"enemies":"Writhing Mass","floor":46.0,"turns":3.0},{"damage":1.0,"enemies":"3 Darklings","floor":47.0,"turns":2.0},{"damage":15.0,"enemies":"Sphere and 2 Shapes","floor":48.0,"turns":3.0},{"damage":0.0,"enemies":"Awakened One","floor":50.0,"turns":8.0},{"damage":6.0,"enemies":"Time Eater","floor":51.0,"turns":9.0},{"damage":19.0,"enemies":"Shield and Spear","floor":55.0,"turns":3.0},{"damage":40,"enemies":"The Heart","floor":56,"turns":8}],"seed_played":"3188092150349818937","potions_obtained":[{"floor":1.0,"key":"Swift Potion"},{"floor":3.0,"key":"AttackPotion"},{"floor":18.0,"key":"Dexterity Potion"},{"floor":22.0,"key":"Explosive Potion"},{"floor":29.0,"key":"Poison Potion"},{"floor":44.0,"key":"Poison Potion"},{"floor":55.0,"key":"Energy Potion"}],"is_trial":false,"path_per_floor":["M","?","M","$","?","R","E","R","T","R","?","$","R","M","R","B",null,"M","?","$","M","M","R","M","R","T","$","T","M","$","M","R","B",null,"M","$","?","?","M","E","$","E","T","?","E","M","M","M","R","B","B",null,"R","$","E","B",null],"character_chosen":"THE_SILENT","items_purchased":["Blur","Question Card","DuplicationPotion","Nunchaku"],"campfire_rested":3,"item_purchase_floors":[4,41,54,54],"current_hp_per_floor":[59,52,48,48,48,48,31,31,31,31,13,13,31,33,33,9,47,39,39,39,41,43,43,35,53,53,53,53,55,55,48,48,27,52,54,54,54,44,46,46,46,25,25,25,25,25,26,13,13,15,16,49,60,60,41,13],"gold":118,"neow_bonus":"THREE_CARDS","is_daily":false,"chose_seed":false,"campfire_upgraded":6,"win_rate":0.0,"timestamp":1610732896,"path_taken":["M","?","M","$","?","R","E","R","T","R","?","?","R","M","R","BOSS","M","?","?","M","?","R","M","R","T","$","?","M","$","M","R","BOSS","M","$","?","?","M","E","$","E","T","?","E","M","M","?","R","BOSS","BOSS","R","$","E","BOSS"],"items_purchased_type":["Card","Relic","Potion","Relic"],"build_version":"2020-12-22","purchased_purges":8,"victory":true,"max_hp_per_floor":[66,66,66,66,60,60,60,60,60,60,60,60,60,60,60,60,60,60,60,60,60,60,60,60,60,60,60,60,60,60,60,60,60,60,60,60,60,60,60,60,60,60,60,60,60,60,60,60,60,60,60,60,60,60,60,60],"relic_stats":{"Blood Vial":40,"Nunchaku":[3],"Happy Flower":[2],"counters":[24,122],"Pen Nib":[9],"Orichalcum":[0],"Smiling Mask":875,"Question Card":6,"obtain_stats":[{"Happy Flower":55,"Golden Idol":5,"Pen Nib":45,"Orichalcum":42,"Frozen Egg 2":43,"Smiling Mask":9,"Question Card":41,"Mercury Hourglass":28,"Blood Vial":7,"Nunchaku":54,"Fusion Hammer":34,"Toy Ornithopter":40,"Ring of the Snake":0,"Runic Pyramid":17},{"Happy Flower":23,"Golden Idol":2,"Pen Nib":17,"Orichalcum":16,"Frozen Egg 2":16,"Smiling Mask":3,"Question Card":15,"Mercury Hourglass":9,"Blood Vial":3,"Nunchaku":22,"Fusion Hammer":12,"Toy Ornithopter":15,"Ring of the Snake":0,"Runic Pyramid":5},{"Happy Flower":114,"Golden Idol":6,"Pen Nib":86,"Orichalcum":83,"Frozen Egg 2":83,"Smiling Mask":12,"Question Card":76,"Mercury Hourglass":51,"Blood Vial":12,"Nunchaku":111,"Fusion Hammer":67,"Toy Ornithopter":76,"Ring of the Snake":0,"Runic Pyramid":37}],"Toy Ornithopter":20,"Ring of the Snake":[48],"Mercury Hourglass":[219]},"card_choices":[{"not_picked":["All Out Attack","Outmaneuver"],"picked":"Calculated Gamble","floor":0.0},{"not_picked":["Cloak And Dagger","Masterful Stab"],"picked":"Predator","floor":1.0},{"not_picked":["Setup","Outmaneuver"],"picked":"Blade Dance","floor":3.0},{"not_picked":["Escape Plan","PiercingWail"],"picked":"Backflip","floor":7.0},{"not_picked":["Deflect","Leg Sweep","Flying Knee"],"picked":"SKIP","floor":14.0},{"not_picked":["Unload","Bullet Time"],"picked":"Grand Finale","floor":16.0},{"not_picked":["Calculated Gamble","Outmaneuver"],"picked":"Dagger Throw","floor":18.0},{"not_picked":["Poisoned Stab","Quick Slash+1"],"picked":"Acrobatics","floor":21.0},{"not_picked":["Dagger Throw+1","Quick Slash"],"picked":"Acrobatics","floor":22.0},{"not_picked":["Catalyst","Skewer","Well Laid Plans"],"picked":"SKIP","floor":24.0},{"not_picked":["Skewer","Backflip","PiercingWail"],"picked":"SKIP","floor":29.0},{"not_picked":["Setup","All Out Attack+1","Well Laid Plans+1"],"picked":"SKIP","floor":31.0},{"not_picked":["Dagger Spray","Dagger Throw","Slice"],"picked":"SKIP","floor":35.0},{"not_picked":["Enlightenment","Secret Weapon"],"picked":"Panacea","floor":38.0},{"not_picked":["Riddle With Holes","Slice","Underhanded Strike"],"picked":"SKIP","floor":39.0},{"not_picked":["Dodge and Roll","Dagger Spray","Cloak And Dagger+1"],"picked":"SKIP","floor":40.0},{"not_picked":["PiercingWail","Acrobatics","All Out Attack","Underhanded Strike"],"picked":"SKIP","floor":42.0},{"not_picked":["All Out Attack","Poisoned Stab","Sucker Punch","Masterful Stab"],"picked":"SKIP","floor":45.0},{"not_picked":["Slice","Dodge and Roll","Cloak And Dagger"],"picked":"Caltrops+1","floor":46.0},{"not_picked":["Sucker Punch+1","Acrobatics+1","PiercingWail"],"picked":"After Image+1","floor":47.0},{"not_picked":["Cloak And Dagger","Caltrops+1","Sucker Punch+1","Blur"],"picked":"SKIP","floor":48.0},{"not_picked":["Poisoned Stab","PiercingWail","Leg Sweep"],"picked":"Prepared","floor":55.0}],"player_experience":1342390,"relics_obtained":[{"floor":7.0,"key":"Blood Vial"},{"floor":9.0,"key":"Smiling Mask"},{"floor":28.0,"key":"Mercury Hourglass"},{"floor":40.0,"key":"Toy Ornithopter"},{"floor":42.0,"key":"Orichalcum"},{"floor":43.0,"key":"Frozen Egg 2"},{"floor":45.0,"key":"Pen Nib"},{"floor":55.0,"key":"Happy Flower"}],"event_choices":[{"cards_removed":["Strike_G"],"damage_healed":0.0,"max_hp_gain":0.0,"max_hp_loss":0.0,"gold_gain":0.0,"event_name":"Golden Wing","player_choice":"Card Removal","floor":2.0,"gold_loss":0.0,"damage_taken":7.0},{"damage_healed":0.0,"max_hp_gain":0.0,"max_hp_loss":6.0,"gold_gain":0.0,"event_name":"Golden Idol","player_choice":"Lose Max HP","floor":5.0,"gold_loss":0.0,"damage_taken":0.0,"relics_obtained":["Golden Idol"]},{"damage_healed":0.0,"max_hp_gain":0.0,"max_hp_loss":0.0,"gold_gain":0.0,"event_name":"Shining Light","player_choice":"Entered Light","floor":11.0,"gold_loss":0.0,"damage_taken":18.0,"cards_upgraded":["Predator","Defend_G"]},{"damage_healed":0.0,"max_hp_gain":0.0,"max_hp_loss":0.0,"gold_gain":0.0,"cards_transformed":["Strike_G","Strike_G"],"event_name":"Drug Dealer","player_choice":"Became Test Subject","floor":19.0,"gold_loss":0.0,"damage_taken":0.0,"cards_obtained":["Heel Hook","Crippling Poison"]},{"damage_healed":0.0,"max_hp_gain":0.0,"max_hp_loss":0.0,"gold_gain":333.0,"event_name":"The Moai Head","player_choice":"Gave Idol","floor":37.0,"relics_lost":["Golden Idol"],"gold_loss":0.0,"damage_taken":0.0},{"damage_healed":0.0,"max_hp_gain":0.0,"max_hp_loss":0.0,"gold_gain":0.0,"event_name":"SensoryStone","player_choice":"Memory 3","floor":38.0,"gold_loss":0.0,"damage_taken":10.0},{"damage_healed":0.0,"max_hp_gain":0.0,"max_hp_loss":0.0,"gold_gain":0.0,"event_name":"The Woman in Blue","player_choice":"Bought 1 Potion","floor":44.0,"gold_loss":0.0,"damage_taken":0.0}],"is_beta":false,"boss_relics":[{"not_picked":["Busted Crown","Cursed Key"],"picked":"Runic Pyramid"},{"not_picked":["Tiny House","SacredBark"],"picked":"Fusion Hammer"}],"items_purged_floors":[4,12,20,27,30,36,41,54],"is_endless":false,"potions_floor_spawned":[1,3,18,22,29,40,45,46,55],"ascension_level":20}}