{"host":"07e1k1rk6c4zn0bu","time":1610746152,"event":{"mods":["AchievementEnabler","BaseMod","Bestiary","Colored Map","Colored Powertips","DeckTracker","Minty Spire (QoL Compilation)","StSLib"],"gold_per_floor":[119,119,136,146,162,192,192,203,203,214,232,232,232,232,232,328,328,344,344,344],"floor_reached":19,"language":"ENG","playtime":4271,"items_purged":[],"score":171,"play_id":"0721fc9e-5a3d-4d55-b52f-439120f4668c","local_time":"20210115162912","is_ascension_mode":false,"campfire_choices":[{"floor":7,"key":"REST"},{"floor":13,"key":"REST"},{"data":"Hello World","floor":15,"key":"SMITH"}],"circlet_count":0,"master_deck":["Strike_B","Strike_B","Strike_B","Defend_B","Defend_B","Defend_B","Defend_B","Zap","Dualcast","Cold Snap","Redo","Lockon","Conserve Battery","Force Field","Hello World+1","Conserve Battery","Genetic Algorithm","Creative AI"],"relics":["FrozenCore","Regal Pillow","Gambling Chip","Smiling Mask","Potion Belt"],"acts_visited":["Exordium","TheCity"],"potions_floor_usage":[16,19,19,19],"damage_taken":[{"damage":1,"enemies":"Cultist","floor":1,"turns":3},{"damage":5,"enemies":"2 Louse","floor":3,"turns":2},{"damage":6,"enemies":"Small Slimes","floor":4,"turns":3},{"damage":3,"enemies":"Exordium Wildlife","floor":5,"turns":2},{"damage":37,"enemies":"Gremlin Nob","floor":6,"turns":5},{"damage":13,"enemies":"Looter","floor":8,"turns":3},{"damage":9,"enemies":"Large Slime","floor":10,"turns":4},{"damage":9,"enemies":"2 Fungi Beasts","floor":11,"turns":4},{"damage":23,"enemies":"Slime Boss","floor":16,"turns":11},{"damage":16,"enemies":"Spheric Guardian","floor":18,"turns":6},{"damage":71,"enemies":"Masked Bandits","floor":19,"turns":5}],"seed_played":"6494240280507076102","potions_obtained":[{"floor":5,"key":"EssenceOfSteel"},{"floor":6,"key":"AttackPotion"},{"floor":8,"key":"SkillPotion"},{"floor":10,"key":"ColorlessPotion"},{"floor":11,"key":"SteroidPotion"}],"is_trial":false,"path_per_floor":["M","T","M","M","M","E","R","M","T","M","M","?","R","?","R","B",null,"M","?"],"character_chosen":"DEFECT","items_purchased":[],"campfire_rested":2,"item_purchase_floors":[],"current_hp_per_floor":[74,74,69,63,60,23,60,47,47,38,29,54,75,68,68,45,75,59,0,0],"gold":344,"neow_bonus":"RANDOM_COMMON_RELIC","is_daily":false,"chose_seed":false,"campfire_upgraded":1,"win_rate":0.0,"timestamp":1610746152,"path_taken":["M","?","M","?","M","E","R","M","T","M","M","?","R","?","R","BOSS","M","?"],"items_purchased_type":[],"build_version":"2020-12-22","purchased_purges":0,"victory":false,"max_hp_per_floor":[75,75,75,75,75,75,75,75,75,75,75,75,75,75,75,75,75,75,75,75],"card_choices":[{"not_picked":["Steam","Gash"],"picked":"Cold Snap","floor":1},{"not_picked":["Beam Cell","Chill"],"picked":"Redo","floor":3},{"not_picked":["White Noise","FTL"],"picked":"Lockon","floor":4},{"not_picked":["Gash","Stack"],"picked":"Conserve Battery","floor":5},{"not_picked":["Reboot","All For One"],"picked":"Force Field","floor":6},{"not_picked":["Reinforced Body","Ball Lightning"],"picked":"Hello World","floor":8},{"not_picked":["Leap","Streamline"],"picked":"Conserve Battery","floor":10},{"not_picked":["Ball Lightning","Barrage"],"picked":"Genetic Algorithm","floor":11},{"not_picked":["Machine Learning","Fission"],"picked":"Creative AI","floor":16},{"not_picked":["Leap","BootSequence","Sweeping Beam"],"picked":"SKIP","floor":18}],"player_experience":45905,"relics_obtained":[{"floor":2,"key":"Gambling Chip"},{"floor":6,"key":"Smiling Mask"},{"floor":9,"key":"Potion Belt"}],"event_choices":[{"damage_healed":25,"gold_gain":0,"player_choice":"Banana","damage_taken":0,"max_hp_gain":0,"max_hp_loss":0,"event_name":"Big Fish","floor":12,"gold_loss":0},{"cards_removed":["Strike_B"],"damage_healed":0,"gold_gain":0,"player_choice":"Card Removal","damage_taken":7,"max_hp_gain":0,"max_hp_loss":0,"event_name":"Golden Wing","floor":14,"gold_loss":0},{"damage_healed":0,"gold_gain":0,"player_choice":"Fought Bandits","damage_taken":0,"max_hp_gain":0,"max_hp_loss":0,"event_name":"Masked Bandits","floor":19,"gold_loss":0}],"is_beta":false,"boss_relics":[{"not_picked":["Runic Dome","Astrolabe"],"picked":"FrozenCore"}],"items_purged_floors":[],"is_endless":false,"potions_floor_spawned":[5,6,8,10,11],"killed_by":"Masked Bandits","ascension_level":0}}