{"host":"ei1qq5p14gle6mho","time":1610702145,"event":{"mods":["Act Like it!","Aspiration","BaseMod","Card Forge","Conspire","Defuse TimeMaze Blight","Elementarium","Energized Spire","Hallownest","Hubris","Infinite Spire","Mimic Mod","Minty Spire (QoL Compilation)","Pale of the Ancients","Replay The Spire","StSLib","Waifu the Spire","Wandering Minibosses","vexMod"],"gold_per_floor":[117,117,132,102,102,102,130,130,130,158,16,16,42,56,56,56,56],"floor_reached":16,"language":"RUS","playtime":661,"items_purged":["Strike_G"],"score":148,"play_id":"4c9e10e7-6acf-4f49-8a80-82a214f5df26","local_time":"20210115111545","is_ascension_mode":true,"campfire_choices":[{"data":"Bane","floor":6,"key":"SMITH"},{"data":"Footwork","floor":8,"key":"SMITH"},{"floor":15,"key":"REST"}],"circlet_count":0,"master_deck":["Strike_G","Strike_G","Strike_G","Strike_G","Defend_G","Defend_G","Defend_G","Defend_G","Defend_G","Survivor","Neutralize","Bane+1","Prepared","Footwork+1","conspire:Banana+1","infinitespire:Neurotoxin","Terror"],"relics":["Ring of the Snake","Hammer of Thor","Seething Fire","Anvil of the Gods","NeowsBlessing","infinitespire:Beetle Shell","Paper Crane","Smiling Mask","Bottled Flame","conspire:GiftBox"],"acts_visited":["Exordium"],"potions_floor_usage":[10,13,16,16],"damage_taken":[{"damage":0,"enemies":"Jaw Worm","floor":1,"turns":1},{"damage":0,"enemies":"Small Slimes","floor":3,"turns":1},{"damage":0,"enemies":"Lagavulin","floor":7,"turns":1},{"damage":22,"enemies":"Gremlin Nob","floor":10,"turns":6},{"damage":41,"enemies":"3 Sentries","floor":13,"turns":16},{"damage":0,"enemies":"2 Louse","floor":14,"turns":4},{"damage":37,"enemies":"Slime Boss","floor":16,"turns":7}],"seed_played":"2026225057734996050","potions_obtained":[{"floor":1,"key":"Fire Potion"},{"floor":4,"key":"SmokeBomb"},{"floor":4,"key":"Strength Potion"},{"floor":7,"key":"SteroidPotion"},{"floor":13,"key":"Cursed Concoction"}],"is_trial":false,"path_per_floor":["M","?","M","?","?","R","E","R","T","E","$","?","E","M","R","B"],"character_chosen":"THE_SILENT","items_purchased":["conspire:Banana"],"campfire_rested":1,"item_purchase_floors":[11],"current_hp_per_floor":[70,75,75,75,63,63,63,63,63,41,41,41,2,4,27,0,0],"gold":56,"neow_bonus":"THREE_ENEMY_KILL","is_daily":false,"chose_seed":false,"campfire_upgraded":2,"win_rate":0.0,"timestamp":1610702145,"path_taken":["M","?","M","?","?","R","E","R","T","E","$","?","E","M","R","BOSS"],"items_purchased_type":["Card"],"build_version":"2020-12-22","purchased_purges":1,"victory":false,"max_hp_per_floor":[70,75,75,75,75,75,75,75,75,75,75,75,77,79,79,81,81],"card_choices":[{"not_picked":["Endless Agony","Leg Sweep"],"picked":"Bane","floor":1},{"not_picked":["Sucker Punch","Dodge and Roll"],"picked":"Prepared","floor":3},{"not_picked":["Backflip","Dagger Throw"],"picked":"Footwork","floor":7},{"not_picked":["Quick Slash","Underhanded Strike","Infinite Blades"],"picked":"SKIP","floor":10},{"not_picked":["Tools of the Trade","Burst"],"picked":"infinitespire:Neurotoxin","floor":13},{"not_picked":["Caltrops","Replay:Bag of Tricks"],"picked":"Terror","floor":13},{"not_picked":["Hidden Blade","Underhanded Strike","Leg Sweep"],"picked":"SKIP","floor":14}],"player_experience":118835,"relics_obtained":[{"floor":7,"key":"Paper Crane"},{"floor":9,"key":"Smiling Mask"},{"floor":10,"key":"Bottled Flame"},{"floor":13,"key":"conspire:GiftBox"}],"event_choices":[{"damage_healed":0,"gold_gain":0,"player_choice":"Donut","damage_taken":0,"max_hp_gain":5,"max_hp_loss":0,"event_name":"Big Fish","floor":2,"gold_loss":0},{"damage_healed":0,"gold_gain":0,"player_choice":"Bought 2 Potions","damage_taken":0,"max_hp_gain":0,"max_hp_loss":0,"event_name":"The Woman in Blue","floor":4,"gold_loss":0},{"damage_healed":0,"gold_gain":0,"player_choice":"Success","damage_taken":12,"relics_obtained":["infinitespire:Beetle Shell"],"max_hp_gain":0,"max_hp_loss":0,"event_name":"Scrap Ooze","floor":5,"gold_loss":0},{"damage_healed":0,"gold_gain":0,"player_choice":"Grow","damage_taken":0,"max_hp_gain":0,"max_hp_loss":0,"event_name":"Living Wall","floor":12,"gold_loss":0,"cards_upgraded":["conspire:Banana"]}],"is_beta":false,"boss_relics":[],"items_purged_floors":[11],"is_endless":false,"potions_floor_spawned":[1,7,13],"killed_by":"Slime Boss","ascension_level":1}}