{"host":"b995t17pt6d05w8c","time":1610739091,"event":{"mods":["AchievementEnabler","BaseMod","Colored Map","DeckTracker","Keyboard Shortcuts","Minty Spire (QoL Compilation)","Permanent Neow","SuperFastMode"],"gold_per_floor":[110,124,141,83,99,99,134,54,54,74,74,74,74,93,93,93,93],"floor_reached":16,"language":"KOR","playtime":269,"items_purged":[],"score":184,"play_id":"e4b01a8c-d194-4d8b-b0b0-a2eb16ededb3","local_time":"20210116043131","is_ascension_mode":true,"campfire_choices":[{"data":"Eruption","floor":6,"key":"SMITH"},{"data":"Adaptation","floor":13,"key":"SMITH"},{"data":"Meditate","floor":15,"key":"SMITH"}],"circlet_count":0,"master_deck":["AscendersBane","Strike_P","Strike_P","Strike_P","Strike_P","Defend_P","Defend_P","Defend_P","Defend_P","Eruption+1","Vigilance","FearNoEvil","Consecrate","ClearTheMind","Meditate+1","Adaptation+1","TalkToTheHand+1","Crescendo"],"relics":["Coffee Dripper","Juzu Bracelet","Molten Egg 2"],"acts_visited":["Exordium"],"potions_floor_usage":[7,16,16],"damage_taken":[{"damage":0,"enemies":"Small Slimes","floor":1,"turns":3},{"damage":4,"enemies":"Jaw Worm","floor":2,"turns":4},{"damage":0,"enemies":"2 Louse","floor":3,"turns":1},{"damage":3,"enemies":"Blue Slaver","floor":5,"turns":3},{"damage":17,"enemies":"Lagavulin","floor":7,"turns":6},{"damage":12,"enemies":"Large Slime","floor":10,"turns":5},{"damage":4,"enemies":"Looter","floor":14,"turns":3},{"damage":23,"enemies":"Hexaghost","floor":16,"turns":7}],"seed_played":"-7892237619673905115","potions_obtained":[{"floor":2,"key":"Explosive Potion"},{"floor":3,"key":"Energy Potion"},{"floor":5,"key":"SteroidPotion"},{"floor":10,"key":"ColorlessPotion"},{"floor":14,"key":"ColorlessPotion"}],"is_trial":false,"path_per_floor":["M","M","M","?","M","R","E","$","T","M","?","$","R","M","R","B"],"character_chosen":"WATCHER","items_purchased":["Adaptation"],"campfire_rested":0,"item_purchase_floors":[8],"current_hp_per_floor":[61,57,57,57,54,54,37,37,37,25,25,25,25,21,21,0,0],"gold":93,"neow_bonus":"BOSS_RELIC","is_daily":false,"chose_seed":false,"campfire_upgraded":3,"win_rate":0.0,"timestamp":1610739091,"path_taken":["M","M","M","?","M","R","E","$","T","M","?","?","R","M","R","BOSS"],"items_purchased_type":["Card"],"build_version":"2020-12-22","purchased_purges":0,"victory":false,"max_hp_per_floor":[68,68,68,68,68,68,68,68,68,68,68,68,68,68,68,68,68],"card_choices":[{"not_picked":["Protect","Consecrate"],"picked":"FearNoEvil","floor":1},{"not_picked":["FollowUp","ClearTheMind"],"picked":"Consecrate","floor":2},{"not_picked":["Pray","ThirdEye","BowlingBash"],"picked":"SKIP","floor":3},{"not_picked":["PathToVictory","CutThroughFate"],"picked":"ClearTheMind","floor":5},{"not_picked":["SignatureMove","DeusExMachina"],"picked":"Meditate","floor":7},{"not_picked":["WreathOfFlame","Indignation"],"picked":"TalkToTheHand+1","floor":10},{"not_picked":["Protect","ThirdEye"],"picked":"Crescendo","floor":14}],"player_experience":137062,"relics_obtained":[{"floor":7,"key":"Juzu Bracelet"},{"floor":9,"key":"Molten Egg 2"}],"event_choices":[{"damage_healed":0,"gold_gain":0,"player_choice":"Left Gold","damage_taken":0,"max_hp_gain":0,"max_hp_loss":0,"event_name":"World of Goop","floor":4,"gold_loss":58},{"damage_healed":0,"gold_gain":0,"player_choice":"Ignored","damage_taken":0,"max_hp_gain":0,"max_hp_loss":0,"event_name":"Liars Game","floor":11,"gold_loss":0}],"is_beta":false,"boss_relics":[],"items_purged_floors":[],"is_endless":false,"potions_floor_spawned":[2,3,5,10,14],"killed_by":"Hexaghost","ascension_level":16}}