{"host":"hx5bui4di82vxq8x","time":1610724489,"event":{"mods":["Act Like it!","BaseMod","Colored Powertips","Dota2Spire","Friendly Minions","Minty Spire (QoL Compilation)","Quick Restart","Replay The Spire","Spicy Shops","StSLib","The Alterego","The Animator","Yakumo Yukari mod"],"gold_per_floor":[130,205,97,97,97,122,122,141,141,153,153,170,195,209,209,307,307,317,337,349,361,381,414,414,433,433,448,448,477,25,35,35,130,130,146,116,128,138,150,176,176,187,187,213,213,11,11,11,11,11,11,11,11,37,37,37],"floor_reached":55,"language":"ZHS","playtime":4392,"items_purged":["Defend_purpleEX"],"score":881,"play_id":"75926974-23bc-448d-b04a-5ac88a787b14","local_time":"20210115232809","is_ascension_mode":false,"campfire_choices":[{"data":"Observe_purple_2","floor":7,"key":"SMITH"},{"data":"Charmbait_purple","floor":11,"key":"SMITH"},{"data":"BarrageBoundary_PipeDream_purple","floor":15,"key":"SMITH"},{"data":"OmniscientAndOmnipotent_Monster_purple","floor":24,"key":"SMITH"},{"floor":28,"key":"RECALL"},{"data":"Fantasy_PerpetualMotionMachine_purple","floor":41,"key":"SMITH"},{"data":"Nest_LightFlightworm_purple","floor":45,"key":"SMITH"},{"floor":49,"key":"REST"},{"data":"DimensionStaggered_purple","floor":52,"key":"SMITH"}],"circlet_count":0,"master_deck":["AT_purpleEX","AT_purpleEX","AT_purpleEX","AT_purpleEX","Defend_purpleEX","Defend_purpleEX","Defend_purpleEX","Observe_purple_1","Observe_purple_2+1","OmniscientAndOmnipotent_Monster_purple+1","Worldmountain_purple","Fantasy_PerpetualMotionMachine_purple+1","DimensionStaggered_purple+1","Charmbait_purple+1","Umbrella_purple","Erosivefilter_purple+1","Nest_LightFlightworm_purple+1","BarrageBoundary_PipeDream_purple+1","MeetDecomposer_purple","Boundary_LifeAndDeath_purple","Shallow_ocean_purpleEX","MeetDecomposer_purple+1","Fancifulhole_purple","MNeedle_purple","WorldDissolvedintheRealm_purple","ExistenceContinue_purple","Mirror_FourBoundary_purple+1","Boundary_LifeAndDeath_purple+1","StretchesForeverDream_purple+1","Boundary_LifeAndDeath_purple+1","Know_ledgeAbilityRealm_purple+1","DarkRealmRedLine_purple+1","Realm_recovery_purpleEX+1","AdvanceAttack_purple+1"],"relics":["Boundary_crack","Memoryfragments_purpleEX","NeowsBlessing","Dota2Spire:LotusOrb","Replay:Ringing Soul","MealTicket","Philosopher\u0027s Stone","Lantern","Golden Egg","Art of War","TheEssenceOfRealm","DollysMirror","Black Star","Bottled Lightning","Du-Vu Doll","Dota2Spire:ArcaneBoots","Orichalcum","Replay:Baseball","Strawberry","Replay:Multitool"],"acts_visited":["Exordium","TheCity","TheBeyond","TheEnding"],"potions_floor_usage":[12,13,29,29,31,39,40,44,50,55,55],"damage_taken":[{"damage":0,"enemies":"Small Slimes","floor":1,"turns":1},{"damage":18,"enemies":"Replay:BlueRogue","floor":6,"turns":1},{"damage":0,"enemies":"2 Louse","floor":8,"turns":1},{"damage":0,"enemies":"Cultist","floor":10,"turns":4},{"damage":8,"enemies":"Gremlin Gang","floor":12,"turns":5},{"damage":15,"enemies":"Lagavulin","floor":13,"turns":5},{"damage":0,"enemies":"Red Slaver","floor":14,"turns":3},{"damage":20,"enemies":"Fading Forest","floor":16,"turns":11},{"damage":0,"enemies":"Spheric Guardian","floor":18,"turns":3},{"damage":0,"enemies":"3 Byrds","floor":19,"turns":3},{"damage":0,"enemies":"Centurion and Healer","floor":20,"turns":4},{"damage":0,"enemies":"Chosen and Byrds","floor":21,"turns":3},{"damage":5,"enemies":"Shelled Parasite and Fungi","floor":22,"turns":4},{"damage":44,"enemies":"Replay:Snechameleon","floor":23,"turns":7},{"damage":0,"enemies":"Sentry and Sphere","floor":25,"turns":3},{"damage":6,"enemies":"Cultist and Chosen","floor":27,"turns":4},{"damage":28,"enemies":"Slavers","floor":29,"turns":4},{"damage":0,"enemies":"Centurion and Healer","floor":31,"turns":2},{"damage":0,"enemies":"Automaton","floor":33,"turns":7},{"damage":0,"enemies":"Orb Walker","floor":35,"turns":3},{"damage":14,"enemies":"3 Shapes","floor":37,"turns":7},{"damage":15,"enemies":"Spire Growth","floor":38,"turns":5},{"damage":0,"enemies":"Maw","floor":39,"turns":7},{"damage":12,"enemies":"Reptomancer","floor":40,"turns":7},{"damage":0,"enemies":"Sphere and 2 Shapes","floor":42,"turns":2},{"damage":22,"enemies":"Nemesis","floor":44,"turns":7},{"damage":70,"enemies":"Donu and Deca","floor":50,"turns":9},{"damage":62,"enemies":"Shield and Spear","floor":54,"turns":7},{"damage":76,"enemies":"The Heart","floor":55,"turns":8}],"seed_played":"869066097411526085","potions_obtained":[{"floor":1,"key":"Block Potion"},{"floor":8,"key":"Fire Potion"},{"floor":13,"key":"Energy Potion"},{"floor":16,"key":"SmokeBomb"},{"floor":20,"key":"Fire Potion"},{"floor":23,"key":"GamblersBrew"},{"floor":27,"key":"Adrenaline Potion"},{"floor":29,"key":"LifebloodPotion"},{"floor":36,"key":"LifebloodPotion"},{"floor":36,"key":"DuplicationPotion"},{"floor":37,"key":"Adrenaline Potion"},{"floor":44,"key":"Reflective Coating"},{"floor":54,"key":"Explosive Potion"}],"is_trial":false,"path_per_floor":["M","?","$","?","$","E","R","M","T","M","R","M","E","M","R","B",null,"M","M","M","M","M","E","R","M","T","M","R","E","$","M","R","B",null,"M","?","M","M","M","E","R","M","T","E","R","$","?","$","R","B",null,"R","$","E","B"],"character_chosen":"Youkari","items_purchased":["Worldmountain_purple","Fantasy_PerpetualMotionMachine_purple","TheEssenceOfRealm","Mirror_FourBoundary_purple","DollysMirror","Replay:Baseball","Adrenaline Potion"],"campfire_rested":1,"item_purchase_floors":[3,3,30,30,30,46,46],"current_hp_per_floor":[70,59,59,59,59,41,41,43,43,50,50,50,43,50,50,46,85,85,88,88,91,92,51,51,58,58,59,59,36,54,57,60,63,115,115,115,105,91,93,81,81,84,84,74,74,89,89,104,121,51,121,121,121,71,0,0],"gold":37,"neow_bonus":"THREE_ENEMY_KILL","is_daily":false,"chose_seed":false,"campfire_upgraded":7,"win_rate":0.0,"timestamp":1610724489,"path_taken":["M","?","$","?","$","E","R","M","T","?","R","M","E","M","R","BOSS","M","M","M","M","?","E","R","?","T","M","R","E","$","M","R","BOSS","M","?","M","?","?","E","R","M","T","E","R","$","?","?","R","BOSS","R","$","E","BOSS"],"items_purchased_type":["Card","Card","Relic","Card","Relic","Relic","Potion"],"build_version":"2020-12-22","purchased_purges":1,"victory":false,"max_hp_per_floor":[70,70,70,70,70,70,70,70,70,73,73,76,79,82,82,85,85,85,88,88,91,94,94,94,97,97,100,100,103,106,109,112,115,115,115,115,115,115,115,115,115,118,118,121,121,121,121,121,121,121,121,121,121,131,131,131],"card_choices":[{"not_picked":["MetroBOOM_purple","DimensionStaggered_purple"],"picked":"OmniscientAndOmnipotent_Monster_purple","floor":1},{"not_picked":["RealityDreamConfluencek_purple","MagicEyes_LaplaceDemon_purple"],"picked":"Charmbait_purple","floor":6},{"not_picked":["RuleDissolution_purple","DimensionStaggered_purple"],"picked":"Umbrella_purple","floor":8},{"not_picked":["Mirror_WaveAndshot_purple","Worldmountain_purple"],"picked":"Erosivefilter_purple","floor":10},{"not_picked":["Line_surface_state_purple","Charmbait_purple"],"picked":"Nest_LightFlightworm_purple","floor":12},{"not_picked":["PurpleNeedle_purple","Photoelasticity_Doppler_Effect_purple"],"picked":"BarrageBoundary_PipeDream_purple","floor":13},{"not_picked":["SharpContractionReality_purple","PositiveMatter_Antimatter_Universe_purple"],"picked":"MeetDecomposer_purple","floor":14},{"not_picked":["WangLiang_LineAndCurveDreams_purple","WasteWire_Metro_purple"],"picked":"Boundary_LifeAndDeath_purple","floor":16},{"not_picked":["SharpContractionReality_purple","MeetDecomposer_purple","MetroBOOM_purple"],"picked":"SKIP","floor":18},{"not_picked":["OmniscientAndOmnipotent_Monster_purple+1","Bait_HighSpeedFlying_purple"],"picked":"Shallow_ocean_purpleEX","floor":19},{"not_picked":["OmniscientAndOmnipotent_Monster_purple","Worldmountain_purple","Line_surface_state_purple"],"picked":"SKIP","floor":20},{"not_picked":["Umbrella_purple","OmniscientAndOmnipotent_Monster_purple"],"picked":"MeetDecomposer_purple+1","floor":21},{"not_picked":["StateErode_purple","StretchesForeverDream_purple"],"picked":"Fancifulhole_purple","floor":22},{"not_picked":["Charmbait_purple","StateErode_purple","MetroBOOM_purple"],"picked":"SKIP","floor":23},{"not_picked":["DimensionStaggered_purple","OpenedBox_purple"],"picked":"MNeedle_purple","floor":25},{"not_picked":["SfantasyHide_purple","Anti_communist_purple"],"picked":"WorldDissolvedintheRealm_purple","floor":27},{"not_picked":["WasteWire_Metro_purple","WingOfChimera_purple"],"picked":"ExistenceContinue_purple","floor":29},{"not_picked":["WorldDissolvedintheRealm_purple","Line_surface_state_purple+1"],"picked":"StretchesForeverDream_purple+1","floor":31},{"not_picked":["Boundary_LifeAndDeath_purple","Price_of_realm_purpleEX"],"picked":"Know_ledgeAbilityRealm_purple","floor":33},{"not_picked":["Worldmountain_purple+1","OpenedBox_purple","ButterflyHabitatTemple_purple+1"],"picked":"SKIP","floor":35},{"not_picked":["Erosivefilter_purple","Boundary_ObjectiveBoundary_purple","Charmbait_purple+1"],"picked":"SKIP","floor":37},{"not_picked":["Boundary_ObjectiveBoundary_purple+1","OmniscientAndOmnipotent_Monster_purple","StateDuplicate_purple+1"],"picked":"SKIP","floor":38},{"not_picked":["OmniscientAndOmnipotent_Monster_purple+1","Erosivefilter_purple+1","Photoelasticity_Doppler_Effect_purple"],"picked":"SKIP","floor":39},{"not_picked":["WorldDissolvedintheRealm_purple+1","MonsterNeedle_purple","SharpContractionReality_purple+1"],"picked":"SKIP","floor":40},{"not_picked":["StateErode_purple+1","SharpContractionReality_purple"],"picked":"DarkRealmRedLine_purple+1","floor":42},{"not_picked":["Umbrella_purple+1","GluttonyofRealm_purpleEX"],"picked":"Realm_recovery_purpleEX+1","floor":44},{"not_picked":["Yakumo_Ran_purple","RuleDissolution_purple"],"picked":"AdvanceAttack_purple+1","floor":54}],"player_experience":666140,"relics_obtained":[{"floor":6,"key":"Dota2Spire:LotusOrb"},{"floor":9,"key":"Replay:Ringing Soul"},{"floor":13,"key":"MealTicket"},{"floor":23,"key":"Lantern"},{"floor":26,"key":"Golden Egg"},{"floor":29,"key":"Art of War"},{"floor":40,"key":"Bottled Lightning"},{"floor":40,"key":"Du-Vu Doll"},{"floor":44,"key":"Dota2Spire:ArcaneBoots"},{"floor":44,"key":"Orichalcum"},{"floor":54,"key":"Strawberry"},{"floor":54,"key":"Replay:Multitool"}],"event_choices":[{"damage_healed":0,"gold_gain":75,"player_choice":"Gather Gold","damage_taken":11,"max_hp_gain":0,"max_hp_loss":0,"event_name":"World of Goop","floor":2,"gold_loss":0},{"damage_healed":0,"gold_gain":0,"player_choice":"1 cards matched","damage_taken":0,"max_hp_gain":0,"max_hp_loss":0,"event_name":"Match and Keep!","floor":4,"gold_loss":0,"cards_obtained":["DimensionStaggered_purple"]},{"damage_healed":0,"gold_gain":0,"player_choice":"Copied","damage_taken":0,"max_hp_gain":0,"max_hp_loss":0,"event_name":"Duplicator","floor":32,"gold_loss":0,"cards_obtained":["Boundary_LifeAndDeath_purple"]},{"damage_healed":0,"gold_gain":0,"player_choice":"Bought 2 Potions","damage_taken":0,"max_hp_gain":0,"max_hp_loss":0,"event_name":"The Woman in Blue","floor":36,"gold_loss":0},{"damage_healed":0,"gold_gain":0,"player_choice":"Forge","damage_taken":0,"max_hp_gain":0,"max_hp_loss":0,"event_name":"Accursed Blacksmith","floor":47,"gold_loss":0,"cards_upgraded":["Erosivefilter_purple"]}],"is_beta":false,"boss_relics":[{"not_picked":["Astrolabe","Velvet Choker"],"picked":"Philosopher\u0027s Stone"},{"not_picked":["Abe\u0027s Treasure","Runic Dome"],"picked":"Black Star"}],"items_purged_floors":[30],"is_endless":false,"potions_floor_spawned":[1,8,13,16,20,23,25,27,29,37,38,44,54],"killed_by":"The Heart","ascension_level":0}}