{"host":"x52zk6e1f2bye2h7","time":1610707093,"event":{"mods":["AchievementEnabler","BaseMod","Highlight Path","Minty Spire (QoL Compilation)","everything is the same but u backflip on backflip"],"gold_per_floor":[366,366,202,202,62,62,77,116,116,139,163,203,217,230,230,230,230],"floor_reached":16,"language":"ENG","playtime":1322,"items_purged":["Injury","Eruption"],"score":118,"play_id":"a34e8e1c-28e4-4885-af40-24d54d33c6e2","local_time":"20210115103813","is_ascension_mode":true,"campfire_choices":[{"data":"LikeWater","floor":6,"key":"SMITH"},{"data":"Worship","floor":15,"key":"SMITH"}],"circlet_count":0,"master_deck":["Strike_P","Strike_P","Strike_P","Strike_P","Defend_P","Defend_P","Defend_P","Defend_P","Vigilance","FollowUp","Prostrate","Worship+1","LikeWater+1","Sanctity","Wallop+1","Conclude+1"],"relics":["PureWater","Golden Idol","Bottled Tornado","Peace Pipe","Molten Egg 2"],"acts_visited":["Exordium"],"potions_floor_usage":[8,13,13,16],"damage_taken":[{"damage":2,"enemies":"2 Louse","floor":1,"turns":3},{"damage":0,"enemies":"Cultist","floor":7,"turns":5},{"damage":69,"enemies":"Gremlin Nob","floor":8,"turns":8},{"damage":0,"enemies":"Small Slimes","floor":10,"turns":6},{"damage":6,"enemies":"Red Slaver","floor":11,"turns":6},{"damage":10,"enemies":"3 Sentries","floor":12,"turns":11},{"damage":1,"enemies":"Large Slime","floor":13,"turns":9},{"damage":2,"enemies":"Blue Slaver","floor":14,"turns":7},{"damage":3,"enemies":"Hexaghost","floor":16,"turns":7}],"seed_played":"-3708400536349482833","potions_obtained":[{"floor":4,"key":"GamblersBrew"},{"floor":4,"key":"FairyPotion"},{"floor":4,"key":"EssenceOfSteel"},{"floor":7,"key":"Regen Potion"},{"floor":8,"key":"EssenceOfSteel"},{"floor":10,"key":"ColorlessPotion"},{"floor":11,"key":"Dexterity Potion"}],"is_trial":false,"path_per_floor":["M","?","$","?","$","R","M","E","T","M","M","E","M","M","R","B"],"character_chosen":"WATCHER","items_purchased":["Prostrate","Worship","LikeWater"],"campfire_rested":0,"item_purchase_floors":[3,3,5],"current_hp_per_floor":[70,52,52,52,52,52,52,21,21,21,15,5,4,2,2,0,0],"gold":230,"neow_bonus":"TWO_FIFTY_GOLD","is_daily":false,"chose_seed":false,"campfire_upgraded":2,"win_rate":0.0,"timestamp":1610707093,"path_taken":["M","?","$","?","$","R","M","E","T","M","?","E","M","M","R","BOSS"],"items_purchased_type":["Card","Card","Card"],"build_version":"2020-12-22","purchased_purges":2,"victory":false,"max_hp_per_floor":[72,72,72,72,72,72,72,72,72,72,72,72,72,72,72,72,72],"card_choices":[{"not_picked":["EmptyFist","SashWhip"],"picked":"FollowUp","floor":1},{"not_picked":["EmptyFist","PathToVictory","FollowUp"],"picked":"SKIP","floor":7},{"not_picked":["SpiritShield","SashWhip","Adaptation"],"picked":"SKIP","floor":8},{"not_picked":["JustLucky","SignatureMove","EmptyFist"],"picked":"SKIP","floor":10},{"not_picked":["CrushJoints","PathToVictory"],"picked":"Sanctity","floor":11},{"not_picked":["Swivel","ConjureBlade","Consecrate+1"],"picked":"SKIP","floor":12},{"not_picked":["FlyingSleeves+1","Adaptation"],"picked":"Wallop+1","floor":13},{"not_picked":["ClearTheMind","Evaluate"],"picked":"Conclude+1","floor":14}],"player_experience":93555,"relics_obtained":[{"floor":8,"key":"Bottled Tornado"},{"floor":9,"key":"Peace Pipe"},{"floor":12,"key":"Molten Egg 2"}],"event_choices":[{"damage_healed":0,"gold_gain":0,"player_choice":"Take Damage","damage_taken":18,"relics_obtained":["Golden Idol"],"max_hp_gain":0,"max_hp_loss":0,"event_name":"Golden Idol","floor":2,"gold_loss":0},{"damage_healed":0,"gold_gain":0,"player_choice":"Got Potions","damage_taken":0,"max_hp_gain":0,"max_hp_loss":0,"event_name":"Lab","floor":4,"gold_loss":0}],"is_beta":false,"boss_relics":[],"items_purged_floors":[3,5],"is_endless":false,"potions_floor_spawned":[7,8,10,11],"killed_by":"Hexaghost","ascension_level":1}}