{"host":"if46sxignvy4ka0k","time":1610698744,"event":{"mods":["BaseMod","Minty Spire (QoL Compilation)","StSLib","The Cursed"],"gold_per_floor":[13,13,31,106,118,118,153,133,133,133,148,148,181,197,197,301,301,321,339,16,36,36,36,36,63,63,63,82,82,82,95,95,192,192,205,205,215,215,215,215],"floor_reached":39,"language":"ENG","playtime":1776,"items_purged":[],"score":459,"play_id":"a6513604-94e6-402d-adeb-7a2b35accd86","local_time":"20210115021904","is_ascension_mode":false,"campfire_choices":[{"data":"TheCursedMod:StingEye","floor":6,"key":"SMITH"},{"data":"TheCursedMod:CircleOfFlame","floor":10,"key":"SMITH"},{"floor":15,"key":"REST"},{"floor":23,"key":"RECALL"},{"floor":27,"key":"REST"},{"floor":29,"key":"REST"},{"floor":32,"key":"REST"}],"circlet_count":0,"master_deck":["TheCursedMod:Defend_TheCursed","TheCursedMod:Defend_TheCursed","TheCursedMod:Defend_TheCursed","TheCursedMod:CursedWand+1","TheCursedMod:CleanUpWorkshop","TheCursedMod:Dregs","TheCursedMod:SpitefulStrike","TheCursedMod:WearCloak","TheCursedMod:StingEye+1","TheCursedMod:CircleOfFlame+1","TheCursedMod:Stigma+1","TheCursedMod:Hemoplague","TheCursedMod:Obscuration","TheCursedMod:CircleOfAbyss","TheCursedMod:CircleOfCorruption","TheCursedMod:SpreadPlague","Sadistic Nature","TheCursedMod:CircleOfFlame","TheCursedMod:SaltUponWound","TheCursedMod:Torture+1","TheCursedMod:Obscuration","Bite","Bite","Bite","Bite","Bite","TheCursedMod:NeowsMight","TheCursedMod:CircleOfFlame","TheCursedMod:UltimatePain","CurseOfTheBell","TheCursedMod:CircleOfFlame+1","TheCursedMod:DoubleShield","Parasite"],"relics":["TheCursedMod:BlackMagic101","TheCursedMod:BloodyHarpoon","Nunchaku","Unceasing Top","Fusion Hammer","TheCursedMod:PinkPellets","Nilry\u0027s Codex","Prayer Wheel","Calling Bell","Blood Vial","Singing Bowl","Bird Faced Urn"],"acts_visited":["Exordium","TheCity","TheBeyond"],"potions_floor_usage":[28,33],"damage_taken":[{"damage":0,"enemies":"2 Louse","floor":1,"turns":4},{"damage":0,"enemies":"Jaw Worm","floor":3,"turns":3},{"damage":0,"enemies":"Small Slimes","floor":5,"turns":3},{"damage":13,"enemies":"Gremlin Nob","floor":7,"turns":5},{"damage":3,"enemies":"Gremlin Gang","floor":11,"turns":3},{"damage":15,"enemies":"3 Sentries","floor":13,"turns":9},{"damage":0,"enemies":"Looter","floor":14,"turns":2},{"damage":24,"enemies":"The Guardian","floor":16,"turns":6},{"damage":12,"enemies":"Spheric Guardian","floor":18,"turns":5},{"damage":7,"enemies":"Shell Parasite","floor":19,"turns":4},{"damage":0,"enemies":"Centurion and Healer","floor":21,"turns":5},{"damage":24,"enemies":"Gremlin Leader","floor":25,"turns":5},{"damage":33,"enemies":"Sentry and Sphere","floor":28,"turns":6},{"damage":0,"enemies":"Chosen and Byrds","floor":31,"turns":3},{"damage":53,"enemies":"Collector","floor":33,"turns":9},{"damage":2,"enemies":"Orb Walker","floor":35,"turns":2},{"damage":33,"enemies":"3 Darklings","floor":37,"turns":3},{"damage":46,"enemies":"Writhing Mass","floor":39,"turns":5}],"seed_played":"-5157401640790380546","potions_obtained":[{"floor":3,"key":"EssenceOfSteel"},{"floor":5,"key":"DuplicationPotion"},{"floor":8,"key":"DuplicationPotion"},{"floor":21,"key":"CultistPotion"}],"is_trial":false,"path_per_floor":["M","?","M","?","M","R","E","?","T","R","M","?","E","M","R","B",null,"M","M","$","M","?","R","?","E","T","R","M","R","?","M","R","B",null,"M","?","M","?","M"],"character_chosen":"THE_CURSED","items_purchased":["TheCursedMod:PinkPellets","Sadistic Nature"],"campfire_rested":4,"item_purchase_floors":[20,20],"current_hp_per_floor":[75,75,75,64,64,64,51,51,51,51,48,33,18,18,40,16,75,63,56,56,56,56,56,40,16,16,38,5,27,27,35,50,15,52,56,56,29,31,0,0],"gold":215,"neow_bonus":"REMOVE_TWO","is_daily":false,"chose_seed":false,"campfire_upgraded":2,"win_rate":0.0,"timestamp":1610698744,"path_taken":["M","?","M","?","M","R","E","?","T","R","?","?","E","M","R","BOSS","M","M","$","M","?","R","?","E","T","R","M","R","?","M","R","BOSS","M","?","M","?","M"],"items_purchased_type":["Relic","Card"],"build_version":"2020-12-22","purchased_purges":0,"victory":false,"max_hp_per_floor":[75,75,75,75,75,75,75,75,75,75,75,75,75,75,75,75,75,75,75,75,75,75,75,75,75,75,75,75,75,52,52,52,52,52,56,56,56,58,58,58],"card_choices":[{"not_picked":["TheCursedMod:RapidMovement","TheCursedMod:SmokeScreen"],"picked":"TheCursedMod:SpitefulStrike","floor":1},{"not_picked":["TheCursedMod:RavingStaff","TheCursedMod:AshesToAshes"],"picked":"TheCursedMod:WearCloak","floor":3},{"not_picked":["TheCursedMod:TacticalStrike","TheCursedMod:FleshFromBone"],"picked":"TheCursedMod:StingEye","floor":5},{"not_picked":["TheCursedMod:Stretching","TheCursedMod:StunningStrike"],"picked":"TheCursedMod:CircleOfFlame","floor":7},{"not_picked":["TheCursedMod:Obscuration","TheCursedMod:RavingStaff"],"picked":"TheCursedMod:Stigma","floor":11},{"not_picked":["TheCursedMod:VitalStrike","TheCursedMod:LuckyCharm"],"picked":"TheCursedMod:Hemoplague","floor":13},{"not_picked":["TheCursedMod:DemonSword","TheCursedMod:RapidMovement"],"picked":"TheCursedMod:Obscuration","floor":14},{"not_picked":["TheCursedMod:VoidForm","TheCursedMod:DemonicPact"],"picked":"TheCursedMod:CircleOfAbyss","floor":16},{"not_picked":["TheCursedMod:CursedShiv","TheCursedMod:SpitefulStrike"],"picked":"TheCursedMod:CircleOfCorruption","floor":18},{"not_picked":["TheCursedMod:SpitefulStrike","TheCursedMod:CircleOfFocus"],"picked":"TheCursedMod:SpreadPlague","floor":19},{"not_picked":["TheCursedMod:WearCloak+1","TheCursedMod:Torture"],"picked":"TheCursedMod:CircleOfFlame","floor":21},{"not_picked":["TheCursedMod:CursedBlade","TheCursedMod:BlessingInDisguise"],"picked":"TheCursedMod:Torture+1","floor":25},{"not_picked":["TheCursedMod:RavingStaff","TheCursedMod:Wield"],"picked":"TheCursedMod:Obscuration","floor":28},{"not_picked":["TheCursedMod:RavingStaff+1","TheCursedMod:SpitefulStrike","TheCursedMod:CursedAmulet"],"picked":"SKIP","floor":28},{"not_picked":["TheCursedMod:SoulReap","TheCursedMod:SpitefulStrike"],"picked":"TheCursedMod:NeowsMight","floor":31},{"not_picked":["TheCursedMod:CursedAmulet","TheCursedMod:RapidMovement"],"picked":"TheCursedMod:CircleOfFlame","floor":31},{"not_picked":["TheCursedMod:CursedRelics","TheCursedMod:CollectTribute"],"picked":"TheCursedMod:UltimatePain","floor":33},{"not_picked":["TheCursedMod:Torture","TheCursedMod:StunningStrike","TheCursedMod:Stretching"],"picked":"Singing Bowl","floor":35},{"not_picked":["TheCursedMod:Stretching","TheCursedMod:CursedArmor","TheCursedMod:CursedAmulet"],"picked":"Singing Bowl","floor":35},{"not_picked":["TheCursedMod:CircleOfFocus","TheCursedMod:Mangle+1"],"picked":"TheCursedMod:CircleOfFlame+1","floor":37},{"not_picked":["TheCursedMod:CircleOfCorruption","TheCursedMod:RapidMovement+1"],"picked":"TheCursedMod:DoubleShield","floor":37},{"not_picked":["HandOfGreed","PanicButton","Transmutation"],"picked":"Singing Bowl","floor":38}],"player_experience":2118846,"relics_obtained":[{"floor":7,"key":"TheCursedMod:BloodyHarpoon"},{"floor":9,"key":"Nunchaku"},{"floor":13,"key":"Unceasing Top"},{"floor":24,"key":"Nilry\u0027s Codex"},{"floor":25,"key":"Prayer Wheel"},{"floor":34,"key":"Blood Vial"},{"floor":34,"key":"Singing Bowl"},{"floor":34,"key":"Bird Faced Urn"}],"event_choices":[{"damage_healed":0,"gold_gain":0,"player_choice":"Grow","damage_taken":0,"max_hp_gain":0,"max_hp_loss":0,"event_name":"Living Wall","floor":2,"gold_loss":0,"cards_upgraded":["TheCursedMod:CursedWand"]},{"damage_healed":0,"gold_gain":75,"player_choice":"Gather Gold","damage_taken":11,"max_hp_gain":0,"max_hp_loss":0,"event_name":"World of Goop","floor":4,"gold_loss":0},{"damage_healed":0,"gold_gain":0,"player_choice":"Bought 1 Potion","damage_taken":0,"max_hp_gain":0,"max_hp_loss":0,"event_name":"The Woman in Blue","floor":8,"gold_loss":0},{"damage_healed":0,"gold_gain":0,"player_choice":"Entered Light","damage_taken":15,"max_hp_gain":0,"max_hp_loss":0,"event_name":"Shining Light","floor":12,"gold_loss":0,"cards_upgraded":["TheCursedMod:Strike_TheCursed","TheCursedMod:Stigma"]},{"damage_healed":0,"gold_gain":0,"player_choice":"Read","damage_taken":0,"max_hp_gain":0,"max_hp_loss":0,"event_name":"The Library","floor":22,"gold_loss":0,"cards_obtained":["TheCursedMod:SaltUponWound"]},{"damage_healed":0,"gold_gain":0,"player_choice":"Obtained Book","damage_taken":16,"max_hp_gain":0,"max_hp_loss":0,"event_name":"Cursed Tome","floor":24,"gold_loss":0},{"damage_healed":0,"gold_gain":0,"player_choice":"Became a vampire","damage_taken":0,"max_hp_gain":0,"max_hp_loss":23,"event_name":"Vampires","floor":30,"gold_loss":0,"cards_obtained":["Bite","Bite","Bite","Bite","Bite"]},{"damage_healed":0,"gold_gain":0,"player_choice":"Ignored","damage_taken":0,"max_hp_gain":0,"max_hp_loss":0,"event_name":"Tomb of Lord Red Mask","floor":36,"gold_loss":0},{"damage_healed":0,"gold_gain":0,"player_choice":"Memory 1","damage_taken":0,"max_hp_gain":0,"max_hp_loss":0,"event_name":"SensoryStone","floor":38,"gold_loss":0}],"is_beta":false,"boss_relics":[{"not_picked":["Velvet Choker","Philosopher\u0027s Stone"],"picked":"Fusion Hammer"},{"not_picked":["Tiny House","Pandora\u0027s Box"],"picked":"Calling Bell"}],"items_purged_floors":[],"is_endless":false,"potions_floor_spawned":[3,5,11,14,16,18,19,21,25],"killed_by":"Writhing Mass","ascension_level":0}}