{"host":"873t0y8ybyo38pfq","time":1610738587,"event":{"mods":["BaseMod","Bestiary","Colored Map","Colored Powertips","Highlight Path","Minty Spire (QoL Compilation)","Quick Restart","RNG Fix","Rare Cards Sparkle","Relic Stats","StSLib"],"gold_per_floor":[112,128,139,150,162,196,196,196,244,4,4,32,32,45,45,123,123,77,97,125,125,125],"floor_reached":21,"language":"ENG","playtime":577,"items_purged":[],"score":407,"play_id":"7d1a7414-decd-4074-ad98-31e4f52cb5b9","local_time":"20210115142307","is_ascension_mode":true,"campfire_choices":[{"data":"Reprogram","floor":7,"key":"SMITH"},{"data":"Beam Cell","floor":11,"key":"SMITH"},{"data":"Gash","floor":13,"key":"SMITH"},{"data":"Sweeping Beam","floor":15,"key":"SMITH"}],"circlet_count":0,"master_deck":["AscendersBane","Strike_B","Strike_B","Strike_B","Defend_B","Defend_B","Defend_B","Defend_B","Zap","Dualcast","Reprogram+1","Beam Cell+1","Conserve Battery","Sweeping Beam+1","Gash","Streamline","Storm","Gash+1","Leap","Seek","CurseOfTheBell","Gash+1","BootSequence","Gash+1","Hologram","Rebound+1"],"relics":["Cracked Core","NeowsBlessing","Darkstone Periapt","Bronze Scales","Lee\u0027s Waffle","Ancient Tea Set","Calling Bell","Bag of Marbles","Molten Egg 2","Prayer Wheel","Red Mask"],"acts_visited":["TheCity"],"potions_floor_usage":[6,6,12,16,16,20,20,21],"damage_taken":[{"damage":0,"enemies":"2 Louse","floor":1,"turns":1},{"damage":0,"enemies":"Small Slimes","floor":2,"turns":1},{"damage":0,"enemies":"Jaw Worm","floor":3,"turns":1},{"damage":8,"enemies":"3 Louse","floor":4,"turns":4},{"damage":7,"enemies":"Blue Slaver","floor":5,"turns":5},{"damage":13,"enemies":"3 Sentries","floor":6,"turns":4},{"damage":27,"enemies":"Gremlin Nob","floor":12,"turns":4},{"damage":7,"enemies":"Exordium Wildlife","floor":14,"turns":3},{"damage":12,"enemies":"Slime Boss","floor":16,"turns":6},{"damage":23,"enemies":"2 Thieves","floor":18,"turns":5},{"damage":17,"enemies":"Chosen","floor":19,"turns":5},{"damage":2,"enemies":"Masked Bandits","floor":20,"turns":2},{"damage":34,"enemies":"Snake Plant","floor":21,"turns":3}],"seed_played":"-3790149682427723091","potions_obtained":[{"floor":4,"key":"SteroidPotion"},{"floor":5,"key":"SteroidPotion"},{"floor":6,"key":"SteroidPotion"},{"floor":14,"key":"LiquidMemories"},{"floor":16,"key":"Explosive Potion"},{"floor":19,"key":"Explosive Potion"},{"floor":20,"key":"PowerPotion"}],"is_trial":false,"path_per_floor":["M","M","M","M","M","E","R","?","T","$","R","E","R","M","R","B",null,"M","M","?","M"],"character_chosen":"DEFECT","items_purchased":["Lee\u0027s Waffle","Gash","Weak Potion"],"campfire_rested":0,"item_purchase_floors":[10,10,10],"current_hp_per_floor":[64,64,64,56,49,36,36,36,36,78,78,51,51,44,44,32,73,50,33,31,0,0],"gold":125,"neow_bonus":"THREE_ENEMY_KILL","is_daily":false,"chose_seed":false,"campfire_upgraded":4,"win_rate":0.0,"timestamp":1610738587,"path_taken":["M","M","M","M","M","E","R","?","T","$","R","E","R","M","R","BOSS","M","M","?","M"],"items_purchased_type":["Relic","Card","Potion"],"build_version":"2020-12-22","purchased_purges":0,"victory":false,"max_hp_per_floor":[71,71,71,71,71,71,71,71,71,78,78,78,78,78,78,78,84,84,84,84,84,84],"relic_stats":{"Darkstone Periapt":6,"Lee\u0027s Waffle":42,"counters":[13,44],"Bronze Scales":[51],"Prayer Wheel":2,"obtain_stats":[{"Darkstone Periapt":6,"Calling Bell":17,"Lee\u0027s Waffle":10,"NeowsBlessing":0,"Bronze Scales":9,"Molten Egg 2":17,"Prayer Wheel":17,"Bag of Marbles":17,"Red Mask":20,"Cracked Core":0,"Ancient Tea Set":12},{"Darkstone Periapt":6,"Calling Bell":9,"Lee\u0027s Waffle":6,"NeowsBlessing":0,"Bronze Scales":6,"Molten Egg 2":9,"Prayer Wheel":9,"Bag of Marbles":9,"Red Mask":12,"Cracked Core":0,"Ancient Tea Set":7},{"Darkstone Periapt":16,"Calling Bell":29,"Lee\u0027s Waffle":16,"NeowsBlessing":0,"Bronze Scales":16,"Molten Egg 2":29,"Prayer Wheel":29,"Bag of Marbles":29,"Red Mask":41,"Cracked Core":0,"Ancient Tea Set":20}]},"card_choices":[{"not_picked":["Steam Power","Heatsinks"],"picked":"Reprogram","floor":1},{"not_picked":["Barrage","Coolheaded"],"picked":"Beam Cell","floor":2},{"not_picked":["Chill","Loop"],"picked":"Conserve Battery","floor":3},{"not_picked":["Doom and Gloom","White Noise"],"picked":"Sweeping Beam","floor":4},{"not_picked":["Hologram","Stack"],"picked":"Gash","floor":5},{"not_picked":["Force Field","Ball Lightning"],"picked":"Streamline","floor":6},{"not_picked":["Redo","Darkness","Consume"],"picked":"SKIP","floor":12},{"not_picked":["Doom and Gloom","Defragment"],"picked":"Leap","floor":14},{"not_picked":["Creative AI","Rainbow"],"picked":"Seek","floor":16},{"not_picked":["Steam","Beam Cell+1"],"picked":"Gash+1","floor":18},{"not_picked":["Rebound+1","Reprogram"],"picked":"BootSequence","floor":18},{"not_picked":["Melter+1","Sweeping Beam+1"],"picked":"Gash+1","floor":19},{"not_picked":["Leap+1","Stack+1"],"picked":"Hologram","floor":19},{"not_picked":["Barrage+1","Redo"],"picked":"Rebound+1","floor":20}],"player_experience":1643517,"relics_obtained":[{"floor":6,"key":"Darkstone Periapt"},{"floor":9,"key":"Bronze Scales"},{"floor":12,"key":"Ancient Tea Set"},{"floor":17,"key":"Bag of Marbles"},{"floor":17,"key":"Molten Egg 2"},{"floor":17,"key":"Prayer Wheel"},{"floor":20,"key":"Red Mask"}],"event_choices":[{"damage_healed":0,"gold_gain":0,"cards_transformed":["Strike_B"],"player_choice":"Change","damage_taken":0,"max_hp_gain":0,"max_hp_loss":0,"event_name":"Living Wall","floor":8,"gold_loss":0,"cards_obtained":["Storm"]},{"damage_healed":0,"gold_gain":0,"player_choice":"Fought Bandits","damage_taken":0,"max_hp_gain":0,"max_hp_loss":0,"event_name":"Masked Bandits","floor":20,"gold_loss":0}],"is_beta":false,"boss_relics":[{"not_picked":["SlaversCollar","Runic Pyramid"],"picked":"Calling Bell"}],"items_purged_floors":[],"is_endless":false,"potions_floor_spawned":[4,5,6,14,16,19,20],"killed_by":"Snake Plant","ascension_level":20}}