{"host":"ji1fk25fd1ga4ji1","time":1610710646,"event":{"mods":["2.2 Compatiblity","BaseMod","Colored Map","DeckTracker","Minty Spire (QoL Compilation)","Permanent Neow","Quick Restart","StSLib","SuperFastMode"],"gold_per_floor":[365,385,385,272,272,297,312,342,342,85,100,50,0,19,19,19,19],"floor_reached":16,"language":"KOR","playtime":391,"items_purged":["Defend_R","Defend_R"],"score":105,"play_id":"37840882-593b-4c71-8245-8a77b85137f5","local_time":"20210115203726","is_ascension_mode":true,"campfire_choices":[{"data":"Perfected Strike","floor":15,"key":"SMITH"}],"circlet_count":0,"master_deck":["Strike_R","Strike_R","Strike_R","Strike_R","Defend_R","Defend_R","Bash","Clash","Perfected Strike+1","Evolve","Twin Strike","Twin Strike"],"relics":["Burning Blood","Pen Nib","Shuriken","Dream Catcher","Odd Mushroom","Bottled Flame","PreservedInsect"],"acts_visited":["Exordium"],"potions_floor_usage":[14],"damage_taken":[{"damage":6,"enemies":"Jaw Worm","floor":1,"turns":5},{"damage":2,"enemies":"Small Slimes","floor":2,"turns":3},{"damage":26,"enemies":"Lagavulin","floor":6,"turns":7},{"damage":0,"enemies":"Cultist","floor":7,"turns":1},{"damage":26,"enemies":"The Mushroom Lair","floor":8,"turns":4},{"damage":0,"enemies":"Looter","floor":11,"turns":1},{"damage":0,"enemies":"Large Slime","floor":14,"turns":4},{"damage":35,"enemies":"The Guardian","floor":16,"turns":3}],"seed_played":"5654936970659759157","potions_obtained":[{"floor":2,"key":"Energy Potion"},{"floor":8,"key":"Weak Potion"}],"is_trial":false,"path_per_floor":["M","M","?","$","?","E","M","?","T","$","M","?","$","M","R","B"],"character_chosen":"IRONCLAD","items_purchased":["Evolve","PreservedInsect","BloodPotion"],"campfire_rested":0,"item_purchase_floors":[4,10,13],"current_hp_per_floor":[56,60,42,42,42,22,28,8,8,8,14,14,14,36,36,1,1],"gold":19,"neow_bonus":"TWO_FIFTY_GOLD","is_daily":false,"chose_seed":false,"campfire_upgraded":1,"win_rate":0.0,"timestamp":1610710646,"path_taken":["M","M","?","$","?","E","?","?","T","$","M","?","$","M","R","BOSS"],"items_purchased_type":["Card","Relic","Potion"],"build_version":"2020-12-22","purchased_purges":2,"victory":false,"max_hp_per_floor":[80,80,80,80,80,80,80,80,80,80,80,80,80,80,80,80,80],"card_choices":[{"not_picked":["Body Slam","Evolve"],"picked":"Clash","floor":1},{"not_picked":["Blood for Blood","Metallicize"],"picked":"Perfected Strike","floor":2},{"not_picked":["Thunderclap","Cleave"],"picked":"Twin Strike","floor":6},{"not_picked":["Dual Wield","Fire Breathing"],"picked":"Twin Strike","floor":7},{"not_picked":["Sword Boomerang","Seeing Red","True Grit"],"picked":"SKIP","floor":11},{"not_picked":["Metallicize","Fiend Fire","Headbutt"],"picked":"SKIP","floor":14}],"player_experience":478742,"relics_obtained":[{"floor":5,"key":"Shuriken"},{"floor":6,"key":"Dream Catcher"},{"floor":8,"key":"Odd Mushroom"},{"floor":9,"key":"Bottled Flame"}],"event_choices":[{"damage_healed":0,"gold_gain":0,"player_choice":"Success","damage_taken":18,"relics_obtained":["Pen Nib"],"max_hp_gain":0,"max_hp_loss":0,"event_name":"Scrap Ooze","floor":3,"gold_loss":0},{"damage_healed":0,"gold_gain":0,"player_choice":"Relic","damage_taken":0,"max_hp_gain":0,"max_hp_loss":0,"event_name":"Wheel of Change","floor":5,"gold_loss":0},{"damage_healed":0,"gold_gain":0,"player_choice":"Fought Mushrooms","damage_taken":0,"max_hp_gain":0,"max_hp_loss":0,"event_name":"Mushrooms","floor":8,"gold_loss":0},{"cards_removed":["Strike_R"],"damage_healed":0,"gold_gain":0,"player_choice":"Card Removal","damage_taken":0,"max_hp_gain":0,"max_hp_loss":0,"event_name":"The Cleric","floor":12,"gold_loss":50}],"is_beta":false,"boss_relics":[],"items_purged_floors":[4,10],"is_endless":false,"potions_floor_spawned":[2,8],"killed_by":"The Guardian","ascension_level":1}}