{"host":"i09pxcjttd31eh4q","time":1610731140,"event":{"mods":["AchievementEnabler","BaseMod","Colored Map","Keyboard Shortcuts","Minty Spire (QoL Compilation)","StSLib","SuperFastMode"],"gold_per_floor":[114,114,138,138,155,185,185,218,267,293,293,337,337,350,350,438,438,454,474,399,417,467,499,499,499],"floor_reached":24,"language":"KOR","playtime":373,"items_purged":["Defend_P"],"score":684,"play_id":"3dec5633-dfda-4c8f-b012-4a93ad3cf3e1","local_time":"20210116021900","is_ascension_mode":true,"campfire_choices":[{"data":"Eruption","floor":7.0,"key":"SMITH"},{"data":"Ragnarok","floor":11.0,"key":"SMITH"},{"data":"TalkToTheHand","floor":13.0,"key":"SMITH"},{"data":"WreathOfFlame","floor":15.0,"key":"SMITH"}],"circlet_count":0,"master_deck":["AscendersBane","Strike_P","Strike_P","Strike_P","Strike_P","Defend_P","Defend_P","Eruption+1","Vigilance","MentalFortress","Ragnarok+1","WreathOfFlame+1","TalkToTheHand+1","Vault"],"relics":["PureWater","NeowsBlessing","Nunchaku","CeramicFish","Bottled Flame","PreservedInsect","Eternal Feather","Ancient Tea Set","Runic Pyramid","Bag of Preparation"],"acts_visited":["Exordium","TheCity"],"potions_floor_usage":[],"damage_taken":[{"damage":0.0,"enemies":"Jaw Worm","floor":1.0,"turns":1.0},{"damage":0.0,"enemies":"2 Louse","floor":5.0,"turns":1.0},{"damage":0.0,"enemies":"Lagavulin","floor":6.0,"turns":1.0},{"damage":6.0,"enemies":"Gremlin Nob","floor":8.0,"turns":3.0},{"damage":15.0,"enemies":"3 Sentries","floor":10.0,"turns":4.0},{"damage":0.0,"enemies":"Gremlin Nob","floor":12.0,"turns":1.0},{"damage":0.0,"enemies":"Cultist","floor":14.0,"turns":2.0},{"damage":0.0,"enemies":"Slime Boss","floor":16.0,"turns":4.0},{"damage":42.0,"enemies":"3 Byrds","floor":18.0,"turns":6.0},{"damage":7.0,"enemies":"Shell Parasite","floor":19.0,"turns":4.0},{"damage":8.0,"enemies":"Snecko","floor":21.0,"turns":3.0},{"damage":23.0,"enemies":"Book of Stabbing","floor":23.0,"turns":4.0},{"damage":6,"enemies":"Centurion and Healer","floor":24,"turns":1}],"seed_played":"1711709474341949856","potions_obtained":[{"floor":5.0,"key":"BlessingOfTheForge"},{"floor":6.0,"key":"StancePotion"},{"floor":8.0,"key":"AttackPotion"},{"floor":10.0,"key":"SneckoOil"},{"floor":19.0,"key":"FairyPotion"},{"floor":21.0,"key":"FearPotion"},{"floor":23.0,"key":"Fire Potion"}],"is_trial":false,"path_per_floor":["M","?","T","?","M","E","R","E","T","E","R","E","R","M","R","B",null,"M","M","$","M","?","E","M"],"character_chosen":"WATCHER","items_purchased":[],"campfire_rested":0,"item_purchase_floors":[],"current_hp_per_floor":[61,54,54,54,54,54,54,48,48,33,39,39,45,45,51,51,64,22,15,15,7,1,4,0,0],"gold":499,"neow_bonus":"THREE_ENEMY_KILL","is_daily":false,"chose_seed":false,"campfire_upgraded":4,"win_rate":0.0,"timestamp":1610731140,"path_taken":["M","?","?","?","?","E","R","E","T","E","R","E","R","M","R","BOSS","M","M","$","M","?","E","M"],"items_purchased_type":[],"build_version":"2020-12-22","purchased_purges":1,"victory":false,"max_hp_per_floor":[68,68,68,68,68,68,68,68,68,68,68,68,68,68,68,68,68,68,68,68,68,68,68,68,68],"card_choices":[{"not_picked":["CrushJoints","Meditate"],"picked":"MentalFortress","floor":1.0},{"not_picked":["Crescendo","Consecrate"],"picked":"WreathOfFlame","floor":5.0},{"not_picked":["CutThroughFate","Pray","Worship"],"picked":"SKIP","floor":6.0},{"not_picked":["SpiritShield","Halt","Conclude"],"picked":"SKIP","floor":8.0},{"not_picked":["Pray","Study","Worship"],"picked":"SKIP","floor":10.0},{"not_picked":["LikeWater","PathToVictory"],"picked":"TalkToTheHand","floor":12.0},{"not_picked":["EmptyFist","Conclude","ThirdEye"],"picked":"SKIP","floor":14.0},{"not_picked":["Alpha","DeusExMachina"],"picked":"Vault","floor":16.0},{"not_picked":["CrushJoints","TalkToTheHand","ClearTheMind"],"picked":"SKIP","floor":18.0},{"not_picked":["ThirdEye","CarveReality","Evaluate"],"picked":"SKIP","floor":19.0},{"not_picked":["Judgement","CarveReality","PathToVictory"],"picked":"SKIP","floor":21.0},{"not_picked":["BattleHymn","EmptyFist","Prostrate"],"picked":"SKIP","floor":23.0}],"player_experience":857052,"relics_obtained":[{"floor":3.0,"key":"Nunchaku"},{"floor":6.0,"key":"CeramicFish"},{"floor":8.0,"key":"Bottled Flame"},{"floor":9.0,"key":"PreservedInsect"},{"floor":10.0,"key":"Eternal Feather"},{"floor":12.0,"key":"Ancient Tea Set"},{"floor":23.0,"key":"Bag of Preparation"}],"event_choices":[{"cards_removed":["Defend_P"],"damage_healed":0.0,"max_hp_gain":0.0,"max_hp_loss":0.0,"gold_gain":0.0,"event_name":"Golden Wing","player_choice":"Card Removal","floor":2.0,"gold_loss":0.0,"damage_taken":7.0},{"damage_healed":0.0,"max_hp_gain":0.0,"max_hp_loss":0.0,"gold_gain":0.0,"event_name":"Match and Keep!","player_choice":"1 cards matched","floor":4.0,"gold_loss":0.0,"damage_taken":0.0,"cards_obtained":["Ragnarok"]},{"damage_healed":0.0,"max_hp_gain":0.0,"max_hp_loss":0.0,"gold_gain":50.0,"event_name":"FaceTrader","player_choice":"Touch","floor":22.0,"gold_loss":0.0,"damage_taken":6.0}],"is_beta":false,"boss_relics":[{"not_picked":["Astrolabe","Velvet Choker"],"picked":"Runic Pyramid"}],"items_purged_floors":[20],"is_endless":false,"potions_floor_spawned":[5,6,8,10,19,21,23],"killed_by":"Centurion and Healer","ascension_level":20}}