{"host":"jwbw4f4imxd0v0b0","time":1610685912,"event":{"mods":["BaseMod","Colored Map","Highlight Path","Minty Spire (QoL Compilation)","Relic Stats","StSLib"],"gold_per_floor":[367,385,397,47,47,47,12,56,56,56,74,74,99,139,139,264,264,282,282,282,8,8,8,41,121,148,29,29,48,83,99,99,227,227,245,245,143,476,493,528,528,542,542,559,614,614,614,643,643,643],"floor_reached":51,"language":"ENG","playtime":3967,"items_purged":["Strike_G","Strike_G"],"score":1361,"play_id":"bbd99a60-7a8d-496e-8d32-4383bb512375","local_time":"20210114224512","is_ascension_mode":true,"campfire_choices":[{"data":"Footwork","floor":6.0,"key":"SMITH"},{"data":"Blade Dance","floor":15.0,"key":"SMITH"},{"data":"Burst","floor":23.0,"key":"SMITH"},{"data":"Bouncing Flask","floor":28.0,"key":"SMITH"},{"data":"Catalyst","floor":32.0,"key":"SMITH"},{"floor":41.0,"key":"REST"},{"floor":46,"key":"REST"},{"floor":49,"key":"REST"}],"circlet_count":0,"master_deck":["AscendersBane","Defend_G","Defend_G","Defend_G","Defend_G","Defend_G","Survivor","Neutralize+1","Poisoned Stab+1","Leg Sweep","Footwork","Footwork+1","Burst+1","Blade Dance+1","Catalyst","Cloak And Dagger","After Image+1","Caltrops+1","Well Laid Plans+1","J.A.X.","Panache+1","Blade Dance","Bouncing Flask+1","Acrobatics+1","Sadistic Nature+1","Dodge and Roll","Catalyst+1","Venomology","Blade Dance+1","Endless Agony+1","Slice+1","Terror","Noxious Fumes+1","Reflex+1","Acrobatics+1","Cloak And Dagger+1","Accuracy+1"],"relics":["Ring of the Snake","DollysMirror","Vajra","Kunai","Frozen Egg 2","Ornamental Fan","Tiny Chest","Mummified Hand","Philosopher\u0027s Stone","Membership Card","Happy Flower","Question Card","Centennial Puzzle","Shovel","Astrolabe","PreservedInsect","Molten Egg 2","Lizard Tail","Bird Faced Urn","Whetstone"],"acts_visited":["Exordium","TheCity","TheBeyond"],"potions_floor_usage":[42,44,50,50],"damage_taken":[{"damage":1.0,"enemies":"Jaw Worm","floor":1.0,"turns":5.0},{"damage":0.0,"enemies":"Small Slimes","floor":2.0,"turns":3.0},{"damage":0.0,"enemies":"Cultist","floor":3.0,"turns":4.0},{"damage":3.0,"enemies":"3 Sentries","floor":8.0,"turns":9.0},{"damage":9.0,"enemies":"3 Louse","floor":11.0,"turns":4.0},{"damage":0.0,"enemies":"Blue Slaver","floor":13.0,"turns":5.0},{"damage":12.0,"enemies":"Gremlin Nob","floor":14.0,"turns":5.0},{"damage":6.0,"enemies":"Slime Boss","floor":16.0,"turns":14.0},{"damage":0.0,"enemies":"Shell Parasite","floor":18.0,"turns":6.0},{"damage":5.0,"enemies":"Gremlin Leader","floor":24.0,"turns":6.0},{"damage":0.0,"enemies":"3 Byrds","floor":29.0,"turns":4.0},{"damage":9.0,"enemies":"Book of Stabbing","floor":30.0,"turns":4.0},{"damage":0.0,"enemies":"Cultist and Chosen","floor":31.0,"turns":5.0},{"damage":3.0,"enemies":"Automaton","floor":33.0,"turns":9.0},{"damage":7.0,"enemies":"3 Shapes","floor":35.0,"turns":2.0},{"damage":9.0,"enemies":"3 Darklings","floor":39.0,"turns":5.0},{"damage":41.0,"enemies":"Nemesis","floor":40.0,"turns":5.0},{"damage":5,"enemies":"Maw","floor":42,"turns":7},{"damage":13,"enemies":"Spire Growth","floor":44,"turns":4},{"damage":7,"enemies":"2 Orb Walkers","floor":45,"turns":3},{"damage":3,"enemies":"Reptomancer","floor":48,"turns":3},{"damage":3,"enemies":"Donu and Deca","floor":50,"turns":5}],"seed_played":"7642886769780088473","potions_obtained":[{"floor":2.0,"key":"LiquidBronze"},{"floor":11.0,"key":"GamblersBrew"},{"floor":14.0,"key":"DistilledChaos"},{"floor":18.0,"key":"CultistPotion"},{"floor":24.0,"key":"Explosive Potion"},{"floor":31.0,"key":"FairyPotion"},{"floor":40.0,"key":"SpeedPotion"},{"floor":44,"key":"LiquidBronze"},{"floor":45,"key":"LiquidMemories"}],"is_trial":false,"path_per_floor":["M","M","M","$","?","R","?","E","T","T","M","?","M","E","R","B",null,"M","?","?","$","?","R","E","T","T","$","R","M","E","M","R","B",null,"M","?","$","?","M","E","R","M","T","M","?","R","T","E","R","B",null],"character_chosen":"THE_SILENT","items_purchased":["DollysMirror","Vajra","Dagger Spray","Membership Card","Panache+1","Blade Dance","Sadistic Nature+1","Fruit Juice"],"campfire_rested":3,"item_purchase_floors":[4,4,4,21,21,21,27,37],"current_hp_per_floor":[44,44,44,44,44,44,60,57,57,57,48,45,45,33,33,27,56,56,56,56,56,56,56,51,51,51,51,51,51,42,42,42,39,59,52,52,52,52,43,22,43,38,38,25,18,39,39,48,69,70],"gold":643,"neow_bonus":"TWO_FIFTY_GOLD","is_daily":false,"chose_seed":false,"campfire_upgraded":5,"win_rate":0.0,"timestamp":1610685912,"path_taken":["M","M","M","$","?","R","?","E","T","?","?","?","M","E","R","BOSS","M","?","?","$","?","R","E","?","T","$","R","M","E","M","R","BOSS","M","?","$","?","M","E","R","M","T","M","?","R","?","E","R","BOSS"],"items_purchased_type":["Relic","Relic","Card","Relic","Card","Card","Card","Potion"],"build_version":"2020-12-22","purchased_purges":2,"victory":true,"max_hp_per_floor":[70,70,70,70,65,65,65,65,65,65,65,65,65,65,65,65,65,65,65,65,65,65,65,65,65,65,65,65,65,65,65,65,65,65,65,65,65,65,65,70,70,70,70,70,70,70,70,70,70,70],"relic_stats":{"Happy Flower":[18],"counters":[22,117],"Astrolabe":["Blade Dance","Endless Agony","Slice"],"PreservedInsect":62,"Whetstone":["Neutralize","Poisoned Stab"],"Question Card":11,"Centennial Puzzle":[30],"Lizard Tail":0,"Shovel":0,"Ornamental Fan":[272],"Mummified Hand":[90],"Bird Faced Urn":[16],"Tiny Chest":2,"Kunai":[68],"obtain_stats":[{"Happy Flower":24,"Golden Idol":5,"Astrolabe":34,"Vajra":4,"PreservedInsect":40,"Whetstone":48,"Frozen Egg 2":9,"Question Card":25,"Centennial Puzzle":26,"Lizard Tail":45,"Shovel":30,"DollysMirror":4,"Ornamental Fan":10,"Mummified Hand":14,"Bird Faced Urn":47,"Tiny Chest":12,"Philosopher\u0027s Stone":17,"Molten Egg 2":43,"Kunai":8,"Membership Card":21,"Ring of the Snake":0},{"Happy Flower":10,"Golden Idol":3,"Astrolabe":14,"Vajra":3,"PreservedInsect":17,"Whetstone":21,"Frozen Egg 2":4,"Question Card":10,"Centennial Puzzle":10,"Lizard Tail":20,"Shovel":12,"DollysMirror":3,"Ornamental Fan":4,"Mummified Hand":7,"Bird Faced Urn":20,"Tiny Chest":5,"Philosopher\u0027s Stone":8,"Molten Egg 2":18,"Kunai":4,"Membership Card":9,"Ring of the Snake":0},{"Happy Flower":61,"Golden Idol":12,"Astrolabe":83,"Vajra":12,"PreservedInsect":95,"Whetstone":112,"Frozen Egg 2":21,"Question Card":61,"Centennial Puzzle":61,"Lizard Tail":109,"Shovel":69,"DollysMirror":12,"Ornamental Fan":21,"Mummified Hand":35,"Bird Faced Urn":109,"Tiny Chest":25,"Philosopher\u0027s Stone":49,"Molten Egg 2":102,"Kunai":21,"Membership Card":55,"Ring of the Snake":0}],"Ring of the Snake":[44]},"card_choices":[{"not_picked":["Underhanded Strike","Acrobatics"],"picked":"Poisoned Stab","floor":1.0},{"not_picked":["Prepared","Slice"],"picked":"Leg Sweep","floor":2.0},{"not_picked":["Underhanded Strike","Quick Slash"],"picked":"Footwork","floor":3.0},{"not_picked":["Caltrops","Heel Hook"],"picked":"Burst","floor":8.0},{"not_picked":["Slice","Acrobatics"],"picked":"Blade Dance","floor":11.0},{"not_picked":["Skewer","Poisoned Stab"],"picked":"Catalyst","floor":13.0},{"not_picked":["Dodge and Roll","Bane"],"picked":"Cloak And Dagger","floor":14.0},{"not_picked":["Storm of Steel","Glass Knife"],"picked":"After Image+1","floor":16.0},{"not_picked":["Slice","Infinite Blades+1"],"picked":"Caltrops+1","floor":18.0},{"not_picked":["Flying Knee+1","Choke"],"picked":"Acrobatics+1","floor":24.0},{"not_picked":["Unload","Tactician","Caltrops+1"],"picked":"Dodge and Roll","floor":29.0},{"not_picked":["Outmaneuver","Masterful Stab","Concentrate"],"picked":"Catalyst","floor":30.0},{"not_picked":["Caltrops+1","Slice","Bane","Cloak And Dagger"],"picked":"SKIP","floor":31.0},{"not_picked":["Grand Finale","Doppelganger","Die Die Die"],"picked":"Venomology","floor":33.0},{"not_picked":["Bane+1","Prepared","Dagger Spray+1"],"picked":"Terror","floor":35.0},{"not_picked":["Prepared","Flying Knee+1","Terror+1"],"picked":"Noxious Fumes+1","floor":39.0},{"not_picked":["Deflect","Outmaneuver+1","Infinite Blades+1"],"picked":"Reflex+1","floor":40.0},{"not_picked":["Dodge and Roll","Masterful Stab+1","Prepared+1"],"picked":"Acrobatics+1","floor":42},{"not_picked":["Terror","Acrobatics","Underhanded Strike+1"],"picked":"Cloak And Dagger+1","floor":44},{"not_picked":["Expertise","Glass Knife+1","Distraction"],"picked":"Accuracy+1","floor":48}],"player_experience":1054678,"relics_obtained":[{"floor":8.0,"key":"Kunai"},{"floor":9.0,"key":"Frozen Egg 2"},{"floor":10.0,"key":"Ornamental Fan"},{"floor":14.0,"key":"Mummified Hand"},{"floor":24.0,"key":"Happy Flower"},{"floor":25.0,"key":"Question Card"},{"floor":26.0,"key":"Centennial Puzzle"},{"floor":30.0,"key":"Shovel"},{"floor":40.0,"key":"PreservedInsect"},{"floor":43,"key":"Molten Egg 2"},{"floor":45,"key":"Lizard Tail"},{"floor":47,"key":"Bird Faced Urn"},{"floor":48,"key":"Whetstone"}],"event_choices":[{"damage_healed":0.0,"max_hp_gain":0.0,"max_hp_loss":5.0,"gold_gain":0.0,"event_name":"Golden Idol","player_choice":"Lose Max HP","floor":5.0,"gold_loss":0.0,"damage_taken":0.0,"relics_obtained":["Golden Idol"]},{"damage_healed":16.0,"max_hp_gain":0.0,"max_hp_loss":0.0,"gold_gain":0.0,"event_name":"The Cleric","player_choice":"Healed","floor":7.0,"gold_loss":35.0,"damage_taken":0.0},{"damage_healed":0.0,"max_hp_gain":0.0,"max_hp_loss":0.0,"gold_gain":0.0,"event_name":"Scrap Ooze","player_choice":"Success","floor":12.0,"gold_loss":0.0,"damage_taken":3.0,"relics_obtained":["Tiny Chest"]},{"damage_healed":0.0,"max_hp_gain":0.0,"max_hp_loss":0.0,"gold_gain":0.0,"event_name":"The Library","player_choice":"Read","floor":19.0,"gold_loss":0.0,"damage_taken":0.0,"cards_obtained":["Well Laid Plans"]},{"damage_healed":0.0,"max_hp_gain":0.0,"max_hp_loss":0.0,"gold_gain":0.0,"event_name":"Drug Dealer","player_choice":"Obtain J.A.X.","floor":20.0,"gold_loss":0.0,"damage_taken":0.0,"cards_obtained":["J.A.X."]},{"damage_healed":0.0,"max_hp_gain":0.0,"max_hp_loss":0.0,"gold_gain":0.0,"event_name":"Match and Keep!","player_choice":"1 cards matched","floor":22.0,"gold_loss":0.0,"damage_taken":0.0,"cards_obtained":["Bouncing Flask"]},{"cards_removed":["Dagger Spray"],"damage_healed":0.0,"max_hp_gain":0.0,"max_hp_loss":0.0,"gold_gain":0.0,"event_name":"Falling","player_choice":"Removed Attack","floor":36.0,"gold_loss":0.0,"damage_taken":0.0},{"damage_healed":0.0,"max_hp_gain":0.0,"max_hp_loss":0.0,"gold_gain":333.0,"event_name":"The Moai Head","player_choice":"Gave Idol","floor":38.0,"relics_lost":["Golden Idol"],"gold_loss":0.0,"damage_taken":0.0},{"damage_healed":0,"gold_gain":0,"player_choice":"Fight","damage_taken":0,"max_hp_gain":0,"max_hp_loss":0,"event_name":"Mysterious Sphere","floor":45,"gold_loss":0}],"is_beta":false,"boss_relics":[{"not_picked":["Pandora\u0027s Box","Tiny House"],"picked":"Philosopher\u0027s Stone"},{"not_picked":["Runic Pyramid","SacredBark"],"picked":"Astrolabe"}],"items_purged_floors":[27,37],"is_endless":false,"potions_floor_spawned":[2,11,14,18,24,31,40,44,45],"ascension_level":10}}