{"host":"q50ttuv713gicbhz","time":1610734456,"event":{"mods":["AchievementEnabler","BaseMod","Bestiary","Minty Spire (QoL Compilation)"],"gold_per_floor":[118,118,173,193,193,225,225,241,264,264,289,304,194,212,212,317,317,331,348,348,376,376,376,402,414,414,430,276,287,316,316,316,417,417,436,447,459,479,493,525,525,558,558,570,149,149,167,178,178,178],"floor_reached":51,"language":"ENG","playtime":5079,"items_purged":["Strike_P","Strike_P","Strike_P"],"score":736,"play_id":"adc0b6b3-7b54-4714-934b-c632ed72e4e9","local_time":"20210115201416","is_ascension_mode":false,"campfire_choices":[{"data":"CutThroughFate","floor":7,"key":"SMITH"},{"data":"Halt","floor":10,"key":"SMITH"},{"data":"DevaForm","floor":15,"key":"SMITH"},{"data":"Ragnarok","floor":23,"key":"SMITH"},{"data":"TalkToTheHand","floor":32,"key":"SMITH"},{"floor":41,"key":"REST"},{"floor":49,"key":"REST"}],"circlet_count":0,"master_deck":["Strike_P","Defend_P+1","Defend_P+1","Defend_P","Defend_P","Eruption+1","Vigilance","FlurryOfBlows","EmptyBody","CutThroughFate+1","Halt+1","BowlingBash","DevaForm+1","Conclude","Ragnarok+1","FlurryOfBlows","Adaptation","SandsOfTime+1","Halt+1","TalkToTheHand+1","Wallop+1","Prostrate","ForeignInfluence+1","Evaluate","Alpha","ClearTheMind+1","Halt+1","DeceiveReality","ThirdEye+1","Parasite","Tantrum+1"],"relics":["PureWater","NeowsBlessing","Orichalcum","Centennial Puzzle","War Paint","Shuriken","VioletLotus","Red Mask","Bag of Marbles","InkBottle","Lantern","Pocketwatch","FossilizedHelix","Bottled Flame","Lizard Tail"],"acts_visited":["Exordium","TheCity","TheBeyond"],"potions_floor_usage":[33,36,37,42,44,44,44,47,50],"damage_taken":[{"damage":0,"enemies":"2 Louse","floor":1,"turns":1},{"damage":0,"enemies":"Jaw Worm","floor":4,"turns":1},{"damage":0,"enemies":"Gremlin Nob","floor":6,"turns":1},{"damage":0,"enemies":"Small Slimes","floor":8,"turns":2},{"damage":11,"enemies":"3 Sentries","floor":11,"turns":9},{"damage":0,"enemies":"2 Fungi Beasts","floor":12,"turns":3},{"damage":0,"enemies":"Exordium Wildlife","floor":14,"turns":2},{"damage":28,"enemies":"Hexaghost","floor":16,"turns":9},{"damage":0,"enemies":"Chosen","floor":18,"turns":2},{"damage":2,"enemies":"Spheric Guardian","floor":19,"turns":3},{"damage":2,"enemies":"Masked Bandits","floor":21,"turns":2},{"damage":11,"enemies":"Slavers","floor":24,"turns":2},{"damage":2,"enemies":"Cultist and Chosen","floor":25,"turns":4},{"damage":15,"enemies":"Sentry and Sphere","floor":27,"turns":4},{"damage":10,"enemies":"Shelled Parasite and Fungi","floor":29,"turns":3},{"damage":14,"enemies":"Book of Stabbing","floor":30,"turns":4},{"damage":2,"enemies":"Automaton","floor":33,"turns":4},{"damage":3,"enemies":"Orb Walker","floor":35,"turns":4},{"damage":0,"enemies":"3 Shapes","floor":36,"turns":1},{"damage":12,"enemies":"Writhing Mass","floor":37,"turns":5},{"damage":12,"enemies":"4 Shapes","floor":38,"turns":2},{"damage":24,"enemies":"Jaw Worm Horde","floor":39,"turns":4},{"damage":3,"enemies":"Nemesis","floor":40,"turns":5},{"damage":33,"enemies":"Giant Head","floor":42,"turns":8},{"damage":7,"enemies":"Sphere and 2 Shapes","floor":44,"turns":6},{"damage":2,"enemies":"3 Darklings","floor":47,"turns":9},{"damage":16,"enemies":"Writhing Mass","floor":48,"turns":9},{"damage":14,"enemies":"Donu and Deca","floor":50,"turns":6}],"seed_played":"7231815837416521895","potions_obtained":[{"floor":6,"key":"Weak Potion"},{"floor":8,"key":"StancePotion"},{"floor":11,"key":"EssenceOfSteel"},{"floor":12,"key":"AttackPotion"},{"floor":18,"key":"SkillPotion"},{"floor":25,"key":"Fruit Juice"},{"floor":36,"key":"EssenceOfSteel"},{"floor":37,"key":"Swift Potion"},{"floor":40,"key":"Block Potion"},{"floor":42,"key":"FearPotion"},{"floor":44,"key":"BottledMiracle"},{"floor":48,"key":"PowerPotion"}],"is_trial":false,"path_per_floor":["M","?","T","M","?","E","R","M","T","R","E","M","$","M","R","B",null,"M","M","?","?","?","R","E","M","T","M","$","M","E","?","R","B",null,"M","M","M","M","M","E","R","E","T","M","$","?","M","M","R","B",null],"character_chosen":"WATCHER","items_purchased":["Conclude","Prostrate","Lizard Tail"],"campfire_rested":2,"item_purchase_floors":[13,28,45],"current_hp_per_floor":[72,72,72,72,72,72,72,72,72,72,61,61,61,61,61,33,72,72,70,70,68,68,68,57,55,55,40,40,30,16,40,40,38,72,69,74,62,50,26,23,46,13,13,6,6,6,4,29,52,38],"gold":178,"neow_bonus":"THREE_ENEMY_KILL","is_daily":false,"chose_seed":false,"campfire_upgraded":5,"win_rate":0.0,"timestamp":1610734456,"path_taken":["M","?","?","M","?","E","R","M","T","R","E","M","$","M","R","BOSS","M","M","?","?","?","R","E","?","T","M","$","M","E","?","R","BOSS","M","M","M","M","M","E","R","E","T","M","$","?","?","M","R","BOSS"],"items_purchased_type":["Card","Card","Relic"],"build_version":"2020-12-22","purchased_purges":3,"victory":true,"max_hp_per_floor":[72,72,72,72,72,72,72,72,72,72,72,72,72,72,72,72,72,72,72,72,72,72,72,72,72,72,72,72,72,72,72,72,72,72,72,77,77,77,77,77,77,77,77,77,77,77,77,77,77,77],"card_choices":[{"not_picked":["Collect","Protect"],"picked":"FlurryOfBlows","floor":1},{"not_picked":["CrushJoints","PathToVictory"],"picked":"EmptyBody","floor":4},{"not_picked":["Swivel","CrushJoints"],"picked":"CutThroughFate","floor":6},{"not_picked":["ThirdEye","SashWhip"],"picked":"Halt","floor":8},{"not_picked":["Evaluate","CutThroughFate"],"picked":"BowlingBash","floor":11},{"not_picked":["Protect","Perseverance"],"picked":"DevaForm","floor":12},{"not_picked":["Evaluate","FlyingSleeves","EmptyFist"],"picked":"SKIP","floor":14},{"not_picked":["DeusExMachina","Judgement"],"picked":"Ragnarok","floor":16},{"not_picked":["Halt","Evaluate"],"picked":"FlurryOfBlows","floor":18},{"not_picked":["CrushJoints+1","SignatureMove+1"],"picked":"Adaptation","floor":19},{"not_picked":["Evaluate+1","Halt"],"picked":"SandsOfTime+1","floor":21},{"not_picked":["FlurryOfBlows","CrushJoints","Fasting2+1"],"picked":"SKIP","floor":24},{"not_picked":["CutThroughFate","PathToVictory+1"],"picked":"TalkToTheHand","floor":25},{"not_picked":["Evaluate","Swivel+1"],"picked":"Wallop+1","floor":27},{"not_picked":["FlyingSleeves","SignatureMove"],"picked":"ForeignInfluence+1","floor":29},{"not_picked":["BowlingBash+1","FlurryOfBlows"],"picked":"Evaluate","floor":30},{"not_picked":["Judgement","DeusExMachina"],"picked":"Alpha","floor":33},{"not_picked":["Meditate+1","BattleHymn","Consecrate"],"picked":"SKIP","floor":35},{"not_picked":["FlyingSleeves","CutThroughFate+1"],"picked":"ClearTheMind+1","floor":36},{"not_picked":["EmptyFist","ThirdEye","Weave"],"picked":"SKIP","floor":37},{"not_picked":["Consecrate+1","FlurryOfBlows","WindmillStrike"],"picked":"SKIP","floor":38},{"not_picked":["FlurryOfBlows","EmptyFist+1"],"picked":"Halt+1","floor":39},{"not_picked":["Establishment","Adaptation","CarveReality+1"],"picked":"SKIP","floor":40},{"not_picked":["Worship","CutThroughFate"],"picked":"DeceiveReality","floor":42},{"not_picked":["Evaluate","Indignation"],"picked":"ThirdEye+1","floor":44},{"not_picked":["CrushJoints+1","JustLucky+1","Perseverance"],"picked":"SKIP","floor":47},{"not_picked":["Halt+1","ThirdEye+1"],"picked":"Tantrum+1","floor":48}],"player_experience":83369,"relics_obtained":[{"floor":3,"key":"Orichalcum"},{"floor":6,"key":"Centennial Puzzle"},{"floor":9,"key":"War Paint"},{"floor":11,"key":"Shuriken"},{"floor":21,"key":"Red Mask"},{"floor":24,"key":"Bag of Marbles"},{"floor":26,"key":"InkBottle"},{"floor":30,"key":"Lantern"},{"floor":40,"key":"Pocketwatch"},{"floor":42,"key":"FossilizedHelix"},{"floor":43,"key":"Bottled Flame"}],"event_choices":[{"damage_healed":0,"gold_gain":0,"player_choice":"Leave","damage_taken":0,"max_hp_gain":0,"max_hp_loss":0,"event_name":"The Cleric","floor":2,"gold_loss":0},{"damage_healed":0,"gold_gain":0,"player_choice":"Grow","damage_taken":0,"max_hp_gain":0,"max_hp_loss":0,"event_name":"Living Wall","floor":5,"gold_loss":0,"cards_upgraded":["Eruption"]},{"damage_healed":0,"gold_gain":0,"player_choice":"Ignored","damage_taken":0,"max_hp_gain":0,"max_hp_loss":0,"event_name":"Ghosts","floor":20,"gold_loss":0},{"damage_healed":0,"gold_gain":0,"player_choice":"Fought Bandits","damage_taken":0,"max_hp_gain":0,"max_hp_loss":0,"event_name":"Masked Bandits","floor":21,"gold_loss":0},{"damage_healed":0,"gold_gain":0,"player_choice":"Copied","damage_taken":0,"max_hp_gain":0,"max_hp_loss":0,"event_name":"Duplicator","floor":22,"gold_loss":0,"cards_obtained":["Halt"]},{"damage_healed":24,"gold_gain":0,"player_choice":"Heal","damage_taken":0,"max_hp_gain":0,"max_hp_loss":0,"event_name":"The Library","floor":31,"gold_loss":0},{"damage_healed":0,"gold_gain":0,"player_choice":"0 cards matched","damage_taken":0,"max_hp_gain":0,"max_hp_loss":0,"event_name":"Match and Keep!","floor":46,"gold_loss":0,"cards_obtained":[]}],"is_beta":false,"boss_relics":[{"not_picked":["SlaversCollar","Velvet Choker"],"picked":"VioletLotus"},{"not_picked":["Snecko Eye","Runic Dome","Busted Crown"]}],"items_purged_floors":[13,28,45],"is_endless":false,"potions_floor_spawned":[6,8,11,12,18,24,25,29,30,36,37,40,42,44,48],"ascension_level":0}}