{"host":"ig7tc0uedzltt2sr","time":1610736616,"event":{"mods":["BaseMod","Better Twitch Integration","Block Reminder","Colored Map","Colored Powertips","Communication Mod","Current Relic Mod","GifTheSpireLib","HexUI Lib","Minty Spire (QoL Compilation)","Quick Restart","Random Character Button","Rare Cards Sparkle","Relic Sorter","Relic Stats","Slay the Relics Exporter","StSLib","SuperFastMode","Synergy Search","Twitch Decklist","Twitch Utils","everything is the same but u backflip on backflip","slay the spire mod where everything is the same but ironclad has a cowboy hat"],"gold_per_floor":[119,134,134,153,123,123,123,123,123],"floor_reached":8,"language":"ENG","playtime":49,"items_purged":[],"score":46,"play_id":"3a46b56e-6712-4274-95d8-9dcc97e2f38b","local_time":"20210115105016","is_ascension_mode":false,"campfire_choices":[{"data":"Bash","floor":6,"key":"SMITH"}],"circlet_count":0,"master_deck":["Strike_R","Strike_R","Strike_R","Strike_R","Strike_R","Defend_R","Defend_R","Defend_R","Defend_R","Bash+1"],"relics":["Burning Blood"],"acts_visited":["Exordium"],"potions_floor_usage":[],"damage_taken":[{"damage":15,"enemies":"2 Louse","floor":1,"turns":3},{"damage":27,"enemies":"Cultist","floor":2,"turns":5},{"damage":15,"enemies":"Small Slimes","floor":4,"turns":5},{"damage":20,"enemies":"Looter","floor":5,"turns":4},{"damage":62,"enemies":"Lagavulin","floor":8,"turns":6}],"seed_played":"2182514933274020122","potions_obtained":[{"floor":4,"key":"SpeedPotion"}],"is_trial":false,"path_per_floor":["M","M","?","M","M","R","?","E"],"character_chosen":"IRONCLAD","items_purchased":[],"campfire_rested":0,"item_purchase_floors":[],"current_hp_per_floor":[79,58,87,78,64,64,56,0,0],"gold":123,"neow_bonus":"TEN_PERCENT_HP_BONUS","is_daily":false,"chose_seed":false,"campfire_upgraded":1,"win_rate":0.0,"timestamp":1610736616,"path_taken":["M","M","?","M","M","R","?","E"],"items_purchased_type":[],"build_version":"2020-12-22","purchased_purges":0,"victory":false,"max_hp_per_floor":[88,88,88,88,88,88,88,88,88],"relic_stats":{"counters":[5,23],"obtain_stats":[{"Burning Blood":0},{"Burning Blood":0},{"Burning Blood":0}],"Burning Blood":24},"card_choices":[{"not_picked":["Shrug It Off","Battle Trance","Entrench"],"picked":"SKIP","floor":1},{"not_picked":["Blood for Blood","Reckless Charge","Warcry"],"picked":"SKIP","floor":2},{"not_picked":["Disarm","Rupture","Cleave"],"picked":"SKIP","floor":4},{"not_picked":["Heavy Blade","Power Through","Entrench"],"picked":"SKIP","floor":5}],"player_experience":1501335,"relics_obtained":[],"event_choices":[{"damage_healed":29,"gold_gain":0,"player_choice":"Banana","damage_taken":0,"max_hp_gain":0,"max_hp_loss":0,"event_name":"Big Fish","floor":3,"gold_loss":0},{"damage_healed":0,"gold_gain":0,"player_choice":"Damaged","damage_taken":8,"max_hp_gain":0,"max_hp_loss":0,"event_name":"Wheel of Change","floor":7,"gold_loss":0}],"is_beta":false,"boss_relics":[],"items_purged_floors":[],"is_endless":false,"potions_floor_spawned":[4],"killed_by":"Lagavulin","ascension_level":0}}