{"host":"q50ttuv713gicbhz","time":1610735107,"event":{"mods":["AchievementEnabler","BaseMod","Bestiary","Minty Spire (QoL Compilation)"],"gold_per_floor":[116,126,136,152,166,192,192,192,192],"floor_reached":8,"language":"ENG","playtime":511,"items_purged":[],"score":60,"play_id":"d1eed9e7-5cbd-4692-916d-458c4baf06d5","local_time":"20210115202507","is_ascension_mode":false,"campfire_choices":[{"floor":7,"key":"REST"}],"circlet_count":0,"master_deck":["Strike_B","Strike_B","Strike_B","Defend_B","Defend_B","Defend_B","Defend_B","Zap","Dualcast","Redo","Doom and Gloom","Darkness","Rebound","White Noise","Sweeping Beam","Self Repair"],"relics":["Cracked Core","Meat on the Bone"],"acts_visited":["Exordium"],"potions_floor_usage":[],"damage_taken":[{"damage":0,"enemies":"Cultist","floor":1,"turns":4},{"damage":1,"enemies":"Jaw Worm","floor":2,"turns":3},{"damage":0,"enemies":"2 Louse","floor":3,"turns":2},{"damage":0,"enemies":"Lots of Slimes","floor":4,"turns":1},{"damage":7,"enemies":"Exordium Wildlife","floor":5,"turns":2},{"damage":55,"enemies":"Gremlin Nob","floor":6,"turns":5},{"damage":35,"enemies":"3 Sentries","floor":8,"turns":4}],"seed_played":"498026359551823174","potions_obtained":[{"floor":1,"key":"GamblersBrew"},{"floor":2,"key":"Dexterity Potion"},{"floor":4,"key":"LiquidMemories"},{"floor":6,"key":"BlessingOfTheForge"}],"is_trial":false,"path_per_floor":["M","M","M","M","M","E","R","E"],"character_chosen":"DEFECT","items_purchased":[],"campfire_rested":1,"item_purchase_floors":[],"current_hp_per_floor":[75,74,74,74,67,12,34,0,0],"gold":192,"neow_bonus":"TRANSFORM_CARD","is_daily":false,"chose_seed":false,"campfire_upgraded":0,"win_rate":0.0,"timestamp":1610735107,"path_taken":["M","M","M","M","M","E","R","E"],"items_purchased_type":[],"build_version":"2020-12-22","purchased_purges":0,"victory":false,"max_hp_per_floor":[75,75,75,75,75,75,75,75,75],"card_choices":[{"not_picked":["Force Field","Glacier"],"picked":"Doom and Gloom","floor":1},{"not_picked":["Force Field","Steam"],"picked":"Darkness","floor":2},{"not_picked":["Ball Lightning","Storm"],"picked":"Rebound","floor":3},{"not_picked":["Rebound","Go for the Eyes"],"picked":"White Noise","floor":4},{"not_picked":["Rip and Tear","Heatsinks"],"picked":"Sweeping Beam","floor":5},{"not_picked":["Fission","Glacier"],"picked":"Self Repair","floor":6}],"player_experience":88448,"relics_obtained":[{"floor":6,"key":"Meat on the Bone"}],"event_choices":[],"is_beta":false,"boss_relics":[],"items_purged_floors":[],"is_endless":false,"potions_floor_spawned":[1,2,4,6],"killed_by":"3 Sentries","ascension_level":0}}