{"host":"xh3brefae6wm9kl8","time":1610686790,"event":{"mods":["AchievementEnabler","BaseMod","GifTheSpireLib","Keyboard Shortcuts","Minty Spire (QoL Compilation)","Permanent Neow","Relic Stats","StSLib","SuperFastMode"],"gold_per_floor":[210,225,225,188,205,230,4,4,4,31,31,31,48,68,68,142,142,160,160,172,91,16,43,43,76,76,76,88,120,134,148,148,226,226,243,268,268,288,200,200,232,252,276,286,286,24,36,36,36,36],"floor_reached":51,"language":"KOR","playtime":2130,"items_purged":["Strike_G","Strike_G"],"score":1310,"play_id":"611272a7-82da-4de5-9340-97ce8e1dc0e2","local_time":"20210115135950","is_ascension_mode":true,"campfire_choices":[{"floor":8.0,"key":"REST"},{"data":"Phantasmal Killer","floor":11.0,"key":"SMITH"},{"data":"Terror","floor":15.0,"key":"SMITH"},{"data":"Burst","floor":24.0,"key":"SMITH"},{"data":"Cloak And Dagger","floor":27.0,"key":"SMITH"},{"floor":32.0,"key":"REST"},{"data":"Accuracy","floor":40.0,"key":"SMITH"},{"floor":45.0,"key":"REST"},{"data":"PiercingWail","floor":49,"key":"SMITH"}],"circlet_count":0,"master_deck":["AscendersBane","Strike_G+1","Strike_G+1","Defend_G","Defend_G","Defend_G","Defend_G","Survivor","Neutralize","Dash+1","Cloak And Dagger+1","Phantasmal Killer+1","Terror+1","Burst+1","Backflip","Dramatic Entrance","Die Die Die","Backflip","Infinite Blades","Footwork","Blade Dance","Accuracy+1","PiercingWail+1","Accuracy","Cloak And Dagger+1"],"relics":["Ring of the Serpent","Ninja Scroll","Membership Card","Strawberry","Akabeko","WristBlade","Orichalcum","Nunchaku","Question Card","Molten Egg 2","StoneCalendar","Mummified Hand","Lantern","Ornamental Fan","Toy Ornithopter"],"acts_visited":["Exordium","TheCity","TheBeyond"],"potions_floor_usage":[50,50],"damage_taken":[{"damage":0.0,"enemies":"Small Slimes","floor":1.0,"turns":4.0},{"damage":2.0,"enemies":"Jaw Worm","floor":2.0,"turns":5.0},{"damage":1.0,"enemies":"2 Louse","floor":5.0,"turns":3.0},{"damage":14.0,"enemies":"3 Sentries","floor":6.0,"turns":10.0},{"damage":25.0,"enemies":"Gremlin Nob","floor":10.0,"turns":5.0},{"damage":0.0,"enemies":"Looter","floor":13.0,"turns":2.0},{"damage":0.0,"enemies":"3 Louse","floor":14.0,"turns":3.0},{"damage":6.0,"enemies":"The Guardian","floor":16.0,"turns":10.0},{"damage":1.0,"enemies":"Chosen","floor":18.0,"turns":4.0},{"damage":0.0,"enemies":"Shell Parasite","floor":20.0,"turns":1.0},{"damage":0.0,"enemies":"Gremlin Leader","floor":23.0,"turns":6.0},{"damage":2.0,"enemies":"Slavers","floor":25.0,"turns":4.0},{"damage":5.0,"enemies":"Chosen and Byrds","floor":28.0,"turns":3.0},{"damage":16.0,"enemies":"Book of Stabbing","floor":29.0,"turns":4.0},{"damage":0.0,"enemies":"Centurion and Healer","floor":30.0,"turns":2.0},{"damage":3.0,"enemies":"Shelled Parasite and Fungi","floor":31.0,"turns":2.0},{"damage":51.0,"enemies":"Automaton","floor":33.0,"turns":7.0},{"damage":5.0,"enemies":"3 Darklings","floor":35.0,"turns":4.0},{"damage":0.0,"enemies":"Mind Bloom Boss Battle","floor":36.0,"turns":3.0},{"damage":2.0,"enemies":"Orb Walker","floor":38.0,"turns":3.0},{"damage":9.0,"enemies":"Reptomancer","floor":41.0,"turns":4.0},{"damage":9.0,"enemies":"Writhing Mass","floor":42.0,"turns":3.0},{"damage":4.0,"enemies":"Transient","floor":44.0,"turns":5.0},{"damage":7,"enemies":"Jaw Worm Horde","floor":47,"turns":3},{"damage":23,"enemies":"Time Eater","floor":50,"turns":6}],"seed_played":"-4574975081820374960","potions_obtained":[{"floor":2.0,"key":"Poison Potion"},{"floor":6.0,"key":"Weak Potion"},{"floor":10.0,"key":"ColorlessPotion"},{"floor":16.0,"key":"Explosive Potion"},{"floor":18.0,"key":"SkillPotion"},{"floor":20.0,"key":"LiquidMemories"},{"floor":29.0,"key":"CultistPotion"},{"floor":30.0,"key":"LiquidBronze"},{"floor":31.0,"key":"EntropicBrew"},{"floor":35.0,"key":"PowerPotion"},{"floor":38.0,"key":"Block Potion"},{"floor":41.0,"key":"LiquidMemories"}],"is_trial":false,"path_per_floor":["M","M","?","?","M","E","$","R","T","E","R","?","M","M","R","B",null,"M","?","M","$","?","E","R","E","T","R","M","E","M","M","R","B",null,"M","?","?","M","$","R","E","M","T","M","R","$","M","?","R","B",null],"character_chosen":"THE_SILENT","items_purchased":["Membership Card","Phantasmal Killer","Dramatic Entrance","Accuracy","Ornamental Fan","Strength Potion","Toy Ornithopter","Accuracy"],"campfire_rested":3,"item_purchase_floors":[7,7,21,39,46,46,46,46],"current_hp_per_floor":[59,57,37,37,36,22,22,41,48,23,23,23,23,23,23,17,59,58,58,58,58,58,58,58,56,56,56,51,35,35,32,53,2,55,50,50,50,48,48,48,39,30,30,26,47,47,40,45,45,32],"gold":36,"neow_bonus":"HUNDRED_GOLD","is_daily":false,"chose_seed":false,"campfire_upgraded":6,"win_rate":0.0,"timestamp":1610686790,"path_taken":["M","M","?","?","M","E","$","R","T","E","R","?","M","M","R","BOSS","M","?","M","$","?","E","R","E","T","R","M","E","M","M","R","BOSS","M","?","?","M","$","R","E","M","T","M","R","$","M","?","R","BOSS"],"items_purchased_type":["Relic","Card","Card","Card","Relic","Potion","Relic","Card"],"build_version":"2020-12-22","purchased_purges":2,"victory":true,"max_hp_per_floor":[66,66,66,66,66,66,66,66,73,73,73,73,73,73,73,73,73,73,73,73,73,73,73,73,73,73,73,73,73,73,73,73,73,73,73,73,73,73,73,73,73,73,73,73,73,73,73,73,73,73],"relic_stats":{"Nunchaku":[17],"counters":[25,106],"Mummified Hand":[12],"Ornamental Fan":[36],"StoneCalendar":[0],"Orichalcum":[30],"Question Card":12,"obtain_stats":[{"Lantern":43,"StoneCalendar":36,"Orichalcum":23,"Question Card":26,"Akabeko":10,"Nunchaku":25,"WristBlade":17,"Ninja Scroll":6,"Mummified Hand":41,"Ornamental Fan":46,"Strawberry":9,"Molten Egg 2":29,"Membership Card":7,"Ring of the Serpent":34,"Toy Ornithopter":46,"Ring of the Snake":0},{"Lantern":22,"StoneCalendar":19,"Orichalcum":11,"Question Card":12,"Akabeko":5,"Nunchaku":12,"WristBlade":8,"Ninja Scroll":4,"Mummified Hand":21,"Ornamental Fan":23,"Strawberry":4,"Molten Egg 2":14,"Membership Card":4,"Ring of the Serpent":17,"Toy Ornithopter":23,"Ring of the Snake":0},{"Lantern":92,"StoneCalendar":82,"Orichalcum":53,"Question Card":57,"Akabeko":27,"Nunchaku":57,"WristBlade":42,"Ninja Scroll":22,"Mummified Hand":89,"Ornamental Fan":97,"Strawberry":22,"Molten Egg 2":64,"Membership Card":22,"Ring of the Serpent":75,"Toy Ornithopter":97,"Ring of the Snake":0}],"Toy Ornithopter":10},"card_choices":[{"not_picked":["Deadly Poison","Noxious Fumes"],"picked":"Dash","floor":1.0},{"not_picked":["Distraction","Underhanded Strike"],"picked":"Deadly Poison","floor":2.0},{"not_picked":["Acrobatics","Infinite Blades"],"picked":"Cloak And Dagger","floor":5.0},{"not_picked":["Dagger Spray","Deflect","Setup"],"picked":"SKIP","floor":6.0},{"not_picked":["Prepared","Finisher","Poisoned Stab"],"picked":"SKIP","floor":10.0},{"not_picked":["Backflip","Eviscerate"],"picked":"Terror","floor":13.0},{"not_picked":["Eviscerate","Deflect","Deadly Poison"],"picked":"SKIP","floor":14.0},{"not_picked":["After Image","Envenom"],"picked":"Burst","floor":16.0},{"not_picked":["Poisoned Stab","Underhanded Strike","Bouncing Flask"],"picked":"SKIP","floor":18.0},{"not_picked":["Sucker Punch","Slice"],"picked":"Backflip","floor":20.0},{"not_picked":["Deadly Poison","Terror","Caltrops"],"picked":"SKIP","floor":23.0},{"not_picked":["Poisoned Stab","Backstab"],"picked":"Die Die Die","floor":25.0},{"not_picked":["Dagger Spray","Deadly Poison","Flying Knee+1"],"picked":"Backflip","floor":28.0},{"not_picked":["Backflip","Poisoned Stab+1","Outmaneuver","Deflect"],"picked":"SKIP","floor":29.0},{"not_picked":["Flying Knee+1","Dagger Spray+1","Footwork"],"picked":"Infinite Blades","floor":30.0},{"not_picked":["Bouncing Flask","Reflex","Blur","Storm of Steel"],"picked":"SKIP","floor":31.0},{"not_picked":["Deadly Poison+1","Dagger Spray+1","Quick Slash+1"],"picked":"Footwork","floor":35.0},{"not_picked":["Slice+1","Poisoned Stab+1","Cloak And Dagger"],"picked":"Blade Dance","floor":36.0},{"not_picked":["Sucker Punch+1","Heel Hook+1","Distraction","Terror+1"],"picked":"SKIP","floor":38.0},{"not_picked":["Quick Slash+1","Cloak And Dagger","Terror+1","Malaise"],"picked":"SKIP","floor":41.0},{"not_picked":["Heel Hook+1","Cloak And Dagger","Expertise+1","Riddle With Holes+1"],"picked":"SKIP","floor":42.0},{"not_picked":["Sucker Punch+1","Dagger Throw+1","Crippling Poison+1"],"picked":"PiercingWail","floor":44.0},{"not_picked":["Well Laid Plans","Noxious Fumes+1","Outmaneuver"],"picked":"Cloak And Dagger+1","floor":47}],"player_experience":394095,"relics_obtained":[{"floor":6.0,"key":"Ninja Scroll"},{"floor":9.0,"key":"Strawberry"},{"floor":10.0,"key":"Akabeko"},{"floor":23.0,"key":"Orichalcum"},{"floor":25.0,"key":"Nunchaku"},{"floor":26.0,"key":"Question Card"},{"floor":29.0,"key":"Molten Egg 2"},{"floor":36.0,"key":"StoneCalendar"},{"floor":41.0,"key":"Mummified Hand"},{"floor":43.0,"key":"Lantern"}],"event_choices":[{"damage_healed":0.0,"max_hp_gain":0.0,"max_hp_loss":0.0,"gold_gain":0.0,"event_name":"Shining Light","player_choice":"Entered Light","floor":3.0,"gold_loss":0.0,"damage_taken":20.0,"cards_upgraded":["Strike_G","Strike_G"]},{"damage_healed":0.0,"max_hp_gain":0.0,"max_hp_loss":0.0,"gold_gain":0.0,"event_name":"World of Goop","player_choice":"Left Gold","floor":4.0,"gold_loss":37.0,"damage_taken":0.0},{"damage_healed":0.0,"max_hp_gain":0.0,"max_hp_loss":0.0,"gold_gain":0.0,"event_name":"Living Wall","player_choice":"Grow","floor":12.0,"gold_loss":0.0,"damage_taken":0.0,"cards_upgraded":["Dash"]},{"damage_healed":0.0,"max_hp_gain":0.0,"max_hp_loss":0.0,"gold_gain":0.0,"event_name":"Ghosts","player_choice":"Ignored","floor":19.0,"gold_loss":0.0,"damage_taken":0.0},{"cards_removed":["Strike_G"],"damage_healed":0.0,"max_hp_gain":0.0,"max_hp_loss":0.0,"gold_gain":0.0,"event_name":"Beggar","player_choice":"Gave Gold","floor":22.0,"gold_loss":75.0,"damage_taken":0.0},{"damage_healed":0.0,"max_hp_gain":0.0,"max_hp_loss":0.0,"gold_gain":0.0,"event_name":"MindBloom","player_choice":"Fight","floor":36.0,"gold_loss":0.0,"damage_taken":0.0},{"cards_removed":["Defend_G"],"damage_healed":0.0,"max_hp_gain":0.0,"max_hp_loss":0.0,"gold_gain":0.0,"event_name":"Falling","player_choice":"Removed Skill","floor":37.0,"gold_loss":0.0,"damage_taken":0.0},{"cards_removed":["Deadly Poison"],"damage_healed":5,"gold_gain":0,"player_choice":"Offered Common","damage_taken":0,"max_hp_gain":0,"max_hp_loss":0,"event_name":"Bonfire Elementals","floor":48,"gold_loss":0},{"cards_removed":["Deadly Poison"],"damage_healed":5,"gold_gain":0,"player_choice":"Offered Special","damage_taken":0,"max_hp_gain":0,"max_hp_loss":0,"event_name":"Bonfire Elementals","floor":48,"gold_loss":0}],"is_beta":false,"boss_relics":[{"not_picked":["Ectoplasm","Pandora\u0027s Box"],"picked":"WristBlade"},{"not_picked":["Runic Dome","Sozu"],"picked":"Ring of the Serpent"}],"items_purged_floors":[21,39],"is_endless":false,"potions_floor_spawned":[2,6,10,16,18,20,29,30,31,35,38,41],"ascension_level":15}}