{"host":"w8hyb6r2p1qw4rwx","time":1610689039,"event":{"mods":["Act Like it!","AlwaysNeverKeys","Ascension Reborn","Ascension Unlocker","Aspiration","BaseMod","Better Altar","Better Silent Start","Better Third Choice","Better-Laid Plans","BetterRewards","Block Reminder","Colored Map","Colored Powertips","Conspire","Dark Map","Defuse TimeMaze Blight","Disable Question Mark Monsters","Displayed Cursed Tome","Dota2Spire","Downfall","Elementarium","Energized Spire","Evolution","Fox Events","GifTheSpireLib","Googly Eyes","Halation","HexUI Lib","Highlight Path","Hubris","Humility","Hyrulean Relics","Infinite Spire","Kratos Character Expansion","Minty Spire (QoL Compilation)","Permanent Neow","RRrroohrrRGHHhhh!!","Random Character Button","Rare Cards Sparkle","Replay The Spire","Reworked Bosses","SacredBarkPlus","Shop Mod","Small Relic Pack","Spicy Shops","Spikes Relics","StSLib","Stuff the Spire","SuperFastMode","Uncapped","UnlockEverythingMod","slay the spire mod where everything is the same but ironclad has a cowboy hat"],"gold_per_floor":[114,134,134,198,214,214,214,241,323,338,338,356,356,373,373,471,471,487,34,53,68,82,82,114,114,159,179,207,224,261,261,261,361,361,371,371,386,386,406,406,421,440,440,459,459,479,0,19,19,19,19,19,22,57,57],"floor_reached":56,"language":"ENG","playtime":3469,"items_purged":[],"score":1289,"play_id":"c40d2c1c-d014-465d-a0e4-54b48ae9d756","local_time":"20210114213719","is_ascension_mode":true,"campfire_choices":[{"data":"rorgmod:Searing Blow","floor":6,"key":"SMITH"},{"floor":11,"key":"REST"},{"floor":15,"key":"REST"},{"floor":23,"key":"REST"},{"floor":25,"key":"REST"},{"data":"Armaments","floor":32,"key":"SMITH"},{"data":"Rampage","floor":40,"key":"SMITH"},{"data":"Metallicize","floor":45,"key":"SMITH"},{"floor":49,"key":"REST"},{"data":"Inflame","floor":52,"key":"SMITH"}],"circlet_count":0,"master_deck":["Strike_R","Strike_R","Strike_R","Strike_R","Strike_R","Defend_R","Defend_R","Defend_R","Defend_R","rorgmod:Searing Blow+1","Twin Strike","Body Slam+1","Cleave","Spot Weakness+1","Perfected Strike+1","Perfected Strike+1","Metallicize+1","Bloodletting+1","Rampage+1","Armaments+1","Inflame+1"],"relics":["Burning Blood","EVO:Axolotl","LugNut","GiantMaggot","Dota2Spire:Bloodstone","MerchantsRug","Strawberry","Lee\u0027s Waffle","StuffTheSpire:ForceGauntlet","ReplayFunnel","SnailShell","Kunai","hubris:Icosahedron","energizedSpire:NeverEndingSparkler","halation:EternalFortune","StuffTheSpire:RubySignet","Red Mask","Dota2Spire:DivineRapier","Dota2Spire:AssaultCuirass","Blood Vial"],"acts_visited":["Exordium","TheCity","TheBeyond","TheEnding"],"potions_floor_usage":[8,12,22,24,24,28,29,39,48,48,50],"damage_taken":[{"damage":3,"enemies":"conspire:RoseBush","floor":1,"turns":3},{"damage":0,"enemies":"2 Louse","floor":2,"turns":2},{"damage":8,"enemies":"Jaw Worm","floor":5,"turns":3},{"damage":59,"enemies":"3 Sentries","floor":8,"turns":13},{"damage":15,"enemies":"Looter","floor":10,"turns":3},{"damage":9,"enemies":"conspire:2 RoseBushes","floor":12,"turns":5},{"damage":14,"enemies":"2 Fungi Beasts","floor":14,"turns":3},{"damage":150,"enemies":"Fading Forest","floor":16,"turns":11},{"damage":9,"enemies":"Chosen","floor":18,"turns":5},{"damage":6,"enemies":"3 Byrds","floor":20,"turns":4},{"damage":21,"enemies":"conspire:HollyBat","floor":21,"turns":7},{"damage":36,"enemies":"Centurion and Healer","floor":22,"turns":5},{"damage":47,"enemies":"Gremlin Leader","floor":24,"turns":5},{"damage":12,"enemies":"Snake Plant","floor":27,"turns":2},{"damage":25,"enemies":"conspire:SneckoGhost","floor":28,"turns":5},{"damage":0,"enemies":"3 Cultists","floor":29,"turns":4},{"damage":29,"enemies":"conspire:MimicChest","floor":30,"turns":6},{"damage":33,"enemies":"conspire:MysteriousRune","floor":33,"turns":8},{"damage":44,"enemies":"3 Darklings","floor":35,"turns":7},{"damage":13,"enemies":"3 Shapes","floor":37,"turns":6},{"damage":0,"enemies":"Transient","floor":39,"turns":6},{"damage":47,"enemies":"Sphere and 2 Shapes","floor":41,"turns":7},{"damage":12,"enemies":"Jaw Worm Horde","floor":42,"turns":4},{"damage":0,"enemies":"Transient","floor":44,"turns":6},{"damage":11,"enemies":"Sphere and 2 Shapes","floor":46,"turns":6},{"damage":10,"enemies":"Maw","floor":48,"turns":7},{"damage":148,"enemies":"bossMod:newAwakened","floor":50,"turns":24},{"damage":70,"enemies":"Shield and Spear","floor":54,"turns":6},{"damage":237,"enemies":"The Heart","floor":55,"turns":11}],"seed_played":"-4129590977797529103","potions_obtained":[{"floor":5,"key":"BlessingOfTheForge"},{"floor":10,"key":"PowerPotion"},{"floor":12,"key":"SteroidPotion"},{"floor":16,"key":"BloodPotion"},{"floor":20,"key":"FearPotion"},{"floor":24,"key":"Explosive Potion"},{"floor":28,"key":"EssenceOfSteel"},{"floor":33,"key":"Guardian:BlockOnCardUsePotion"},{"floor":39,"key":"ColorlessPotion"},{"floor":42,"key":"Strength Potion"},{"floor":44,"key":"champ:CounterPotion"}],"is_trial":false,"path_per_floor":["M","M","$","?","M","R","?","E","T","M","R","M","?","M","R","B",null,"M","$","M","M","M","R","E","R","T","M","E","M","?","?","R","B",null,"M","?","M","?","M","R","M","M","T","M","R","M","?","M","R","B",null,"R","$","E","B",null],"character_chosen":"IRONCLAD","items_purchased":["MerchantsRug","Strawberry","Lee\u0027s Waffle","Dota2Spire:DivineRapier","Dota2Spire:AssaultCuirass"],"campfire_rested":5,"item_purchase_floors":[19,19,19,53,53],"current_hp_per_floor":[80,80,80,80,78,78,78,25,25,16,40,37,52,44,68,80,80,77,94,94,79,67,94,53,81,81,75,56,62,57,57,57,78,94,56,59,52,52,58,58,47,41,41,47,47,45,45,65,95,31,100,100,100,36,29],"gold":57,"neow_bonus":"REMOVE_CARD","is_daily":false,"chose_seed":false,"campfire_upgraded":5,"win_rate":0.0,"timestamp":1610689039,"path_taken":["M","M","$","?","M","R","?","E","T","M","R","M","?","M","R","BOSS","M","$","M","M","M","R","E","R","T","M","E","M","?","?","R","BOSS","M","?","M","?","?","R","M","M","T","?","R","?","?","M","R","BOSS","R","$","E","BOSS"],"items_purchased_type":["Relic","Relic","Relic","Relic","Relic"],"build_version":"2020-12-22","purchased_purges":0,"victory":true,"max_hp_per_floor":[80,80,80,80,80,80,80,80,80,80,80,80,80,80,80,80,80,80,94,94,94,94,94,94,94,94,94,94,94,94,94,94,94,94,94,97,97,97,97,97,97,97,97,97,97,100,100,100,100,100,100,100,100,100,100],"card_choices":[{"not_picked":["True Grit","StuffTheSpire:Slingshot"],"picked":"rorgmod:Searing Blow","floor":1},{"not_picked":["Dark Embrace","Havoc"],"picked":"Anger","floor":2},{"not_picked":["Clothesline","Brutality"],"picked":"Twin Strike","floor":5},{"not_picked":["Fiend Fire","Sever Soul","Flame Barrier"],"picked":"SKIP","floor":8},{"not_picked":["Flex","True Grit"],"picked":"Cleave","floor":10},{"not_picked":["ReplayTheSpireMod:Strike From Hell","BarbarianYell","ReplayTheSpireMod:Muscle Training"],"picked":"SKIP","floor":12},{"not_picked":["Havoc","Berserk","StuffTheSpire:Incineration"],"picked":"SKIP","floor":14},{"not_picked":["Disarm","Rage"],"picked":"Spot Weakness+1","floor":18},{"not_picked":["Flex","ReplayTheSpireMod:Strike From Hell"],"picked":"Perfected Strike","floor":20},{"not_picked":["Battle Trance","Sever Soul"],"picked":"Perfected Strike+1","floor":21},{"not_picked":["Anger+1","True Grit","Inflame"],"picked":"SKIP","floor":22},{"not_picked":["Infernal Blade+1","True Grit"],"picked":"Metallicize","floor":24},{"not_picked":["Wild Strike","Armaments","Body Slam+1"],"picked":"SKIP","floor":27},{"not_picked":["Whirlwind","Replay:Undeath\u0027s Touch"],"picked":"Bloodletting+1","floor":28},{"not_picked":["Replay:Many Hands","Anger+1"],"picked":"Rampage","floor":29},{"not_picked":["Dark Embrace","Feel No Pain"],"picked":"Armaments","floor":30},{"not_picked":["Sword Boomerang+1","Heavy Blade","Pommel Strike"],"picked":"SKIP","floor":35},{"not_picked":["Shrug It Off","Sever Soul+1","StuffTheSpire:RockThrow"],"picked":"SKIP","floor":37},{"not_picked":["Cleave+1","Sword Boomerang","ReplayTheSpireMod:Strike From Hell"],"picked":"SKIP","floor":39},{"not_picked":["Cleave+1","Thunderclap+1","StuffTheSpire:Slingshot"],"picked":"SKIP","floor":41},{"not_picked":["Clash","Run Through+1"],"picked":"Inflame","floor":42},{"not_picked":["Clash+1","Intimidate+1","Body Slam+1"],"picked":"SKIP","floor":44},{"not_picked":["Invigoration+1","Pommel Strike+1","ReplayTheSpireMod:LeadingStrike+1"],"picked":"SKIP","floor":46},{"not_picked":["rorgmod:Immolate","Twin Strike+1","Body Slam"],"picked":"SKIP","floor":48},{"not_picked":["Entrench+1","Shrug It Off+1","Iron Wave"],"picked":"SKIP","floor":54}],"player_experience":63607,"relics_obtained":[{"floor":8,"key":"LugNut"},{"floor":9,"key":"GiantMaggot"},{"floor":24,"key":"StuffTheSpire:ForceGauntlet"},{"floor":26,"key":"ReplayFunnel"},{"floor":28,"key":"SnailShell"},{"floor":30,"key":"Kunai"},{"floor":43,"key":"StuffTheSpire:RubySignet"},{"floor":46,"key":"halation:EternalFortune"},{"floor":54,"key":"Blood Vial"}],"event_choices":[{"damage_healed":0,"gold_gain":64,"player_choice":"Gained Gold","damage_taken":0,"max_hp_gain":0,"max_hp_loss":0,"event_name":"Golden Wing","floor":4,"gold_loss":0},{"damage_healed":0,"gold_gain":0,"player_choice":"Forge","damage_taken":0,"max_hp_gain":0,"max_hp_loss":0,"event_name":"Accursed Blacksmith","floor":38,"gold_loss":0,"cards_upgraded":["Perfected Strike"]},{"damage_healed":0,"gold_gain":0,"player_choice":"Paid","damage_taken":0,"relics_obtained":["Red Mask"],"max_hp_gain":0,"max_hp_loss":0,"event_name":"Tomb of Lord Red Mask","floor":47,"gold_loss":479}],"is_beta":false,"boss_relics":[{"not_picked":["aspiration:WatcherSkillbook","Replay:Wanted Poster"],"picked":"Dota2Spire:Bloodstone"},{"not_picked":["Replay:Drink Me","Kintsugi"],"picked":"energizedSpire:NeverEndingSparkler"}],"items_purged_floors":[],"is_endless":false,"potions_floor_spawned":[5,10,12,16,20,21,24,28,33,39,42,44],"ascension_level":1}}