{"host":"x92orqe4der2wm1o","time":1610700060,"event":{"mods":["2.2 Compatiblity","Astrologer","BaseMod","Beaked The Cultist","BetterRewards","Challenge The Spire","Downfall","GifTheSpireLib","Hermit","Infinite Spire","Minty Spire (QoL Compilation)","Relic Stats","Replay The Spire","Shade Mod","Shop Mod","StSLib","everything is the same but u backflip on backflip","slay the spire mod where everything is the same but ironclad has a cowboy hat","vexMod"],"gold_per_floor":[99,117,129,184,13,38,88,100,250,250,250,250,250,90,101,199,199,199,219,232,252,57,57,80,80,80,119,53,85,85,85,103,201,201,201,220,238,250,250,265,319,319,319,333,333,90,190,216,230,230,230,230],"floor_reached":50,"language":"ENG","playtime":3410,"items_purged":["Slimebound:Icky","champ:Strike","champ:FanOfKnives"],"score":533,"play_id":"e99d6d1b-f217-4549-ada8-e33d5b4c5a36","local_time":"20210115024100","is_ascension_mode":false,"campfire_choices":[{"data":"champ:Execute","floor":1.0,"key":"SMITH"},{"data":"champ:StanceDance","floor":12.0,"key":"SMITH"},{"data":"champ:BerserkerStyle","floor":18.0,"key":"SMITH"},{"data":"expansioncontent:PolyBeam","floor":23.0,"key":"SMITH"},{"data":"champ:FanOfKnives","floor":35,"key":"SMITH"},{"data":"champ:ArenaPreparation","floor":45,"key":"SMITH"}],"circlet_count":0,"master_deck":["champ:Defend","champ:Defend","champ:Defend","champ:Defend","champ:Execute+1","champ:Taunt+1","champ:StanceDance+1","champ:BringItOn","champ:GladiatorsShout+1","champ:BerserkerStyle+1","champ:BerserkersShout+1","champ:FanOfKnives+1","expansioncontent:PolyBeam+1","champ:Encircle+1","AbeCurse","champ:CalledShot+1","champ:GladiatorStyle+1","RitualDagger","champ:StanceDance+1","champ:BringItOn","Bite","Bite","Bite","Bite","Bite","Replay:Fractal Strike+1","CurseOfTheBell","champ:EndlessRage+1","champ:AdrenalArmor+1","champ:ArenaPreparation+1","Pot Of Greed","Pot Of Greed","Pot Of Greed","champ:BringItOn+1","champ:DeathBlow+1","champ:CalledShot+1"],"relics":["champ:ChampionCrown","Juzu Bracelet","Bag of Marbles","Art of War","ReplayTheSpireMod:TigerMarble","Abe\u0027s Treasure","Replay:Baseball","CultistMask","StoneCalendar","Darkstone Periapt","Pet Ghost","Calling Bell","Strawberry","Molten Egg 2","champ:GladiatorsBookOfMartialProwess","vexMod:ImprovementManual","Grinning Jar","DollysMirror","Bottled Lightning","PreservedInsect"],"acts_visited":["TheCity","TheBeyond"],"potions_floor_usage":[44,46],"damage_taken":[{"damage":5.0,"enemies":"2 Louse","floor":2.0,"turns":2.0},{"damage":5.0,"enemies":"Jaw Worm","floor":3.0,"turns":5.0},{"damage":22.0,"enemies":"3 Sentries","floor":4.0,"turns":9.0},{"damage":8.0,"enemies":"downfall:FleeingMerchant","floor":5.0,"turns":4.0},{"damage":33.0,"enemies":"3 Sentries","floor":6.0,"turns":7.0},{"damage":10.0,"enemies":"Cultist","floor":8.0,"turns":4.0},{"damage":26.0,"enemies":"downfall:FleeingMerchant","floor":14.0,"turns":4.0},{"damage":25.0,"enemies":"Gremlin Gang","floor":15.0,"turns":3.0},{"damage":68.0,"enemies":"downfall:Watcher","floor":16.0,"turns":8.0},{"damage":32.0,"enemies":"3 Byrds","floor":19.0,"turns":3.0},{"damage":27.0,"enemies":"Spheric Guardian","floor":20.0,"turns":3.0},{"damage":30.0,"enemies":"Snecko","floor":21.0,"turns":5.0},{"damage":24.0,"enemies":"downfall:FleeingMerchant","floor":22.0,"turns":4.0},{"damage":48.0,"enemies":"downfall:FleeingMerchant","floor":28.0,"turns":4.0},{"damage":75.0,"enemies":"Nightmare","floor":29.0,"turns":7.0},{"damage":32,"enemies":"Shelled Parasite and Fungi","floor":32,"turns":4},{"damage":56,"enemies":"downfall:Defect","floor":33,"turns":7},{"damage":14,"enemies":"3 Shapes","floor":36,"turns":7},{"damage":26,"enemies":"Orb Walker","floor":37,"turns":3},{"damage":66,"enemies":"Writhing Mass","floor":38,"turns":5},{"damage":57,"enemies":"Maw","floor":40,"turns":7},{"damage":44,"enemies":"Transient","floor":44,"turns":5},{"damage":30,"enemies":"downfall:FleeingMerchant","floor":46,"turns":4},{"damage":41,"enemies":"3 Darklings","floor":49,"turns":3},{"damage":53,"enemies":"downfall:Silent","floor":50,"turns":3}],"seed_played":"1046803818155276347","potions_obtained":[{"floor":2.0,"key":"Death Potion"},{"floor":4.0,"key":"SpeedPotion"},{"floor":6.0,"key":"Strength Potion"},{"floor":8.0,"key":"Swift Potion"},{"floor":11.0,"key":"downfall:CursedFountainPotion"},{"floor":19.0,"key":"ColorlessPotion"},{"floor":33,"key":"ColorlessPotion"},{"floor":38,"key":"Elixir"},{"floor":40,"key":"AttackPotion"}],"is_trial":false,"path_per_floor":["R","M","M","?","$","E","T","M","?","?","?","R","?","$","M","B",null,"R","M","M","M","$","R","T","?","?","?","$","NM","?","AVR","M","B",null,"R","M","M","M","?","M","T","?","?","M","R","$","?","?","M","B"],"character_chosen":"THE_CHAMP","items_purchased":["champ:GladiatorsShout+1","champ:BerserkerStyle","champ:BladeFlurry","champ:Encircle","champ:GladiatorStyle","champ:BringItOn","champ:DeathBlow+1","DollysMirror","Bottled Lightning"],"campfire_rested":0,"item_purchase_floors":[5,5,5,14,22,28,46,46,46],"current_hp_per_floor":[90,90,90,78,78,58,58,57,57,57,57,57,54,49,44,20,90,90,87,80,70,70,70,70,70,64,64,72,37,37,50,29,21,75,75,72,69,38,38,32,32,32,32,41,41,43,43,43,43,0,0,0],"gold":230,"neow_bonus":"UPGRADE_CARD","is_daily":false,"chose_seed":false,"campfire_upgraded":6,"win_rate":0.0,"timestamp":1610700060,"path_taken":["R","M","M","?","$","E","T","M","?","?","?","R","?","$","M","BOSS","R","M","M","M","$","R","T","?","?","?","$","NM","?","AVR","M","BOSS","R","M","M","M","?","M","T","?","?","M","R","$","?","?","M","BOSS"],"items_purchased_type":["Card","Card","Card","Card","Card","Card","Card","Relic","Relic"],"build_version":"2020-12-22","purchased_purges":3,"victory":false,"max_hp_per_floor":[90,90,90,90,90,90,90,90,90,90,90,90,90,90,90,90,90,90,90,90,90,90,90,90,90,90,90,90,90,62,75,75,75,75,75,75,75,75,75,75,75,75,75,75,75,75,75,75,75,75,75,75],"relic_stats":{"Darkstone Periapt":6,"counters":[25,119],"StoneCalendar":[49],"PreservedInsect":0,"Juzu Bracelet":8,"Art of War":[7],"obtain_stats":[{"Darkstone Periapt":29,"champ:ChampionCrown":0,"StoneCalendar":27,"PreservedInsect":48,"Juzu Bracelet":4,"Pet Ghost":31,"champ:GladiatorsBookOfMartialProwess":31,"Calling Bell":31,"Replay:Baseball":24,"DollysMirror":46,"Strawberry":31,"Molten Egg 2":31,"CultistMask":25,"Bag of Marbles":6,"Art of War":7,"ReplayTheSpireMod:TigerMarble":13,"Bottled Lightning":46,"Grinning Jar":41,"Abe\u0027s Treasure":17,"vexMod:ImprovementManual":34},{"Darkstone Periapt":15,"champ:ChampionCrown":0,"StoneCalendar":13,"PreservedInsect":23,"Juzu Bracelet":3,"Pet Ghost":15,"champ:GladiatorsBookOfMartialProwess":15,"Calling Bell":15,"Replay:Baseball":13,"DollysMirror":23,"Strawberry":15,"Molten Egg 2":15,"CultistMask":13,"Bag of Marbles":5,"Art of War":5,"ReplayTheSpireMod:TigerMarble":6,"Bottled Lightning":23,"Grinning Jar":21,"Abe\u0027s Treasure":9,"vexMod:ImprovementManual":17},{"Darkstone Periapt":72,"champ:ChampionCrown":0,"StoneCalendar":61,"PreservedInsect":114,"Juzu Bracelet":16,"Pet Ghost":72,"champ:GladiatorsBookOfMartialProwess":72,"Calling Bell":72,"Replay:Baseball":61,"DollysMirror":114,"Strawberry":72,"Molten Egg 2":72,"CultistMask":61,"Bag of Marbles":27,"Art of War":27,"ReplayTheSpireMod:TigerMarble":31,"Bottled Lightning":114,"Grinning Jar":105,"Abe\u0027s Treasure":46,"vexMod:ImprovementManual":83}]},"card_choices":[{"not_picked":["champ:PerfectedStrike","champ:DefensiveStyle"],"picked":"champ:StanceDance","floor":2.0},{"not_picked":["champ:EnragedBash","champ:BladeFlurry"],"picked":"champ:BringItOn","floor":3.0},{"not_picked":["champ:RisingSlash","champ:FightOn"],"picked":"champ:FanOfKnives","floor":4.0},{"not_picked":["champ:DefensiveStyle","champ:DefensiveShout","champ:Duel"],"picked":"SKIP","floor":5.0},{"not_picked":["champ:CheapShot","champ:HeavySlash"],"picked":"champ:BerserkersShout","floor":6.0},{"not_picked":["champ:GutPunch","champ:StanceDance"],"picked":"champ:FanOfKnives","floor":8.0},{"not_picked":["champ:PerfectedStrike","champ:FocusedGladiator","champ:PreciseThrust"],"picked":"SKIP","floor":14.0},{"not_picked":["champ:StanceDance","champ:FlashCut","champ:Backstep"],"picked":"SKIP","floor":15.0},{"not_picked":["champ:DefensiveShout","champ:FlashCut+1","champ:BladeFlurry+1"],"picked":"SKIP","floor":19.0},{"not_picked":["champ:TornadoPunch","champ:BladeFlurry+1","champ:StanceDance"],"picked":"SKIP","floor":20.0},{"not_picked":["champ:DeathBlow","champ:FalseCounter"],"picked":"champ:CalledShot+1","floor":21.0},{"not_picked":["champ:FocusedDefense","champ:DefensiveStyle","champ:PerfectForm"],"picked":"SKIP","floor":22.0},{"not_picked":["champ:PerfectedStrike","champ:Circumvent"],"picked":"champ:StanceDance","floor":27.0},{"not_picked":["champ:GladiatorStyle","champ:RisingSlash+1","champ:Backstep"],"picked":"SKIP","floor":28.0},{"not_picked":["champ:EnGarde","champ:RapidStrikes","champ:HeavySlash"],"picked":"SKIP","floor":29.0},{"not_picked":["champ:BerserkersShout","champ:StanceDance","champ:GutPunch+1"],"picked":"SKIP","floor":32},{"not_picked":["champ:BringItOn+1","champ:IronFortress+1","champ:BerserkersShout"],"picked":"SKIP","floor":36},{"not_picked":["champ:IronFortress","champ:HeartStrike+1"],"picked":"champ:EndlessRage+1","floor":37},{"not_picked":["champ:EnragedBash+1","champ:TornadoPunch+1"],"picked":"champ:AdrenalArmor","floor":38},{"not_picked":["champ:RisingSlash+1","champ:Circumvent"],"picked":"champ:ArenaPreparation","floor":40},{"not_picked":["champ:RapidStrikes+1","champ:FocusedGladiator"],"picked":"champ:BringItOn+1","floor":44},{"not_picked":["champ:FanOfKnives+1","champ:TornadoPunch+1","champ:BringItOn+1"],"picked":"SKIP","floor":46},{"not_picked":["champ:HeartStrike+1","champ:BerserkerStyle+1","champ:PerfectedStrike+1"],"picked":"SKIP","floor":49}],"player_experience":409806,"relics_obtained":[{"floor":4.0,"key":"Juzu Bracelet"},{"floor":6.0,"key":"Bag of Marbles"},{"floor":7.0,"key":"Art of War"},{"floor":24.0,"key":"Replay:Baseball"},{"floor":27.0,"key":"StoneCalendar"},{"floor":29.0,"key":"Darkstone Periapt"},{"floor":31,"key":"Strawberry"},{"floor":31,"key":"Molten Egg 2"},{"floor":31,"key":"champ:GladiatorsBookOfMartialProwess"},{"floor":41,"key":"Grinning Jar"},{"floor":48,"key":"PreservedInsect"}],"event_choices":[{"damage_healed":0.0,"max_hp_gain":0.0,"max_hp_loss":0.0,"gold_gain":0.0,"event_name":"Scrap Ooze","player_choice":"Success","floor":13.0,"gold_loss":0.0,"damage_taken":3.0,"relics_obtained":["ReplayTheSpireMod:TigerMarble"]},{"damage_healed":0.0,"max_hp_gain":0.0,"max_hp_loss":0.0,"gold_gain":0.0,"event_name":"FaceTrader","player_choice":"Trade","floor":25.0,"gold_loss":0.0,"damage_taken":0.0,"relics_obtained":["CultistMask"]},{"damage_healed":0.0,"max_hp_gain":0.0,"max_hp_loss":28.0,"gold_gain":0.0,"event_name":"Vampires","player_choice":"Became a vampire","floor":30.0,"gold_loss":0.0,"damage_taken":0.0,"cards_obtained":["Bite","Bite","Bite","Bite","Bite"]},{"damage_healed":0,"gold_gain":0,"player_choice":"Forge","damage_taken":0,"max_hp_gain":0,"max_hp_loss":0,"event_name":"Accursed Blacksmith","floor":39,"gold_loss":0,"cards_upgraded":["champ:AdrenalArmor"]},{"damage_healed":0,"gold_gain":0,"player_choice":"Ignored","damage_taken":0,"max_hp_gain":0,"max_hp_loss":0,"event_name":"NoteForYourself","floor":42,"gold_loss":0},{"cards_removed":["champ:BladeFlurry"],"damage_healed":0,"gold_gain":0,"player_choice":"Card Removal","damage_taken":0,"max_hp_gain":0,"max_hp_loss":0,"event_name":"Wheel of Change","floor":43,"gold_loss":0}],"is_beta":false,"boss_relics":[{"not_picked":["Cursed Key","Runic Pyramid"],"picked":"Abe\u0027s Treasure"},{"not_picked":["infinitespire:Cupcake","Coffee Dripper"],"picked":"vexMod:ImprovementManual"}],"items_purged_floors":[14,22,46],"is_endless":false,"potions_floor_spawned":[2,4,6,8,15,19,33,38,40],"killed_by":"downfall:Silent","ascension_level":0}}