{"host":"udyc8f81k2jocuhg","time":1610734847,"event":{"mods":["2.2 Compatiblity","BaseMod","Better Third Choice","Colored Powertips","Conspire","Custom Start","GifTheSpireLib","Hermit","Minty Spire (QoL Compilation)","Permanent Neow","Quick Restart","Relic Filter","Relic Stats","Replay The Spire","Shop Mod","Spikes Relics","StSLib","Stuff the Spire"],"gold_per_floor":[116,135,210,220,220,247,247,272,272,295,308,321,321,321],"floor_reached":13,"language":"ENG","playtime":804,"items_purged":[],"score":228,"play_id":"16cd4e84-b5d2-433d-beff-edb6d45d435a","local_time":"20210115192047","is_ascension_mode":true,"campfire_choices":[{"floor":7.0,"key":"REST"}],"circlet_count":0,"master_deck":["AscendersBane","Strike_B","Strike_B","Strike_B","Strike_B","Defend_B","Defend_B","Defend_B","Defend_B","Zap","Dualcast","Steam+1","Streamline","StuffTheSpire:Synthwave","Defragment","Sunder","ReplayTheSpireMod:Calculation Training"],"relics":["Cracked Core","Gremlin Food","CaptainsWheel","Pen Nib","MealTicket","Odd Mushroom"],"acts_visited":["Exordium"],"potions_floor_usage":[11,13],"damage_taken":[{"damage":15.0,"enemies":"Small Slimes","floor":1.0,"turns":3.0},{"damage":4.0,"enemies":"2 Louse","floor":2.0,"turns":4.0},{"damage":0.0,"enemies":"Jaw Worm","floor":4.0,"turns":3.0},{"damage":0.0,"enemies":"Gremlin Nob","floor":6.0,"turns":4.0},{"damage":32.0,"enemies":"3 Sentries","floor":8.0,"turns":7.0},{"damage":9.0,"enemies":"The Mushroom Lair","floor":10.0,"turns":4.0},{"damage":5,"enemies":"Exordium Thugs","floor":11,"turns":3},{"damage":2,"enemies":"Exordium Wildlife","floor":12,"turns":4},{"damage":7,"enemies":"Gremlin Nob","floor":13,"turns":2}],"seed_played":"8714845008204417281","potions_obtained":[{"floor":1.0,"key":"Flashbang"},{"floor":6.0,"key":"Cursed Concoction"},{"floor":8.0,"key":"Swift Potion"},{"floor":11,"key":"EssenceOfSteel"}],"is_trial":false,"path_per_floor":["M","M","?","M","?","E","R","E","T","?","M","M","E"],"character_chosen":"DEFECT","items_purchased":[],"campfire_rested":1,"item_purchase_floors":[],"current_hp_per_floor":[49,45,34,34,29,29,50,18,18,9,4,2,0,0],"gold":321,"neow_bonus":"RANDOM_COMMON_RELIC","is_daily":false,"chose_seed":false,"campfire_upgraded":0,"win_rate":0.0,"timestamp":1610734847,"path_taken":["M","M","?","M","?","E","R","E","T","?","M","M","E"],"items_purchased_type":[],"build_version":"2020-12-22","purchased_purges":0,"victory":false,"max_hp_per_floor":[71,71,71,71,71,71,71,71,71,71,71,71,71,71],"relic_stats":{"counters":[9,34],"MealTicket":0,"Pen Nib":[1],"obtain_stats":[{"Gremlin Food":0,"CaptainsWheel":5,"MealTicket":8,"Pen Nib":6,"Odd Mushroom":10,"Cracked Core":0},{"Gremlin Food":0,"CaptainsWheel":3,"MealTicket":5,"Pen Nib":4,"Odd Mushroom":6,"Cracked Core":0},{"Gremlin Food":0,"CaptainsWheel":10,"MealTicket":21,"Pen Nib":14,"Odd Mushroom":25,"Cracked Core":0}]},"card_choices":[{"not_picked":["Rebound","Compile Driver"],"picked":"Steam","floor":1.0},{"not_picked":["FTL","Crystallizer"],"picked":"Streamline","floor":2.0},{"not_picked":["Beam Cell","BasicCrystalCard","All For One"],"picked":"SKIP","floor":4.0},{"not_picked":["Compile Driver","StuffTheSpire:Plugnplay"],"picked":"StuffTheSpire:Synthwave","floor":6.0},{"not_picked":["Sweeping Beam","conspire:SharedLibrary"],"picked":"Defragment","floor":8.0},{"not_picked":["FIFO Queue","Sweeping Beam"],"picked":"Sunder","floor":10.0},{"not_picked":["Hologram","Gash","Turbo"],"picked":"SKIP","floor":11},{"not_picked":["Sunder","Coolheaded"],"picked":"ReplayTheSpireMod:Calculation Training","floor":12}],"player_experience":2001377,"relics_obtained":[{"floor":6.0,"key":"Pen Nib"},{"floor":8.0,"key":"MealTicket"},{"floor":10.0,"key":"Odd Mushroom"}],"event_choices":[{"damage_healed":0.0,"max_hp_gain":0.0,"max_hp_loss":0.0,"gold_gain":75.0,"event_name":"betterThird:BetterGoop","player_choice":"Gold","floor":3.0,"gold_loss":0.0,"damage_taken":11.0},{"damage_healed":0.0,"max_hp_gain":0.0,"max_hp_loss":0.0,"gold_gain":0.0,"event_name":"betterThird:BetterScrap","player_choice":"Relic ","floor":5.0,"gold_loss":0.0,"damage_taken":5.0,"cards_obtained":["Judgement"]},{"damage_healed":0.0,"max_hp_gain":0.0,"max_hp_loss":0.0,"gold_gain":0.0,"event_name":"Mushrooms","player_choice":"Fought Mushrooms","floor":10.0,"gold_loss":0.0,"damage_taken":0.0}],"is_beta":false,"boss_relics":[],"items_purged_floors":[],"is_endless":false,"potions_floor_spawned":[1,6,8,11],"killed_by":"Gremlin Nob","ascension_level":18}}