{"host":"natui9yr7uuq78xo","time":1610693392,"event":{"mods":["Arknights The Spire","BaseMod","Better Third Choice","BetterRewards","Minty Spire (QoL Compilation)","StSLib"],"gold_per_floor":[109,109,124,141,157,172,185,185,185,196,211,245,262,273,273,273,273],"floor_reached":16,"language":"ENG","playtime":1500,"items_purged":[],"score":110,"play_id":"b5d7a06e-32a2-4cef-b99b-c6e89b4a025e","local_time":"20210114204952","is_ascension_mode":false,"campfire_choices":[{"data":"ats:Cat Scratch","floor":8,"key":"SMITH"},{"floor":15,"key":"REST"}],"circlet_count":0,"master_deck":["ats:Strike C","ats:Strike G","ats:Strike S","ats:Strike V","ats:Armor Crushing Shot","ats:Defend","ats:Defend","ats:Defend","ats:Defend","ats:Emotion Absorption","ats:Cat Scratch+1","ats:Revitalization","ats:Shell Defense","ats:Leaping Hammer","ats:Shadow Raid","ats:Encircling Forest","ats:Flexible Camouflage","ats:Sword Rain","ats:Consecutive Shot Auto","ats:Spore Proliferation","ats:Revitalization"],"relics":["ats:Sanity","NeowsBlessing","Vajra","ats:Originium","Smiling Mask"],"acts_visited":["Exordium"],"potions_floor_usage":[],"damage_taken":[{"damage":0,"enemies":"Cultist","floor":1,"turns":1},{"damage":0,"enemies":"2 Louse","floor":3,"turns":1},{"damage":0,"enemies":"Jaw Worm","floor":4,"turns":1},{"damage":54,"enemies":"Exordium Thugs","floor":5,"turns":20},{"damage":13,"enemies":"Blue Slaver","floor":6,"turns":6},{"damage":13,"enemies":"2 Fungi Beasts","floor":7,"turns":9},{"damage":4,"enemies":"3 Louse","floor":10,"turns":5},{"damage":17,"enemies":"Lots of Slimes","floor":11,"turns":12},{"damage":42,"enemies":"3 Sentries","floor":12,"turns":14},{"damage":9,"enemies":"Blue Slaver","floor":13,"turns":5},{"damage":26,"enemies":"Gremlin Gang","floor":14,"turns":5},{"damage":65,"enemies":"Hexaghost","floor":16,"turns":15}],"seed_played":"3944412436038067994","potions_obtained":[{"floor":5,"key":"PowerPotion"},{"floor":6,"key":"BlessingOfTheForge"},{"floor":7,"key":"ats:Emergency Sanity Potion"}],"is_trial":false,"path_per_floor":["M","?","M","M","M","M","M","R","T","M","M","E","M","M","R","B"],"character_chosen":"DOCTOR_CLASS","items_purchased":[],"campfire_rested":1,"item_purchase_floors":[],"current_hp_per_floor":[72,72,72,72,69,70,66,66,66,71,72,45,41,18,39,0,0],"gold":273,"neow_bonus":"THREE_ENEMY_KILL","is_daily":false,"chose_seed":false,"campfire_upgraded":1,"win_rate":0.0,"timestamp":1610693392,"path_taken":["M","?","M","M","M","M","M","R","T","M","M","E","M","M","R","BOSS"],"items_purchased_type":[],"build_version":"2020-12-22","purchased_purges":0,"victory":false,"max_hp_per_floor":[72,72,72,72,72,72,72,72,72,72,72,72,72,72,72,72,72],"card_choices":[{"not_picked":["ats:Explosion Area Strengthen","ats:Thorns"],"picked":"ats:Cat Scratch","floor":1},{"not_picked":["ats:Powerful Strike","ats:Collapsing Strike"],"picked":"ats:Revitalization","floor":3},{"not_picked":["ats:Mental Burst","ats:Ignite"],"picked":"ats:Shell Defense","floor":4},{"not_picked":["ats:LN2 Cannon","ats:Apocalypse"],"picked":"ats:Leaping Hammer","floor":5},{"not_picked":["ats:Flexible Camouflage","ats:Revitalization"],"picked":"ats:Shadow Raid","floor":6},{"not_picked":["ats:Composite Medical Shells","ats:Thermite Blade"],"picked":"ats:Encircling Forest","floor":7},{"not_picked":["ats:Counter Healing Mode","ats:Fractured Body"],"picked":"ats:Flexible Camouflage","floor":10},{"not_picked":["ats:Healing Strengthening","ats:Hammer On"],"picked":"ats:Sword Rain","floor":11},{"not_picked":["ats:Defend Order","ats:Childhood Dance"],"picked":"ats:Consecutive Shot Auto","floor":12},{"not_picked":["ats:Revitalization","ats:Childhood Dance"],"picked":"ats:Spore Proliferation","floor":13},{"not_picked":["ats:Leaping Hammer","ats:Rapid Magazine"],"picked":"ats:Revitalization","floor":14}],"player_experience":323325,"relics_obtained":[{"floor":9,"key":"Vajra"},{"floor":12,"key":"ats:Originium"},{"floor":12,"key":"Smiling Mask"}],"event_choices":[{"damage_healed":0,"gold_gain":0,"player_choice":"Ignored","damage_taken":0,"max_hp_gain":0,"max_hp_loss":0,"event_name":"Golden Wing","floor":2,"gold_loss":0}],"is_beta":false,"boss_relics":[],"items_purged_floors":[],"is_endless":false,"potions_floor_spawned":[5,6,7,10,14],"killed_by":"Hexaghost","ascension_level":0}}