{"host":"dbo0lztt1pyfwysk","time":1610719105,"event":{"mods":["Act Like it!","BaseMod","Conspire","Downfall","Gensokyo","GifTheSpireLib","Hubris","Infinite Spire","KinomotoSakuraMod(????)","Koishi","Luminous","Marisa????????","Minty Spire (QoL Compilation)","Prisma Mod","Remilia??????","Replay The Spire","Shade Mod","Shop Mod","StSLib"],"gold_per_floor":[110,110,110,129,139,139,139,139,139,152,165,10,21,53,53,150,150,161,161,180,180,190,190,202,221,221,246,264,3,3,13,13,112,112,129,141,141,156,56,156,156],"floor_reached":40,"language":"ENG","playtime":3185,"items_purged":["Strike_G","Sucker Punch"],"score":659,"play_id":"1e83a13f-55fc-4b7d-a6ad-566c6ce2990e","local_time":"20210115145825","is_ascension_mode":true,"campfire_choices":[{"data":"Slice","floor":6.0,"key":"SMITH"},{"data":"Choke","floor":8.0,"key":"SMITH"},{"data":"Neutralize","floor":15.0,"key":"SMITH"},{"data":"Malaise","floor":23,"key":"SMITH"},{"floor":30,"key":"REST"},{"floor":32,"key":"REST"}],"circlet_count":0,"master_deck":["AscendersBane","Defend_G","Defend_G","Defend_G","Defend_G","Survivor","Neutralize+1","Slice+1","Backflip","Heel Hook","Choke+1","Dagger Spray","Infinite Blades","Hidden Blade","Deflect","Malaise+1","Replay:Sluggish","Quick Slash+1","Slice","Backstab","Noxious Fumes","Backflip","Deflect","Choke","hubris:SlightOfHand","Deflect"],"relics":["Ring of the Snake","hubris:Icosahedron","infinitespire:CheckeredPen","Du-Vu Doll","Tingsha","Kintsugi","infinitespire:ShieldingShard","Guardian:PocketSentry","ClockworkSouvenir","hubris:ScarierMask"],"acts_visited":["Exordium","TheCity","TheBeyond"],"potions_floor_usage":[20,22,24,27,33,40],"damage_taken":[{"damage":0.0,"enemies":"Small Slimes","floor":1.0,"turns":5.0},{"damage":0.0,"enemies":"2 Louse","floor":4.0,"turns":4.0},{"damage":0.0,"enemies":"Cultist","floor":5.0,"turns":4.0},{"damage":10.0,"enemies":"Exordium Wildlife","floor":10.0,"turns":4.0},{"damage":1.0,"enemies":"Looter","floor":11.0,"turns":2.0},{"damage":6.0,"enemies":"3 Louse","floor":13.0,"turns":3.0},{"damage":18.0,"enemies":"Gremlin Nob","floor":14.0,"turns":3.0},{"damage":27.0,"enemies":"The Guardian","floor":16.0,"turns":11.0},{"damage":2.0,"enemies":"Spheric Guardian","floor":18.0,"turns":3.0},{"damage":3,"enemies":"conspire:FuzzyDice","floor":20,"turns":5},{"damage":5,"enemies":"conspire:HollyBat","floor":22,"turns":7},{"damage":9,"enemies":"Snake Plant","floor":24,"turns":5},{"damage":1,"enemies":"Chosen and Byrds","floor":25,"turns":5},{"damage":18,"enemies":"conspire:Head Lice","floor":27,"turns":4},{"damage":9,"enemies":"conspire:HollyBat","floor":28,"turns":7},{"damage":1,"enemies":"Centurion and Healer","floor":31,"turns":4},{"damage":42,"enemies":"Champ","floor":33,"turns":12},{"damage":0,"enemies":"3 Shapes","floor":35,"turns":5},{"damage":0,"enemies":"Orb Walker","floor":36,"turns":3},{"damage":0,"enemies":"3 Darklings","floor":38,"turns":3},{"damage":89,"enemies":"Giant Head","floor":40,"turns":8}],"seed_played":"-4762057354920102376","potions_obtained":[{"floor":1.0,"key":"Dexterity Potion"},{"floor":14.0,"key":"Energy Potion"},{"floor":16.0,"key":"Dexterity Potion"},{"floor":20,"key":"Strength Potion"},{"floor":22,"key":"infinitespire:BlackPotion"},{"floor":25,"key":"SteroidPotion"},{"floor":31,"key":"Explosive Potion"},{"floor":33,"key":"DuplicationPotion"},{"floor":36,"key":"CunningPotion"}],"is_trial":false,"path_per_floor":["M","?","?","M","M","R","?","R","T","M","M","$","M","E","R","B",null,"M","?","M","?","M","R","M","M","T","E","M","$","R","M","R","B",null,"M","M","?","M","$","E"],"character_chosen":"THE_SILENT","items_purchased":["Infinite Blades","ClockworkSouvenir","Backstab","Noxious Fumes"],"campfire_rested":2,"item_purchase_floors":[12,29,29,29],"current_hp_per_floor":[63,68,68,68,68,68,68,68,68,58,57,57,51,33,33,6,58,56,56,53,53,48,48,39,38,38,20,11,11,33,32,54,12,59,59,59,59,59,59,0,0],"gold":156,"neow_bonus":"THREE_CARDS","is_daily":false,"chose_seed":false,"campfire_upgraded":4,"win_rate":0.0,"timestamp":1610719105,"path_taken":["M","?","?","M","M","R","?","R","T","?","M","$","M","E","R","BOSS","M","?","M","?","M","R","M","M","T","E","M","$","R","M","R","BOSS","M","M","?","?","$","E"],"items_purchased_type":["Card","Relic","Card","Card"],"build_version":"2020-12-22","purchased_purges":2,"victory":false,"max_hp_per_floor":[70,75,75,75,75,75,75,75,75,75,75,75,75,75,75,75,75,75,75,75,75,75,75,75,75,75,75,75,75,75,75,75,75,75,75,75,75,75,75,75,75],"card_choices":[{"not_picked":["hubris:SlightOfHand","Endless Agony"],"picked":"Slice","floor":0.0},{"not_picked":["conspire:PoisonWeapons","Dodge and Roll"],"picked":"Backflip","floor":1.0},{"not_picked":["PiercingWail","Setup"],"picked":"Heel Hook","floor":4.0},{"not_picked":["Eviscerate","Dagger Spray"],"picked":"Choke","floor":5.0},{"not_picked":["Leg Sweep","ReplayTheSpireMod:The Works"],"picked":"Dagger Spray","floor":10.0},{"not_picked":["Prepared","Dagger Spray"],"picked":"Sucker Punch","floor":11.0},{"not_picked":["Dash","Malaise"],"picked":"Hidden Blade","floor":13.0},{"not_picked":["Leg Sweep","conspire:DoublingDagger"],"picked":"Deflect","floor":14.0},{"not_picked":["ReplayTheSpireMod:From All Sides","Wraith Form v2"],"picked":"Malaise","floor":16.0},{"not_picked":["Outmaneuver+1","Crippling Poison","Quick Slash"],"picked":"SKIP","floor":18.0},{"not_picked":["Bouncing Flask","Catalyst"],"picked":"Dagger Spray","floor":20},{"not_picked":["Dodge and Roll","Sucker Punch"],"picked":"Quick Slash+1","floor":22},{"not_picked":["Setup","Poisoned Stab"],"picked":"Slice","floor":24},{"not_picked":["Toxin Wave","Flechettes","Acrobatics"],"picked":"SKIP","floor":25},{"not_picked":["Prepared","Corpse Explosion","Expertise"],"picked":"SKIP","floor":27},{"not_picked":["Deadly Poison","Dagger Spray","Dagger Throw"],"picked":"SKIP","floor":28},{"not_picked":["Riddle With Holes","Hidden Blade"],"picked":"Backflip","floor":31},{"not_picked":["Deadly Poison","Hidden Blade"],"picked":"Deflect","floor":35},{"not_picked":["Slice","Dagger Throw"],"picked":"Choke","floor":36},{"not_picked":["Replay:Poison Smokescreen","Deadly Poison+1"],"picked":"Deflect","floor":38}],"player_experience":630264,"relics_obtained":[{"floor":9.0,"key":"Du-Vu Doll"},{"floor":14.0,"key":"Tingsha"},{"floor":26,"key":"infinitespire:ShieldingShard"},{"floor":27,"key":"Guardian:PocketSentry"}],"event_choices":[{"damage_healed":0.0,"max_hp_gain":5.0,"max_hp_loss":0.0,"gold_gain":0.0,"event_name":"Big Fish","player_choice":"Donut","floor":2.0,"gold_loss":0.0,"damage_taken":0.0},{"damage_healed":0.0,"max_hp_gain":0.0,"max_hp_loss":0.0,"gold_gain":0.0,"event_name":"WeMeetAgain","player_choice":"Gave Potion","floor":7.0,"gold_loss":0.0,"damage_taken":0.0,"relics_obtained":["infinitespire:CheckeredPen"]},{"damage_healed":0.0,"max_hp_gain":0.0,"max_hp_loss":0.0,"gold_gain":0.0,"event_name":"Ghosts","player_choice":"Ignored","floor":19.0,"gold_loss":0.0,"damage_taken":0.0},{"cards_removed":["Doubt"],"damage_healed":0,"gold_gain":0,"player_choice":"Elegance","damage_taken":0,"max_hp_gain":0,"max_hp_loss":0,"event_name":"Back to Basics","floor":21,"gold_loss":0},{"damage_healed":0,"gold_gain":0,"cards_transformed":["Dagger Spray"],"player_choice":"Transformed","damage_taken":0,"max_hp_gain":0,"max_hp_loss":0,"event_name":"Transmorgrifier","floor":37,"gold_loss":0,"cards_obtained":["hubris:SlightOfHand"]}],"is_beta":false,"boss_relics":[{"not_picked":["Honey Jar","conspire:SlowCooker"],"picked":"Kintsugi"},{"not_picked":["Replay:Bronze Core","Runic Dome"],"picked":"hubris:ScarierMask"}],"items_purged_floors":[12,39],"is_endless":false,"potions_floor_spawned":[1,14,16,20,22,25,31,33,36],"killed_by":"Giant Head","ascension_level":12}}