{"host":"ecaj4hn004xnnrw9","time":1610709053,"event":{"mods":["AchievementEnabler","BaseMod","Better Third Choice","Hermit","Hubris","Infinite Spire","Jorbs\u0027s Wanderer Trilogy","Minty Spire (QoL Compilation)","Quick Restart","Shop Mod","StSLib","The Construct","The Jungle","The Runesmith"],"gold_per_floor":[113,1,18,18,37,68,68,86,86,98,98,98,110,10,10,10,10],"floor_reached":16,"language":"ENG","playtime":329,"items_purged":["Strike_P","Strike_P"],"score":107,"play_id":"4bb38a08-785c-40ed-a75e-7b65d6c03c2e","local_time":"20210115111053","is_ascension_mode":true,"campfire_choices":[{"data":"Eruption","floor":7,"key":"SMITH"},{"data":"Blasphemy","floor":11,"key":"SMITH"},{"floor":15,"key":"REST"}],"circlet_count":0,"master_deck":["Strike_P","Strike_P","Defend_P","Defend_P","Defend_P","Defend_P","Eruption+1","Vigilance+1","SashWhip","Adaptation","BowlingBash+1","Blasphemy+1","Halt","JustLucky","CutThroughFate","Halt"],"relics":["VioletLotus","Yang","hubris:TinFlute"],"acts_visited":["Exordium"],"potions_floor_usage":[],"damage_taken":[{"damage":0,"enemies":"Jaw Worm","floor":1,"turns":3},{"damage":0,"enemies":"Small Slimes","floor":3,"turns":4},{"damage":1,"enemies":"Cultist","floor":5,"turns":3},{"damage":23,"enemies":"Lagavulin","floor":6,"turns":5},{"damage":0,"enemies":"Red Slaver","floor":8,"turns":1},{"damage":0,"enemies":"Looter","floor":10,"turns":3},{"damage":6,"enemies":"Lots of Slimes","floor":13,"turns":3},{"damage":100031,"enemies":"The Guardian","floor":16,"turns":4}],"seed_played":"-6142676496567984891","potions_obtained":[{"floor":1,"key":"Ambrosia"},{"floor":10,"key":"Dexterity Potion"},{"floor":13,"key":"FearPotion"}],"is_trial":false,"path_per_floor":["M","$","M","?","M","E","R","M","T","M","R","?","M","$","R","B"],"character_chosen":"WATCHER","items_purchased":["Adaptation"],"campfire_rested":1,"item_purchase_floors":[2],"current_hp_per_floor":[72,72,72,58,57,34,34,34,34,34,34,34,28,28,49,0,0],"gold":10,"neow_bonus":"BOSS_RELIC","is_daily":false,"chose_seed":false,"campfire_upgraded":2,"win_rate":0.0,"timestamp":1610709053,"path_taken":["M","$","M","?","M","E","R","M","T","M","R","?","?","?","R","BOSS"],"items_purchased_type":["Card"],"build_version":"2020-12-22","purchased_purges":2,"victory":false,"max_hp_per_floor":[72,72,72,72,72,72,72,72,72,72,72,72,72,72,72,72,72],"card_choices":[{"not_picked":["EmptyBody","Halt"],"picked":"SashWhip","floor":1},{"not_picked":["WreathOfFlame","Evaluate"],"picked":"BowlingBash","floor":3},{"not_picked":["LikeWater","CutThroughFate"],"picked":"Blasphemy","floor":5},{"not_picked":["WindmillStrike","DeceiveReality"],"picked":"Halt","floor":6},{"not_picked":["Pray","EmptyBody"],"picked":"JustLucky","floor":8},{"not_picked":["DeceiveReality","ThirdEye"],"picked":"CutThroughFate","floor":10},{"not_picked":["WaveOfTheHand","SashWhip"],"picked":"Halt","floor":13}],"player_experience":348968,"relics_obtained":[{"floor":6,"key":"Yang"}],"event_choices":[{"damage_healed":72,"gold_gain":0,"player_choice":"Upgrade","damage_taken":14,"max_hp_gain":0,"max_hp_loss":72,"event_name":"betterThird:BetterShining","floor":4,"gold_loss":0,"cards_upgraded":["BowlingBash","Vigilance"]},{"damage_healed":0,"gold_gain":0,"player_choice":"Gave Potion","damage_taken":0,"relics_obtained":["hubris:TinFlute"],"max_hp_gain":0,"max_hp_loss":0,"event_name":"WeMeetAgain","floor":12,"gold_loss":0}],"is_beta":false,"boss_relics":[],"items_purged_floors":[2,14],"is_endless":false,"potions_floor_spawned":[1,10,13],"killed_by":"The Guardian","ascension_level":1}}