{"host":"nuce7grnusr8lpe2","time":1610719257,"event":{"mods":["Act Like it!","BaseMod","Better Third Choice","Gensokyo","Marisa????????","Minty Spire (QoL Compilation)","Prisma Mod","Rare Cards Sparkle","StSLib","Td1madao Mod","The Animator","The Servant 0.9.4","The Wild Card"],"gold_per_floor":[10,42,42,65,78,102,112,112,186,199,227,227,67,80,80,80,80],"floor_reached":16,"language":"ENG","playtime":1171,"items_purged":[],"score":106,"play_id":"5e4c494b-28ae-48b7-bbd0-b83f9499e6c2","local_time":"20210115150057","is_ascension_mode":false,"campfire_choices":[{"floor":8,"key":"REST"},{"floor":15,"key":"REST"}],"circlet_count":0,"master_deck":["animator:Strike_Elsword","animator:Defend_Elsword","animator:Strike","animator:Strike","animator:Strike","animator:Defend","animator:Defend","animator:Defend","animator:Chung","animator:Raven","animator:TanyaDegurechaff","animator:Fredrika","animator:TukaLunaMarceau","animator:Elsword","animator:Lu","animator:Aisha","animator:ElricEdward","animator:Ciel","Necronomicurse"],"relics":["animator:LivingPicture","animator:TheMissingPiece","Smiling Mask","Gensokyo:PortableGap","Necronomicon"],"acts_visited":["Gensokyo:Gensokyo"],"potions_floor_usage":[11,16,16],"damage_taken":[{"damage":7,"enemies":"Gensokyo:2_Kodama","floor":1,"turns":9},{"damage":1,"enemies":"Gensokyo:3_Fairies","floor":2,"turns":6},{"damage":0,"enemies":"Gensokyo:Gryphon","floor":4,"turns":3},{"damage":12,"enemies":"Gensokyo:3_Kodama","floor":5,"turns":6},{"damage":2,"enemies":"Gensokyo:2_Rabbits","floor":6,"turns":4},{"damage":9,"enemies":"Gensokyo:CorruptedTreant","floor":7,"turns":4},{"damage":9,"enemies":"Gensokyo:Kitsune","floor":10,"turns":6},{"damage":29,"enemies":"Gensokyo:Aya","floor":11,"turns":7},{"damage":8,"enemies":"Gensokyo:Gryphon_and_Rabbit","floor":14,"turns":5},{"damage":30,"enemies":"Gensokyo:Kokoro","floor":16,"turns":5}],"seed_played":"4721265009529899738","potions_obtained":[{"floor":1,"key":"Dexterity Potion"},{"floor":2,"key":"GamblersBrew"},{"floor":11,"key":"Explosive Potion"},{"floor":14,"key":"Strength Potion"}],"is_trial":false,"path_per_floor":["M","M","$","M","M","M","M","R","T","M","E","?","?","M","R","B"],"character_chosen":"THE_ANIMATOR","items_purchased":[],"campfire_rested":2,"item_purchase_floors":[],"current_hp_per_floor":[59,58,58,58,47,45,36,56,56,47,19,19,19,11,29,0,0],"gold":80,"neow_bonus":"RANDOM_COLORLESS_2","is_daily":false,"chose_seed":false,"campfire_upgraded":0,"win_rate":0.0,"timestamp":1610719257,"path_taken":["M","M","?","M","M","M","M","R","T","M","E","?","?","M","R","BOSS"],"items_purchased_type":[],"build_version":"2020-12-22","purchased_purges":0,"victory":false,"max_hp_per_floor":[66,66,66,66,67,67,67,67,67,67,68,62,62,62,62,62,62],"card_choices":[{"not_picked":["animator:HarukoHaruhara","animator:Kira"],"picked":"animator:TanyaDegurechaff","floor":0},{"not_picked":["animator:Hakurou","animator:YaoHaDucy"],"picked":"animator:Fredrika","floor":1},{"not_picked":["animator:Kuribayashi","animator:Tyuule"],"picked":"animator:TukaLunaMarceau","floor":2},{"not_picked":["animator:Layla","animator:Benimaru"],"picked":"animator:Elsword","floor":4},{"not_picked":["animator:Raven","animator:Elsword"],"picked":"animator:Lu","floor":5},{"not_picked":["animator:Kuribayashi","animator:Vesta"],"picked":"animator:Aisha","floor":6},{"not_picked":["animator:Melzalgald","animator:GazelDwargon","animator:Tyuule"],"picked":"SKIP","floor":7},{"not_picked":["animator:Pride","animator:SilverFang"],"picked":"animator:ElricEdward","floor":10},{"not_picked":["animator:Elsword","animator:Ara"],"picked":"animator:Ciel","floor":11},{"not_picked":["animator:Sonic","animator:Benimaru","animator:Pride"],"picked":"SKIP","floor":14}],"player_experience":446751,"relics_obtained":[{"floor":11,"key":"Smiling Mask"}],"event_choices":[],"is_beta":false,"boss_relics":[],"items_purged_floors":[],"is_endless":false,"potions_floor_spawned":[1,2,11,14],"killed_by":"Gensokyo:Kokoro","ascension_level":0}}