{"host":"ss2ocoam53r2lno0","time":1610720664,"event":{"mods":["Act Like it!","BaseMod","ChefMod","Clockwork Mod","Colored Powertips","Curses Come First","Displayed Cursed Tome","Downfall","Evolution","Googly Eyes","Hallownest","Highlight Path","Minty Spire (QoL Compilation)","Poor People Problems","Rare Cards Sparkle","Robot Space Explorer","Shade Mod","Shop Mod","Spicy Shops","StSLib","The Marked"],"gold_per_floor":[117,137,137,237,251,251,284,284,284,312,312,312,312,324,324,419,419,433,444,359,359,359,392,392,392],"floor_reached":24,"language":"ENG","playtime":1817,"items_purged":[],"score":321,"play_id":"ad9609ba-ff8e-42ca-8c43-2b9cc2fbff83","local_time":"20210115152424","is_ascension_mode":true,"campfire_choices":[{"data":"Clockwork:WarmUp","floor":6,"key":"SMITH"},{"data":"Clockwork:CogToss","floor":8,"key":"SMITH"},{"data":"Clockwork:CogToss","floor":13,"key":"SMITH"},{"data":"Clockwork:WindupStrike","floor":15,"key":"SMITH"}],"circlet_count":0,"master_deck":["Clockwork:CogToss+1","Clockwork:CogToss+1","Clockwork:CogToss+1","Clockwork:Strike","Clockwork:Shield","Clockwork:Shield","Clockwork:Shield","Clockwork:Tinker","Clockwork:WarmUp+1","Clockwork:SystemHardening","Clockwork:LogisticRegression","Clockwork:PerfectForm","Clockwork:RitualDaggerMk0","Writhe","Clockwork:UnlimitedCogworks","Clockwork:OverlyWoundupStrike"],"relics":["Clockwork:MomentumEngine","EVO:Axolotl","NeowsBlessing","Clockwork:BloodPhial","Mummified Hand","Mercury Hourglass","Bottled Flame","Runic Dome","Orichalcum","Bag of Preparation","Smiling Mask"],"acts_visited":["Exordium","TheCity"],"potions_floor_usage":[24,24],"damage_taken":[{"damage":0,"enemies":"2 Louse","floor":1,"turns":2},{"damage":0,"enemies":"Cultist","floor":2,"turns":1},{"damage":11,"enemies":"Small Slimes","floor":5,"turns":8},{"damage":21,"enemies":"3 Sentries","floor":7,"turns":14},{"damage":21,"enemies":"Gremlin Nob","floor":10,"turns":5},{"damage":7,"enemies":"Exordium Thugs","floor":14,"turns":6},{"damage":9,"enemies":"Hexaghost","floor":16,"turns":8},{"damage":22,"enemies":"Chosen","floor":18,"turns":7},{"damage":6,"enemies":"Spheric Guardian","floor":19,"turns":4},{"damage":28,"enemies":"Book of Stabbing","floor":23,"turns":6},{"damage":26,"enemies":"Snecko","floor":24,"turns":3}],"seed_played":"4648973761809164764","potions_obtained":[{"floor":7,"key":"SpeedPotion"},{"floor":16,"key":"champ:CounterPotion"},{"floor":23,"key":"Weak Potion"}],"is_trial":false,"path_per_floor":["M","M","?","?","M","R","E","R","T","E","?","?","R","M","R","B",null,"M","M","?","?","?","E","M"],"character_chosen":"CLOCKWORK","items_purchased":[],"campfire_rested":0,"item_purchase_floors":[],"current_hp_per_floor":[77,77,82,82,77,77,58,58,58,39,32,32,32,27,27,20,73,53,49,49,49,49,23,0,0],"gold":392,"neow_bonus":"THREE_ENEMY_KILL","is_daily":false,"chose_seed":false,"campfire_upgraded":4,"win_rate":0.0,"timestamp":1610720664,"path_taken":["M","M","?","?","?","R","E","R","T","E","?","?","R","?","R","BOSS","M","M","?","?","?","E","M"],"items_purchased_type":[],"build_version":"2020-12-22","purchased_purges":0,"victory":false,"max_hp_per_floor":[85,85,90,90,90,90,90,90,90,90,90,90,90,90,90,90,90,90,90,90,90,90,90,90,90],"card_choices":[{"not_picked":["Clockwork:Redundancy","Clockwork:SystemScan","Clockwork:Pluck"],"picked":"SKIP","floor":1},{"not_picked":["Clockwork:ForgeStrike","Clockwork:Pluck"],"picked":"Clockwork:CraftBloodPhial","floor":2},{"not_picked":["Clockwork:SpurOn","Clockwork:ReserveSystems"],"picked":"Clockwork:SystemHardening","floor":5},{"not_picked":["Clockwork:ReserveSystems","Clockwork:ForgeStrike"],"picked":"Clockwork:WindupStrike","floor":7},{"not_picked":["Clockwork:TimeOut","Clockwork:SystemScan"],"picked":"Clockwork:LogisticRegression","floor":10},{"not_picked":["Clockwork:Enhance","Clockwork:Improve","Clockwork:Pluck"],"picked":"SKIP","floor":14},{"not_picked":["Clockwork:Halt","Clockwork:AeonShield"],"picked":"Clockwork:PerfectForm","floor":16},{"not_picked":["Clockwork:CogToss+1","Clockwork:Pluck"],"picked":"Clockwork:RitualDaggerMk0","floor":18},{"not_picked":["Clockwork:Improve","Clockwork:SystemScan","Clockwork:Roundhouse+1"],"picked":"SKIP","floor":19},{"not_picked":["Clockwork:Minimalism+1","Clockwork:CogToss","Clockwork:Selectivity"],"picked":"SKIP","floor":23}],"player_experience":730011,"relics_obtained":[{"floor":7,"key":"Mummified Hand"},{"floor":9,"key":"Mercury Hourglass"},{"floor":10,"key":"Bottled Flame"},{"floor":23,"key":"Smiling Mask"}],"event_choices":[{"damage_healed":0,"gold_gain":0,"player_choice":"Donut","damage_taken":0,"max_hp_gain":5,"max_hp_loss":0,"event_name":"Big Fish","floor":3,"gold_loss":0},{"damage_healed":0,"gold_gain":100,"player_choice":"Pray","damage_taken":0,"max_hp_gain":0,"max_hp_loss":0,"event_name":"Golden Shrine","floor":4,"gold_loss":0},{"cards_removed":["Clockwork:Shield"],"damage_healed":0,"gold_gain":0,"player_choice":"Card Removal","damage_taken":7,"max_hp_gain":0,"max_hp_loss":0,"event_name":"Golden Wing","floor":11,"gold_loss":0},{"damage_healed":0,"gold_gain":0,"player_choice":"Upgraded","damage_taken":0,"max_hp_gain":0,"max_hp_loss":0,"event_name":"Upgrade Shrine","floor":12,"gold_loss":0,"cards_upgraded":["Clockwork:CogToss"]},{"damage_healed":0,"gold_gain":0,"player_choice":"Obtained Relic","damage_taken":0,"relics_obtained":["Orichalcum"],"max_hp_gain":0,"max_hp_loss":0,"event_name":"Addict","floor":20,"gold_loss":85},{"damage_healed":0,"gold_gain":0,"player_choice":"Opened","damage_taken":0,"relics_obtained":["Bag of Preparation"],"max_hp_gain":0,"max_hp_loss":0,"event_name":"The Mausoleum","floor":21,"gold_loss":0,"cards_obtained":["Writhe"]},{"damage_healed":0,"gold_gain":0,"player_choice":"Read","damage_taken":0,"max_hp_gain":0,"max_hp_loss":0,"event_name":"The Library","floor":22,"gold_loss":0,"cards_obtained":["Clockwork:UnlimitedCogworks"]}],"is_beta":false,"boss_relics":[{"not_picked":["Ectoplasm","Fusion Hammer"],"picked":"Runic Dome"}],"items_purged_floors":[],"is_endless":false,"potions_floor_spawned":[7,16,23],"killed_by":"Snecko","ascension_level":6}}