{"host":"3iouabftir4t7z56","time":1610676245,"event":{"mods":["2.2 Compatiblity","Act Like it!","BaseMod","Colored Map","Hallownest","Minty Spire (QoL Compilation)","StSLib","The Bug Knight","The Cursed"],"gold_per_floor":[113,38,38,57,68,102,102,113,113,113,139,139,269,285,285,285,285],"floor_reached":16,"language":"ENG","playtime":1257,"items_purged":["HollowMod:NailStrikeStart"],"score":110,"play_id":"100d8dcd-97c5-4e3e-8d73-b59f6a72a66f","local_time":"20210115030405","is_ascension_mode":false,"campfire_choices":[{"data":"HollowMod:AbyssShriek","floor":7,"key":"SMITH"},{"floor":15,"key":"REST"}],"circlet_count":0,"master_deck":["HollowMod:NailStrikeStart","HollowMod:NailStrikeStart","HollowMod:NailStrikeStart","HollowMod:QuickDashStart","HollowMod:QuickDashStart","HollowMod:QuickDashStart","HollowMod:PogoStrike","HollowMod:HornetsHelp","HollowMod:AbyssShriek+1","HollowMod:SharpenedShadows","HollowMod:BlackTendrils","HollowMod:CycloneSlash","HollowMod:CrystalDash"],"relics":["HollowMod:VesselMask","Hallownest:DreamNailRelic","Potion Belt","PreservedInsect","StrikeDummy"],"acts_visited":["Hallownest:Greenpath"],"potions_floor_usage":[6,16,16],"damage_taken":[{"damage":0,"enemies":"Hallownest:monsterHuskWarrior","floor":1,"turns":3},{"damage":4,"enemies":"Hallownest:monsterHuskGuard","floor":4,"turns":3},{"damage":0,"enemies":"Hallownest:2_Baldur","floor":5,"turns":3},{"damage":11,"enemies":"Hallownest:eliteVengeflyKing","floor":6,"turns":8},{"damage":17,"enemies":"Hallownest:monsterFoolEater","floor":8,"turns":3},{"damage":10,"enemies":"Hallownest:eliteCrystalGuardian","floor":11,"turns":5},{"damage":6,"enemies":"Hallownest:1_Baldur_1_Crawlid_1_Warrior","floor":14,"turns":6},{"damage":66,"enemies":"Hallownest:BossFalseKnight","floor":16,"turns":6}],"seed_played":"3557420543625987389","potions_obtained":[{"floor":1,"key":"SteroidPotion"},{"floor":6,"key":"Strength Potion"},{"floor":8,"key":"Explosive Potion"},{"floor":11,"key":"Block Potion"},{"floor":14,"key":"PowerPotion"}],"is_trial":false,"path_per_floor":["M","$","?","M","M","E","R","M","T","?","E","?","?","M","R","B"],"character_chosen":"THE_BUGKNIGHT","items_purchased":[],"campfire_rested":1,"item_purchase_floors":[],"current_hp_per_floor":[75,75,75,71,71,60,60,43,43,43,35,35,35,31,53,0,0],"gold":285,"neow_bonus":"ONE_RANDOM_RARE_CARD","is_daily":false,"chose_seed":false,"campfire_upgraded":1,"win_rate":0.0,"timestamp":1610676245,"path_taken":["M","$","?","M","?","E","R","M","T","?","E","?","?","M","R","BOSS"],"items_purchased_type":[],"build_version":"2020-12-22","purchased_purges":1,"victory":false,"max_hp_per_floor":[75,75,75,75,75,75,75,75,75,75,75,75,75,75,75,75,75],"card_choices":[{"not_picked":["HollowMod:MawleksShell","HollowMod:FastStrike"],"picked":"HollowMod:AbyssShriek","floor":1},{"not_picked":["HollowMod:SoulVessel","HollowMod:Grubsong"],"picked":"HollowMod:SharpenedShadows","floor":4},{"not_picked":["HollowMod:LuriensSpire","HollowMod:Grubsong","HollowMod:TaintedHusks"],"picked":"SKIP","floor":5},{"not_picked":["HollowMod:DashSlash","HollowMod:FastStrike"],"picked":"HollowMod:BlackTendrils","floor":6},{"not_picked":["HollowMod:BlackTendrils","HollowMod:SiblingsSouls"],"picked":"HollowMod:CycloneSlash","floor":8},{"not_picked":["HollowMod:CycloneSlash","HollowMod:NewLittleFool"],"picked":"HollowMod:CrystalDash","floor":11},{"not_picked":["HollowMod:LifebloodCocoon","HollowMod:SiblingsSouls","HollowMod:AbyssShriek"],"picked":"SKIP","floor":14}],"player_experience":642099,"relics_obtained":[{"floor":6,"key":"Potion Belt"},{"floor":9,"key":"PreservedInsect"},{"floor":11,"key":"StrikeDummy"}],"event_choices":[],"is_beta":false,"boss_relics":[],"items_purged_floors":[2],"is_endless":false,"potions_floor_spawned":[1,6,8,11,14],"killed_by":"Hallownest:BossFalseKnight","ascension_level":0}}