{"host":"zk71suw73lg2r165","time":1610683084,"event":{"mods":["BaseMod","Colored Map","Minty Spire (QoL Compilation)","Permanent Neow","Relic Stats","StSLib"],"gold_per_floor":[110,110,110,123,123,123,123],"floor_reached":6,"language":"ENG","playtime":159,"items_purged":[],"score":68,"play_id":"a8c7d3ec-4932-47df-8c88-00f78d52536d","local_time":"20210114225804","is_ascension_mode":true,"campfire_choices":[],"circlet_count":0,"master_deck":["AscendersBane","Strike_R","Strike_R","Strike_R","Strike_R","Strike_R","Defend_R","Defend_R","Defend_R+1","Defend_R+1","Bash","Corruption","Shrug It Off","Wild Strike"],"relics":["Burning Blood","FossilizedHelix"],"acts_visited":["Exordium"],"potions_floor_usage":[],"damage_taken":[{"damage":14,"enemies":"Jaw Worm","floor":1,"turns":5},{"damage":0,"enemies":"2 Louse","floor":4,"turns":4},{"damage":40,"enemies":"Lagavulin","floor":6,"turns":7}],"seed_played":"-3729990739811305755","potions_obtained":[],"is_trial":false,"path_per_floor":["M","?","?","M","T","E"],"character_chosen":"IRONCLAD","items_purchased":[],"campfire_rested":0,"item_purchase_floors":[],"current_hp_per_floor":[60,65,43,49,49,9,9],"gold":123,"neow_bonus":"THREE_RARE_CARDS","is_daily":false,"chose_seed":false,"campfire_upgraded":0,"win_rate":0.0,"timestamp":1610683084,"path_taken":["M","?","?","?","?","E"],"items_purchased_type":[],"build_version":"2020-12-22","purchased_purges":0,"victory":false,"max_hp_per_floor":[68,73,73,73,73,73,73],"relic_stats":{"counters":[3,16],"obtain_stats":[{"Burning Blood":0,"FossilizedHelix":5},{"Burning Blood":0,"FossilizedHelix":2},{"Burning Blood":0,"FossilizedHelix":9}],"Burning Blood":12},"card_choices":[{"not_picked":["Bludgeon","Berserk"],"picked":"Corruption","floor":0},{"not_picked":["Heavy Blade","Armaments"],"picked":"Shrug It Off","floor":1},{"not_picked":["Rupture","Bloodletting"],"picked":"Wild Strike","floor":4}],"player_experience":1344556,"relics_obtained":[{"floor":5,"key":"FossilizedHelix"}],"event_choices":[{"damage_healed":0,"gold_gain":0,"player_choice":"Donut","damage_taken":0,"max_hp_gain":5,"max_hp_loss":0,"event_name":"Big Fish","floor":2,"gold_loss":0},{"damage_healed":0,"gold_gain":0,"player_choice":"Entered Light","damage_taken":22,"max_hp_gain":0,"max_hp_loss":0,"event_name":"Shining Light","floor":3,"gold_loss":0,"cards_upgraded":["Defend_R","Defend_R"]}],"is_beta":false,"boss_relics":[],"items_purged_floors":[],"is_endless":false,"potions_floor_spawned":[],"killed_by":"Lagavulin","ascension_level":20}}