{"host":"fxrgx7wt2cpkbhka","time":1610687419,"event":{"mods":["AchievementEnabler","BaseMod","Colored Powertips","Minty Spire (QoL Compilation)","Permanent Neow","Slay-I","StSLib","Waifu the Spire"],"gold_per_floor":[111,125,125,139,239,239,12,31,31,31,43,54,84,98,98,98,98],"floor_reached":16,"language":"ENG","playtime":429,"items_purged":[],"score":150,"play_id":"3dcfc570-ab38-4ec9-8c22-85ecc6d1b3a5","local_time":"20210114211019","is_ascension_mode":true,"campfire_choices":[{"data":"Metallicize","floor":6,"key":"SMITH"},{"data":"Uppercut","floor":15,"key":"SMITH"}],"circlet_count":0,"master_deck":["AscendersBane","Strike_R","Strike_R","Strike_R","Strike_R","Strike_R","Defend_R","Defend_R","Defend_R","Defend_R","Bash","Wild Strike+1","Metallicize+1","Uppercut+1","Clash"],"relics":["Burning Blood","Pen Nib","White Beast Statue"],"acts_visited":["Exordium"],"potions_floor_usage":[8,14],"damage_taken":[{"damage":5,"enemies":"Small Slimes","floor":1,"turns":3},{"damage":6,"enemies":"Cultist","floor":2,"turns":3},{"damage":9,"enemies":"Jaw Worm","floor":4,"turns":3},{"damage":25,"enemies":"Gremlin Gang","floor":8,"turns":7},{"damage":20,"enemies":"2 Fungi Beasts","floor":11,"turns":5},{"damage":2,"enemies":"Looter","floor":12,"turns":2},{"damage":0,"enemies":"Blue Slaver","floor":14,"turns":2},{"damage":57,"enemies":"The Guardian","floor":16,"turns":12}],"seed_played":"-2629496386554271698","potions_obtained":[{"floor":2,"key":"Block Potion"},{"floor":11,"key":"SteroidPotion"},{"floor":12,"key":"AttackPotion"},{"floor":14,"key":"Strength Potion"}],"is_trial":false,"path_per_floor":["M","M","?","M","?","R","$","M","T","$","M","M","?","M","R","B"],"character_chosen":"IRONCLAD","items_purchased":["Uppercut","Pen Nib"],"campfire_rested":0,"item_purchase_floors":[7,7],"current_hp_per_floor":[81,81,81,78,78,78,78,59,59,59,45,49,49,55,55,0,0],"gold":98,"neow_bonus":"TEN_PERCENT_HP_BONUS","is_daily":false,"chose_seed":false,"campfire_upgraded":2,"win_rate":0.0,"timestamp":1610687419,"path_taken":["M","M","?","?","?","R","$","M","T","$","?","M","?","M","R","BOSS"],"items_purchased_type":["Card","Relic"],"build_version":"2020-12-22","purchased_purges":0,"victory":false,"max_hp_per_floor":[88,88,88,88,88,88,88,88,88,88,88,88,88,88,88,88,88],"card_choices":[{"not_picked":["Warcry","Evolve","Sever Soul"],"picked":"SKIP","floor":1},{"not_picked":["Clothesline","Whirlwind"],"picked":"Wild Strike","floor":2},{"not_picked":["Disarm","Wild Strike"],"picked":"Metallicize","floor":4},{"not_picked":["Warcry","Twin Strike"],"picked":"Clash","floor":8},{"not_picked":["Bloodletting","Warcry","Body Slam"],"picked":"SKIP","floor":11},{"not_picked":["Feel No Pain","Pommel Strike","Whirlwind"],"picked":"SKIP","floor":12},{"not_picked":["Warcry","Bloodletting","Shrug It Off"],"picked":"SKIP","floor":14}],"player_experience":708323,"relics_obtained":[{"floor":9,"key":"White Beast Statue"}],"event_choices":[{"damage_healed":0,"gold_gain":0,"player_choice":"Forge","damage_taken":0,"max_hp_gain":0,"max_hp_loss":0,"event_name":"Accursed Blacksmith","floor":3,"gold_loss":0,"cards_upgraded":["Wild Strike"]},{"damage_healed":0,"gold_gain":100,"player_choice":"Gold","damage_taken":0,"max_hp_gain":0,"max_hp_loss":0,"event_name":"Wheel of Change","floor":5,"gold_loss":0},{"damage_healed":0,"gold_gain":30,"player_choice":"Searched \u00272\u0027 times","damage_taken":0,"max_hp_gain":0,"max_hp_loss":0,"event_name":"Dead Adventurer","floor":13,"gold_loss":0}],"is_beta":false,"boss_relics":[],"items_purged_floors":[],"is_endless":false,"potions_floor_spawned":[2,11,12,14],"killed_by":"The Guardian","ascension_level":12}}