{"host":"d7fiu2yjkssjxoz6","time":1610684137,"event":{"mods":["AchievementEnabler","BaseMod","Duelist Mod","GifTheSpireLib","Minty Spire (QoL Compilation)","StSLib"],"gold_per_floor":[16,32,47,61,76,107,107,118,118,118,118,113,119,132,132,231,281,287,290,297,292,292,299,299,299,299,299,317,324,324,324,324,405,405,392,388,388,388,418,418,418,418,488,502,140,150,130,130],"floor_reached":47,"language":"ENG","playtime":2533,"items_purged":["theDuelist:GravekeeperCurse"],"score":684,"play_id":"762a1f13-2d1a-48e9-9d32-58083171fc65","local_time":"20210114201537","is_ascension_mode":true,"campfire_choices":[{"data":"theDuelist:NaturiaHorneedle","floor":7,"key":"SMITH"},{"floor":10,"key":"RECALL"},{"data":"theDuelist:HeartUnderdog","floor":15,"key":"SMITH"},{"floor":24,"key":"REST"},{"floor":27,"key":"REST"},{"floor":32,"key":"REST"},{"data":"theDuelist:NatureReflection","floor":40,"key":"SMITH"},{"data":"theDuelist:ConvulsionNature","floor":42,"key":"SMITH"}],"circlet_count":0,"master_deck":["theDuelist:CastleWalls","theDuelist:CastleWalls","theDuelist:CastleWalls","theDuelist:NaturiaBeast","theDuelist:NaturiaCliff","theDuelist:NaturiaRock","theDuelist:NaturiaTulip","theDuelist:NaturiaHorneedle+1","theDuelist:SummoningSwarm","theDuelist:NaturiaSpiderfang+1","theDuelist:Mudora+1","theDuelist:SummoningSwarm","theDuelist:NaturiaEggplant","theDuelist:NaturiaRock","theDuelist:NaturiaHorneedle","theDuelist:CursedBill","theDuelist:CurseAging","theDuelist:SummoningSwarm","theDuelist:NaturiaRock","theDuelist:HeartUnderdog+1","theDuelist:NaturiaHorneedle","theDuelist:Mudora","theDuelist:NaturiaRock","theDuelist:NaturiaDragonfly","theDuelist:ConvulsionNature+1","theDuelist:NatureReflection+1","theDuelist:NaturiaRock","theDuelist:NaturiaSacredTree+1","Bite","Bite","Bite","Bite","Bite","theDuelist:NaturiaForest","theDuelist:Alpacaribou","theDuelist:VenomShot+1","Madness","Madness","theDuelist:DeltaMagnet","theDuelist:NaturiaDragonfly+1","theDuelist:NaturiaHorneedle","theDuelist:AcidTrapHole"],"relics":["theDuelist:MillenniumPuzzle","theDuelist:CardPoolRelic","theDuelist:CardPoolBasicRelic","theDuelist:BoosterPackPoolRelic","theDuelist:CardPoolAddRelic","theDuelist:CardPoolMinusRelic","theDuelist:CardPoolSaveRelic","theDuelist:CardPoolOptionsRelic","theDuelist:BlessingAnubis","Pen Nib","Tiny House","FossilizedHelix","Akabeko","Du-Vu Doll","MutagenicStrength","Inserter","Mango","InkBottle","theDuelist:TributeEggRelic","Bronze Scales","Anchor"],"acts_visited":["Exordium","TheCity","TheBeyond"],"potions_floor_usage":[16,20,23,23,28,33,44,44,47,47],"damage_taken":[{"damage":0,"enemies":"Cultist","floor":1,"turns":4},{"damage":0,"enemies":"Small Slimes","floor":2,"turns":3},{"damage":1,"enemies":"Jaw Worm","floor":3,"turns":3},{"damage":0,"enemies":"Looter","floor":4,"turns":3},{"damage":0,"enemies":"2 Fungi Beasts","floor":5,"turns":4},{"damage":7,"enemies":"Gremlin Nob","floor":6,"turns":4},{"damage":0,"enemies":"Large Slime","floor":8,"turns":5},{"damage":1,"enemies":"Blue Slaver","floor":12,"turns":4},{"damage":4,"enemies":"Looter","floor":13,"turns":4},{"damage":4,"enemies":"3 Sentries","floor":14,"turns":5},{"damage":13,"enemies":"Hexaghost","floor":16,"turns":9},{"damage":12,"enemies":"Shell Parasite","floor":18,"turns":6},{"damage":8,"enemies":"Spheric Guardian","floor":19,"turns":6},{"damage":20,"enemies":"Shelled Parasite and Fungi","floor":20,"turns":7},{"damage":4,"enemies":"Snecko","floor":21,"turns":6},{"damage":47,"enemies":"Book of Stabbing","floor":23,"turns":7},{"damage":41,"enemies":"Gremlin Leader","floor":28,"turns":8},{"damage":8,"enemies":"Centurion and Healer","floor":29,"turns":6},{"damage":37,"enemies":"Automaton","floor":33,"turns":18},{"damage":0,"enemies":"3 Shapes","floor":35,"turns":5},{"damage":15,"enemies":"Orb Walker","floor":36,"turns":5},{"damage":8,"enemies":"Mind Bloom Boss Battle","floor":39,"turns":8},{"damage":77,"enemies":"Giant Head","floor":44,"turns":11},{"damage":4,"enemies":"Maw","floor":46,"turns":7},{"damage":29,"enemies":"Transient","floor":47,"turns":5}],"seed_played":"-7487587984601092135","potions_obtained":[{"floor":2,"key":"theDuelist:StunPotion"},{"floor":3,"key":"theDuelist:MegaupgradePotion"},{"floor":6,"key":"theDuelist:ElectricPotion"},{"floor":16,"key":"theDuelist:TokenPotionB"},{"floor":20,"key":"theDuelist:MillenniumElixir"},{"floor":23,"key":"theDuelist:BurningPotion"},{"floor":29,"key":"theDuelist:WaterBottle"},{"floor":36,"key":"theDuelist:TokenPotion"},{"floor":39,"key":"theDuelist:TokenPotionB"},{"floor":46,"key":"DuplicationPotion"}],"is_trial":false,"path_per_floor":["M","M","M","M","M","E","R","M","T","R","?","M","M","E","R","B",null,"M","M","M","M","?","E","R","?","T","R","E","M","?","?","R","B",null,"M","M","?","?","?","R","T","R","T","E","$","M","M"],"character_chosen":"THE_DUELIST","items_purchased":["theDuelist:NaturiaHorneedle","Anchor"],"campfire_rested":3,"item_purchase_floors":[45,45],"current_hp_per_floor":[80,80,79,79,79,72,72,72,72,72,84,83,79,75,75,62,97,85,77,57,53,53,6,35,67,67,96,55,47,47,47,67,56,67,67,54,46,46,72,72,72,72,72,10,10,16,0,0],"gold":130,"neow_bonus":"THREE_RARE_CARDS","is_daily":false,"chose_seed":false,"campfire_upgraded":4,"win_rate":0.0,"timestamp":1610684137,"path_taken":["M","M","M","M","M","E","R","M","T","R","?","M","M","E","R","BOSS","M","M","M","M","?","E","R","?","T","R","E","M","?","?","R","BOSS","M","M","?","?","?","R","?","R","T","E","$","?","M"],"items_purchased_type":["Card","Relic"],"build_version":"2020-12-22","purchased_purges":1,"victory":false,"max_hp_per_floor":[80,80,80,80,80,80,80,80,80,80,92,92,92,92,92,92,97,97,97,97,97,97,97,97,97,97,97,97,97,97,67,67,67,67,67,67,67,67,81,81,81,81,81,96,96,96,96,96],"card_choices":[{"not_picked":["theDuelist:HuntingInstinct","theDuelist:NaturiaBarkion"],"picked":"theDuelist:NaturiaHorneedle","floor":0},{"not_picked":["theDuelist:CopyPlant","theDuelist:FossilExcavation","theDuelist:Wiretap","theDuelist:PotDuality"],"picked":"theDuelist:SummoningSwarm","floor":1},{"not_picked":["theDuelist:AcidTrapHole+1","theDuelist:NaturiaGuardian+1"],"picked":"theDuelist:NaturiaSpiderfang+1","floor":2},{"not_picked":["theDuelist:DianKeto","theDuelist:Blockman","theDuelist:PotGenerosity","theDuelist:YamiForm"],"picked":"theDuelist:Mudora","floor":3},{"not_picked":["theDuelist:NaturiaHydrangea","theDuelist:NaturiaRagweed","theDuelist:NaturiaSunflower","theDuelist:BrainCrusher"],"picked":"theDuelist:SummoningSwarm","floor":4},{"not_picked":["theDuelist:SpacetimeTranscendence","theDuelist:NaturiaMantis","theDuelist:CrystalRose","theDuelist:VenomShot"],"picked":"theDuelist:NaturiaEggplant","floor":5},{"not_picked":["theDuelist:NaturiaDragonfly","theDuelist:NaturiaMantis","theDuelist:SummoningSwarm","theDuelist:NaturiaRagweed"],"picked":"theDuelist:NaturiaRock","floor":6},{"not_picked":["theDuelist:NaturiaBarkion","theDuelist:HuntingInstinct","theDuelist:ClosedForest","theDuelist:MultiplicationOfAnts"],"picked":"theDuelist:NaturiaHorneedle","floor":8},{"not_picked":["theDuelist:WildNatureRelease","theDuelist:VenomShot","theDuelist:SpacetimeTranscendence","theDuelist:AfterGenocide"],"picked":"theDuelist:SummoningSwarm","floor":12},{"not_picked":["theDuelist:NaturiaHydrangea","theDuelist:LonefireBlossom","theDuelist:FossilDig","theDuelist:NaturiaExterio"],"picked":"theDuelist:NaturiaRock","floor":13},{"not_picked":["theDuelist:NaturiaVein","theDuelist:NaturiaBarkion","theDuelist:HuntingInstinct","theDuelist:ClosedForest"],"picked":"theDuelist:HeartUnderdog","floor":14},{"not_picked":["theDuelist:NaturiaForest","theDuelist:SeismicShockwave","theDuelist:Wildfire","theDuelist:HeartUnderdog"],"picked":"theDuelist:NaturiaHorneedle","floor":16},{"not_picked":["theDuelist:Sangan","theDuelist:GraniteLoyalist","theDuelist:Fissure","theDuelist:MudragonSwamp"],"picked":"theDuelist:Mudora","floor":17},{"not_picked":["theDuelist:NaturiaGaiastrio","theDuelist:CrystalRose+1","theDuelist:NaturiaLandoise","theDuelist:NaturiaCliff+1"],"picked":"theDuelist:NaturiaRock","floor":18},{"not_picked":["theDuelist:NaturiaHydrangea","theDuelist:NaturiaEggplant","theDuelist:NaturiaCliff","theDuelist:NaturiaBrambi"],"picked":"theDuelist:NaturiaDragonfly","floor":19},{"not_picked":["theDuelist:NaturiaLeodrake","theDuelist:NaturalDisaster","theDuelist:LeodrakeMane","theDuelist:LairWire"],"picked":"theDuelist:ConvulsionNature","floor":20},{"not_picked":["theDuelist:NaturalDisaster+1","theDuelist:LairWire","theDuelist:Anteater"],"picked":"theDuelist:NatureReflection","floor":21},{"not_picked":["theDuelist:NaturiaHydrangea","theDuelist:NaturiaRosewhip","theDuelist:NaturiaStinkbug","theDuelist:NaturiaExterio+1"],"picked":"theDuelist:NaturiaRock","floor":23},{"not_picked":["theDuelist:ConvulsionNature+1","theDuelist:NatureReflection+1","theDuelist:Anteater+1","theDuelist:LairWire+1"],"picked":"theDuelist:NaturiaSacredTree+1","floor":28},{"not_picked":["theDuelist:AttackTheMoon","theDuelist:DestroyerGolem","theDuelist:Mudora","theDuelist:MudragonSwamp","theDuelist:Blockman+1"],"picked":"SKIP","floor":29},{"not_picked":["theDuelist:DemiseLand","theDuelist:HuntingInstinct","theDuelist:ClosedForest","theDuelist:MultiplicationOfAnts"],"picked":"theDuelist:NaturiaForest","floor":33},{"not_picked":["theDuelist:NaturiaHydrangea+1","theDuelist:NaturiaEggplant+1","theDuelist:NaturiaDragonfly","theDuelist:NaturiaCliff"],"picked":"theDuelist:Alpacaribou","floor":35},{"not_picked":["theDuelist:FuryFire+1","theDuelist:Wiretap+3","theDuelist:DianKeto+1","theDuelist:RedMedicine+1"],"picked":"theDuelist:VenomShot+1","floor":36},{"not_picked":["theDuelist:LuminousMoss+1","theDuelist:Cloning+2","theDuelist:SphereKuriboh","theDuelist:DianKeto+1"],"picked":"theDuelist:DestructPotion+1","floor":39},{"not_picked":["theDuelist:NaturiaRagweed","theDuelist:NaturiaSunflower+1","theDuelist:NaturiaMantis+1","theDuelist:GracefulCharity+1"],"picked":"theDuelist:NaturiaDragonfly+1","floor":44},{"not_picked":["theDuelist:SurvivalInstinct+1","theDuelist:Pollinosis+1","theDuelist:NatureReflection","theDuelist:BottomlessTrapHole+1"],"picked":"theDuelist:AcidTrapHole","floor":46}],"player_experience":175984,"relics_obtained":[{"floor":6,"key":"theDuelist:BlessingAnubis"},{"floor":14,"key":"Pen Nib"},{"floor":23,"key":"FossilizedHelix"},{"floor":26,"key":"Akabeko"},{"floor":28,"key":"Du-Vu Doll"},{"floor":39,"key":"Mango"},{"floor":41,"key":"InkBottle"},{"floor":43,"key":"theDuelist:TributeEggRelic"},{"floor":44,"key":"Bronze Scales"}],"event_choices":[{"damage_healed":0,"gold_gain":0,"player_choice":"Break - +12 Max HP","duelist":true,"damage_taken":0,"max_hp_gain":0,"max_hp_loss":0,"event_name":"Tomb of the Nameless","floor":11,"gold_loss":0},{"damage_healed":0,"gold_gain":0,"player_choice":"Leave","duelist":true,"damage_taken":0,"max_hp_gain":0,"max_hp_loss":0,"event_name":"Relic Duplicator","floor":22,"gold_loss":0},{"damage_healed":32,"gold_gain":0,"player_choice":"Heal","damage_taken":0,"max_hp_gain":0,"max_hp_loss":0,"event_name":"The Library","floor":25,"gold_loss":0},{"damage_healed":0,"gold_gain":0,"player_choice":"Inject Mutagens","damage_taken":0,"relics_obtained":["MutagenicStrength"],"max_hp_gain":0,"max_hp_loss":0,"event_name":"Drug Dealer","floor":30,"gold_loss":0},{"damage_healed":0,"gold_gain":0,"player_choice":"Became a vampire","damage_taken":0,"max_hp_gain":0,"max_hp_loss":30,"event_name":"Vampires","floor":31,"gold_loss":0,"cards_obtained":["Bite","Bite","Bite","Bite","Bite"]},{"damage_healed":0,"gold_gain":0,"player_choice":"Embrace Madness","damage_taken":8,"max_hp_gain":0,"max_hp_loss":0,"event_name":"Winding Halls","floor":37,"gold_loss":0,"cards_obtained":["Madness","Madness"]},{"damage_healed":0,"gold_gain":0,"player_choice":"Delta Electro","duelist":true,"damage_taken":0,"max_hp_gain":0,"max_hp_loss":0,"event_name":"Egyptian Village","floor":38,"gold_loss":0,"cards_obtained":["Delta Electromagnet Warrior"]},{"damage_healed":0,"gold_gain":0,"player_choice":"Fight","damage_taken":0,"max_hp_gain":0,"max_hp_loss":0,"event_name":"MindBloom","floor":39,"gold_loss":0}],"is_beta":false,"boss_relics":[{"not_picked":["SacredBark","SlaversCollar"],"picked":"Tiny House"},{"not_picked":["Pandora\u0027s Box","theDuelist:GamblerChip"],"picked":"Inserter"}],"items_purged_floors":[45],"is_endless":false,"potions_floor_spawned":[2,3,6,12,14,16,20,21,23,29,36,39,46],"killed_by":"Transient","ascension_level":1}}