{"host":"36mulxq349byzoa2","time":1610673894,"event":{"mods":["AchievementEnabler","BaseMod","Better Match","Block Reminder","Colored Map","Colored Powertips","Minty Spire (QoL Compilation)","Rare Cards Sparkle","StSLib","SuperFastMode"],"gold_per_floor":[119,136,156,173,138,138,85,85,85,113,113,129,43,77,77,77,77],"floor_reached":16,"language":"ENG","playtime":381,"items_purged":[],"score":204,"play_id":"758fcc5d-4262-439e-820f-6dafb48c0ccf","local_time":"20210114202454","is_ascension_mode":true,"campfire_choices":[{"data":"Recycle","floor":6,"key":"SMITH"},{"data":"Zap","floor":11,"key":"SMITH"},{"data":"Glacier","floor":15,"key":"SMITH"}],"circlet_count":0,"master_deck":["AscendersBane","Strike_B","Strike_B","Strike_B","Strike_B","Defend_B","Defend_B","Defend_B","Defend_B","Zap+1","Dualcast","Streamline","Ball Lightning","Recycle+1","Barrage","Capacitor","Ball Lightning","Glacier+1","Cold Snap"],"relics":["Coffee Dripper","Incense Burner","Nunchaku","Ice Cream","MealTicket"],"acts_visited":["Exordium"],"potions_floor_usage":[14],"damage_taken":[{"damage":2,"enemies":"Cultist","floor":1,"turns":4},{"damage":2,"enemies":"Jaw Worm","floor":2,"turns":3},{"damage":6,"enemies":"2 Louse","floor":3,"turns":3},{"damage":11,"enemies":"Blue Slaver","floor":4,"turns":4},{"damage":22,"enemies":"Gremlin Nob","floor":10,"turns":4},{"damage":8,"enemies":"Lots of Slimes","floor":12,"turns":4},{"damage":10,"enemies":"Lagavulin","floor":14,"turns":5},{"damage":21,"enemies":"Slime Boss","floor":16,"turns":3}],"seed_played":"-5501167355530288939","potions_obtained":[{"floor":10,"key":"SmokeBomb"},{"floor":12,"key":"PowerPotion"}],"is_trial":false,"path_per_floor":["M","M","M","M","?","R","?","T","T","E","R","M","$","E","R","B"],"character_chosen":"DEFECT","items_purchased":["Glacier"],"campfire_rested":0,"item_purchase_floors":[13],"current_hp_per_floor":[62,60,54,43,60,60,60,60,60,38,38,30,30,20,20,0,0],"gold":77,"neow_bonus":"BOSS_RELIC","is_daily":false,"chose_seed":false,"campfire_upgraded":3,"win_rate":0.0,"timestamp":1610673894,"path_taken":["M","M","M","?","?","R","?","?","T","E","R","M","$","E","R","BOSS"],"items_purchased_type":["Card"],"build_version":"2020-12-22","purchased_purges":0,"victory":false,"max_hp_per_floor":[71,71,71,71,71,71,71,71,71,71,71,71,71,71,71,71,71],"card_choices":[{"not_picked":["Gash","Turbo"],"picked":"Streamline","floor":1},{"not_picked":["Blizzard","Barrage"],"picked":"Ball Lightning","floor":2},{"not_picked":["Leap","Lockon"],"picked":"Recycle","floor":3},{"not_picked":["Genetic Algorithm","Double Energy"],"picked":"Barrage","floor":4},{"not_picked":["Barrage","Storm"],"picked":"Capacitor","floor":10},{"not_picked":["Skim","Sweeping Beam"],"picked":"Ball Lightning","floor":12},{"not_picked":["Hologram","Skim"],"picked":"Cold Snap","floor":14}],"player_experience":1028905,"relics_obtained":[{"floor":8,"key":"Incense Burner"},{"floor":9,"key":"Nunchaku"},{"floor":10,"key":"Ice Cream"},{"floor":14,"key":"MealTicket"}],"event_choices":[{"damage_healed":17,"gold_gain":0,"player_choice":"Healed","damage_taken":0,"max_hp_gain":0,"max_hp_loss":0,"event_name":"The Cleric","floor":5,"gold_loss":35},{"damage_healed":0,"gold_gain":0,"player_choice":"Left Gold","damage_taken":0,"max_hp_gain":0,"max_hp_loss":0,"event_name":"World of Goop","floor":7,"gold_loss":53}],"is_beta":false,"boss_relics":[],"items_purged_floors":[],"is_endless":false,"potions_floor_spawned":[10,12],"killed_by":"Slime Boss","ascension_level":17}}