{"host":"oeotdbd679q6m6vu","time":1610680754,"event":{"mods":["Act Like it!","BaseMod","Colored Map","Decade(Õı–°√˜)","Downfall","Friendly Minions","Gensokyo","GifTheSpireLib","Highlight Path","Marisa£®ÏF”Í°°ƒß¿Ì…≥£©","Minty Spire (QoL Compilation)","Rare Cards Sparkle","Reimu£®≤©¿ˆ¡È√Œ£©","StSLib","The Animator","Youmu£®ªÍ∆«—˝√Œ£©"],"gold_per_floor":[99,109,123,178,178,191,214,51,63,76,88,108,123,149,166,166,166,166],"floor_reached":16,"language":"ZHS","playtime":926,"items_purged":[],"score":133,"play_id":"93d5df1e-4d12-4479-bec1-a96c25567723","local_time":"20210114221914","is_ascension_mode":false,"campfire_choices":[{"floor":1,"key":"RECALL"}],"circlet_count":0,"master_deck":["Slimebound:Strike_Slimebound","Slimebound:Strike_Slimebound","Slimebound:Strike_Slimebound","Slimebound:Tackle","Slimebound:Defend_Slimebound","Slimebound:Defend_Slimebound","Slimebound:Defend_Slimebound","Slimebound:Defend_Slimebound","Slimebound:Split","Slimebound:CorrosiveSpit","Slimebound:Schlurp","Slimebound:SplitLeeching","Slimebound:SamplingLick","Slimebound:SplitBruiser","Slimebound:DuplicatedForm","Slimebound:LeechEnergy","Slimebound:FirmFortitude","Slimebound:OozeBath","Slimebound:SlimeTap","Slimebound:RejuvenatingLick"],"relics":["Slimebound:AbsorbEndCombat","Bag of Preparation","HornCleat","Boot","RuthlessExorcism:ReiMu","Art of War"],"acts_visited":["Exordium"],"potions_floor_usage":[4,14,14,16],"damage_taken":[{"damage":1,"enemies":"2 Louse","floor":2,"turns":3},{"damage":8,"enemies":"Jaw Worm","floor":3,"turns":3},{"damage":37,"enemies":"Lagavulin Event","floor":4,"turns":5},{"damage":8,"enemies":"Cultist","floor":6,"turns":3},{"damage":13,"enemies":"downfall:FleeingMerchant","floor":8,"turns":4},{"damage":25,"enemies":"3 Louse","floor":9,"turns":3},{"damage":12,"enemies":"Lots of Slimes","floor":10,"turns":3},{"damage":44,"enemies":"Gremlin Gang","floor":11,"turns":3},{"damage":0,"enemies":"3 Louse","floor":12,"turns":1},{"damage":20,"enemies":"Large Slime","floor":13,"turns":5},{"damage":23,"enemies":"3 Sentries","floor":14,"turns":3},{"damage":14,"enemies":"Blue Slaver","floor":15,"turns":2},{"damage":42,"enemies":"downfall:Silent","floor":16,"turns":2}],"seed_played":"-8808596450993988528","potions_obtained":[{"floor":2,"key":"Slimebound:ThreeZeroPotion"},{"floor":6,"key":"ZuzhouPotion:ReiMu"},{"floor":10,"key":"Slimebound:ThreeZeroPotion"},{"floor":11,"key":"Fire Potion"},{"floor":13,"key":"SkillPotion"},{"floor":14,"key":"SteroidPotion"}],"is_trial":false,"path_per_floor":["R","M","M","?","T","M","T","$","M","M","M","M","M","E","M","B"],"character_chosen":"SLIMEBOUND","items_purchased":["RuthlessExorcism:ReiMu"],"campfire_rested":0,"item_purchase_floors":[8],"current_hp_per_floor":[66,65,65,42,42,48,48,55,53,45,28,30,28,36,32,0,0,0],"gold":166,"neow_bonus":"TEN_PERCENT_HP_BONUS","is_daily":false,"chose_seed":false,"campfire_upgraded":0,"win_rate":0.0,"timestamp":1610680754,"path_taken":["R","M","M","?","?","M","T","$","M","M","M","M","M","E","M","BOSS"],"items_purchased_type":["Relic"],"build_version":"2020-12-22","purchased_purges":0,"victory":false,"max_hp_per_floor":[66,66,66,66,66,66,66,66,66,66,66,66,66,66,66,66,66,66],"card_choices":[{"not_picked":["Slimebound:SlimeSpikes","Slimebound:ViciousTackle"],"picked":"Slimebound:Schlurp","floor":2},{"not_picked":["Slimebound:SamplingLick","Slimebound:SplitAcid"],"picked":"Slimebound:SplitLeeching","floor":3},{"not_picked":["Slimebound:TongueLash","Slimebound:RollThrough"],"picked":"Slimebound:SamplingLick","floor":4},{"not_picked":["Slimebound:Grow","Slimebound:FinishingTackle"],"picked":"Slimebound:SplitBruiser","floor":6},{"not_picked":["Slimebound:PressTheAttack","Slimebound:Schlurp"],"picked":"Slimebound:DuplicatedForm","floor":8},{"not_picked":["Slimebound:ViciousTackle","Slimebound:ComboTackle","Slimebound:SplitAcid"],"picked":"SKIP","floor":9},{"not_picked":["Slimebound:Schlurp","Slimebound:SplitBruiser"],"picked":"Slimebound:LeechEnergy","floor":10},{"not_picked":["Slimebound:GrowthPunch","Slimebound:PressTheAttack"],"picked":"Slimebound:FirmFortitude","floor":11},{"not_picked":["Slimebound:SplitAcid","Slimebound:SplitBruiser"],"picked":"Slimebound:OozeBath","floor":12},{"not_picked":["Slimebound:SpikyOuterGoop","Slimebound:RollThrough"],"picked":"Slimebound:SlimeTap","floor":13},{"not_picked":["Slimebound:Dissolve","Slimebound:Grow"],"picked":"Slimebound:RejuvenatingLick","floor":14},{"not_picked":["Slimebound:Dissolve","Slimebound:SplitBruiser","Slimebound:PressTheAttack"],"picked":"SKIP","floor":15}],"player_experience":302854,"relics_obtained":[{"floor":4,"key":"Bag of Preparation"},{"floor":5,"key":"HornCleat"},{"floor":7,"key":"Boot"},{"floor":14,"key":"Art of War"}],"event_choices":[],"is_beta":false,"boss_relics":[],"items_purged_floors":[],"is_endless":false,"potions_floor_spawned":[2,6,10,11,13,14],"killed_by":"downfall:Silent","ascension_level":0}}