{"host":"h1qktzcccqnez8tx","time":1610720879,"event":{"mods":["BaseMod","Block Reminder","Colored Map","Colored Powertips","Curses Come First","Downfall","Highlight Path","Jorbs\u0027s Wanderer Trilogy","Minty Spire (QoL Compilation)","Permanent Neow","Quick Restart","Relic Stats","Replay The Spire","Say the Spire","Shade Mod","StSLib","The Cursed","The Disciple","The Hierophant","The Marked","The Necromancer","The Servant 0.9.4","TheSwordswoman"],"gold_per_floor":[119,131,1,13,13,38,38,66,66,82,82,100,100,119,119,219,219,238,254,142,161,161,190,202,213,291,304,316,326,326,326,326,421,421,434,36,0,18,29,29,41,41,41,57,105,105,105,105,123,135,185,233],"floor_reached":53,"language":"ENG","playtime":3748,"items_purged":["Strike_S","FlawlessForm"],"score":747,"play_id":"417b2d00-bf23-4a40-ab40-2b281f8a67e8","local_time":"20210115152759","is_ascension_mode":false,"campfire_choices":[{"data":"Potential","floor":11,"key":"SMITH"},{"data":"Rearm","floor":13,"key":"SMITH"},{"floor":15,"key":"REST"},{"data":"Potential","floor":32,"key":"SMITH"},{"data":"Luminosity","floor":40,"key":"PURGE"}],"circlet_count":0,"master_deck":["KidneyShot","Exchange+1","Dark Shackles","Unruled","Potential+1","Moonlight","Moonlight","Ricochet","GearUp+1","Rearm+1","FastForward","TheWorld","Luminosity","FloweringNight+1","Potential+1","Rearm+1","Ricochet","ShatteredReality","TimeWarp+1","PendulumOfEternity","Bite+1","Bite","Bite","Bite","Bite","FlawlessForm+1","Foresight+1","TimeWarp+1","InstantArmor","SurpressingFire","SurpressingFire","GearUp+1","expansioncontent:Corrupt","Potential+1","StarChef","Potential+1","GearUp+1","Amnesia"],"relics":["Uniform","Replay:PocketPolymizer","Replay:Multitool","Fusion Hammer","Nloth\u0027s Gift","Toy Ornithopter","Bottled Tornado","Astrolabe","Replay:Rubber Ducky","TheAbacus","Red Mask","Replay:Bottled Steam","Pondfish Scales","Ring of Fury","Ring of Greed","Replay:Bandana","MawBank"],"acts_visited":["Exordium","TheCity","TheBeyond"],"potions_floor_usage":[6,35,52,52],"damage_taken":[{"damage":5,"enemies":"2 Louse","floor":1,"turns":5},{"damage":0,"enemies":"Small Slimes","floor":2,"turns":3},{"damage":0,"enemies":"Cultist","floor":4,"turns":2},{"damage":13,"enemies":"3 Sentries","floor":6,"turns":7},{"damage":12,"enemies":"Gremlin Nob","floor":8,"turns":3},{"damage":0,"enemies":"2 Fungi Beasts","floor":10,"turns":2},{"damage":7,"enemies":"Blue Slaver","floor":12,"turns":2},{"damage":0,"enemies":"Looter","floor":14,"turns":3},{"damage":5,"enemies":"Slime Boss","floor":16,"turns":9},{"damage":0,"enemies":"3 Byrds","floor":18,"turns":4},{"damage":0,"enemies":"Spheric Guardian","floor":19,"turns":3},{"damage":0,"enemies":"Snecko","floor":21,"turns":3},{"damage":0,"enemies":"Book of Stabbing","floor":23,"turns":4},{"damage":3,"enemies":"3 Cultists","floor":24,"turns":4},{"damage":6,"enemies":"Centurion and Healer","floor":25,"turns":5},{"damage":7,"enemies":"Shelled Parasite and Fungi","floor":27,"turns":2},{"damage":11,"enemies":"Snake Plant","floor":28,"turns":3},{"damage":3,"enemies":"3 Cultists","floor":29,"turns":3},{"damage":17,"enemies":"Automaton","floor":33,"turns":6},{"damage":14,"enemies":"3 Darklings","floor":35,"turns":3},{"damage":0,"enemies":"Orb Walker","floor":38,"turns":2},{"damage":5,"enemies":"4 Shapes","floor":39,"turns":6},{"damage":0,"enemies":"Sphere and 2 Shapes","floor":41,"turns":5},{"damage":0,"enemies":"3 Darklings","floor":44,"turns":6},{"damage":4,"enemies":"2 Orb Walkers","floor":45,"turns":4},{"damage":0,"enemies":"Maw","floor":49,"turns":5},{"damage":0,"enemies":"4 Shapes","floor":50,"turns":4},{"damage":20,"enemies":"Time Eater","floor":52,"turns":10}],"seed_played":"8897895407344283443","potions_obtained":[{"floor":1,"key":"Guardian:BlockOnCardUsePotion"},{"floor":4,"key":"Adrenaline Potion"},{"floor":8,"key":"LiquidBronze"},{"floor":10,"key":"Fire Potion"},{"floor":28,"key":"Block Potion"},{"floor":35,"key":"SpeedPotion"},{"floor":44,"key":"FairyPotion"}],"is_trial":false,"path_per_floor":["M","M","$","M","?","E","?","E","T","M","R","M","R","M","R","B",null,"M","M","$","M","?","E","M","M","T","M","M","M","?","?","R","B",null,"M","$","?","M","M","R","M","?","T","M","?","PTL","PTL","R","M","M","R","B",null],"character_chosen":"THE_SERVANT","items_purchased":["Moonlight","FloweringNight+1","Replay:Rubber Ducky","TheAbacus"],"campfire_rested":1,"item_purchase_floors":[3,20,36,36],"current_hp_per_floor":[60,60,60,60,60,47,43,31,31,31,31,24,24,24,43,38,65,65,65,65,65,65,65,62,56,56,49,38,35,35,35,35,20,45,33,33,33,37,40,40,44,44,44,45,45,45,45,45,45,45,45,45],"gold":245,"neow_bonus":"RANDOM_COLORLESS","is_daily":false,"chose_seed":false,"campfire_upgraded":3,"win_rate":0.0,"timestamp":1610720879,"path_taken":["M","M","$","M","?","E","?","E","T","M","R","M","R","M","R","BOSS","M","M","$","M","?","E","M","M","T","M","?","M","?","?","R","BOSS","M","$","?","M","M","R","M","?","T","M","?","PTL","PTL","R","M","M","R","BOSS"],"items_purchased_type":["Card","Card","Relic","Relic"],"build_version":"2020-12-22","purchased_purges":2,"victory":true,"max_hp_per_floor":[65,65,65,65,65,65,65,65,65,65,65,65,65,65,65,65,65,65,65,65,65,65,65,65,65,65,65,65,65,65,45,45,45,45,45,45,45,45,45,45,45,45,45,45,45,45,45,45,45,45,45,45],"relic_stats":{"TheAbacus":[72],"counters":[28,118],"Astrolabe":["FlawlessForm","Foresight","TimeWarp"],"Nloth\u0027s Gift":1,"MawBank":24,"obtain_stats":[{"Replay:PocketPolymizer":8,"Astrolabe":34,"Uniform":0,"Replay:Multitool":9,"Ring of Greed":51,"Bottled Tornado":26,"MawBank":51,"Replay:Rubber Ducky":36,"Du-Vu Doll":6,"Pondfish Scales":45,"Replay:Bandana":51,"TheAbacus":36,"Ring of Fury":51,"Fusion Hammer":17,"Nloth\u0027s Gift":22,"Red Mask":37,"Toy Ornithopter":23,"Replay:Bottled Steam":43},{"Replay:PocketPolymizer":5,"Astrolabe":19,"Uniform":0,"Replay:Multitool":5,"Ring of Greed":27,"Bottled Tornado":15,"MawBank":27,"Replay:Rubber Ducky":20,"Du-Vu Doll":4,"Pondfish Scales":25,"Replay:Bandana":27,"TheAbacus":20,"Ring of Fury":27,"Fusion Hammer":9,"Nloth\u0027s Gift":12,"Red Mask":20,"Toy Ornithopter":13,"Replay:Bottled Steam":23},{"Replay:PocketPolymizer":20,"Astrolabe":73,"Uniform":0,"Replay:Multitool":20,"Ring of Greed":108,"Bottled Tornado":59,"MawBank":108,"Replay:Rubber Ducky":76,"Du-Vu Doll":17,"Pondfish Scales":99,"Replay:Bandana":108,"TheAbacus":76,"Ring of Fury":108,"Fusion Hammer":36,"Nloth\u0027s Gift":46,"Red Mask":76,"Toy Ornithopter":50,"Replay:Bottled Steam":89}],"Toy Ornithopter":10},"card_choices":[{"not_picked":["Replay:SS_fish_1","expansioncontent:ManipulateTime"],"picked":"Dark Shackles","floor":0},{"not_picked":["BottledTime","FanOfKnives"],"picked":"Unruled","floor":1},{"not_picked":["BestPractice","ShatteredReality"],"picked":"Potential","floor":2},{"not_picked":["Rearm","BottledTime"],"picked":"Ricochet","floor":4},{"not_picked":["DualDimension","Revamp"],"picked":"GearUp","floor":6},{"not_picked":["Deny","DoubleEdge"],"picked":"Rearm","floor":8},{"not_picked":["Advance","BottledTime"],"picked":"Luminosity","floor":10},{"not_picked":["SpecialFormula","Comet","Spin"],"picked":"SKIP","floor":12},{"not_picked":["Reset","Hightail"],"picked":"FastForward","floor":14},{"not_picked":["ForgedInTime","PendulumOfEternity"],"picked":"TheWorld","floor":16},{"not_picked":["Revamp","Unruled"],"picked":"Luminosity","floor":18},{"not_picked":["Alleviate+1","Collapse","FanOfKnives"],"picked":"SKIP","floor":19},{"not_picked":["Replace+1","BestPractice"],"picked":"Potential","floor":21},{"not_picked":["Duplication","BottledTime"],"picked":"Rearm+1","floor":23},{"not_picked":["Rewind+1","Desolation+1"],"picked":"Ricochet","floor":24},{"not_picked":["GearUp","Barrier"],"picked":"ShatteredReality","floor":25},{"not_picked":["ShatteredReality","Alleviate+1"],"picked":"TimeWarp+1","floor":27},{"not_picked":["Rearm","Spin+1","Desolation"],"picked":"SKIP","floor":28},{"not_picked":["TimeWarp+1","Snipe"],"picked":"PendulumOfEternity","floor":29},{"not_picked":["LightFlow","TheWorld"],"picked":"FlawlessForm","floor":33},{"not_picked":["DoubleEdge+1","Replace+1"],"picked":"InstantArmor","floor":35},{"not_picked":["Replace+1","Unruled"],"picked":"SurpressingFire","floor":38},{"not_picked":["Hightail+1","Replace"],"picked":"SurpressingFire","floor":39},{"not_picked":["Ricochet","Foresight"],"picked":"GearUp+1","floor":41},{"not_picked":["Replay:Sssssssssshield","expansioncontent:PolyBeam"],"picked":"expansioncontent:Corrupt","floor":42},{"not_picked":["Snipe+1","Spin"],"picked":"Potential+1","floor":44},{"not_picked":["DualDimension","FanOfKnives+1"],"picked":"StarChef","floor":45},{"not_picked":["TimeWarp+1","Unruled+1"],"picked":"Potential+1","floor":49},{"not_picked":["Rearm","Revamp+1"],"picked":"GearUp+1","floor":50}],"player_experience":65633,"relics_obtained":[{"floor":6,"key":"Du-Vu Doll"},{"floor":8,"key":"Replay:PocketPolymizer"},{"floor":9,"key":"Replay:Multitool"},{"floor":23,"key":"Toy Ornithopter"},{"floor":26,"key":"Bottled Tornado"},{"floor":43,"key":"Replay:Bottled Steam"},{"floor":45,"key":"Pondfish Scales"},{"floor":51,"key":"Ring of Fury"},{"floor":51,"key":"Ring of Greed"},{"floor":51,"key":"Replay:Bandana"},{"floor":51,"key":"MawBank"}],"event_choices":[{"damage_healed":0,"gold_gain":0,"player_choice":"Grow","damage_taken":0,"max_hp_gain":0,"max_hp_loss":0,"event_name":"Living Wall","floor":5,"gold_loss":0,"cards_upgraded":["Exchange"]},{"damage_healed":0,"gold_gain":0,"player_choice":"Traded Relic","damage_taken":0,"relics_obtained":["Nloth\u0027s Gift"],"max_hp_gain":0,"max_hp_loss":0,"event_name":"N\u0027loth","floor":22,"relics_lost":["Du-Vu Doll"],"gold_loss":0},{"damage_healed":0,"gold_gain":0,"player_choice":"Ignored","damage_taken":0,"max_hp_gain":0,"max_hp_loss":0,"event_name":"Ghosts","floor":30,"gold_loss":0},{"damage_healed":0,"gold_gain":0,"player_choice":"Became a vampire","damage_taken":0,"max_hp_gain":0,"max_hp_loss":20,"event_name":"Vampires","floor":31,"gold_loss":0,"cards_obtained":["Bite","Bite","Bite","Bite","Bite"]},{"damage_healed":0,"gold_gain":0,"player_choice":"Paid","damage_taken":0,"relics_obtained":["Red Mask"],"max_hp_gain":0,"max_hp_loss":0,"event_name":"Tomb of Lord Red Mask","floor":37,"gold_loss":36},{"damage_healed":0,"gold_gain":0,"player_choice":"Memory 1","damage_taken":0,"max_hp_gain":0,"max_hp_loss":0,"event_name":"SensoryStone","floor":42,"gold_loss":0},{"damage_healed":0,"gold_gain":0,"player_choice":"Fight","damage_taken":0,"max_hp_gain":0,"max_hp_loss":0,"event_name":"Mysterious Sphere","floor":45,"gold_loss":0}],"is_beta":false,"boss_relics":[{"not_picked":["Velvet Choker","Snecko Eye"],"picked":"Fusion Hammer"},{"not_picked":["Sozu","SacredBark"],"picked":"Astrolabe"}],"items_purged_floors":[3,36],"is_endless":false,"potions_floor_spawned":[1,4,8,10,24,25,27,28,29,33,35,41,44,45],"ascension_level":0}}