{"host":"ibfpjm2kz059o009","time":1610678117,"event":{"mods":["AchievementEnabler","BaseMod","Block Reminder","Colored Powertips","DeckTracker","Googly Eyes","Key Reminder","Minty Spire (QoL Compilation)","Shop Mod","Unceasing Turn Reminder"],"gold_per_floor":[114,114,114,289,289,289,319,334,334,349,364,379,394,48,48,148,148,163,178,178,178,277,277,307,307,307,337,337,34,128,152,152,261,261,285,309,309,309,9,9,9],"floor_reached":40,"language":"ENG","playtime":2383,"items_purged":[],"score":567,"play_id":"23c82ae3-22d8-46e4-a742-1fbc097110a9","local_time":"20210114213517","daily_mods":["Shiny","Blue Cards","Elite Swarm"],"is_ascension_mode":false,"campfire_choices":[{"data":"Hyperbeam","floor":6,"key":"SMITH"},{"data":"Ragnarok","floor":15,"key":"SMITH"},{"floor":23,"key":"REST"},{"data":"Electrodynamics","floor":25,"key":"SMITH"},{"floor":28,"key":"REST"},{"floor":32,"key":"REST"}],"circlet_count":0,"master_deck":["Multi-Cast","Hyperbeam+1","Thunder Strike","Biased Cognition","Machine Learning","Electrodynamics+1","Buffer","Rainbow","Seek","Meteor Strike","Echo Form","All For One","Reboot","Amplify","Creative AI","Fission","Core Surge","Judgement","ConjureBlade","MasterReality","Brilliance","Devotion","Blasphemy","Ragnarok+1","LessonLearned","Scrawl","Vault","Alpha","Wish","Omniscience","Establishment","SpiritShield","DevaForm","DeusExMachina","Static Discharge","Doubt","Electrodynamics","Stack","Gash","Go for the Eyes","Halt+1","Conserve Battery+1","Turbo+1","Wish+1","Reinforced Body+1","Swivel+1","Tempest+1","ConjureBlade+1","Brilliance","FollowUp","Thinking Ahead+1","Electrodynamics","Self Repair","Scrawl+1","Reinforced Body+1","Wallop+1","Hello World","Conserve Battery+1","ClearTheMind+1"],"relics":["PureWater","PreservedInsect","Pear","Toxic Egg 2","Anchor","Strange Spoon","Sozu","Bag of Preparation","Toy Ornithopter","Pantograph","CeramicFish","Busted Crown","Medical Kit"],"acts_visited":["Exordium","TheCity","TheBeyond"],"potions_floor_usage":[13,16,24],"damage_taken":[{"damage":6,"enemies":"Cultist","floor":1,"turns":3},{"damage":0,"enemies":"Gremlin Nob","floor":7,"turns":2},{"damage":0,"enemies":"Jaw Worm","floor":8,"turns":1},{"damage":0,"enemies":"Small Slimes","floor":10,"turns":1},{"damage":0,"enemies":"Exordium Wildlife","floor":11,"turns":2},{"damage":0,"enemies":"Lots of Slimes","floor":12,"turns":1},{"damage":8,"enemies":"Exordium Thugs","floor":13,"turns":3},{"damage":41,"enemies":"Hexaghost","floor":16,"turns":5},{"damage":5,"enemies":"2 Thieves","floor":18,"turns":4},{"damage":14,"enemies":"Shell Parasite","floor":19,"turns":4},{"damage":12,"enemies":"Gremlin Leader","floor":24,"turns":4},{"damage":0,"enemies":"Slavers","floor":27,"turns":1},{"damage":50,"enemies":"Gremlin Leader","floor":30,"turns":6},{"damage":19,"enemies":"Snake Plant","floor":31,"turns":6},{"damage":18,"enemies":"Collector","floor":33,"turns":4},{"damage":0,"enemies":"3 Shapes","floor":35,"turns":1},{"damage":6,"enemies":"3 Darklings","floor":36,"turns":4},{"damage":90,"enemies":"Giant Head","floor":40,"turns":8}],"seed_played":"5830580211590973081","potions_obtained":[{"floor":8,"key":"Energy Potion"},{"floor":10,"key":"SteroidPotion"},{"floor":11,"key":"Ancient Potion"}],"is_trial":false,"path_per_floor":["M","$","?","?","?","R","E","M","T","M","M","M","M","$","R","B",null,"M","M","?","?","?","R","E","R","T","E","R","$","E","M","R","B",null,"M","M","?","?","$","E"],"character_chosen":"WATCHER","items_purchased":["Anchor","Turbo+1","Strange Spoon","FollowUp","Thinking Ahead+1","Finesse+1","Medical Kit","Hello World","Conserve Battery+1","ClearTheMind+1"],"campfire_rested":3,"item_purchase_floors":[14,14,14,29,29,29,39,39,39,39],"current_hp_per_floor":[66,66,59,59,64,64,74,74,74,74,74,74,66,66,66,25,87,82,68,68,51,51,78,66,66,66,66,92,92,42,23,50,57,92,92,86,86,86,86,0,0],"gold":9,"neow_bonus":"","is_daily":true,"chose_seed":false,"campfire_upgraded":3,"win_rate":0.0,"timestamp":1610678117,"path_taken":["M","$","?","?","?","R","E","?","T","?","M","M","M","$","R","BOSS","M","M","?","?","?","R","E","R","T","E","R","$","E","M","R","BOSS","M","M","?","?","$","E"],"items_purchased_type":["Relic","Card","Relic","Card","Card","Card","Relic","Card","Card","Card"],"build_version":"2020-12-22","purchased_purges":0,"victory":false,"max_hp_per_floor":[72,72,72,72,77,77,87,87,87,87,87,87,87,87,87,87,87,87,87,87,92,92,92,92,92,92,92,92,92,92,92,92,92,92,92,92,92,92,92,92,92],"card_choices":[{"not_picked":["Consecrate","Double Energy"],"picked":"Static Discharge","floor":1},{"not_picked":["Ragnarok","LessonLearned"],"picked":"Electrodynamics","floor":7},{"not_picked":["Steam Power","Evaluate"],"picked":"Stack","floor":8},{"not_picked":["ClearTheMind+1","Genetic Algorithm+1"],"picked":"Gash","floor":10},{"not_picked":["Hologram+1","Compile Driver"],"picked":"Go for the Eyes","floor":11},{"not_picked":["InnerPeace+1","Genetic Algorithm+1"],"picked":"Halt+1","floor":12},{"not_picked":["FollowUp","Rebound"],"picked":"Conserve Battery+1","floor":13},{"not_picked":["Alpha+1","Devotion"],"picked":"Wish+1","floor":16},{"not_picked":["SignatureMove+1","Turbo+1"],"picked":"Reinforced Body+1","floor":18},{"not_picked":["Wireheading","Barrage"],"picked":"Swivel+1","floor":19},{"not_picked":["MasterReality","Fission+1"],"picked":"ConjureBlade+1","floor":24},{"not_picked":["Creative AI","Thunder Strike"],"picked":"Brilliance","floor":27},{"not_picked":["Core Surge","ConjureBlade+1"],"picked":"Electrodynamics","floor":30},{"not_picked":["PathToVictory+1","ThirdEye+1"],"picked":"Self Repair","floor":31},{"not_picked":["Seek+1","Rainbow+1"],"picked":"Scrawl+1","floor":33},{"not_picked":[],"picked":"Reinforced Body+1","floor":35},{"not_picked":[],"picked":"Wallop+1","floor":36}],"player_experience":614188,"relics_obtained":[{"floor":7,"key":"Pear"},{"floor":9,"key":"Toxic Egg 2"},{"floor":24,"key":"Bag of Preparation"},{"floor":26,"key":"Toy Ornithopter"},{"floor":27,"key":"Pantograph"},{"floor":30,"key":"CeramicFish"}],"event_choices":[{"damage_healed":0,"gold_gain":0,"player_choice":"Success","damage_taken":7,"relics_obtained":["PreservedInsect"],"max_hp_gain":0,"max_hp_loss":0,"event_name":"Scrap Ooze","floor":3,"gold_loss":0},{"damage_healed":0,"gold_gain":175,"player_choice":"AGREE","damage_taken":0,"max_hp_gain":0,"max_hp_loss":0,"event_name":"Liars Game","floor":4,"gold_loss":0,"cards_obtained":["Doubt"]},{"damage_healed":0,"gold_gain":0,"player_choice":"Donut","damage_taken":0,"max_hp_gain":5,"max_hp_loss":0,"event_name":"Big Fish","floor":5,"gold_loss":0},{"damage_healed":0,"gold_gain":0,"player_choice":"Read","damage_taken":0,"max_hp_gain":0,"max_hp_loss":0,"event_name":"The Library","floor":20,"gold_loss":0,"cards_obtained":["Tempest"]},{"damage_healed":0,"gold_gain":0,"player_choice":"Shed Blood","damage_taken":22,"max_hp_gain":5,"max_hp_loss":0,"event_name":"Forgotten Altar","floor":21,"gold_loss":0},{"damage_healed":0,"gold_gain":99,"player_choice":"Stole From Cult","damage_taken":0,"max_hp_gain":0,"max_hp_loss":0,"event_name":"Nest","floor":22,"gold_loss":0},{"cards_removed":["Finesse"],"damage_healed":0,"gold_gain":0,"player_choice":"Removed Skill","damage_taken":0,"max_hp_gain":0,"max_hp_loss":0,"event_name":"Falling","floor":37,"gold_loss":0},{"damage_healed":0,"gold_gain":0,"player_choice":"Ignored","damage_taken":0,"max_hp_gain":0,"max_hp_loss":0,"event_name":"Tomb of Lord Red Mask","floor":38,"gold_loss":0}],"is_beta":false,"boss_relics":[{"not_picked":["Cursed Key","Coffee Dripper"],"picked":"Sozu"},{"not_picked":["Black Star","SlaversCollar"],"picked":"Busted Crown"}],"items_purged_floors":[],"is_endless":false,"potions_floor_spawned":[8,10,11,18,27,30,31],"killed_by":"Giant Head","ascension_level":0}}