{"host":"mnljlkge2zm8bbif","time":1610751501,"event":{"mods":["Aspiration","BaseMod","Beaked The Cultist","Better Third Choice","BetterRewards","CCEM","Challenge The Spire","Displayed Cursed Tome","Gremlin Mod","Hubris","Minty Spire (QoL Compilation)","Relic Stats","Replay The Spire","Robot Space Explorer","Shop Mod","Spicy Shops","StSLib","The Marked"],"gold_per_floor":[113,113,78,95,106,106,121,153,153,170,185,197,227,59,59,59,59],"floor_reached":16,"language":"ENG","playtime":1258,"items_purged":[],"score":171,"play_id":"5ab1b14a-b3a3-48ba-bcf4-e58ca9093a40","local_time":"20210115175821","is_ascension_mode":true,"campfire_choices":[{"data":"Crippling Poison","floor":6,"key":"SMITH"}],"circlet_count":0,"master_deck":["AscendersBane","Strike_G","Strike_G","Strike_G+1","Strike_G","Strike_G","Defend_G","Defend_G+1","Defend_G","Defend_G","Defend_G","Survivor","Neutralize","Dodge and Roll","Crippling Poison+1","Die Die Die","Bane","Backstab","Toxin Wave","hubris:Sloth","Well Laid Plans","Well Laid Plans"],"relics":["Ring of the Snake","CCEMRelics:Sandal","aspiration:HatOfInfinitePower","Dream Catcher","ReplayTheSpireMod:CursedCoin","HornCleat"],"acts_visited":["Exordium"],"potions_floor_usage":[8,12,12,13,13,13,13,13,15,16],"damage_taken":[{"damage":6,"enemies":"Cultist","floor":1,"turns":6},{"damage":0,"enemies":"2 Louse","floor":4,"turns":3},{"damage":3,"enemies":"Jaw Worm","floor":5,"turns":5},{"damage":6,"enemies":"3 Louse","floor":7,"turns":4},{"damage":28,"enemies":"Gremlin Nob","floor":8,"turns":6},{"damage":1,"enemies":"Gremlin Gang","floor":10,"turns":4},{"damage":4,"enemies":"2 Fungi Beasts","floor":11,"turns":3},{"damage":0,"enemies":"Blue Slaver","floor":12,"turns":2},{"damage":20,"enemies":"Lagavulin","floor":13,"turns":5},{"damage":11,"enemies":"The Guardian","floor":16,"turns":5}],"seed_played":"7964640854768142466","potions_obtained":[{"floor":1,"key":"GhostInAJar"},{"floor":8,"key":"Block Potion"},{"floor":10,"key":"EntropicBrew"},{"floor":11,"key":"Strength Potion"},{"floor":12,"key":"Elixir"},{"floor":15,"key":"Fruit Juice"},{"floor":15,"key":"AttackPotion"}],"is_trial":false,"path_per_floor":["M","?","?","M","M","R","M","E","T","M","M","M","E","$","R","B"],"character_chosen":"THE_SILENT","items_purchased":["ReplayTheSpireMod:CursedCoin","Well Laid Plans","HornCleat"],"campfire_rested":0,"item_purchase_floors":[14,14,14],"current_hp_per_floor":[64,49,68,68,65,65,59,31,31,30,26,26,6,6,11,0,0],"gold":59,"neow_bonus":"TEN_PERCENT_HP_BONUS","is_daily":false,"chose_seed":false,"campfire_upgraded":1,"win_rate":0.0,"timestamp":1610751501,"path_taken":["M","?","?","M","M","R","M","E","T","M","M","M","E","$","R","BOSS"],"items_purchased_type":["Relic","Card","Relic"],"build_version":"2020-12-22","purchased_purges":0,"victory":false,"max_hp_per_floor":[77,77,77,77,77,77,77,77,77,77,77,77,77,77,82,82,82],"relic_stats":{"Dream Catcher":0,"counters":[122,540],"obtain_stats":[{"TwistedFunnel":0,"Replay:Accelerometer":10,"Spirit Poop":11,"Whetstone":0,"hubris:MysteriousPyramids":0,"Boot":9,"Old Coin":6,"Blood Vial":26,"Replay:Ringing Soul":41,"hubris:AstralHammer":0,"Replay:Bronze Core":17,"beaked:SacredDeck":17,"MealTicket":41,"CCEMRelics:Sandal":8,"Replay:Wax Seal":53,"MerchantsRug":0,"hubris:SphereOfDissonance":43,"Eternal Feather":23,"Paper Crane":3,"CCEMRelics:FestiveHat":9,"hubris:TenFootPole":24,"Kintsugi":34,"hubris:Reverence":4,"Regal Pillow":0,"StoneCalendar":42,"Bag of Preparation":7,"Replay:Multitool":6,"hubris:EmptyBottle":0,"Smiling Mask":31,"Pet Ghost":54,"Burning Blood":0,"Replay:Rubber Ducky":13,"Matryoshka":6,"Chemical X":0,"aspiration:FutureDiary":17,"CCEMRelics:PaperClip":0,"CCEMRelics:JestersCrown":12,"Ring of the Snake":0,"aspiration:ChemicalBlood":38,"hubris:GlazedTorus":0,"aspiration:VileToxins":5,"NeowsBlessing":0,"hubris:64BitClover":29,"PreservedInsect":9,"beaked:SacredNecklace":34,"hubris:Towel":21,"hubris:Spice":0,"Durian":12,"Calipers":0,"Vajra":23,"HoveringKite":17,"hubris:VirtuousBlindfold":34,"aspiration:Stabinomicon":24,"Lizard Tail":9,"HornCleat":14,"FaceOfCleric":4,"DollysMirror":42,"Strawberry":26,"Iron Hammer":5,"Toxic Egg 2":4,"Ring of Hypnosis":4,"Happy Flower":0,"hubris:DuctTape":53,"aspiration:Nostalgia":0,"ReplayTheSpireMod:CursedCoin":5,"Replay:Grab Bag":34,"Oddly Smooth Stone":54,"aspiration:SeaSaltIceCream":0,"War Paint":38,"hubris:Zylophone":10,"Replay:Baseball":3,"Onion Ring":9,"ReplayTheSpireMod:TigerMarble":53,"Mirror":29,"aspiration:HatOfInfinitePower":9,"NlothsMask":24,"ReplayFunnel":8,"Iron Core":38,"Mango":0,"Snake Skull":12,"Juzu Bracelet":0,"Dream Catcher":0,"Replay:Bandana":20,"hubris:Icosahedron":21,"Chameleon Ring":0,"Gambling Chip":27,"Red Mask":19,"Gremlin Food":9,"CCEMRelics:Barrel":7,"Quantum Egg":7,"CCEMRelics:SpiritsEdge":0,"Anchor":12,"CaptainsWheel":21,"Ring of Fury":4,"ChewingGum":34,"aspiration:KaomsHeart":36,"hubris:BundleOfHerbs":10,"Snack Pack":9,"hubris:GrandSneckoEye":34,"Bag of Marbles":31,"FossilizedHelix":38,"hubris:AncientText":25},{"TwistedFunnel":0,"Replay:Accelerometer":58,"Spirit Poop":87,"Whetstone":16,"hubris:MysteriousPyramids":108,"Boot":57,"Old Coin":20,"Blood Vial":12,"Replay:Ringing Soul":36,"hubris:AstralHammer":84,"Replay:Bronze Core":91,"beaked:SacredDeck":23,"MealTicket":78,"CCEMRelics:Sandal":117,"Replay:Wax Seal":82,"MerchantsRug":84,"hubris:SphereOfDissonance":36,"Eternal Feather":95,"Paper Crane":18,"CCEMRelics:FestiveHat":64,"hubris:TenFootPole":12,"Kintsugi":100,"hubris:Reverence":62,"Regal Pillow":0,"StoneCalendar":36,"Bag of Preparation":46,"Replay:Multitool":51,"hubris:EmptyBottle":0,"Smiling Mask":15,"Pet Ghost":41,"Burning Blood":42,"Replay:Rubber Ducky":60,"Matryoshka":63,"Chemical X":84,"aspiration:FutureDiary":9,"CCEMRelics:PaperClip":42,"CCEMRelics:JestersCrown":65,"Ring of the Snake":0,"aspiration:ChemicalBlood":76,"hubris:GlazedTorus":108,"aspiration:VileToxins":55,"NeowsBlessing":53,"hubris:64BitClover":13,"PreservedInsect":51,"beaked:SacredNecklace":100,"hubris:Towel":11,"hubris:Spice":0,"Durian":21,"Calipers":42,"Vajra":27,"HoveringKite":67,"hubris:VirtuousBlindfold":100,"aspiration:Stabinomicon":70,"Lizard Tail":64,"HornCleat":121,"FaceOfCleric":110,"DollysMirror":36,"Strawberry":71,"Iron Hammer":85,"Toxic Egg 2":49,"Ring of Hypnosis":18,"Happy Flower":42,"hubris:DuctTape":82,"aspiration:Nostalgia":42,"ReplayTheSpireMod:CursedCoin":55,"Replay:Grab Bag":100,"Oddly Smooth Stone":83,"aspiration:SeaSaltIceCream":42,"War Paint":76,"hubris:Zylophone":21,"Replay:Baseball":62,"Onion Ring":46,"ReplayTheSpireMod:TigerMarble":82,"Mirror":29,"aspiration:HatOfInfinitePower":117,"NlothsMask":27,"ReplayFunnel":64,"Iron Core":76,"Mango":108,"Snake Skull":21,"Juzu Bracelet":16,"Dream Catcher":0,"Replay:Bandana":11,"hubris:Icosahedron":69,"Chameleon Ring":84,"Gambling Chip":72,"Red Mask":25,"Gremlin Food":5,"CCEMRelics:Barrel":56,"Quantum Egg":86,"CCEMRelics:SpiritsEdge":84,"Anchor":21,"CaptainsWheel":93,"Ring of Fury":18,"ChewingGum":31,"aspiration:KaomsHeart":101,"hubris:BundleOfHerbs":21,"Snack Pack":21,"hubris:GrandSneckoEye":74,"Bag of Marbles":99,"FossilizedHelix":34,"hubris:AncientText":97},{"TwistedFunnel":0,"Replay:Accelerometer":218,"Spirit Poop":409,"Whetstone":52,"hubris:MysteriousPyramids":480,"Boot":214,"Old Coin":66,"Blood Vial":35,"Replay:Ringing Soul":126,"hubris:AstralHammer":402,"Replay:Bronze Core":418,"beaked:SacredDeck":81,"MealTicket":350,"CCEMRelics:Sandal":521,"Replay:Wax Seal":384,"MerchantsRug":402,"hubris:SphereOfDissonance":126,"Eternal Feather":430,"Paper Crane":61,"CCEMRelics:FestiveHat":243,"hubris:TenFootPole":35,"Kintsugi":444,"hubris:Reverence":241,"Regal Pillow":0,"StoneCalendar":126,"Bag of Preparation":168,"Replay:Multitool":199,"hubris:EmptyBottle":0,"Smiling Mask":46,"Pet Ghost":150,"Burning Blood":156,"Replay:Rubber Ducky":237,"Matryoshka":242,"Chemical X":402,"aspiration:FutureDiary":26,"CCEMRelics:PaperClip":156,"CCEMRelics:JestersCrown":260,"Ring of the Snake":0,"aspiration:ChemicalBlood":338,"hubris:GlazedTorus":480,"aspiration:VileToxins":210,"NeowsBlessing":208,"hubris:64BitClover":38,"PreservedInsect":199,"beaked:SacredNecklace":444,"hubris:Towel":31,"hubris:Spice":0,"Durian":69,"Calipers":156,"Vajra":88,"HoveringKite":281,"hubris:VirtuousBlindfold":444,"aspiration:Stabinomicon":298,"Lizard Tail":243,"HornCleat":535,"FaceOfCleric":489,"DollysMirror":126,"Strawberry":304,"Iron Hammer":404,"Toxic Egg 2":179,"Ring of Hypnosis":61,"Happy Flower":156,"hubris:DuctTape":384,"aspiration:Nostalgia":156,"ReplayTheSpireMod:CursedCoin":210,"Replay:Grab Bag":444,"Oddly Smooth Stone":392,"aspiration:SeaSaltIceCream":156,"War Paint":338,"hubris:Zylophone":69,"Replay:Baseball":241,"Onion Ring":168,"ReplayTheSpireMod:TigerMarble":384,"Mirror":96,"aspiration:HatOfInfinitePower":521,"NlothsMask":88,"ReplayFunnel":243,"Iron Core":338,"Mango":480,"Snake Skull":69,"Juzu Bracelet":52,"Dream Catcher":0,"Replay:Bandana":31,"hubris:Icosahedron":292,"Chameleon Ring":402,"Gambling Chip":311,"Red Mask":84,"Gremlin Food":10,"CCEMRelics:Barrel":211,"Quantum Egg":406,"CCEMRelics:SpiritsEdge":402,"Anchor":69,"CaptainsWheel":423,"Ring of Fury":61,"ChewingGum":105,"aspiration:KaomsHeart":446,"hubris:BundleOfHerbs":69,"Snack Pack":69,"hubris:GrandSneckoEye":331,"Bag of Marbles":438,"FossilizedHelix":114,"hubris:AncientText":433}],"Ring of the Snake":[245]},"card_choices":[{"not_picked":["Finisher","hubris:SlightOfHand"],"picked":"Dodge and Roll","floor":1},{"not_picked":["Prepared","Escape Plan"],"picked":"Crippling Poison","floor":4},{"not_picked":["Endless Agony","Acrobatics","ReplayTheSpireMod:Scrap Shanks"],"picked":"SKIP","floor":5},{"not_picked":["hubris:SlightOfHand","PiercingWail"],"picked":"Die Die Die","floor":7},{"not_picked":["Storm of Steel","Acrobatics","Reflex"],"picked":"SKIP","floor":8},{"not_picked":["Draining Mist","Deadly Poison"],"picked":"Bane","floor":10},{"not_picked":["Prepared","Sneak Up"],"picked":"Backstab","floor":11},{"not_picked":["Outmaneuver","Dagger Spray","Sucker Punch"],"picked":"SKIP","floor":12},{"not_picked":["Sneak Up","Deadly Poison"],"picked":"Toxin Wave","floor":13}],"player_experience":463468,"relics_obtained":[{"floor":8,"key":"CCEMRelics:Sandal"},{"floor":9,"key":"aspiration:HatOfInfinitePower"},{"floor":13,"key":"Dream Catcher"}],"event_choices":[{"damage_healed":64,"gold_gain":0,"player_choice":"Upgrade","damage_taken":15,"max_hp_gain":0,"max_hp_loss":77,"event_name":"betterThird:BetterShining","floor":2,"gold_loss":0,"cards_upgraded":["Defend_G","Strike_G"]},{"damage_healed":19,"gold_gain":0,"player_choice":"Healed","damage_taken":0,"max_hp_gain":0,"max_hp_loss":0,"event_name":"The Cleric","floor":3,"gold_loss":35}],"is_beta":false,"boss_relics":[],"items_purged_floors":[],"is_endless":false,"potions_floor_spawned":[1,8,10,11,12],"killed_by":"The Guardian","ascension_level":10}}