{"host":"lcnwkjlokfwcnxxu","time":1610712946,"event":{"mods":["BaseMod","Colored Map","Downfall","GifTheSpireLib","Infinite Spire","Koishi","Marisa（霧雨　魔理沙）","Minty Spire (QoL Compilation)","Quick Restart","Replay The Spire","StSLib","The Disciple","The Hierophant","The Senshi","The Servant 0.9.4"],"gold_per_floor":[112,112,112,0,11,41,41,58,58,58,91,108,108,108,108,204,204,193,205,219,219,234,234,234,247,272,272,291,291,291,318,318,419,419,429,429,429],"floor_reached":36,"language":"ENG","playtime":3010,"items_purged":["Strike_Br","Strike_Br"],"score":492,"play_id":"90dca8b1-6961-4100-b3b9-e88b28333589","local_time":"20210115041546","is_ascension_mode":false,"campfire_choices":[{"data":"SecondHand","floor":7.0,"key":"SMITH"},{"data":"ReapSow","floor":10.0,"key":"SMITH"},{"data":"Accruing","floor":13.0,"key":"SMITH"},{"data":"Goo","floor":15.0,"key":"SMITH"},{"data":"infinitespire:Collect","floor":23,"key":"SMITH"},{"data":"Well Laid Plans","floor":27,"key":"SMITH"},{"data":"ReplayTheSpireMod:Chaos Vortex","floor":29,"key":"SMITH"},{"data":"ThirdEye","floor":32,"key":"SMITH"}],"circlet_count":0,"master_deck":["Strike_Br+1","Strike_Br+1","Defend_Br","Defend_Br","Defend_Br+1","SecondHand+1","PatternShift","ReapSow+14","ReplayTheSpireMod:Chaos Vortex+1","BlueShift+1","Goo+15","Accruing+1","LockedBlood","Echonomics","Parity+1","WatchCommand","HandsUpB+1","LockedTurtyl+1","Engulf+1","infinitespire:Collect+1","LockedMercury","LockedBlood","Escape Plan","Well Laid Plans+1","ThirdEye+1","Koishi:MentalBreakdown"],"relics":["Chronometer","NeowsBlessing","Prayer Wheel","Chameleon Ring","Ice Cream","PrismaticShard","Whetstone","Divine Protection","FossilizedHelix","Metronome"],"acts_visited":["Exordium","TheCity","TheBeyond"],"potions_floor_usage":[22,33,33,36,36],"damage_taken":[{"damage":0.0,"enemies":"Cultist","floor":1.0,"turns":1.0},{"damage":0.0,"enemies":"Jaw Worm","floor":5.0,"turns":1.0},{"damage":0.0,"enemies":"Lagavulin","floor":6.0,"turns":1.0},{"damage":0.0,"enemies":"2 Louse","floor":8.0,"turns":4.0},{"damage":0.0,"enemies":"Gremlin Nob","floor":11.0,"turns":6.0},{"damage":2.0,"enemies":"Exordium Wildlife","floor":12.0,"turns":7.0},{"damage":15.0,"enemies":"Slime Boss","floor":16.0,"turns":14.0},{"damage":6.0,"enemies":"2 Thieves","floor":18.0,"turns":4.0},{"damage":1.0,"enemies":"Chosen","floor":19.0,"turns":8.0},{"damage":18,"enemies":"Centurion and Healer","floor":20,"turns":9},{"damage":0,"enemies":"Snake Plant","floor":22,"turns":5},{"damage":0,"enemies":"Snecko","floor":25,"turns":6},{"damage":0,"enemies":"3 Cultists","floor":28,"turns":5},{"damage":37,"enemies":"Slavers","floor":31,"turns":6},{"damage":0,"enemies":"Automaton","floor":33,"turns":8},{"damage":0,"enemies":"Orb Walker","floor":35,"turns":4},{"damage":26,"enemies":"infinitespire:Three Voidlings","floor":36,"turns":5},{"damage":103,"enemies":"Nightmare_Alpha","floor":36,"turns":12}],"seed_played":"8072257175995449530","potions_obtained":[{"floor":5.0,"key":"AttackPotion"},{"floor":6.0,"key":"DuplicationPotion"},{"floor":12.0,"key":"Weak Potion"},{"floor":22,"key":"FairyPotion"},{"floor":25,"key":"Guardian:BlockOnCardUsePotion"},{"floor":28,"key":"CultistPotion"},{"floor":33,"key":"Weak Potion"},{"floor":35,"key":"ColorlessPotion"}],"is_trial":false,"path_per_floor":["M","?","?","$","M","E","R","M","T","R","E","M","R","?","R","B",null,"M","M","M","AVR","M","R","?","M","T","R","M","R","T","E","R","B",null,"M","?"],"character_chosen":"CHRONO_CLASS","items_purchased":["BlueShift+1"],"campfire_rested":0,"item_purchase_floors":[4],"current_hp_per_floor":[65,49,65,65,65,65,65,65,65,65,65,65,65,52,52,43,65,65,64,52,52,56,56,56,64,64,64,65,65,65,38,38,50,65,65,0,0],"gold":429,"neow_bonus":"THREE_ENEMY_KILL","is_daily":false,"chose_seed":false,"campfire_upgraded":8,"win_rate":0.0,"timestamp":1610712946,"path_taken":["M","?","?","$","M","E","R","M","T","R","E","M","R","?","R","BOSS","M","M","M","AVR","M","R","?","M","T","R","M","R","?","E","R","BOSS","M","?"],"items_purchased_type":["Card"],"build_version":"2020-12-22","purchased_purges":2,"victory":false,"max_hp_per_floor":[65,65,65,65,65,65,65,65,65,65,65,65,65,65,65,65,65,65,65,65,65,65,65,65,65,65,65,65,65,65,65,65,65,65,65,65,65],"card_choices":[{"not_picked":["LockedMedicine","Keepsakes"],"picked":"ReapSow","floor":1.0},{"not_picked":["infinitespire:UltimateForm","infinitespire:FutureSight"],"picked":"ReplayTheSpireMod:Chaos Vortex","floor":2.0},{"not_picked":["Break","FormalWear"],"picked":"Goo","floor":5.0},{"not_picked":["PrimeTime","ReapSow"],"picked":"Accruing","floor":6.0},{"not_picked":["BlueShift","BiteCommand"],"picked":"LockedBlood","floor":8.0},{"not_picked":["WakeUpCall","CrunchTime","Accruing"],"picked":"SKIP","floor":8.0},{"not_picked":["AlternateTimeline","LockedMawBank"],"picked":"Analog","floor":11.0},{"not_picked":["LockedAnchor","BlueShift","AlternateTimeline"],"picked":"SKIP","floor":12.0},{"not_picked":["LockedUrn","SlimeSpray","Accruing"],"picked":"SKIP","floor":12.0},{"not_picked":["LockedFlame","MasterKey"],"picked":"Echonomics","floor":16.0},{"not_picked":["CrunchTime","BeatsPerMinute"],"picked":"Parity+1","floor":18.0},{"not_picked":["Parity","BlueShift"],"picked":"WatchCommand","floor":18.0},{"not_picked":["Engulf+1","CrunchTime"],"picked":"HandsUpB+1","floor":19.0},{"not_picked":["HandsUpB","Backlash"],"picked":"LockedTurtyl+1","floor":19.0},{"not_picked":["LockedTurtyl","PrimeTime"],"picked":"Engulf+1","floor":20},{"not_picked":["HandsUpB","Recurrance","MasterKey"],"picked":"SKIP","floor":20},{"not_picked":["MoonPhase+1","theSenshi:InTheNickOfTime+1","DeceiveReality"],"picked":"SKIP","floor":22},{"not_picked":["sneckomod:DiceCrush+1","Slimebound:ComboTackle","hierophant:FieryStrike+1"],"picked":"SKIP","floor":22},{"not_picked":["Consecrate+1","Koishi:YoukaiPolygraph+1"],"picked":"Escape Plan","floor":25},{"not_picked":["hierophant:TollTheBells","champ:ShieldWall"],"picked":"Well Laid Plans","floor":25},{"not_picked":["Panic Button+1","hexamod:GhostLash+1","Slimebound:PressTheAttack+1"],"picked":"SKIP","floor":28},{"not_picked":["Koishi:Jaunt","DarkMatter","champ:Haymaker"],"picked":"SKIP","floor":28},{"not_picked":["Venomology","Flash of Steel"],"picked":"ThirdEye","floor":31},{"not_picked":["LockedFlame","champ:IgnorePain"],"picked":"Koishi:MentalBreakdown","floor":33},{"not_picked":["hierophant:Encroach+1","Pommel Strike","LockedTurtyl+1"],"picked":"SKIP","floor":35},{"not_picked":["sneckomod:MasterEye+1","Stack+1","hierophant:PassingBell+1"],"picked":"SKIP","floor":35}],"player_experience":96193,"relics_obtained":[{"floor":6.0,"key":"Prayer Wheel"},{"floor":9.0,"key":"Chameleon Ring"},{"floor":11.0,"key":"Ice Cream"},{"floor":26,"key":"Whetstone"},{"floor":30,"key":"Divine Protection"},{"floor":31,"key":"FossilizedHelix"}],"event_choices":[{"damage_healed":21.0,"max_hp_gain":0.0,"max_hp_loss":0.0,"gold_gain":0.0,"event_name":"Big Fish","player_choice":"Banana","floor":3.0,"gold_loss":0.0,"damage_taken":0.0},{"damage_healed":0.0,"max_hp_gain":0.0,"max_hp_loss":0.0,"gold_gain":0.0,"event_name":"Shining Light","player_choice":"Entered Light","floor":14.0,"gold_loss":0.0,"damage_taken":13.0,"cards_upgraded":["Defend_Br","Analog"]}],"is_beta":false,"boss_relics":[{"not_picked":["Ring of Chaos","Sozu","Honey Jar"]},{"not_picked":["HangingClock","infinitespire:Cupcake"],"picked":"Metronome"}],"items_purged_floors":[4,21],"is_endless":false,"potions_floor_spawned":[5,6,12,22,25,28,33,35],"killed_by":"Nightmare_Alpha","ascension_level":0}}