{"host":"o5or1zybx7au40zl","time":1610719693,"event":{"mods":["Act Like it!","Aspiration","BaseMod","Better Third Choice","Conspire","Dota2Spire","GungeonMod","Halation","Hubris","Minty Spire (QoL Compilation)","Replay The Spire","StSLib","The Jungle","Yuri Mod","vexMod"],"gold_per_floor":[118,132,132,144,144,144,179,6,6,21,32,71,71,101,101,209,309,330,285,285,260,260,279,314,334,334,364,393,414,414,427,427,534,534,552,585,585,612,621,654,680,680,680,680,719,741,598,619,619,619,619,619,358,389,389],"floor_reached":56,"language":"ENG","playtime":2024,"items_purged":[],"score":1311,"play_id":"4dd5e1ed-a7a9-47fa-a9d6-417b5eada0ab","local_time":"20210115150813","is_ascension_mode":false,"campfire_choices":[{"floor":6,"key":"RECALL"},{"floor":13,"key":"REST"},{"floor":30,"key":"REST"},{"floor":32,"key":"REST"},{"floor":42,"key":"REST"},{"data":"Storm","floor":44,"key":"SMITH"},{"data":"Loop","floor":49,"key":"SMITH"},{"data":"aspiration:Polymerization","floor":52,"key":"SMITH"}],"circlet_count":0,"master_deck":["Strike_B","Defend_B","Defend_B","Defend_B","Defend_B","Zap","Dualcast","Storm+1","Conserve Battery","Fusion","Crystallizer","conspire:SharedLibrary","Defragment","Cold Snap","BasicCrystalCard","FIFO Queue","Capacitor+1","Electrodynamics","Sweeping Beam+1","Chill+1","Cold Snap+1","Biased Cognition","Lockon","hubris:DoWhile","Capacitor+1","Rainbow","Loop+1","aspiration:Polymerization+1","Mind Blast","Amplify","Cold Snap+1","Consume","Glacier"],"relics":["Cracked Core","aspiration:Nostalgia","Sizzling Blood","halation:PinkSoulGem","Replay:Ringing Soul","vexMod:InvisibilityCloak","Prayer Wheel","CeramicFish","Replay:Wanted Poster","Ornamental Fan","aspiration:FrozenJewel","Dota2Spire:AghanimScepter","conspire:BottledYoYo","Empty Cage","Prayer Wheel","Thread and Needle","Dota2Spire:Vanguard","Runic Capacitor","aspiration:FaultyCoupler","DemoMod:JetPack"],"acts_visited":["Exordium","Exordium","TheBeyond","TheEnding"],"potions_floor_usage":[24,27,33],"damage_taken":[{"damage":9,"enemies":"2 Louse","floor":1,"turns":3},{"damage":0,"enemies":"Cultist","floor":2,"turns":3},{"damage":6,"enemies":"Jaw Worm","floor":4,"turns":4},{"damage":31,"enemies":"3 Sentries","floor":7,"turns":5},{"damage":9,"enemies":"Exordium Wildlife","floor":10,"turns":4},{"damage":0,"enemies":"2 Fungi Beasts","floor":11,"turns":5},{"damage":23,"enemies":"Gremlin Nob","floor":12,"turns":8},{"damage":7,"enemies":"Blue Slaver","floor":14,"turns":5},{"damage":33,"enemies":"The Guardian","floor":16,"turns":12},{"damage":6,"enemies":"theJungle:GiantWrat","floor":18,"turns":6},{"damage":68,"enemies":"JungleHuntersEvent","floor":20,"turns":5},{"damage":2,"enemies":"theJungle:5_Spyders","floor":23,"turns":8},{"damage":26,"enemies":"theJungle:Cassacara","floor":24,"turns":7},{"damage":7,"enemies":"theJungle:2_Flameangoes","floor":25,"turns":5},{"damage":6,"enemies":"theJungle:MamaSnecko","floor":27,"turns":4},{"damage":9,"enemies":"theJungle:Lyon","floor":28,"turns":4},{"damage":9,"enemies":"Snake Plant","floor":29,"turns":6},{"damage":10,"enemies":"theJungle:2_Flameangoes","floor":31,"turns":5},{"damage":8,"enemies":"theJungle:TotemBoss","floor":33,"turns":11},{"damage":0,"enemies":"3 Shapes","floor":35,"turns":4},{"damage":21,"enemies":"Orb Walker","floor":36,"turns":4},{"damage":51,"enemies":"Transient","floor":38,"turns":5},{"damage":1,"enemies":"R_Hoarder","floor":40,"turns":7},{"damage":0,"enemies":"4 Shapes","floor":41,"turns":4},{"damage":14,"enemies":"Reptomancer","floor":45,"turns":4},{"damage":5,"enemies":"Jaw Worm Horde","floor":46,"turns":4},{"damage":0,"enemies":"Sphere and 2 Shapes","floor":48,"turns":5},{"damage":32,"enemies":"hubris:GrandSnecko","floor":50,"turns":6},{"damage":15,"enemies":"Shield and Spear","floor":54,"turns":4},{"damage":44,"enemies":"The Heart","floor":55,"turns":6}],"seed_played":"6132195924418903381","potions_obtained":[{"floor":7,"key":"Energy Potion"},{"floor":10,"key":"Dota2Spire:HealingSalve"},{"floor":11,"key":"PotionOfCapacity"},{"floor":20,"key":"LiquidBronze"},{"floor":25,"key":"PowerPotion"},{"floor":33,"key":"Dexterity Potion"},{"floor":38,"key":"Fire Potion"}],"is_trial":false,"path_per_floor":["M","M","?","M","?","R","E","$","T","M","M","E","R","M","R","B",null,"M","$","?","?","$","M","E","M","T","E","M","M","R","M","R","B",null,"M","M","?","M","?","E","M","R","T","R","E","M","$","M","R","B",null,"R","$","E","B",null],"character_chosen":"DEFECT","items_purchased":["ReplayTheSpireMod:Fabricate Wheel","conspire:SharedLibrary","Chill+1","Runic Capacitor","aspiration:FaultyCoupler"],"campfire_rested":4,"item_purchase_floors":[8,8,19,47,53],"current_hp_per_floor":[74,78,78,76,76,76,52,55,55,53,60,44,72,72,97,71,100,101,104,40,40,40,45,44,44,44,42,40,38,74,68,104,103,124,124,110,110,66,69,72,79,119,119,119,112,114,114,121,121,93,145,145,145,134,94],"gold":389,"neow_bonus":"NOSTALGIA","is_daily":false,"chose_seed":false,"campfire_upgraded":3,"win_rate":0.0,"timestamp":1610719693,"path_taken":["M","M","?","M","?","R","E","$","T","M","M","E","R","M","R","BOSS","M","?","?","?","?","M","E","M","T","E","M","M","R","M","R","BOSS","M","M","?","M","?","E","M","R","T","R","E","?","$","M","R","BOSS","R","$","E","BOSS"],"items_purchased_type":["Card","Card","Card","Relic","Relic"],"build_version":"2020-12-22","purchased_purges":0,"victory":true,"max_hp_per_floor":[79,79,79,79,79,79,82,85,85,88,91,94,94,97,97,100,100,103,106,106,106,106,109,112,115,115,115,118,121,121,121,121,124,124,124,127,127,130,133,133,136,136,136,136,139,142,142,145,145,145,145,145,145,145,145],"card_choices":[{"not_picked":["Sweeping Beam","Gash"],"picked":"Storm","floor":1},{"not_picked":["Barrage","Panic Button"],"picked":"Conserve Battery","floor":2},{"not_picked":["Beam Cell","Hologram"],"picked":"Fusion","floor":4},{"not_picked":["Gash","Turbo"],"picked":"Crystallizer","floor":7},{"not_picked":["Time Bomb","Compile Driver"],"picked":"Defragment","floor":10},{"not_picked":["Rebound","Gash","Compile Driver"],"picked":"SKIP","floor":10},{"not_picked":["Barrage","ReplaySolidLightProjector"],"picked":"Cold Snap","floor":11},{"not_picked":["Redo","Rebound","Go for the Eyes"],"picked":"SKIP","floor":11},{"not_picked":["Hyperbeam","Ball Lightning"],"picked":"BasicCrystalCard","floor":12},{"not_picked":["Sweeping Beam","Gash"],"picked":"FIFO Queue","floor":14},{"not_picked":["Self Repair","Sunder"],"picked":"Capacitor","floor":14},{"not_picked":["Seek","Rainbow"],"picked":"Electrodynamics","floor":16},{"not_picked":["ReplayTheSpireMod:Calculation Training","Turbo"],"picked":"Sweeping Beam+1","floor":18},{"not_picked":["Genetic Algorithm","Capacitor","Panic Button"],"picked":"SKIP","floor":18},{"not_picked":["Conserve Battery","Turbo"],"picked":"Cold Snap+1","floor":23},{"not_picked":["hubris:Ukulele","Sunder","Gash+1"],"picked":"SKIP","floor":23},{"not_picked":["conspire:Rain","Compile Driver"],"picked":"Biased Cognition","floor":24},{"not_picked":["Beam Cell","Coolheaded+1"],"picked":"Lockon","floor":25},{"not_picked":["Cold Snap","Beam Cell","Coolheaded+1"],"picked":"SKIP","floor":25},{"not_picked":["Sweeping Beam","Barrage","Go for the Eyes"],"picked":"SKIP","floor":27},{"not_picked":["Sweeping Beam","Barrage","Go for the Eyes"],"picked":"SKIP","floor":27},{"not_picked":["Sweeping Beam","Barrage","Go for the Eyes"],"picked":"SKIP","floor":27},{"not_picked":["Stack","ReplaySort"],"picked":"hubris:DoWhile","floor":28},{"not_picked":["Panic Button","Leap+1","Streamline"],"picked":"SKIP","floor":28},{"not_picked":["Steam+1","Hologram"],"picked":"Capacitor+1","floor":29},{"not_picked":["Turbo","Gash","Panic Button"],"picked":"SKIP","floor":29},{"not_picked":["Reprogram","Compile Driver","Cold Snap"],"picked":"SKIP","floor":31},{"not_picked":["Hello World","Gash","Leap"],"picked":"SKIP","floor":31},{"not_picked":["Buffer","Machine Learning"],"picked":"ReplayTheSpireMod:Fabricate Wheel","floor":33},{"not_picked":["Aggregate","Rip and Tear","Turbo"],"picked":"SKIP","floor":35},{"not_picked":["ReplayTheSpireMod:Calculation Training","Redo","Gash"],"picked":"SKIP","floor":35},{"not_picked":["Stack","Streamline+1"],"picked":"Rainbow","floor":36},{"not_picked":["Hologram+1","Barrage"],"picked":"Loop","floor":36},{"not_picked":["Ball Lightning","Rebound+1","Genetic Algorithm"],"picked":"SKIP","floor":36},{"not_picked":["Rebound","Barrage"],"picked":"aspiration:Polymerization","floor":38},{"not_picked":["Streamline+1","Go for the Eyes+1","Heatsinks"],"picked":"SKIP","floor":38},{"not_picked":["Rainbow","Recycle+1","Static Discharge"],"picked":"SKIP","floor":38},{"not_picked":["Beam Cell+1","ReplayTheSpireMod:Repulse+1","Cold Snap+1"],"picked":"SKIP","floor":40},{"not_picked":["Leap+1","Redo+1"],"picked":"Amplify","floor":41},{"not_picked":["Static Discharge","Steam+1","ReplayGash"],"picked":"SKIP","floor":41},{"not_picked":["Steam","Barrage","Coolheaded+1"],"picked":"SKIP","floor":41},{"not_picked":["ReplayTheSpireMod:Calculation Training","Turbo+1"],"picked":"Cold Snap+1","floor":45},{"not_picked":["Leap+1","Scrape+1"],"picked":"Consume","floor":46},{"not_picked":["Reprogram+1","Beam Cell","Gash+1"],"picked":"SKIP","floor":46},{"not_picked":["Sweeping Beam+1","Ball Lightning","Cold Snap+1"],"picked":"SKIP","floor":46},{"not_picked":["Panic Button","Rebound+1"],"picked":"Glacier","floor":48},{"not_picked":["Skim+1","Go for the Eyes","Compile Driver+1"],"picked":"SKIP","floor":48},{"not_picked":["Turbo+1","FIFO Queue","ReplayTheSpireMod:Fabricate Wheel"],"picked":"SKIP","floor":48},{"not_picked":["BasicCrystalCard+1","hubris:Prefetch","Coolheaded+1"],"picked":"SKIP","floor":54}],"player_experience":964394,"relics_obtained":[{"floor":7,"key":"Replay:Ringing Soul"},{"floor":9,"key":"vexMod:InvisibilityCloak"},{"floor":12,"key":"CeramicFish"},{"floor":20,"key":"Ornamental Fan"},{"floor":24,"key":"aspiration:FrozenJewel"},{"floor":26,"key":"Dota2Spire:AghanimScepter"},{"floor":27,"key":"conspire:BottledYoYo"},{"floor":40,"key":"Thread and Needle"},{"floor":45,"key":"Dota2Spire:Vanguard"},{"floor":54,"key":"DemoMod:JetPack"}],"event_choices":[{"cards_removed":["Strike_B"],"damage_healed":0,"gold_gain":0,"player_choice":"Offered Basic","damage_taken":0,"max_hp_gain":0,"max_hp_loss":0,"event_name":"Bonfire Elementals","floor":5,"gold_loss":0},{"damage_healed":0,"gold_gain":0,"player_choice":"1 cards matched","damage_taken":0,"max_hp_gain":0,"max_hp_loss":0,"event_name":"Match and Keep!","floor":39,"gold_loss":0,"cards_obtained":["Mind Blast"]}],"is_beta":false,"boss_relics":[{"not_picked":["halation:LoveArrow","conspire:RunicOctahedron"],"picked":"Replay:Wanted Poster"},{"not_picked":["Replay:Drink Me","halation:Yufonium"],"picked":"Empty Cage"}],"items_purged_floors":[],"is_endless":false,"potions_floor_spawned":[7,10,11,20,23,25,33,38,40,45,46,54],"ascension_level":0}}