{"host":"oeotdbd679q6m6vu","time":1610712975,"event":{"mods":["Act Like it!","BaseMod","Colored Map","Decade(Õı–°√˜)","Downfall","Friendly Minions","Gensokyo","GifTheSpireLib","Highlight Path","Marisa£®ÏF”Í°°ƒß¿Ì…≥£©","Minty Spire (QoL Compilation)","Rare Cards Sparkle","Reimu£®≤©¿ˆ¡È√Œ£©","StSLib","The Animator","Youmu£®ªÍ∆«—˝√Œ£©"],"gold_per_floor":[99,7,7,7,7,0,75,0,317,317,2,21,36,36,52,153,153,153,168,185,185,185,185,185,197,213,233,233,253,271,300,314,314,314,314],"floor_reached":33,"language":"ZHS","playtime":1150,"items_purged":[],"score":284,"play_id":"b7e0430e-7546-49ab-98e5-da6e52ad4619","local_time":"20210115071615","is_ascension_mode":false,"campfire_choices":[{"floor":1,"key":"RECALL"},{"data":"Gensokyo:CrescentMoonSlash","floor":8,"key":"SMITH"},{"data":"Guardian:Preprogram","floor":10,"key":"SMITH"},{"data":"1","floor":18,"key":"LIFT"},{"data":"2","floor":28,"key":"LIFT"}],"circlet_count":0,"master_deck":["Guardian:Strike_Guardian+1","Guardian:Strike_Guardian+1","Guardian:Strike_Guardian+1","Guardian:Strike_Guardian+1","Guardian:Defend_Guardian+1","Guardian:Defend_Guardian+1","Guardian:Defend_Guardian+1","Guardian:Defend_Guardian+1","Guardian:CurlUp","Guardian:TwinSlam","Gensokyo:CrescentMoonSlash+1","Clumsy","Guardian:WalkerClaw+1","Guardian:Suspension","Guardian:Preprogram+1","Guardian:Planning","Guardian:Incinerate","Guardian:ChargeUp","Guardian:AncientConstruct","Guardian:ChargeUp+1","Guardian:DonusPower+1","Guardian:PrismaticBeam+1","Guardian:TemporalShield+1","Guardian:Gem_Crimson","Guardian:Gem_Green"],"relics":["Guardian:ModeShifter","Gensokyo:NagashiBinaDoll","Mercury Hourglass","Ornamental Fan","downfall:HeartBlessingRed","Orichalcum","Girya","Pear","Coffee Dripper","Bronze Scales","Enchiridion","Anchor"],"acts_visited":["Gensokyo:Gensokyo","TheCity"],"potions_floor_usage":[16,31,33,33,33],"damage_taken":[{"damage":8,"enemies":"downfall:FleeingMerchant","floor":6,"turns":4},{"damage":12,"enemies":"Gensokyo:2_Kodama","floor":9,"turns":2},{"damage":5,"enemies":"downfall:FleeingMerchant","floor":11,"turns":4},{"damage":5,"enemies":"Gensokyo:Gryphon","floor":12,"turns":3},{"damage":6,"enemies":"Gensokyo:Python","floor":13,"turns":3},{"damage":2,"enemies":"Gensokyo:Kitsune","floor":15,"turns":3},{"damage":31,"enemies":"downfall:Silent","floor":16,"turns":6},{"damage":6,"enemies":"Chosen","floor":19,"turns":4},{"damage":10,"enemies":"Snake Plant","floor":20,"turns":3},{"damage":14,"enemies":"Centurion and Healer","floor":25,"turns":5},{"damage":0,"enemies":"Cultist and Chosen","floor":26,"turns":4},{"damage":9,"enemies":"Snake Plant","floor":27,"turns":2},{"damage":7,"enemies":"Centurion and Healer","floor":29,"turns":3},{"damage":6,"enemies":"Shelled Parasite and Fungi","floor":30,"turns":2},{"damage":13,"enemies":"Book of Stabbing","floor":31,"turns":3},{"damage":0,"enemies":"Chosen and Byrds","floor":32,"turns":5},{"damage":27,"enemies":"downfall:Ironclad","floor":33,"turns":4}],"seed_played":"2035146706802083211","potions_obtained":[{"floor":12,"key":"LiquidBronze"},{"floor":13,"key":"SteroidPotion"},{"floor":19,"key":"Strength Potion"},{"floor":20,"key":"Regen Potion"},{"floor":32,"key":"GrandPatriotsElixir:ReiMu"}],"is_trial":false,"path_per_floor":["R","COS","?","?","T","$","T","R","M","R","$","M","M","?","M","B",null,"R","M","M","?","T","?","T","M","M","M","R","M","M","E","M","B"],"character_chosen":"GUARDIAN","items_purchased":["Girya"],"campfire_rested":0,"item_purchase_floors":[11],"current_hp_per_floor":[88,88,75,75,75,67,67,67,55,55,50,45,39,34,32,1,98,98,92,82,82,82,66,66,52,52,43,43,36,30,26,26,0,0,0],"gold":314,"neow_bonus":"TEN_PERCENT_HP_BONUS","is_daily":false,"chose_seed":false,"campfire_upgraded":2,"win_rate":0.0,"timestamp":1610712975,"path_taken":["R","COS","?","?","?","?","T","R","M","R","$","?","M","?","M","BOSS","R","M","M","?","?","?","T","?","M","M","R","M","M","E","M","BOSS"],"items_purchased_type":["Relic"],"build_version":"2020-12-22","purchased_purges":0,"victory":false,"max_hp_per_floor":[88,88,88,88,88,88,88,88,88,88,88,88,88,98,98,98,98,98,98,98,98,98,98,98,98,98,98,98,98,98,98,98,98,98,98],"card_choices":[{"not_picked":["Guardian:Incinerate+1","Guardian:Gem_Crimson"],"picked":"Guardian:WalkerClaw+1","floor":6},{"not_picked":["Guardian:DecasProtection","Guardian:TimeCapacitor"],"picked":"Guardian:Suspension","floor":6},{"not_picked":["Guardian:Gem_Cyan","Guardian:Incinerate"],"picked":"Guardian:Preprogram","floor":9},{"not_picked":["Guardian:TemporalShield","Guardian:TimeCapacitor"],"picked":"Guardian:Planning","floor":11},{"not_picked":["Guardian:Clone","Guardian:PrimingBeam"],"picked":"Guardian:Gem_Orange","floor":12},{"not_picked":["Guardian:DecasProtection","Guardian:PrimingBeam"],"picked":"Guardian:Incinerate","floor":13},{"not_picked":["Guardian:PrimingBeam","Guardian:Gem_Crimson"],"picked":"Guardian:ChargeUp","floor":15},{"not_picked":["Guardian:HyperBeam_Guardian","Guardian:ConstructionForm"],"picked":"Guardian:AncientConstruct","floor":16},{"not_picked":["Guardian:RollAttack","Guardian:ChargeUp"],"picked":"Guardian:Gem_Crimson","floor":19},{"not_picked":["Guardian:VentSteam","Guardian:PiercingHide+1"],"picked":"Guardian:ChargeUp+1","floor":20},{"not_picked":["Guardian:ShieldSpikes","Guardian:Reroute+1"],"picked":"Guardian:DonusPower+1","floor":25},{"not_picked":["Guardian:GuardianWhirl","Guardian:PiercingHide","Guardian:TimeBomb"],"picked":"SKIP","floor":26},{"not_picked":["Guardian:PrismaticBarrier","Guardian:CrystalBeam"],"picked":"Guardian:PrismaticBeam+1","floor":27},{"not_picked":["Guardian:ChargeCore+1","Guardian:PrismaticBarrier"],"picked":"Guardian:TemporalShield+1","floor":29},{"not_picked":["Guardian:SpikerProtocol","Guardian:Recover"],"picked":"Guardian:Gem_Crimson","floor":30},{"not_picked":["Guardian:TimeBomb","Guardian:DonusPower","Guardian:Preprogram+1"],"picked":"SKIP","floor":31},{"not_picked":["Guardian:TimeBomb+1","Guardian:Planning"],"picked":"Guardian:Gem_Green","floor":32}],"player_experience":319545,"relics_obtained":[{"floor":5,"key":"Mercury Hourglass"},{"floor":7,"key":"Ornamental Fan"},{"floor":22,"key":"Bronze Scales"},{"floor":23,"key":"Enchiridion"},{"floor":31,"key":"Anchor"}],"event_choices":[{"damage_healed":0,"gold_gain":0,"player_choice":"Simplicity","damage_taken":0,"max_hp_gain":0,"max_hp_loss":0,"event_name":"Back to Basics","floor":21,"gold_loss":0,"cards_upgraded":["Guardian:Strike_Guardian","Guardian:Strike_Guardian","Guardian:Strike_Guardian","Guardian:Strike_Guardian","Guardian:Defend_Guardian","Guardian:Defend_Guardian","Guardian:Defend_Guardian","Guardian:Defend_Guardian"]}],"is_beta":false,"boss_relics":[{"not_picked":["Guardian:ModeShifterPlus","Velvet Choker"],"picked":"Coffee Dripper"}],"items_purged_floors":[],"is_endless":false,"potions_floor_spawned":[12,13,19,20,29,30,32],"killed_by":"downfall:Ironclad","ascension_level":0}}