{"host":"17uzppmr1r5fe5jj","time":1610711637,"event":{"mods":["BaseMod","Minty Spire (QoL Compilation)","StSLib","TestMod","The Cursed","[IsaacMod]ÒÔÈö¼âËþ"],"gold_per_floor":[109,109,109,124,147,147,181,195,195,195,211,211,226,31,31,31,31],"floor_reached":16,"language":"ZHS","playtime":703,"items_purged":["TheCursedMod:Strike_TheCursed"],"score":102,"play_id":"744230c4-3eea-4355-906d-18dd30881001","local_time":"20210115195357","daily_mods":["Red Cards","Heirloom","Flight","Elite Swarm"],"is_ascension_mode":false,"campfire_choices":[{"data":"TheCursedMod:Hemoplague","floor":6.0,"key":"SMITH"},{"floor":10.0,"key":"REST"},{"data":"Shrug It Off","floor":12,"key":"SMITH"},{"floor":15,"key":"REST"}],"circlet_count":0,"master_deck":["TheCursedMod:Strike_TheCursed","TheCursedMod:Strike_TheCursed","TheCursedMod:Strike_TheCursed+1","TheCursedMod:Defend_TheCursed","TheCursedMod:Defend_TheCursed","TheCursedMod:Defend_TheCursed","TheCursedMod:Defend_TheCursed","TheCursedMod:CursedWand","TheCursedMod:CleanUpWorkshop","TheCursedMod:Dregs","TheCursedMod:SpreadPlague+1","Injury","TheCursedMod:Hemoplague+1","Offering","Shrug It Off+1"],"relics":["TheCursedMod:BlackMagic101","testmod-TestBox","HushsDoor","DoctorsRemote","testmod-Register","testmod-D¨¦j¨¤vu","Golden Idol","Shuriken","PillsDrop","SteamSale"],"acts_visited":["Exordium"],"potions_floor_usage":[16,16,16],"damage_taken":[{"damage":1.0,"enemies":"2 Louse","floor":1.0,"turns":4.0},{"damage":6.0,"enemies":"Small Slimes","floor":4.0,"turns":3.0},{"damage":8.0,"enemies":"Jaw Worm","floor":5.0,"turns":3.0},{"damage":12.0,"enemies":"Gremlin Nob","floor":7.0,"turns":4.0},{"damage":7.0,"enemies":"Blue Slaver","floor":8.0,"turns":3.0},{"damage":18.0,"enemies":"Large Slime","floor":11.0,"turns":7.0},{"damage":11,"enemies":"Red Slaver","floor":13,"turns":4},{"damage":44,"enemies":"Slime Boss","floor":16,"turns":8}],"seed_played":"-9079948651796201469","potions_obtained":[{"floor":1.0,"key":"SneckoOil"},{"floor":4.0,"key":"Ancient Potion"},{"floor":8.0,"key":"TheCursedMod:DregsPotion"},{"floor":11,"key":"Swift Potion"}],"is_trial":true,"path_per_floor":["M","?","?","M","M","R","E","M","T","R","M","R","M","$","R","B"],"character_chosen":"THE_CURSED","items_purchased":["SteamSale"],"campfire_rested":2,"item_purchase_floors":[14],"current_hp_per_floor":[74,59,59,53,45,45,33,26,26,48,30,30,19,19,41,0,0],"gold":31,"neow_bonus":"","is_daily":false,"chose_seed":false,"campfire_upgraded":2,"win_rate":0.0,"timestamp":1610711637,"path_taken":["M","?","?","M","M","R","E","M","T","R","M","R","M","$","R","BOSS"],"items_purchased_type":["Relic"],"build_version":"2020-12-22","purchased_purges":1,"victory":false,"max_hp_per_floor":[75,75,75,75,75,75,75,75,75,75,75,75,75,75,75,75,75],"card_choices":[{"not_picked":["Body Slam","TheCursedMod:RapidMovement"],"picked":"TheCursedMod:SpreadPlague","floor":1.0},{"not_picked":["Clothesline","TheCursedMod:SurpriseAttack"],"picked":"TheCursedMod:Hemoplague","floor":4.0},{"not_picked":["TheCursedMod:CursedShiv","TheCursedMod:Hemoplague","TheCursedMod:CircleOfBlood"],"picked":"SKIP","floor":5.0},{"not_picked":["Barricade","TheCursedMod:StunningStrike"],"picked":"Offering","floor":7.0},{"not_picked":["TheCursedMod:SmokeScreen","Flex"],"picked":"Shrug It Off","floor":8.0},{"not_picked":["Shrug It Off","TheCursedMod:WearCloak","Shockwave"],"picked":"SKIP","floor":11},{"not_picked":["Shrug It Off","TheCursedMod:WearCloak","Shockwave"],"picked":"SKIP","floor":11},{"not_picked":["TheCursedMod:RapidMovement","Flex","Metallicize"],"picked":"SKIP","floor":13}],"player_experience":93423,"relics_obtained":[{"floor":7.0,"key":"Shuriken"},{"floor":9.0,"key":"PillsDrop"}],"event_choices":[{"damage_healed":0.0,"max_hp_gain":0.0,"max_hp_loss":0.0,"gold_gain":0.0,"event_name":"Shining Light","player_choice":"Entered Light","floor":2.0,"gold_loss":0.0,"damage_taken":15.0,"cards_upgraded":["TheCursedMod:Strike_TheCursed","TheCursedMod:SpreadPlague"]},{"damage_healed":0.0,"max_hp_gain":0.0,"max_hp_loss":0.0,"gold_gain":0.0,"event_name":"Golden Idol","player_choice":"Take Wound","floor":3.0,"gold_loss":0.0,"damage_taken":0.0,"relics_obtained":["Golden Idol"],"cards_obtained":["Injury"]}],"is_beta":false,"boss_relics":[],"items_purged_floors":[14],"is_endless":false,"potions_floor_spawned":[1,4,8,11],"killed_by":"Slime Boss","ascension_level":0}}