{"host":"a5523bqxi3k68xf3","time":1610679955,"event":{"mods":["BaseMod","BetterRewards","Hermit","Koishi","Marisa????????","Minty Spire (QoL Compilation)","Quick Restart","Random Character Button","Relic Stats","Shop Mod","StSLib","The Animator","The Cursed","The Necromancer","The Servant 0.9.4"],"gold_per_floor":[112,59,78,78,78,108,118,193,218,246,271,303,303,314,314,424,424,435,435,510,540,540,540,540],"floor_reached":23,"language":"ENG","playtime":624,"items_purged":["Strike_P"],"score":608,"play_id":"870bf295-c6f9-4f13-a440-2aea507f31d9","local_time":"20210115040555","is_ascension_mode":true,"campfire_choices":[{"data":"Study","floor":13,"key":"SMITH"},{"data":"Eruption","floor":15,"key":"SMITH"}],"circlet_count":0,"master_deck":["AscendersBane","Strike_P","Strike_P","Strike_P","Defend_P","Defend_P+1","Defend_P","Eruption+1","Vigilance","CrushJoints","Ragnarok+1","Wallop","Consecrate","SashWhip","WreathOfFlame+1","Study+1","Prostrate","Blasphemy"],"relics":["PureWater","Damaru","Tiny Chest","Gremlin Horn","Lee\u0027s Waffle","Juzu Bracelet","Potion Belt","CeramicFish","Orichalcum","Boot","War Paint","Red Mask","Ancient Tea Set"],"acts_visited":["Exordium","TheCity"],"potions_floor_usage":[21,23],"damage_taken":[{"damage":1,"enemies":"2 Louse","floor":1,"turns":3},{"damage":0,"enemies":"Small Slimes","floor":3,"turns":1},{"damage":20,"enemies":"3 Sentries","floor":6,"turns":4},{"damage":0,"enemies":"Jaw Worm","floor":7,"turns":3},{"damage":0,"enemies":"Lagavulin","floor":10,"turns":4},{"damage":0,"enemies":"Gremlin Nob","floor":12,"turns":2},{"damage":0,"enemies":"Large Slime","floor":14,"turns":2},{"damage":0,"enemies":"Slime Boss","floor":16,"turns":5},{"damage":18,"enemies":"Shell Parasite","floor":18,"turns":4},{"damage":30,"enemies":"Masked Bandits","floor":21,"turns":3},{"damage":15,"enemies":"Slavers","floor":23,"turns":2}],"seed_played":"-8635594430086354167","potions_obtained":[{"floor":6,"key":"ColorlessPotion"},{"floor":10,"key":"EssenceOfSteel"}],"is_trial":false,"path_per_floor":["M","$","M","?","?","E","M","?","T","E","T","E","R","M","R","B",null,"M","$","?","?","?","E"],"character_chosen":"WATCHER","items_purchased":["Damaru","Tiny Chest","CrushJoints","Ragnarok","Gremlin Horn","Wallop","Lee\u0027s Waffle","Juzu Bracelet","SashWhip"],"campfire_rested":0,"item_purchase_floors":[0,0,0,0,0,0,0,0,2],"current_hp_per_floor":[78,78,78,71,71,51,51,40,40,40,40,40,40,40,40,40,69,51,51,44,14,14,0,0],"gold":540,"neow_bonus":"","is_daily":false,"chose_seed":false,"campfire_upgraded":2,"win_rate":0.0,"timestamp":1610679955,"path_taken":["M","$","M","?","?","E","M","?","T","E","?","E","R","M","R","BOSS","M","$","?","?","?","E"],"items_purchased_type":["Relic","Relic","Card","Card","Relic","Card","Relic","Relic","Card"],"build_version":"2020-12-22","purchased_purges":1,"victory":false,"max_hp_per_floor":[79,79,79,79,79,79,79,79,79,79,79,79,79,79,79,79,79,79,79,79,79,79,79,79],"relic_stats":{"Lee\u0027s Waffle":63,"Gremlin Horn":[13,13],"counters":[66,210],"CeramicFish":9,"Tiny Chest":1,"Juzu Bracelet":1,"Orichalcum":[12],"War Paint":["WreathOfFlame","Defend_P"],"Boot":[16],"obtain_stats":[{"Regal Pillow":9,"Tiny House":34,"Calipers":46,"Singing Bowl":31,"Gremlin Horn":0,"CeramicFish":9,"Vajra":21,"Juzu Bracelet":21,"Bag of Preparation":9,"TeardropLocket":10,"Sling":37,"Boot":4,"Ancient Tea Set":29,"Blood Vial":9,"Lizard Tail":37,"HornCleat":6,"Mummified Hand":0,"Sundial":8,"Tiny Chest":7,"Red Mask":38,"Potion Belt":12,"Lee\u0027s Waffle":0,"Pear":12,"NeowsBlessing":0,"Astrolabe":34,"Damaru":0,"Eternal Feather":19,"Pen Nib":22,"The Courier":26,"Omamori":31,"War Paint":0,"Frozen Egg 2":41,"Orichalcum":10,"Akabeko":6,"CaptainsWheel":6,"Anchor":24,"Bottled Flame":43,"Busted Crown":17,"Molten Egg 2":0,"Black Star":17,"Bottled Lightning":36,"Membership Card":14,"PureWater":0},{"Regal Pillow":4,"Tiny House":47,"Calipers":52,"Singing Bowl":46,"Gremlin Horn":55,"CeramicFish":59,"Vajra":41,"Juzu Bracelet":12,"Bag of Preparation":36,"TeardropLocket":5,"Sling":16,"Boot":34,"Ancient Tea Set":44,"Blood Vial":25,"Lizard Tail":48,"HornCleat":24,"Mummified Hand":19,"Sundial":36,"Tiny Chest":4,"Red Mask":16,"Potion Belt":7,"Lee\u0027s Waffle":55,"Pear":38,"NeowsBlessing":0,"Astrolabe":15,"Damaru":55,"Eternal Feather":29,"Pen Nib":12,"The Courier":13,"Omamori":14,"War Paint":19,"Frozen Egg 2":50,"Orichalcum":60,"Akabeko":4,"CaptainsWheel":35,"Anchor":42,"Bottled Flame":50,"Busted Crown":10,"Molten Egg 2":32,"Black Star":28,"Bottled Lightning":16,"Membership Card":38,"PureWater":0},{"Regal Pillow":7,"Tiny House":158,"Calipers":166,"Singing Bowl":152,"Gremlin Horn":177,"CeramicFish":188,"Vajra":138,"Juzu Bracelet":32,"Bag of Preparation":124,"TeardropLocket":10,"Sling":49,"Boot":119,"Ancient Tea Set":144,"Blood Vial":86,"Lizard Tail":159,"HornCleat":79,"Mummified Hand":59,"Sundial":124,"Tiny Chest":7,"Red Mask":49,"Potion Belt":13,"Lee\u0027s Waffle":177,"Pear":127,"NeowsBlessing":0,"Astrolabe":45,"Damaru":177,"Eternal Feather":100,"Pen Nib":32,"The Courier":35,"Omamori":38,"War Paint":59,"Frozen Egg 2":162,"Orichalcum":192,"Akabeko":7,"CaptainsWheel":121,"Anchor":142,"Bottled Flame":162,"Busted Crown":25,"Molten Egg 2":115,"Black Star":97,"Bottled Lightning":49,"Membership Card":127,"PureWater":0}]},"card_choices":[{"not_picked":["WaveOfTheHand","Wallop"],"picked":"Consecrate","floor":1},{"not_picked":["JustLucky","Adaptation"],"picked":"WreathOfFlame","floor":3},{"not_picked":["ThirdEye","CutThroughFate"],"picked":"Study","floor":6},{"not_picked":["EmptyMind","EmptyBody"],"picked":"Prostrate","floor":7},{"not_picked":["PathToVictory","Halt","Protect"],"picked":"SKIP","floor":10},{"not_picked":["Vengeance","ThirdEye","EmptyFist"],"picked":"SKIP","floor":12},{"not_picked":["EmptyFist","Wish","BowlingBash"],"picked":"SKIP","floor":14},{"not_picked":["Scrawl","Wish"],"picked":"Blasphemy","floor":16},{"not_picked":["JustLucky","Crescendo","Collect+1"],"picked":"SKIP","floor":18}],"player_experience":1693693,"relics_obtained":[{"floor":6,"key":"Potion Belt"},{"floor":9,"key":"CeramicFish"},{"floor":10,"key":"Orichalcum"},{"floor":11,"key":"Boot"},{"floor":12,"key":"War Paint"},{"floor":21,"key":"Red Mask"}],"event_choices":[{"cards_removed":["Defend_P"],"damage_healed":0,"gold_gain":0,"player_choice":"Card Removal","damage_taken":7,"max_hp_gain":0,"max_hp_loss":0,"event_name":"Golden Wing","floor":4,"gold_loss":0},{"damage_healed":0,"gold_gain":0,"player_choice":"Grow","damage_taken":0,"max_hp_gain":0,"max_hp_loss":0,"event_name":"Living Wall","floor":5,"gold_loss":0,"cards_upgraded":["Ragnarok"]},{"damage_healed":0,"gold_gain":75,"player_choice":"Gather Gold","damage_taken":11,"max_hp_gain":0,"max_hp_loss":0,"event_name":"World of Goop","floor":8,"gold_loss":0},{"damage_healed":0,"gold_gain":75,"player_choice":"Touch","damage_taken":7,"max_hp_gain":0,"max_hp_loss":0,"event_name":"FaceTrader","floor":20,"gold_loss":0},{"damage_healed":0,"gold_gain":0,"player_choice":"Fought Bandits","damage_taken":0,"max_hp_gain":0,"max_hp_loss":0,"event_name":"Masked Bandits","floor":21,"gold_loss":0},{"damage_healed":0,"gold_gain":0,"player_choice":"Opened","damage_taken":0,"relics_obtained":["Ancient Tea Set"],"max_hp_gain":0,"max_hp_loss":0,"event_name":"The Mausoleum","floor":22,"gold_loss":0}],"is_beta":false,"boss_relics":[{"not_picked":["Ectoplasm","Pandora\u0027s Box","Runic Pyramid"]}],"items_purged_floors":[0],"is_endless":false,"potions_floor_spawned":[6,10],"killed_by":"Slavers","ascension_level":10}}