{"host":"ibonnlq6s1c814xj","time":1610700627,"event":{"mods":["BaseMod","BetterRewards","Good Game Mod","Minty Spire (QoL Compilation)","Shop Mod","【功能Mod】聪明的最终Boss"],"gold_per_floor":[110,285,285,309,12,55,55,55,55,68,107,119,154,166,178,316,328,356,368,400,426,438,450,483,495,495],"floor_reached":25,"language":"ZHS","playtime":837,"items_purged":["Doubt"],"score":260,"play_id":"979c8186-2a9c-46a5-880e-0ea022c86f89","local_time":"20210115165027","is_ascension_mode":true,"campfire_choices":[{"data":"Zap","floor":8,"key":"SMITH"},{"data":"Dualcast","floor":15,"key":"SMITH"},{"data":"Self Repair","floor":23,"key":"SMITH"}],"circlet_count":0,"master_deck":["Strike_B","Strike_B","Strike_B","Strike_B","Defend_B","Defend_B","Defend_B","Defend_B","Zap+1","Dualcast+1","Defragment","Seek+1","Ball Lightning","Ball Lightning","Seek","Self Repair+1","Storm+1","Storm"],"relics":["Cracked Core","REME:ComplimentaryCards","NeowsBlessing","Golden Idol","Lee\u0027s Waffle","Emotion Chip","Bag of Marbles","MawBank","Pantograph","SlaversCollar"],"acts_visited":["Exordium","TheCity"],"potions_floor_usage":[11,16,16,24,24],"damage_taken":[{"damage":0,"enemies":"2 Louse","floor":1,"turns":1},{"damage":0,"enemies":"Small Slimes","floor":4,"turns":1},{"damage":0,"enemies":"Gremlin Nob","floor":6,"turns":1},{"damage":1,"enemies":"Cultist","floor":10,"turns":3},{"damage":4,"enemies":"Lagavulin","floor":11,"turns":5},{"damage":6,"enemies":"Exordium Thugs","floor":13,"turns":3},{"damage":38,"enemies":"Slime Boss","floor":16,"turns":5},{"damage":17,"enemies":"Spheric Guardian","floor":18,"turns":4},{"damage":28,"enemies":"2 Thieves","floor":20,"turns":3},{"damage":28,"enemies":"Sentry and Sphere","floor":21,"turns":4},{"damage":22,"enemies":"Snecko","floor":24,"turns":5},{"damage":8,"enemies":"Centurion and Healer","floor":25,"turns":2}],"seed_played":"-6317787312249858763","potions_obtained":[{"floor":1,"key":"Ancient Potion"},{"floor":6,"key":"Block Potion"},{"floor":11,"key":"GamblersBrew"},{"floor":13,"key":"Explosive Potion"},{"floor":16,"key":"ColorlessPotion"},{"floor":18,"key":"Weak Potion"},{"floor":21,"key":"SkillPotion"}],"is_trial":false,"path_per_floor":["M","?","?","M","$","E","?","R","T","M","E","$","M","?","R","B",null,"M","?","M","M","?","R","M","M"],"character_chosen":"DEFECT","items_purchased":["Seek","Lee\u0027s Waffle"],"campfire_rested":0,"item_purchase_floors":[5,5],"current_hp_per_floor":[75,75,57,57,82,82,82,82,82,81,77,77,71,68,68,44,82,65,65,44,23,23,23,11,3,3],"gold":495,"neow_bonus":"THREE_ENEMY_KILL","is_daily":false,"chose_seed":false,"campfire_upgraded":3,"win_rate":0.0,"timestamp":1610700627,"path_taken":["M","?","?","M","$","E","?","R","T","?","E","?","M","?","R","BOSS","M","?","M","?","?","R","M","M"],"items_purchased_type":["Card","Relic"],"build_version":"2020-12-22","purchased_purges":1,"victory":false,"max_hp_per_floor":[75,75,75,75,82,82,82,82,82,82,82,82,82,82,82,82,82,82,82,82,82,82,82,82,82,82],"card_choices":[{"not_picked":["Barrage","Hello World","Coolheaded"],"picked":"SKIP","floor":1},{"not_picked":["Hello World","Stack","Redo"],"picked":"SKIP","floor":4},{"not_picked":["Steam","Reprogram","Rebound"],"picked":"SKIP","floor":6},{"not_picked":["Double Energy","Fusion"],"picked":"Ball Lightning","floor":10},{"not_picked":["Rebound","Redo"],"picked":"Ball Lightning","floor":11},{"not_picked":["Barrage","Ball Lightning","Hyperbeam"],"picked":"SKIP","floor":13},{"not_picked":["Buffer","Fission"],"picked":"Seek","floor":16},{"not_picked":["Auto Shields","Doom and Gloom+1"],"picked":"Self Repair","floor":18},{"not_picked":["Barrage","Cold Snap"],"picked":"Storm+1","floor":20},{"not_picked":["Coolheaded+1","Beam Cell","Steam Power"],"picked":"SKIP","floor":21},{"not_picked":["Go for the Eyes","Conserve Battery+1"],"picked":"Storm","floor":24}],"player_experience":219332,"relics_obtained":[{"floor":6,"key":"Emotion Chip"},{"floor":9,"key":"Bag of Marbles"},{"floor":11,"key":"MawBank"}],"event_choices":[{"damage_healed":0,"gold_gain":175,"player_choice":"AGREE","damage_taken":0,"max_hp_gain":0,"max_hp_loss":0,"event_name":"Liars Game","floor":2,"gold_loss":0,"cards_obtained":["Doubt"]},{"damage_healed":0,"gold_gain":0,"player_choice":"Take Damage","damage_taken":18,"relics_obtained":["Golden Idol"],"max_hp_gain":0,"max_hp_loss":0,"event_name":"Golden Idol","floor":3,"gold_loss":0},{"damage_healed":0,"gold_gain":0,"player_choice":"0 cards matched","damage_taken":0,"max_hp_gain":0,"max_hp_loss":0,"event_name":"Match and Keep!","floor":7,"gold_loss":0,"cards_obtained":[]},{"damage_healed":0,"gold_gain":0,"player_choice":"Success","damage_taken":3,"relics_obtained":["Pantograph"],"max_hp_gain":0,"max_hp_loss":0,"event_name":"Scrap Ooze","floor":14,"gold_loss":0},{"damage_healed":0,"gold_gain":0,"player_choice":"Upgraded","damage_taken":0,"max_hp_gain":0,"max_hp_loss":0,"event_name":"Upgrade Shrine","floor":19,"gold_loss":0,"cards_upgraded":["Seek"]},{"damage_healed":0,"gold_gain":0,"player_choice":"Bought 0 Potions","damage_taken":0,"max_hp_gain":0,"max_hp_loss":0,"event_name":"The Woman in Blue","floor":22,"gold_loss":0}],"is_beta":false,"boss_relics":[{"not_picked":["SacredBark","Sozu"],"picked":"SlaversCollar"}],"items_purged_floors":[5],"is_endless":false,"potions_floor_spawned":[1,6,11,13,16,18,21],"killed_by":"Centurion and Healer","ascension_level":2}}