{"host":"d7fiu2yjkssjxoz6","time":1610675378,"event":{"mods":["AchievementEnabler","BaseMod","Duelist Mod","GifTheSpireLib","Minty Spire (QoL Compilation)","StSLib"],"gold_per_floor":[145,145,162,177,177,210,210,224,272,288,288,288,303,328,328,424,424,437,437,453,453,453,453,453,453],"floor_reached":24,"language":"ENG","playtime":1496,"items_purged":[],"score":227,"play_id":"09e43a21-000d-4daa-86a3-d25c25040bd4","local_time":"20210114174938","is_ascension_mode":true,"campfire_choices":[{"data":"theDuelist:Yami","floor":7,"key":"SMITH"},{"data":"theDuelist:UltraPolymerization","floor":11,"key":"SMITH"},{"data":"theDuelist:HarpieFeather","floor":15,"key":"SMITH"},{"data":"theDuelist:IceQueen","floor":23,"key":"SMITH"}],"circlet_count":0,"master_deck":["theDuelist:InjectionFairy","theDuelist:Sparks+1","theDuelist:Yami+1","theDuelist:NeoMagic","theDuelist:CastleWalls+1","theDuelist:MysticalElf","theDuelist:InjectionFairy","theDuelist:Sparks+1","theDuelist:HarpieFeather+1","theDuelist:Graverobber","theDuelist:ExodiaLA","theDuelist:NeoMagic","theDuelist:MagicalStone","theDuelist:Sparks+1","theDuelist:CastleWalls+1","theDuelist:DarkMagician+1","theDuelist:MysticalElf","theDuelist:UltraPolymerization+1","theDuelist:IceQueen+1","The Bomb","theDuelist:BlackPendant"],"relics":["theDuelist:MillenniumPuzzle","theDuelist:CardPoolRelic","theDuelist:CardPoolBasicRelic","theDuelist:BoosterPackPoolRelic","theDuelist:CardPoolAddRelic","theDuelist:CardPoolMinusRelic","theDuelist:CardPoolSaveRelic","theDuelist:CardPoolOptionsRelic","theDuelist:BoosterPackHealer","theDuelist:MillenniumArmor","theDuelist:CursedHealer","Smiling Mask","Black Star"],"acts_visited":["Exordium","TheCity"],"potions_floor_usage":[],"damage_taken":[{"damage":0,"enemies":"2 Louse","floor":1,"turns":3},{"damage":4,"enemies":"Jaw Worm","floor":3,"turns":4},{"damage":4,"enemies":"Small Slimes","floor":4,"turns":3},{"damage":38,"enemies":"Lagavulin","floor":6,"turns":14},{"damage":0,"enemies":"Looter","floor":8,"turns":3},{"damage":0,"enemies":"Blue Slaver","floor":10,"turns":5},{"damage":0,"enemies":"Exordium Wildlife","floor":13,"turns":4},{"damage":3,"enemies":"3 Sentries","floor":14,"turns":9},{"damage":50,"enemies":"Hexaghost","floor":16,"turns":15},{"damage":3,"enemies":"Spheric Guardian","floor":18,"turns":10},{"damage":0,"enemies":"Chosen","floor":20,"turns":4},{"damage":99,"enemies":"Gremlin Leader","floor":24,"turns":8}],"seed_played":"4305163385271372407","potions_obtained":[{"floor":3,"key":"theDuelist:SealedPackC"},{"floor":6,"key":"theDuelist:TokenPotionB"},{"floor":10,"key":"theDuelist:WaterBottle"},{"floor":13,"key":"theDuelist:CoolBottle"}],"is_trial":false,"path_per_floor":["M","?","M","M","?","E","R","M","T","M","R","?","M","E","R","B",null,"M","?","M","?","?","R","E"],"character_chosen":"THE_DUELIST","items_purchased":[],"campfire_rested":0,"item_purchase_floors":[],"current_hp_per_floor":[80,80,76,72,65,43,43,47,47,59,59,80,80,80,80,72,80,80,80,80,80,80,80,0,0],"gold":453,"neow_bonus":"UPGRADE_CARD","is_daily":false,"chose_seed":false,"campfire_upgraded":4,"win_rate":0.0,"timestamp":1610675378,"path_taken":["M","?","M","M","?","E","R","M","T","M","R","?","M","E","R","BOSS","M","?","M","?","?","R","E"],"items_purchased_type":[],"build_version":"2020-12-22","purchased_purges":0,"victory":false,"max_hp_per_floor":[80,80,80,80,80,80,80,80,80,80,80,80,80,80,80,80,80,80,80,80,80,80,80,80,80],"card_choices":[{"not_picked":["theDuelist:WhiteHowling","theDuelist:DarkHorizon","theDuelist:IcyCrevasse","theDuelist:BadReaction"],"picked":"theDuelist:Graverobber","floor":1},{"not_picked":["theDuelist:MudGolem","theDuelist:Jinzo","theDuelist:LightningVortex","theDuelist:WingedKuribohLv9"],"picked":"theDuelist:HarpieFeather","floor":3},{"not_picked":["theDuelist:PowerKaishin","theDuelist:MysticalElf","theDuelist:SpellShatteringArrow","theDuelist:GeminiElf"],"picked":"theDuelist:InjectionFairy","floor":4},{"not_picked":["theDuelist:InariFire","theDuelist:VoidExpansion","theDuelist:StatueAnguishPattern"],"picked":"theDuelist:Yami","floor":6},{"not_picked":["theDuelist:LightningVortex","theDuelist:HeavyStorm","theDuelist:SmashingGround","theDuelist:WingedKuribohLv10"],"picked":"theDuelist:UltraPolymerization","floor":8},{"not_picked":["theDuelist:NeoMagic","theDuelist:ExodiaLL","theDuelist:Mudballman","theDuelist:MagicalBlast"],"picked":"theDuelist:InjectionFairy","floor":10},{"not_picked":["theDuelist:LegendaryExodia","theDuelist:ExodiaRA","theDuelist:ExodiaLL","theDuelist:ExodiaHead"],"picked":"theDuelist:ExodiaLA","floor":13},{"not_picked":["theDuelist:ClearKuriboh","theDuelist:MudGolem","theDuelist:Terraforming","theDuelist:DianKeto"],"picked":"theDuelist:MagicalStone","floor":14},{"not_picked":["theDuelist:ExodiaNecross","theDuelist:IrisEarthMother","theDuelist:ThousandEyesRestrict","theDuelist:GateGuardian"],"picked":"theDuelist:IceQueen","floor":16},{"not_picked":["Bandage Up","HandOfGreed","Magnetism"],"picked":"The Bomb","floor":18},{"not_picked":["theDuelist:BattleOx","theDuelist:GilfordLegend+1","theDuelist:PotDichotomy","theDuelist:FrontierWiseman"],"picked":"theDuelist:BlackPendant","floor":20}],"player_experience":168495,"relics_obtained":[{"floor":6,"key":"theDuelist:MillenniumArmor"},{"floor":14,"key":"Smiling Mask"}],"event_choices":[{"damage_healed":0,"gold_gain":0,"player_choice":"Box","damage_taken":0,"relics_obtained":["theDuelist:BoosterPackHealer"],"max_hp_gain":0,"max_hp_loss":0,"event_name":"Big Fish","floor":2,"gold_loss":0,"cards_obtained":["Regret"]},{"cards_removed":["Regret"],"damage_healed":0,"gold_gain":0,"player_choice":"Card Removal","damage_taken":7,"max_hp_gain":0,"max_hp_loss":0,"event_name":"Golden Wing","floor":5,"gold_loss":0},{"damage_healed":0,"gold_gain":0,"player_choice":"Succumb - +25HP/Cursed Relic","duelist":true,"damage_taken":0,"max_hp_gain":0,"max_hp_loss":0,"event_name":"Tomb of the Nameless","floor":12,"gold_loss":0},{"damage_healed":0,"gold_gain":0,"player_choice":"Simplicity","damage_taken":0,"max_hp_gain":0,"max_hp_loss":0,"event_name":"Back to Basics","floor":19,"gold_loss":0,"cards_upgraded":["theDuelist:Sparks","theDuelist:CastleWalls","theDuelist:Sparks","theDuelist:Sparks","theDuelist:CastleWalls"]},{"damage_healed":0,"gold_gain":0,"player_choice":"Leave","duelist":true,"damage_taken":0,"max_hp_gain":0,"max_hp_loss":0,"event_name":"Egyptian Village","floor":21,"gold_loss":0},{"damage_healed":0,"gold_gain":0,"player_choice":"Ignored","damage_taken":0,"max_hp_gain":0,"max_hp_loss":0,"event_name":"Ghosts","floor":22,"gold_loss":0}],"is_beta":false,"boss_relics":[{"not_picked":["SlaversCollar","Cursed Key"],"picked":"Black Star"}],"items_purged_floors":[],"is_endless":false,"potions_floor_spawned":[3,6,10,13,16],"killed_by":"Gremlin Leader","ascension_level":2}}