{"host":"4ag909k4xupnj24b","time":1610711834,"event":{"mods":["BaseMod","Minty Spire (QoL Compilation)","StSLib"],"gold_per_floor":[117,117,7,7,7,7,42,55,55,55,74,74,149,165,165,165,165],"floor_reached":16,"language":"ENG","playtime":220,"items_purged":[],"score":215,"play_id":"25b5d5d8-6780-495c-abc3-fe45a90ffadb","local_time":"20210115035714","is_ascension_mode":true,"campfire_choices":[{"floor":6,"key":"DIG"},{"floor":10,"key":"DIG"},{"floor":12,"key":"DIG"},{"floor":15,"key":"DIG"}],"circlet_count":0,"master_deck":["AscendersBane","Strike_B","Strike_B","Strike_B","Defend_B","Defend_B","Defend_B","Defend_B","Zap+1","Dualcast","Compile Driver","Sunder","Doom and Gloom","Cold Snap","Rip and Tear","Sweeping Beam","Barrage"],"relics":["Cracked Core","NeowsBlessing","Shovel","Nunchaku","Anchor","Sundial","MealTicket","Strawberry","The Courier"],"acts_visited":["Exordium"],"potions_floor_usage":[16,16],"damage_taken":[{"damage":0,"enemies":"2 Louse","floor":1,"turns":1},{"damage":0,"enemies":"3 Sentries","floor":7,"turns":1},{"damage":0,"enemies":"Cultist","floor":8,"turns":1},{"damage":0,"enemies":"Small Slimes","floor":11,"turns":1},{"damage":0,"enemies":"2 Fungi Beasts","floor":14,"turns":2},{"damage":63,"enemies":"Slime Boss","floor":16,"turns":6}],"seed_played":"488187890140619112","potions_obtained":[{"floor":7,"key":"FocusPotion"},{"floor":11,"key":"Weak Potion"}],"is_trial":false,"path_per_floor":["M","?","$","?","?","R","E","M","T","R","M","R","?","M","R","B"],"character_chosen":"DEFECT","items_purchased":["Sunder","Doom and Gloom"],"campfire_rested":0,"item_purchase_floors":[3,3],"current_hp_per_floor":[64,64,64,53,53,53,53,53,53,53,53,60,49,49,49,0,0],"gold":165,"neow_bonus":"THREE_ENEMY_KILL","is_daily":false,"chose_seed":false,"campfire_upgraded":0,"win_rate":0.0,"timestamp":1610711834,"path_taken":["M","?","?","?","?","R","E","?","T","R","M","R","?","M","R","BOSS"],"items_purchased_type":["Card","Card"],"build_version":"2020-12-22","purchased_purges":0,"victory":false,"max_hp_per_floor":[71,71,71,71,71,71,71,71,71,71,71,78,78,78,78,78,78],"card_choices":[{"not_picked":["Steam","Go for the Eyes"],"picked":"Compile Driver","floor":1},{"not_picked":["Go for the Eyes","Streamline"],"picked":"Cold Snap","floor":7},{"not_picked":["Rebound","Chaos"],"picked":"Rip and Tear","floor":8},{"not_picked":["BootSequence","Compile Driver"],"picked":"Sweeping Beam","floor":11},{"not_picked":["Reinforced Body","Reprogram"],"picked":"Barrage","floor":14}],"player_experience":835929,"relics_obtained":[{"floor":6,"key":"Nunchaku"},{"floor":7,"key":"Anchor"},{"floor":9,"key":"Sundial"},{"floor":10,"key":"MealTicket"},{"floor":12,"key":"Strawberry"},{"floor":15,"key":"The Courier"}],"event_choices":[{"damage_healed":0,"gold_gain":0,"player_choice":"Upgraded","damage_taken":0,"max_hp_gain":0,"max_hp_loss":0,"event_name":"Upgrade Shrine","floor":2,"gold_loss":0,"cards_upgraded":["Zap"]},{"damage_healed":0,"gold_gain":0,"player_choice":"Success","damage_taken":11,"relics_obtained":["Shovel"],"max_hp_gain":0,"max_hp_loss":0,"event_name":"Scrap Ooze","floor":4,"gold_loss":0},{"cards_removed":["Strike_B"],"damage_healed":0,"gold_gain":0,"player_choice":"Offered Basic","damage_taken":0,"max_hp_gain":0,"max_hp_loss":0,"event_name":"Bonfire Elementals","floor":5,"gold_loss":0},{"damage_healed":0,"gold_gain":75,"player_choice":"Gather Gold","damage_taken":11,"max_hp_gain":0,"max_hp_loss":0,"event_name":"World of Goop","floor":13,"gold_loss":0}],"is_beta":false,"boss_relics":[],"items_purged_floors":[],"is_endless":false,"potions_floor_spawned":[7,11],"killed_by":"Slime Boss","ascension_level":15}}