{"host":"f0gpob8hq9vgebej","time":1610711422,"event":{"mods":["AchievementEnabler","BaseMod","Minty Spire (QoL Compilation)","Quick Restart","SuperFastMode"],"gold_per_floor":[115,129,142,142,154,154,154,181,206,206,216,216,67,67,67,166,166,185,185,200,210,39,39,69,69,96,96,111,111,111,122,122,122,122],"floor_reached":33,"language":"KOR","playtime":742,"items_purged":["Strike_B","Defend_B"],"score":438,"play_id":"8d34b0d3-1a89-4c22-b313-99c3444a8779","local_time":"20210115205022","is_ascension_mode":true,"campfire_choices":[{"data":"Genetic Algorithm","floor":6,"key":"SMITH"},{"data":"Barrage","floor":10,"key":"SMITH"},{"data":"Conserve Battery","floor":12,"key":"SMITH"},{"data":"Static Discharge","floor":15,"key":"SMITH"},{"data":"Storm","floor":23,"key":"SMITH"},{"data":"Conserve Battery","floor":25,"key":"SMITH"},{"data":"Seek","floor":27,"key":"SMITH"},{"floor":32,"key":"REST"}],"circlet_count":0,"master_deck":["Strike_B+1","Strike_B+1","Defend_B","Zap+1","Dualcast","Stack","Undo","Genetic Algorithm+1","Barrage+1","Conserve Battery+1","Chill","Static Discharge+1","Seek+1","Conserve Battery+1","Storm+1"],"relics":["Cracked Core","Art of War","Akabeko","Whetstone","Inserter","Calipers","Anchor"],"acts_visited":["Exordium","TheCity"],"potions_floor_usage":[16,30,33,33],"damage_taken":[{"damage":0,"enemies":"Jaw Worm","floor":1,"turns":4},{"damage":1,"enemies":"2 Louse","floor":2,"turns":2},{"damage":7,"enemies":"Cultist","floor":3,"turns":4},{"damage":1,"enemies":"Looter","floor":5,"turns":4},{"damage":12,"enemies":"3 Sentries","floor":8,"turns":9},{"damage":4,"enemies":"Blue Slaver","floor":11,"turns":3},{"damage":4,"enemies":"Hexaghost","floor":16,"turns":9},{"damage":11,"enemies":"Spheric Guardian","floor":18,"turns":4},{"damage":0,"enemies":"3 Byrds","floor":20,"turns":6},{"damage":26,"enemies":"Snake Plant","floor":21,"turns":2},{"damage":12,"enemies":"Book of Stabbing","floor":24,"turns":5},{"damage":6,"enemies":"Shelled Parasite and Fungi","floor":28,"turns":5},{"damage":0,"enemies":"Colosseum Slavers","floor":30,"turns":4},{"damage":0,"enemies":"Snecko","floor":31,"turns":5},{"damage":53,"enemies":"Champ","floor":33,"turns":9}],"seed_played":"-6959012083652137955","potions_obtained":[{"floor":2,"key":"SkillPotion"},{"floor":3,"key":"Swift Potion"},{"floor":8,"key":"PotionOfCapacity"},{"floor":18,"key":"CultistPotion"},{"floor":20,"key":"FocusPotion"},{"floor":28,"key":"Block Potion"}],"is_trial":false,"path_per_floor":["M","M","M","?","M","R","?","E","T","R","M","R","$","?","R","B",null,"M","?","M","M","$","R","E","R","T","R","M","?","?","M","R","B"],"character_chosen":"DEFECT","items_purchased":["Static Discharge","Storm"],"campfire_rested":1,"item_purchase_floors":[13,22],"current_hp_per_floor":[54,53,46,39,38,38,38,26,26,26,22,22,22,22,22,18,75,64,64,64,38,38,38,26,26,26,26,20,6,6,6,30,0,0],"gold":122,"neow_bonus":"TRANSFORM_TWO_CARDS","is_daily":false,"chose_seed":false,"campfire_upgraded":7,"win_rate":0.0,"timestamp":1610711422,"path_taken":["M","M","M","?","M","R","?","E","T","R","?","R","$","?","R","BOSS","M","?","M","?","$","R","E","R","T","R","M","?","?","M","R","BOSS"],"items_purchased_type":["Card","Card"],"build_version":"2020-12-22","purchased_purges":2,"victory":false,"max_hp_per_floor":[75,75,75,75,75,75,75,75,75,75,75,75,75,75,75,75,75,75,75,75,75,75,75,75,75,75,75,75,80,80,80,80,80,80],"card_choices":[{"not_picked":["Hologram","Sunder"],"picked":"Genetic Algorithm","floor":1},{"not_picked":["Leap","Melter","Scrape"],"picked":"SKIP","floor":2},{"not_picked":["Coolheaded","Streamline"],"picked":"Barrage","floor":3},{"not_picked":["Sweeping Beam","Leap"],"picked":"Conserve Battery","floor":5},{"not_picked":["Hologram","Blizzard"],"picked":"Chill","floor":8},{"not_picked":["Sweeping Beam","Compile Driver","Darkness"],"picked":"SKIP","floor":11},{"not_picked":["Multi-Cast","Core Surge"],"picked":"Seek","floor":16},{"not_picked":["Stack+1","Lockon","Gash+1"],"picked":"SKIP","floor":18},{"not_picked":["Gash","Coolheaded"],"picked":"Conserve Battery","floor":20},{"not_picked":["Sunder+1","Redo","Sweeping Beam+1"],"picked":"SKIP","floor":21},{"not_picked":["Hologram","Beam Cell+1","Compile Driver+1"],"picked":"SKIP","floor":24},{"not_picked":["Go for the Eyes","Turbo","Leap"],"picked":"SKIP","floor":28},{"not_picked":["Streamline","FTL+1","Go for the Eyes"],"picked":"SKIP","floor":31}],"player_experience":152730,"relics_obtained":[{"floor":8,"key":"Akabeko"},{"floor":9,"key":"Whetstone"},{"floor":24,"key":"Calipers"},{"floor":26,"key":"Anchor"}],"event_choices":[{"damage_healed":0,"gold_gain":0,"player_choice":"Success","damage_taken":7,"relics_obtained":["Art of War"],"max_hp_gain":0,"max_hp_loss":0,"event_name":"Scrap Ooze","floor":4,"gold_loss":0},{"damage_healed":0,"gold_gain":0,"player_choice":"Upgraded","damage_taken":0,"max_hp_gain":0,"max_hp_loss":0,"event_name":"Upgrade Shrine","floor":7,"gold_loss":0,"cards_upgraded":["Zap"]},{"damage_healed":0,"gold_gain":0,"player_choice":"Ignored","damage_taken":0,"max_hp_gain":0,"max_hp_loss":0,"event_name":"Shining Light","floor":14,"gold_loss":0},{"cards_removed":["Defend_B"],"damage_healed":0,"gold_gain":0,"player_choice":"Card Removal","damage_taken":0,"max_hp_gain":0,"max_hp_loss":0,"event_name":"Wheel of Change","floor":19,"gold_loss":0},{"damage_healed":0,"gold_gain":0,"player_choice":"Shed Blood","damage_taken":19,"max_hp_gain":5,"max_hp_loss":0,"event_name":"Forgotten Altar","floor":29,"gold_loss":0},{"damage_healed":0,"gold_gain":0,"player_choice":"Fight","damage_taken":0,"max_hp_gain":0,"max_hp_loss":0,"event_name":"Colosseum","floor":30,"gold_loss":0},{"damage_healed":0,"gold_gain":0,"player_choice":"Fled From Nobs","damage_taken":0,"max_hp_gain":0,"max_hp_loss":0,"event_name":"Colosseum","floor":30,"gold_loss":0}],"is_beta":false,"boss_relics":[{"not_picked":["Cursed Key","FrozenCore"],"picked":"Inserter"}],"items_purged_floors":[13,22],"is_endless":false,"potions_floor_spawned":[2,3,8,18,20,21,28,30],"killed_by":"Champ","ascension_level":4}}