{"host":"ovxa65d68iy9l57e","time":1610748922,"event":{"mods":["AchievementEnabler","BaseMod","Better Altar","Better Skull","Better Vampires","Colored Map","Curses Come First","Minty Spire (QoL Compilation)","Relic Stats","StSLib"],"gold_per_floor":[115,115,41,59,79,110,120,120,147,174,201,226,238,99,99,200,200,216,216,176,196,207,207,207],"floor_reached":23,"language":"SPA","playtime":1619,"items_purged":["Parasite"],"score":233,"play_id":"835978dc-9f11-4b91-9c76-d6794247796c","local_time":"20210115231522","is_ascension_mode":true,"campfire_choices":[{"data":"ClearTheMind","floor":8,"key":"SMITH"},{"data":"Wallop","floor":15,"key":"SMITH"}],"circlet_count":0,"master_deck":["Strike_P","Strike_P","Strike_P","Strike_P","Defend_P","Defend_P","Defend_P","Defend_P","Eruption+1","Vigilance+1","Protect","BattleHymn","Wallop+1","ClearTheMind+1","Sanctity","Ragnarok+1","EmptyBody","InnerPeace","Establishment","Crescendo","MentalFortress"],"relics":["SacredBark","Centennial Puzzle","Boot","MawBank","Black Star"],"acts_visited":["Exordium","TheCity"],"potions_floor_usage":[6,11,16,21,22],"damage_taken":[{"damage":0,"enemies":"2 Louse","floor":1,"turns":3},{"damage":8,"enemies":"Cultist","floor":4,"turns":6},{"damage":0,"enemies":"Jaw Worm","floor":5,"turns":5},{"damage":10,"enemies":"Lagavulin","floor":6,"turns":6},{"damage":18,"enemies":"Exordium Wildlife","floor":7,"turns":9},{"damage":24,"enemies":"Gremlin Nob","floor":10,"turns":5},{"damage":0,"enemies":"Blue Slaver","floor":11,"turns":2},{"damage":2,"enemies":"3 Louse","floor":12,"turns":2},{"damage":9,"enemies":"Hexaghost","floor":16,"turns":7},{"damage":3,"enemies":"Spheric Guardian","floor":18,"turns":5},{"damage":6,"enemies":"Shell Parasite","floor":21,"turns":5},{"damage":12,"enemies":"Snake Plant","floor":22,"turns":3},{"damage":52,"enemies":"Book of Stabbing","floor":23,"turns":6}],"seed_played":"1573297348604903759","potions_obtained":[{"floor":5,"key":"Ancient Potion"},{"floor":10,"key":"Fire Potion"},{"floor":11,"key":"CultistPotion"},{"floor":16,"key":"EssenceOfSteel"},{"floor":21,"key":"PowerPotion"}],"is_trial":false,"path_per_floor":["M","?","$","M","M","E","M","R","T","E","M","M","?","$","R","B",null,"M","?","?","M","M","E"],"character_chosen":"WATCHER","items_purchased":["BattleHymn","InnerPeace"],"campfire_rested":0,"item_purchase_floors":[3,14],"current_hp_per_floor":[72,72,72,64,64,54,36,36,36,12,12,10,28,28,28,19,69,66,66,66,60,48,0,0],"gold":207,"neow_bonus":"BOSS_RELIC","is_daily":false,"chose_seed":false,"campfire_upgraded":2,"win_rate":0.0,"timestamp":1610748922,"path_taken":["M","?","?","?","M","E","M","R","T","E","M","M","?","$","R","BOSS","M","?","?","M","M","E"],"items_purchased_type":["Card","Card"],"build_version":"2020-12-22","purchased_purges":1,"victory":false,"max_hp_per_floor":[72,72,72,72,72,72,72,72,72,72,72,72,72,69,69,69,69,69,69,69,69,69,69,69],"relic_stats":{"Centennial Puzzle":[24],"counters":[13,64],"Black Star":0,"Boot":[0],"MawBank":48,"obtain_stats":[{"Centennial Puzzle":6,"SacredBark":0,"Black Star":17,"PureWater":0,"Boot":9,"MawBank":10},{"Centennial Puzzle":4,"SacredBark":0,"Black Star":9,"PureWater":0,"Boot":5,"MawBank":6},{"Centennial Puzzle":20,"SacredBark":0,"Black Star":45,"PureWater":0,"Boot":29,"MawBank":34}]},"card_choices":[{"not_picked":["PathToVictory","TalkToTheHand"],"picked":"Protect","floor":1},{"not_picked":["Prostrate","CutThroughFate"],"picked":"Wallop","floor":4},{"not_picked":["SashWhip","ThirdEye","CutThroughFate"],"picked":"SKIP","floor":5},{"not_picked":["Protect","WaveOfTheHand"],"picked":"ClearTheMind","floor":6},{"not_picked":["PathToVictory","Alpha"],"picked":"Sanctity","floor":7},{"not_picked":["Evaluate","SashWhip"],"picked":"Ragnarok","floor":10},{"not_picked":["WreathOfFlame","Weave"],"picked":"EmptyBody","floor":11},{"not_picked":["Swivel","Adaptation","SandsOfTime"],"picked":"SKIP","floor":12},{"not_picked":["Devotion","Vault"],"picked":"Establishment","floor":16},{"not_picked":["EmptyBody+1","CutThroughFate"],"picked":"Crescendo","floor":18},{"not_picked":["SignatureMove","PathToVictory","Wireheading"],"picked":"SKIP","floor":21},{"not_picked":["FlyingSleeves+1","Adaptation","Crescendo"],"picked":"SKIP","floor":22}],"player_experience":281559,"relics_obtained":[{"floor":6,"key":"Centennial Puzzle"},{"floor":9,"key":"Boot"},{"floor":10,"key":"MawBank"}],"event_choices":[{"damage_healed":0,"gold_gain":0,"player_choice":"Upgraded","damage_taken":0,"max_hp_gain":0,"max_hp_loss":0,"event_name":"Upgrade Shrine","floor":2,"gold_loss":0,"cards_upgraded":["Eruption"]},{"damage_healed":18,"gold_gain":0,"player_choice":"Healed and dodged fight","damage_taken":0,"max_hp_gain":0,"max_hp_loss":0,"event_name":"Mushrooms","floor":13,"gold_loss":0,"cards_obtained":["Parasite"]},{"damage_healed":0,"gold_gain":0,"player_choice":"Read","damage_taken":0,"max_hp_gain":0,"max_hp_loss":0,"event_name":"The Library","floor":19,"gold_loss":0,"cards_obtained":["MentalFortress"]},{"damage_healed":0,"gold_gain":0,"player_choice":"Upgraded Two","damage_taken":0,"max_hp_gain":0,"max_hp_loss":0,"event_name":"Designer","floor":20,"gold_loss":40,"cards_upgraded":["Ragnarok","Vigilance"]}],"is_beta":false,"boss_relics":[{"not_picked":["Calling Bell","Astrolabe"],"picked":"Black Star"}],"items_purged_floors":[14],"is_endless":false,"potions_floor_spawned":[5,10,11,16,21],"killed_by":"Book of Stabbing","ascension_level":3}}