{"host":"mmqs5ul2bvb60kyc","time":1610686158,"event":{"mods":["AchievementEnabler","BaseMod","Colored Map","Colored Powertips","Good Game Mod","Minty Spire (QoL Compilation)","Quick Restart","StSLib","The Marked"],"gold_per_floor":[119,132,146,163,163,163,190,205,205,205,130,141,174,74,74,178,178,190,201,201,214,89,102,119,119,143,143,143,178,178,196,196,298,348,368,382,482,500,520,551,561,265,265,170,187,214,225,237,237,237,237,237,89,119,119],"floor_reached":56,"language":"ZHS","playtime":4645,"items_purged":["theMarked:Strike","theMarked:Strike","theMarked:Strike","theMarked:Strike"],"score":1270,"play_id":"ac27d9c4-7231-4a33-a930-1cb6010f8487","local_time":"20210115124918","is_ascension_mode":false,"campfire_choices":[{"data":"Ragnarok","floor":6.0,"key":"SMITH"},{"data":"theMarked:Reabsorb","floor":10.0,"key":"SMITH"},{"data":"theMarked:EnhanceMovement","floor":15.0,"key":"SMITH"},{"floor":25.0,"key":"RECALL"},{"data":"theMarked:SelfDefenseTraining","floor":27.0,"key":"SMITH"},{"data":"theMarked:MaelstromOfLightning","floor":30.0,"key":"SMITH"},{"data":"theMarked:Levitate","floor":32.0,"key":"SMITH"},{"data":"Purity","floor":49,"key":"SMITH"},{"data":"theMarked:TurnInvisible","floor":52,"key":"SMITH"}],"circlet_count":0,"master_deck":["theMarked:Defend","theMarked:Defend+1","theMarked:Defend","theMarked:Defend","Ragnarok+1","theMarked:SelfDefenseTraining+1","theMarked:MaelstromOfLightning+1","theMarked:DeterminationOfTheMarked","theMarked:Reabsorb+1","theMarked:EnhanceMovement+1","theMarked:Levitate+1","theMarked:UnarmedFury","theMarked:FavorableWinds","theMarked:AttractMetal+1","theMarked:TurnInvisible+1","theMarked:Panic+1","theMarked:Overcharge","theMarked:HeritageOfTheMarked+1","theMarked:EnhanceMovement+1","Purity+1","theMarked:UnarmedFury","theMarked:MysticalArsenal+1"],"relics":["theMarked:ArtifactOfAir","REME:ComplimentaryCards","NeowsBlessing","Akabeko","White Beast Statue","Question Card","Runic Pyramid","Regal Pillow","Tiny House","Singing Bowl","Vajra","theMarked:Gun","Juzu Bracelet","Medical Kit","Bottled Tornado"],"acts_visited":["Exordium","TheCity","TheBeyond","TheEnding"],"potions_floor_usage":[46,48,54,55,55,55,55,55,55],"damage_taken":[{"damage":0.0,"enemies":"Cultist","floor":1.0,"turns":1.0},{"damage":0.0,"enemies":"Small Slimes","floor":2.0,"turns":1.0},{"damage":0.0,"enemies":"Jaw Worm","floor":3.0,"turns":1.0},{"damage":3.0,"enemies":"Red Slaver","floor":4.0,"turns":2.0},{"damage":31.0,"enemies":"3 Sentries","floor":7.0,"turns":6.0},{"damage":0.0,"enemies":"2 Fungi Beasts","floor":8.0,"turns":2.0},{"damage":0.0,"enemies":"Looter","floor":12.0,"turns":3.0},{"damage":0.0,"enemies":"Lagavulin","floor":13.0,"turns":2.0},{"damage":7.0,"enemies":"The Guardian","floor":16.0,"turns":8.0},{"damage":0.0,"enemies":"Chosen","floor":18.0,"turns":2.0},{"damage":2.0,"enemies":"Shell Parasite","floor":19.0,"turns":2.0},{"damage":0.0,"enemies":"Snecko","floor":21.0,"turns":2.0},{"damage":0.0,"enemies":"Shelled Parasite and Fungi","floor":23.0,"turns":2.0},{"damage":0.0,"enemies":"Snake Plant","floor":24.0,"turns":2.0},{"damage":27.0,"enemies":"Book of Stabbing","floor":29.0,"turns":3.0},{"damage":0.0,"enemies":"Snecko","floor":31.0,"turns":3.0},{"damage":20.0,"enemies":"Collector","floor":33.0,"turns":7.0},{"damage":6.0,"enemies":"Orb Walker","floor":35.0,"turns":3.0},{"damage":15.0,"enemies":"3 Shapes","floor":36.0,"turns":4.0},{"damage":15.0,"enemies":"Sphere and 2 Shapes","floor":38.0,"turns":3.0},{"damage":0.0,"enemies":"3 Darklings","floor":39.0,"turns":4.0},{"damage":0.0,"enemies":"Giant Head","floor":40.0,"turns":6.0},{"damage":0.0,"enemies":"Jaw Worm Horde","floor":41.0,"turns":3.0},{"damage":1.0,"enemies":"Sphere and 2 Shapes","floor":45.0,"turns":3.0},{"damage":3,"enemies":"Reptomancer","floor":46,"turns":4},{"damage":0,"enemies":"Transient","floor":47,"turns":5},{"damage":10,"enemies":"4 Shapes","floor":48,"turns":5},{"damage":27,"enemies":"Awakened One","floor":50,"turns":6},{"damage":11,"enemies":"Shield and Spear","floor":54,"turns":4},{"damage":43,"enemies":"The Heart","floor":55,"turns":6}],"seed_played":"7749851927655243176","potions_obtained":[{"floor":2.0,"key":"theMarked:ChargePotion"},{"floor":3.0,"key":"Fire Potion"},{"floor":8.0,"key":"SkillPotion"},{"floor":13.0,"key":"Swift Potion"},{"floor":18.0,"key":"ColorlessPotion"},{"floor":21.0,"key":"PowerPotion"},{"floor":23.0,"key":"Fire Potion"},{"floor":24.0,"key":"Fruit Juice"},{"floor":29.0,"key":"FearPotion"},{"floor":31.0,"key":"Block Potion"},{"floor":33.0,"key":"BlessingOfTheForge"},{"floor":34.0,"key":"EntropicBrew"},{"floor":35.0,"key":"Fire Potion"},{"floor":36.0,"key":"Block Potion"},{"floor":38.0,"key":"Regen Potion"},{"floor":40.0,"key":"Block Potion"},{"floor":41.0,"key":"theMarked:ChargePotion"},{"floor":45.0,"key":"Strength Potion"},{"floor":46,"key":"PowerPotion"},{"floor":48,"key":"BlessingOfTheForge"},{"floor":54,"key":"CultistPotion"}],"is_trial":false,"path_per_floor":["M","M","M","M","?","R","E","M","T","R","$","M","E","$","R","B",null,"M","M","?","M","$","M","M","R","T","R","$","E","R","M","R","B",null,"M","M","?","M","M","E","M","$","T","$","M","E","M","M","R","B",null,"R","$","E","B",null],"character_chosen":"THE_DEFAULT","items_purchased":["Vajra","Purity","Medical Kit"],"campfire_rested":0,"item_purchase_floors":[42,44,53],"current_hp_per_floor":[70,70,70,67,67,67,36,36,36,36,36,36,36,36,36,29,70,70,68,68,68,68,68,73,73,73,73,73,46,46,46,46,26,80,74,59,59,44,44,59,61,61,61,61,62,59,59,51,51,24,86,86,86,77,34],"gold":119,"neow_bonus":"THREE_ENEMY_KILL","is_daily":false,"chose_seed":false,"campfire_upgraded":8,"win_rate":0.0,"timestamp":1610686158,"path_taken":["M","M","?","M","?","R","E","M","T","R","$","?","E","?","R","BOSS","M","M","?","M","$","M","M","R","T","R","$","E","R","M","R","BOSS","M","M","?","?","M","E","M","$","T","$","M","E","M","M","R","BOSS","R","$","E","BOSS"],"items_purchased_type":["Relic","Card","Relic"],"build_version":"2020-12-22","purchased_purges":4,"victory":true,"max_hp_per_floor":[70,70,70,70,70,70,70,70,70,70,70,70,70,70,70,70,70,70,70,70,70,70,70,75,75,75,75,75,75,75,75,75,75,80,80,80,80,80,80,80,82,82,82,82,84,84,84,86,86,86,86,86,86,88,88],"card_choices":[{"not_picked":["theMarked:HeightenedSenses","theMarked:EmpowerWeapon"],"picked":"theMarked:SelfDefenseTraining","floor":1.0},{"not_picked":["theMarked:Electrocute","theMarked:EmpowerWeapon"],"picked":"theMarked:MaelstromOfLightning","floor":2.0},{"not_picked":["theMarked:WardOff","theMarked:ShockingTouch"],"picked":"theMarked:DeterminationOfTheMarked","floor":3.0},{"not_picked":["theMarked:MysticalArsenal","theMarked:SwordAndMagic"],"picked":"theMarked:Reabsorb","floor":4.0},{"not_picked":["theMarked:Improvise","theMarked:WastefulAttack","theMarked:Seal"],"picked":"SKIP","floor":7.0},{"not_picked":["theMarked:Aftermath","theMarked:SwordAndMagic"],"picked":"theMarked:EnhanceMovement","floor":8.0},{"not_picked":["theMarked:MaelstromOfLightning","theMarked:WastefulDefense"],"picked":"theMarked:Levitate","floor":12.0},{"not_picked":["theMarked:ContemptForTheProud","theMarked:Electrify"],"picked":"theMarked:UnarmedFury","floor":13.0},{"not_picked":["theMarked:Challenge","theMarked:TurnInvisible","theMarked:Levitate"],"picked":"theMarked:FavorableWinds","floor":16.0},{"not_picked":["theMarked:Electrocute","theMarked:SwordAndMagic","theMarked:TwofoldDefense+1","theMarked:ChainLightning"],"picked":"SKIP","floor":18.0},{"not_picked":["theMarked:Seal","theMarked:Aftermath+1","theMarked:Static","theMarked:TwofoldDefense"],"picked":"SKIP","floor":19.0},{"not_picked":["theMarked:RepellingDischarge+1","theMarked:Aftermath","theMarked:HeightenedSenses+1","theMarked:SelfDefenseTraining+1"],"picked":"SKIP","floor":21.0},{"not_picked":["theMarked:KeepCalmAndFightOn","theMarked:GodGivenPower+1","theMarked:EternalStudent","theMarked:Parry+1"],"picked":"SKIP","floor":23.0},{"not_picked":["theMarked:Seal","theMarked:WastefulAttack","theMarked:Indomitable"],"picked":"theMarked:AttractMetal+1","floor":24.0},{"not_picked":["theMarked:Frustration","theMarked:ComboAttacks","theMarked:RogueSparks","theMarked:BanishingStrike"],"picked":"SKIP","floor":29.0},{"not_picked":["theMarked:ChainLightning+1","theMarked:WastefulAttack","theMarked:Overthink+1","theMarked:KeepCalmAndFightOn"],"picked":"SKIP","floor":31.0},{"not_picked":["theMarked:Defy","theMarked:SuspiciousRaven","theMarked:MagicAdept"],"picked":"theMarked:TurnInvisible","floor":33.0},{"not_picked":["theMarked:Overthink+1","theMarked:EmpowerWeapon","theMarked:HeightenedSenses+1"],"picked":"theMarked:Panic+1","floor":35.0},{"not_picked":["theMarked:Static+1","theMarked:ShockingTouch+1","theMarked:WastefulDefense+1"],"picked":"theMarked:Overcharge","floor":36.0},{"not_picked":["theMarked:SuspiciousRaven","theMarked:WastefulAttack+1","theMarked:MaelstromOfLightning"],"picked":"theMarked:HeritageOfTheMarked+1","floor":38.0},{"not_picked":["theMarked:Aftermath","theMarked:WardOff+1","theMarked:Static","theMarked:MaelstromOfLightning"],"picked":"SKIP","floor":39.0},{"not_picked":["theMarked:EternalStudent","theMarked:BanishingWave","theMarked:AttractMetal"],"picked":"theMarked:EnhanceMovement+1","floor":40.0},{"not_picked":["theMarked:Static+1","theMarked:Overthink","theMarked:Opportunist+1","theMarked:Frustration"],"picked":"Singing Bowl","floor":41.0},{"not_picked":["theMarked:ParalyzingBlade+1","theMarked:SwordAndMagic","theMarked:ElectricStrings+1","theMarked:WastefulAttack+1"],"picked":"Singing Bowl","floor":45.0},{"not_picked":["theMarked:MaelstromOfLightning","theMarked:CreepingChasm","theMarked:Aftermath"],"picked":"theMarked:UnarmedFury","floor":46},{"not_picked":["theMarked:ElectricStrings","theMarked:ChainLightning+1","theMarked:ResourceFulStrike+1"],"picked":"theMarked:MysticalArsenal+1","floor":47},{"not_picked":["theMarked:WastefulAttack","theMarked:Frustration","theMarked:Overthink","theMarked:WastefulDefense+1"],"picked":"Singing Bowl","floor":48},{"not_picked":["theMarked:TwofoldDefense","theMarked:Polarize+1","theMarked:Static+1","theMarked:Reabsorb+1"],"picked":"Singing Bowl","floor":54}],"player_experience":256705,"relics_obtained":[{"floor":7.0,"key":"Akabeko"},{"floor":9.0,"key":"White Beast Statue"},{"floor":13.0,"key":"Question Card"},{"floor":29.0,"key":"Regal Pillow"},{"floor":40.0,"key":"Singing Bowl"},{"floor":43.0,"key":"theMarked:Gun"},{"floor":46,"key":"Juzu Bracelet"},{"floor":54,"key":"Bottled Tornado"}],"event_choices":[{"cards_removed":["theMarked:Strike"],"damage_healed":0.0,"max_hp_gain":0.0,"max_hp_loss":0.0,"gold_gain":0.0,"event_name":"Purifier","player_choice":"Purged","floor":5.0,"gold_loss":0.0,"damage_taken":0.0},{"cards_removed":["theMarked:SoldierOfQuellstein"],"damage_healed":0.0,"max_hp_gain":0.0,"max_hp_loss":0.0,"gold_gain":0.0,"event_name":"Purifier","player_choice":"Purged","floor":20.0,"gold_loss":0.0,"damage_taken":0.0},{"damage_healed":0.0,"max_hp_gain":0.0,"max_hp_loss":0.0,"gold_gain":100.0,"event_name":"Golden Shrine","player_choice":"Pray","floor":37.0,"gold_loss":0.0,"damage_taken":0.0}],"is_beta":false,"boss_relics":[{"not_picked":["Coffee Dripper","Philosopher\u0027s Stone"],"picked":"Runic Pyramid"},{"not_picked":["Snecko Eye","Velvet Choker"],"picked":"Tiny House"}],"items_purged_floors":[11,14,22,42],"is_endless":false,"potions_floor_spawned":[2,3,8,12,13,16,18,19,21,23,24,29,31,33,35,36,38,39,40,41,45,46,47,48,54],"ascension_level":0}}