{"host":"1ekl8hlbnopmdapi","time":1610687776,"event":{"mods":["AchievementEnabler","BaseMod","Colored Map","Colored Powertips","DeckTracker","Googly Eyes","Highlight Path","Minty Spire (QoL Compilation)","Relic Sorter","StSLib","Synergy Search"],"gold_per_floor":[112,112,83,83,103,130,147,147,147,165,194,194,220,39,39,142,142,153,153,208,227,245,245,245,245,245,193,193,204,55,55,55,55,55],"floor_reached":33,"language":"ENG","playtime":747,"items_purged":[],"score":411,"play_id":"7bec2a4f-1a25-4847-bbc9-3a7722f96488","local_time":"20210115001616","is_ascension_mode":true,"campfire_choices":[{"floor":8,"key":"RECALL"},{"floor":12,"key":"REST"},{"floor":15,"key":"REST"},{"floor":23,"key":"REST"},{"floor":25,"key":"REST"},{"data":"Zap","floor":28,"key":"SMITH"},{"floor":32,"key":"REST"}],"circlet_count":0,"master_deck":["Strike_B","Strike_B","Strike_B","Strike_B","Defend_B","Defend_B","Defend_B","Defend_B","Zap+1","Dualcast","Sweeping Beam","FTL","Go for the Eyes","Genetic Algorithm","Reinforced Body","Capacitor","Stack","Echo Form","Ball Lightning+1","Ball Lightning+1","Ball Lightning","Steam"],"relics":["Cracked Core","NeowsBlessing","Turnip","Matryoshka","Nunchaku","PreservedInsect","ClockworkSouvenir","Inserter","Lantern","Juzu Bracelet","Strawberry","Regal Pillow","MealTicket"],"acts_visited":["Exordium","TheCity"],"potions_floor_usage":[11,16,16,21,29,33],"damage_taken":[{"damage":0,"enemies":"2 Louse","floor":1,"turns":1},{"damage":0,"enemies":"Jaw Worm","floor":5,"turns":1},{"damage":0,"enemies":"3 Sentries","floor":6,"turns":1},{"damage":1,"enemies":"Cultist","floor":7,"turns":3},{"damage":4,"enemies":"Looter","floor":10,"turns":3},{"damage":35,"enemies":"Lagavulin","floor":11,"turns":6},{"damage":40,"enemies":"3 Sentries","floor":13,"turns":6},{"damage":25,"enemies":"The Guardian","floor":16,"turns":14},{"damage":28,"enemies":"Chosen","floor":18,"turns":8},{"damage":0,"enemies":"3 Byrds","floor":21,"turns":3},{"damage":25,"enemies":"Cultist and Chosen","floor":22,"turns":5},{"damage":22,"enemies":"Snecko","floor":29,"turns":5},{"damage":72,"enemies":"Collector","floor":33,"turns":7}],"seed_played":"-2036385104943071890","potions_obtained":[{"floor":5,"key":"BlessingOfTheForge"},{"floor":10,"key":"ColorlessPotion"},{"floor":11,"key":"DuplicationPotion"},{"floor":16,"key":"Ancient Potion"},{"floor":18,"key":"ColorlessPotion"},{"floor":22,"key":"SteroidPotion"}],"is_trial":false,"path_per_floor":["M","?","?","?","M","E","M","R","T","M","E","R","E","$","R","B",null,"M","?","T","M","M","R","?","R","T","$","R","M","$","?","R","B"],"character_chosen":"DEFECT","items_purchased":["ClockworkSouvenir","Stack","Ball Lightning","MealTicket"],"campfire_rested":5,"item_purchase_floors":[14,14,27,30],"current_hp_per_floor":[68,73,73,73,73,73,72,72,72,68,33,57,17,17,41,16,64,36,36,36,36,11,35,35,59,66,66,66,44,44,27,69,0,0],"gold":55,"neow_bonus":"THREE_ENEMY_KILL","is_daily":false,"chose_seed":false,"campfire_upgraded":1,"win_rate":0.0,"timestamp":1610687776,"path_taken":["M","?","?","?","M","E","M","R","T","M","E","R","E","$","R","BOSS","M","?","?","M","?","R","?","R","T","?","R","M","$","?","R","BOSS"],"items_purchased_type":["Relic","Card","Card","Relic"],"build_version":"2020-12-22","purchased_purges":0,"victory":false,"max_hp_per_floor":[75,80,80,80,80,80,80,80,80,80,80,80,80,80,80,80,80,80,80,80,80,80,80,80,80,87,87,87,87,87,92,92,92,92],"card_choices":[{"not_picked":["Reprogram","Redo"],"picked":"Sweeping Beam","floor":1},{"not_picked":["Storm","Heatsinks","Chill"],"picked":"SKIP","floor":5},{"not_picked":["Streamline","Chaos"],"picked":"FTL","floor":6},{"not_picked":["Undo","Blizzard"],"picked":"Go for the Eyes","floor":7},{"not_picked":["Reprogram","Redo"],"picked":"Genetic Algorithm","floor":10},{"not_picked":["Redo","Blizzard"],"picked":"Reinforced Body","floor":11},{"not_picked":["Force Field","Creative AI"],"picked":"Capacitor","floor":13},{"not_picked":["Thunder Strike","Multi-Cast"],"picked":"Echo Form","floor":16},{"not_picked":["Barrage+1","Gash"],"picked":"Ball Lightning+1","floor":18},{"not_picked":["Self Repair","Gash"],"picked":"Ball Lightning+1","floor":21},{"not_picked":["Turbo","Skim"],"picked":"Aggregate","floor":22},{"not_picked":["Gash","Rip and Tear"],"picked":"Steam","floor":29}],"player_experience":451375,"relics_obtained":[{"floor":6,"key":"Turnip"},{"floor":9,"key":"Matryoshka"},{"floor":11,"key":"Nunchaku"},{"floor":13,"key":"PreservedInsect"},{"floor":20,"key":"Lantern"},{"floor":26,"key":"Strawberry"},{"floor":26,"key":"Regal Pillow"}],"event_choices":[{"damage_healed":0,"gold_gain":0,"player_choice":"Donut","damage_taken":0,"max_hp_gain":5,"max_hp_loss":0,"event_name":"Big Fish","floor":2,"gold_loss":0},{"damage_healed":0,"gold_gain":0,"player_choice":"Left Gold","damage_taken":0,"max_hp_gain":0,"max_hp_loss":0,"event_name":"World of Goop","floor":3,"gold_loss":29},{"damage_healed":0,"gold_gain":0,"player_choice":"Ignored","damage_taken":0,"max_hp_gain":0,"max_hp_loss":0,"event_name":"Liars Game","floor":4,"gold_loss":0},{"damage_healed":0,"gold_gain":0,"player_choice":"Ignored","damage_taken":0,"max_hp_gain":0,"max_hp_loss":0,"event_name":"Cursed Tome","floor":19,"gold_loss":0},{"cards_removed":["Aggregate"],"damage_healed":0,"gold_gain":0,"player_choice":"Gave Card","damage_taken":0,"relics_obtained":["Juzu Bracelet"],"max_hp_gain":0,"max_hp_loss":0,"event_name":"WeMeetAgain","floor":24,"gold_loss":0},{"damage_healed":0,"gold_gain":0,"player_choice":"Shed Blood","damage_taken":22,"max_hp_gain":5,"max_hp_loss":0,"event_name":"Forgotten Altar","floor":31,"gold_loss":0}],"is_beta":false,"boss_relics":[{"not_picked":["Sozu","Runic Dome"],"picked":"Inserter"}],"items_purged_floors":[],"is_endless":false,"potions_floor_spawned":[5,10,11,16,18,22],"killed_by":"Collector","ascension_level":7}}