{"host":"i0avyit1s6jb1siw","time":1610712813,"event":{"mods":["BaseMod","DeckTracker","Dota2Spire","Highlight Path","Minty Spire (QoL Compilation)","Quick Restart","StSLib","SuperFastMode"],"gold_per_floor":[111,123,123,138,63,63,63,63,63,87,110,110,149,168,168,261,261,282,182,182,232,232,232,257,257,257],"floor_reached":25,"language":"ENG","playtime":1023,"items_purged":["Strike_G","Strike_G"],"score":402,"play_id":"e44833a1-80fd-4206-ac3a-dd3bc74c2e24","local_time":"20210115131333","is_ascension_mode":true,"campfire_choices":[{"data":"Blade Dance","floor":6,"key":"SMITH"},{"data":"Neutralize","floor":12,"key":"SMITH"},{"data":"Envenom","floor":15,"key":"SMITH"},{"data":"Wraith Form v2","floor":23,"key":"SMITH"}],"circlet_count":0,"master_deck":["AscendersBane","Strike_G","Strike_G","Strike_G","Defend_G","Defend_G","Defend_G","Defend_G","Defend_G","Survivor","Neutralize+1","Blade Dance+1","Escape Plan","Dagger Throw","Dash","Masterful Stab","Noxious Fumes","Envenom+1","Wraith Form v2+1","Well Laid Plans","Blade Dance"],"relics":["Ring of the Snake","NeowsBlessing","Golden Idol","InkBottle","Bottled Lightning","Lantern","Dota2Spire:Bloodstone","CultistMask"],"acts_visited":["Exordium","TheCity"],"potions_floor_usage":[13],"damage_taken":[{"damage":0,"enemies":"2 Louse","floor":1,"turns":1},{"damage":0,"enemies":"Small Slimes","floor":2,"turns":1},{"damage":0,"enemies":"Cultist","floor":4,"turns":1},{"damage":2,"enemies":"Lots of Slimes","floor":10,"turns":6},{"damage":0,"enemies":"2 Fungi Beasts","floor":11,"turns":3},{"damage":5,"enemies":"Gremlin Nob","floor":13,"turns":3},{"damage":0,"enemies":"Large Slime","floor":14,"turns":5},{"damage":25,"enemies":"The Guardian","floor":16,"turns":10},{"damage":3,"enemies":"Shell Parasite","floor":18,"turns":5},{"damage":10,"enemies":"Spheric Guardian","floor":24,"turns":4},{"damage":42,"enemies":"Slavers","floor":25,"turns":5}],"seed_played":"2843423456258567568","potions_obtained":[{"floor":4,"key":"CunningPotion"},{"floor":13,"key":"Explosive Potion"},{"floor":14,"key":"SkillPotion"}],"is_trial":false,"path_per_floor":["M","M","?","M","$","R","?","?","T","M","M","R","E","M","R","B",null,"M","$","?","?","?","R","M","E"],"character_chosen":"THE_SILENT","items_purchased":[],"campfire_rested":0,"item_purchase_floors":[],"current_hp_per_floor":[59,59,59,59,59,59,54,54,54,52,52,52,47,47,47,22,51,48,48,48,48,48,48,38,0,0],"gold":257,"neow_bonus":"THREE_ENEMY_KILL","is_daily":false,"chose_seed":false,"campfire_upgraded":4,"win_rate":0.0,"timestamp":1610712813,"path_taken":["M","M","?","M","$","R","?","?","T","M","M","R","E","M","R","BOSS","M","$","?","?","?","R","?","E"],"items_purchased_type":[],"build_version":"2020-12-22","purchased_purges":2,"victory":false,"max_hp_per_floor":[66,66,60,60,60,60,60,60,60,60,60,60,60,60,60,60,60,60,60,60,60,60,60,60,60,60],"card_choices":[{"not_picked":["Outmaneuver","Finisher"],"picked":"Blade Dance","floor":1},{"not_picked":["Deadly Poison","Cloak And Dagger"],"picked":"Escape Plan","floor":2},{"not_picked":["Expertise","Backflip"],"picked":"Dagger Throw","floor":4},{"not_picked":["Acrobatics","Leg Sweep"],"picked":"Dash","floor":10},{"not_picked":["Slice","Well Laid Plans"],"picked":"Masterful Stab","floor":11},{"not_picked":["Caltrops","Dodge and Roll"],"picked":"Noxious Fumes","floor":13},{"not_picked":["Deadly Poison","Sucker Punch"],"picked":"Envenom","floor":14},{"not_picked":["Bullet Time","Phantasmal Killer"],"picked":"Wraith Form v2","floor":16},{"not_picked":["Calculated Gamble","Slice"],"picked":"Well Laid Plans","floor":18},{"not_picked":["Acrobatics+1","Riddle With Holes+1"],"picked":"Blade Dance","floor":24}],"player_experience":2237821,"relics_obtained":[{"floor":9,"key":"Bottled Lightning"},{"floor":13,"key":"Lantern"}],"event_choices":[{"damage_healed":0,"gold_gain":0,"player_choice":"Lose Max HP","damage_taken":0,"relics_obtained":["Golden Idol"],"max_hp_gain":0,"max_hp_loss":6,"event_name":"Golden Idol","floor":3,"gold_loss":0},{"damage_healed":0,"gold_gain":0,"player_choice":"Success","damage_taken":5,"relics_obtained":["InkBottle"],"max_hp_gain":0,"max_hp_loss":0,"event_name":"Scrap Ooze","floor":7,"gold_loss":0},{"damage_healed":0,"gold_gain":0,"player_choice":"Ignored","damage_taken":0,"max_hp_gain":0,"max_hp_loss":0,"event_name":"Liars Game","floor":8,"gold_loss":0},{"damage_healed":0,"gold_gain":0,"player_choice":"Ignored","damage_taken":0,"max_hp_gain":0,"max_hp_loss":0,"event_name":"Vampires","floor":20,"gold_loss":0},{"damage_healed":0,"gold_gain":50,"player_choice":"Stole From Cult","damage_taken":0,"max_hp_gain":0,"max_hp_loss":0,"event_name":"Nest","floor":21,"gold_loss":0},{"damage_healed":0,"gold_gain":0,"player_choice":"Trade","damage_taken":0,"relics_obtained":["CultistMask"],"max_hp_gain":0,"max_hp_loss":0,"event_name":"FaceTrader","floor":22,"gold_loss":0}],"is_beta":false,"boss_relics":[{"not_picked":["Coffee Dripper","SacredBark"],"picked":"Dota2Spire:Bloodstone"}],"items_purged_floors":[5,19],"is_endless":false,"potions_floor_spawned":[4,13,14,16,18,24],"killed_by":"Slavers","ascension_level":20}}