{"host":"el64n55ujqqj0ju7","time":1610730412,"event":{"mods":["AchievementEnabler","Act Like it!","BaseMod","Beaked The Cultist","Better Altar","Better Third Choice","BetterRewards","Card Forge","Colored Map","Conspire","Downfall","Hallownest","Hermit","Hubris","Infinite Spire","Lobotomy","Minty Spire (QoL Compilation)","Rare Cards Sparkle","Replay The Spire","Spicy Shops","Spikes Relics","StSLib","The Bug Knight","The Hierophant"],"gold_per_floor":[115,115,183,99,116,116,150,167,167,201,219,235,264,189,189,292,292,308,327,339,339,349,384,396,426,426,426,458,66,66,66,66,170,170,200,400,400,436,436,496,496,496,569,637,637,706,772,837,837,837],"floor_reached":51,"language":"ENG","playtime":3462,"items_purged":["Strike_B","Strike_B"],"score":1099,"play_id":"30730db5-b428-4fde-b7ce-e5e8b5d65b20","local_time":"20210115120652","is_ascension_mode":true,"campfire_choices":[{"data":"Replay:SS_hec_2","floor":6,"key":"SMITH"},{"data":"Redo","floor":15,"key":"SMITH"},{"floor":27,"key":"REST"},{"data":"Zap","floor":41,"key":"SMITH"},{"data":"Coolheaded","floor":45,"key":"SMITH"},{"data":"White Noise","floor":49,"key":"SMITH"}],"circlet_count":0,"master_deck":["Strike_B","Defend_B","Defend_B","Defend_B","Defend_B","Zap+1","Dualcast","Replay:SS_hec_2+1","Conserve Battery","Ball Lightning","Redo+1","Coolheaded+1","Creative AI+1","Melter","Hologram+1","Loop+1","Creative AI+1","AbeCurse","ReplayTheSpireMod:Calculation Training+1","Cold Snap+1","FIFO Queue+1","Hello World+1","Compile Driver","Echo Form+1","Electrodynamics+1","Defragment+1","infinitespire:Collect+1","Coolheaded+1","Heatsinks+1","White Noise+1"],"relics":["Cracked Core","Hammer of Thor","Seething Fire","Anvil of the Gods","HollowMod:LifeEnderRelic","Frozen Egg 2","Mummified Hand","GiantMaggot","conspire:TopHat","Odd Mushroom","Abe\u0027s Treasure","ReplayTheSpireMod:TigerMarble","Snack Pack","RollingBoulder","Membership Card","Gambling Chip","Pet Ghost","hubris:Icosahedron","beaked:SacredDeck","infinitespire:EvilPickle","hubris:MedicalManual","ZombieTooth","hubris:Reverence","MiniBlackHole","infinitespire:Eraser"],"acts_visited":["Exordium","TheCity","TheBeyond"],"potions_floor_usage":[23,24,36,38,50,50],"damage_taken":[{"damage":5,"enemies":"2 Louse","floor":1,"turns":2},{"damage":0,"enemies":"Jaw Worm","floor":5,"turns":4},{"damage":2,"enemies":"HollowMod:MossKnight","floor":7,"turns":10},{"damage":0,"enemies":"conspire:RoseBush","floor":8,"turns":3},{"damage":0,"enemies":"Lagavulin","floor":10,"turns":6},{"damage":1,"enemies":"2 Fungi Beasts","floor":11,"turns":4},{"damage":4,"enemies":"3 Louse","floor":12,"turns":3},{"damage":4,"enemies":"The Mushroom Lair","floor":13,"turns":6},{"damage":0,"enemies":"The Guardian","floor":16,"turns":10},{"damage":0,"enemies":"Spheric Guardian","floor":18,"turns":1},{"damage":0,"enemies":"conspire:FuzzyDice","floor":19,"turns":5},{"damage":0,"enemies":"Shelled Parasite and Fungi","floor":20,"turns":6},{"damage":0,"enemies":"Snecko","floor":22,"turns":5},{"damage":27,"enemies":"Slavers","floor":23,"turns":3},{"damage":8,"enemies":"Centurion and Healer","floor":24,"turns":8},{"damage":11,"enemies":"Replay:Snechameleon","floor":25,"turns":5},{"damage":3,"enemies":"Gremlin Leader","floor":28,"turns":5},{"damage":0,"enemies":"Pondfish","floor":33,"turns":8},{"damage":15,"enemies":"Orb Walker","floor":35,"turns":5},{"damage":0,"enemies":"infinitespire:Three Voidlings","floor":36,"turns":1},{"damage":8,"enemies":"Nightmare_Alpha","floor":36,"turns":7},{"damage":1,"enemies":"3 Shapes","floor":38,"turns":4},{"damage":7,"enemies":"HollowMod:StalkingDevout","floor":40,"turns":7},{"damage":0,"enemies":"Giant Head","floor":44,"turns":6},{"damage":0,"enemies":"R_Hoarder","floor":46,"turns":5},{"damage":0,"enemies":"Maw","floor":47,"turns":5},{"damage":18,"enemies":"4 Shapes","floor":48,"turns":4},{"damage":38,"enemies":"conspire:OrnateMirror","floor":50,"turns":6}],"seed_played":"-2477740090841876408","potions_obtained":[{"floor":7,"key":"Fire Potion"},{"floor":8,"key":"Swift Potion"},{"floor":12,"key":"SpeedPotion"},{"floor":19,"key":"FocusPotion"},{"floor":24,"key":"Explosive Potion"},{"floor":28,"key":"FearPotion"},{"floor":33,"key":"SmokeBomb"},{"floor":38,"key":"FearPotion"},{"floor":40,"key":"SteroidPotion"},{"floor":47,"key":"sneckomod:MuddlingPotion"},{"floor":48,"key":"DuplicationPotion"}],"is_trial":false,"path_per_floor":["M","?","T","?","M","R","E","M","T","E","M","M","?","$","R","B",null,"M","M","M","?","M","E","M","E","T","R","E","$","?","$","R_BF","B",null,"M","?","?","M","?","E","R","T","T","E","R","E","M","M","R","B",null],"character_chosen":"DEFECT","items_purchased":["Membership Card","Gambling Chip","Pet Ghost"],"campfire_rested":1,"item_purchase_floors":[29,29,29],"current_hp_per_floor":[70,70,70,70,70,70,68,68,68,68,67,63,59,59,59,59,75,75,75,75,72,72,45,37,26,26,48,49,49,49,49,71,75,75,60,60,60,59,59,56,56,56,56,60,60,68,74,56,56,22],"gold":837,"neow_bonus":"RANDOM_COLORLESS","is_daily":false,"chose_seed":false,"campfire_upgraded":5,"win_rate":0.0,"timestamp":1610730412,"path_taken":["M","?","?","?","?","R","E","M","T","E","M","?","?","$","R","BOSS","M","M","M","?","M","E","?","E","T","R","E","$","?","?","R_BF","BOSS","M","?","?","M","?","E","R","?","T","E","R","E","?","M","R","BOSS"],"items_purchased_type":["Relic","Relic","Relic"],"build_version":"2020-12-22","purchased_purges":2,"victory":true,"max_hp_per_floor":[75,75,75,75,75,75,75,75,75,75,75,75,75,75,75,75,75,75,75,75,75,75,75,75,75,75,75,75,75,75,75,75,75,75,75,75,75,75,75,75,75,75,75,75,75,75,75,75,75,75],"card_choices":[{"not_picked":["Dramatic Entrance","expansioncontent:FaceSlap"],"picked":"Replay:SS_hec_2","floor":0},{"not_picked":["Steam","Time Bomb"],"picked":"Conserve Battery","floor":1},{"not_picked":["Conserve Battery","Compile Driver"],"picked":"Ball Lightning","floor":5},{"not_picked":["Undo","Stack"],"picked":"Redo","floor":7},{"not_picked":["Rebound","Lockon"],"picked":"Coolheaded","floor":8},{"not_picked":["BasicCrystalCard","Gash"],"picked":"Creative AI+1","floor":10},{"not_picked":["Conserve Battery","Stack"],"picked":"Melter","floor":11},{"not_picked":["Aggregate","Stack"],"picked":"Hologram","floor":12},{"not_picked":["BasicCrystalCard","Leap"],"picked":"Loop+1","floor":13},{"not_picked":["hubris:DoWhile","Machine Learning+1"],"picked":"Creative AI+1","floor":16},{"not_picked":["Conserve Battery","Coolheaded"],"picked":"ReplayTheSpireMod:Calculation Training+1","floor":18},{"not_picked":["Go for the Eyes","Hologram","Melter+1"],"picked":"SKIP","floor":19},{"not_picked":["Redo","Streamline+1"],"picked":"Cold Snap+1","floor":20},{"not_picked":["ReplayTheSpireMod:Reroute Power","Beam Cell","ReplayTheSpireMod:Omega Cannon"],"picked":"SKIP","floor":22},{"not_picked":["Ball Lightning","Aggregate+1"],"picked":"FIFO Queue+1","floor":23},{"not_picked":["Redo","Steam Power","Stack"],"picked":"SKIP","floor":24},{"not_picked":["FIFO Queue+1","Steam"],"picked":"Hello World+1","floor":25},{"not_picked":["Streamline","Gash"],"picked":"Compile Driver","floor":28},{"not_picked":["Machine Learning+1","All For One"],"picked":"Echo Form+1","floor":33},{"not_picked":["Conserve Battery+1","Static Discharge+1"],"picked":"Defragment+1","floor":35},{"not_picked":["infinitespire:FinalStrike","ReplayTheSpireMod:Chaos Vortex"],"picked":"infinitespire:Collect","floor":36},{"not_picked":["Darkness+1","Blizzard+1"],"picked":"Coolheaded+1","floor":38},{"not_picked":["Barrage","BootSequence","Sweeping Beam+1"],"picked":"SKIP","floor":40},{"not_picked":["Cold Snap+1","ReplaySolidLightProjector"],"picked":"Heatsinks+1","floor":44},{"not_picked":["ReplayTheSpireMod:Dual Polarity","Fusion"],"picked":"White Noise","floor":46},{"not_picked":["ReplayTheSpireMod:Reroute Power+1","Stack","Sweeping Beam"],"picked":"SKIP","floor":47},{"not_picked":["Hologram","Sweeping Beam+1","Turbo+1"],"picked":"SKIP","floor":48}],"player_experience":22157,"relics_obtained":[{"floor":3,"key":"HollowMod:LifeEnderRelic"},{"floor":7,"key":"Mummified Hand"},{"floor":9,"key":"GiantMaggot"},{"floor":10,"key":"conspire:TopHat"},{"floor":13,"key":"Odd Mushroom"},{"floor":23,"key":"ReplayTheSpireMod:TigerMarble"},{"floor":25,"key":"Snack Pack"},{"floor":28,"key":"RollingBoulder"},{"floor":36,"key":"hubris:MedicalManual"},{"floor":42,"key":"ZombieTooth"},{"floor":43,"key":"hubris:Reverence"},{"floor":44,"key":"MiniBlackHole"},{"floor":46,"key":"infinitespire:Eraser"}],"event_choices":[{"damage_healed":0,"gold_gain":0,"player_choice":"Leave","damage_taken":0,"max_hp_gain":0,"max_hp_loss":0,"event_name":"conspire:Investor","floor":2,"gold_loss":0},{"damage_healed":0,"gold_gain":0,"player_choice":"Paid Gold","damage_taken":0,"relics_obtained":["Frozen Egg 2"],"max_hp_gain":0,"max_hp_loss":0,"event_name":"WeMeetAgain","floor":4,"gold_loss":84},{"damage_healed":0,"gold_gain":0,"player_choice":"Fought Mushrooms","damage_taken":0,"max_hp_gain":0,"max_hp_loss":0,"event_name":"Mushrooms","floor":13,"gold_loss":0},{"damage_healed":0,"gold_gain":0,"player_choice":"Punched","damage_taken":3,"max_hp_gain":0,"max_hp_loss":0,"event_name":"Designer","floor":21,"gold_loss":0},{"cards_removed":["Strike_B"],"damage_healed":0,"gold_gain":0,"player_choice":"Removed Attack","damage_taken":0,"max_hp_gain":0,"max_hp_loss":0,"event_name":"Falling","floor":39,"gold_loss":0}],"is_beta":false,"boss_relics":[{"not_picked":["hubris:HollowSoul","Ring of Chaos"],"picked":"Abe\u0027s Treasure"},{"not_picked":["Replay:Wanted Poster","Snecko Eye"],"picked":"beaked:SacredDeck"}],"items_purged_floors":[14,29],"is_endless":false,"potions_floor_spawned":[7,8,12,19,24,28,33,38,40,46,47,48],"ascension_level":1}}