{"host":"ow66nzv2xecjoor3","time":1610685149,"event":{"mods":["BaseMod","Bestiary","Block Reminder","Colored Powertips","Curses Come First","Highlight Path","Keyboard Shortcuts","Minty Spire (QoL Compilation)","Permanent Neow","Relic Stats","StSLib","UnlockEverythingMod"],"gold_per_floor":[112,129,129,139,153,153,179,197,223,233,158,169,195,84,84,161,161,171,184,195,19,19,46,63,78,102,136,136,43,43,43,43,121,121,164,214,256,45,58,85,110,138,215,215,215,270,270,316,316,316,316,316],"floor_reached":51,"language":"ENG","playtime":3217,"items_purged":["Strike_P","Strike_P","CrushJoints"],"score":1718,"play_id":"1b03d56e-baa1-422f-b2d8-2eb74d846c79","local_time":"20210114223229","is_ascension_mode":true,"campfire_choices":[{"data":"Eruption","floor":6.0,"key":"SMITH"},{"data":"Meditate","floor":15.0,"key":"SMITH"},{"data":"Worship","floor":28.0,"key":"SMITH"},{"data":"MentalFortress","floor":32.0,"key":"SMITH"},{"floor":44.0,"key":"REST"},{"floor":47.0,"key":"RECALL"},{"floor":49.0,"key":"REST"}],"circlet_count":0,"master_deck":["AscendersBane","Eruption+1","Vigilance","Adaptation","ThirdEye","ClearTheMind","CarveReality","Perseverance+1","Crescendo","FearNoEvil+1","Meditate+1","Vault","LikeWater","Halt","TalkToTheHand","Worship+1","EmptyFist","CarveReality","Indignation","MentalFortress+1","Blasphemy","Wish+1","Wireheading+1","Study+1","Vengeance","Indignation","LessonLearned"],"relics":["VioletLotus","Anchor","Happy Flower","PreservedInsect","Busted Crown","Vajra","Tiny Chest","Smiling Mask","Art of War","Astrolabe","ClockworkSouvenir","Nunchaku","Frozen Egg 2","Bottled Flame","Dead Branch"],"acts_visited":["Exordium","TheCity","TheBeyond"],"potions_floor_usage":[50],"damage_taken":[{"damage":6.0,"enemies":"2 Louse","floor":1.0,"turns":4.0},{"damage":1.0,"enemies":"Cultist","floor":2.0,"turns":4.0},{"damage":2.0,"enemies":"Jaw Worm","floor":4.0,"turns":4.0},{"damage":10.0,"enemies":"Gremlin Gang","floor":5.0,"turns":3.0},{"damage":0.0,"enemies":"Gremlin Nob","floor":7.0,"turns":2.0},{"damage":8.0,"enemies":"Exordium Wildlife","floor":8.0,"turns":4.0},{"damage":0.0,"enemies":"2 Fungi Beasts","floor":10.0,"turns":2.0},{"damage":0.0,"enemies":"Large Slime","floor":12.0,"turns":6.0},{"damage":0.0,"enemies":"Lagavulin","floor":13.0,"turns":4.0},{"damage":2.0,"enemies":"The Guardian","floor":16.0,"turns":10.0},{"damage":0.0,"enemies":"Chosen","floor":18.0,"turns":4.0},{"damage":0.0,"enemies":"2 Thieves","floor":19.0,"turns":3.0},{"damage":13.0,"enemies":"Snecko","floor":20.0,"turns":10.0},{"damage":0.0,"enemies":"Gremlin Leader","floor":23.0,"turns":5.0},{"damage":26.0,"enemies":"Centurion and Healer","floor":24.0,"turns":6.0},{"damage":0.0,"enemies":"Cultist and Chosen","floor":25.0,"turns":9.0},{"damage":0.0,"enemies":"Book of Stabbing","floor":27.0,"turns":3.0},{"damage":0.0,"enemies":"Champ","floor":33.0,"turns":10.0},{"damage":1.0,"enemies":"Orb Walker","floor":35.0,"turns":2.0},{"damage":0.0,"enemies":"3 Shapes","floor":36.0,"turns":9.0},{"damage":0.0,"enemies":"Sphere and 2 Shapes","floor":37.0,"turns":9.0},{"damage":36.0,"enemies":"3 Darklings","floor":39.0,"turns":6.0},{"damage":2.0,"enemies":"Giant Head","floor":40.0,"turns":5.0},{"damage":22.0,"enemies":"Nemesis","floor":42.0,"turns":3.0},{"damage":13.0,"enemies":"2 Orb Walkers","floor":46.0,"turns":4.0},{"damage":0.0,"enemies":"4 Shapes","floor":48.0,"turns":6.0},{"damage":37,"enemies":"Donu and Deca","floor":50,"turns":6},{"damage":3,"enemies":"Time Eater","floor":51,"turns":2}],"seed_played":"-1571769645758100281","potions_obtained":[{"floor":1.0,"key":"Fruit Juice"},{"floor":4.0,"key":"AttackPotion"},{"floor":5.0,"key":"AttackPotion"},{"floor":7.0,"key":"Fruit Juice"},{"floor":16.0,"key":"StancePotion"},{"floor":19.0,"key":"SpeedPotion"},{"floor":20.0,"key":"BlessingOfTheForge"},{"floor":25.0,"key":"Weak Potion"},{"floor":33.0,"key":"StancePotion"},{"floor":39.0,"key":"DuplicationPotion"},{"floor":40.0,"key":"Swift Potion"},{"floor":42.0,"key":"Swift Potion"}],"is_trial":false,"path_per_floor":["M","M","?","M","M","R","E","M","T","M","?","M","E","$","R","B",null,"M","M","M","$","?","E","M","M","T","E","R","$","?","?","R","B",null,"M","M","M","$","M","E","T","E","T","R","?","?","R","M","R","B","B"],"character_chosen":"WATCHER","items_purchased":["LikeWater","TalkToTheHand","EmptyFist","CarveReality","ClockworkSouvenir"],"campfire_rested":2,"item_purchase_floors":[14,21,29,29,38],"current_hp_per_floor":[55,54,68,66,56,56,56,48,48,48,48,48,48,48,48,51,68,68,73,60,60,60,60,34,34,34,34,34,34,34,34,34,34,67,66,66,66,66,30,28,28,6,6,29,29,16,16,16,38,1,0,0],"gold":316,"neow_bonus":"BOSS_RELIC","is_daily":false,"chose_seed":false,"campfire_upgraded":4,"win_rate":0.0,"timestamp":1610685149,"path_taken":["M","M","?","M","M","R","E","M","T","?","?","M","E","$","R","BOSS","BOSS","M","M","M","$","?","E","?","M","T","E","R","$","?","?","R","BOSS","M","M","M","$","M","E","?","E","T","R","?","?","R","M","R","BOSS","BOSS"],"items_purchased_type":["Card","Card","Card","Card","Relic"],"build_version":"2020-12-22","purchased_purges":3,"victory":false,"max_hp_per_floor":[68,68,68,68,68,68,68,68,68,68,68,68,68,68,68,73,73,73,78,78,78,78,78,78,78,78,78,78,78,78,78,78,78,78,78,78,78,78,78,78,78,78,78,78,74,74,74,74,74,74,74,74],"relic_stats":{"Nunchaku":[5],"Busted Crown":32,"Happy Flower":[41],"counters":[28,145],"Astrolabe":["Wish","Wireheading","Study"],"Dead Branch":[28],"Tiny Chest":1,"VioletLotus":[63],"PreservedInsect":268,"Art of War":[16],"Smiling Mask":75,"obtain_stats":[{"Happy Flower":9,"Astrolabe":34,"Dead Branch":46,"Vajra":22,"PreservedInsect":13,"Frozen Egg 2":42,"Smiling Mask":26,"ClockworkSouvenir":38,"Anchor":7,"Nunchaku":40,"Bottled Flame":43,"Busted Crown":17,"Tiny Chest":23,"VioletLotus":0,"Art of War":27,"PureWater":0},{"Happy Flower":6,"Astrolabe":18,"Dead Branch":25,"Vajra":13,"PreservedInsect":9,"Frozen Egg 2":24,"Smiling Mask":16,"ClockworkSouvenir":21,"Anchor":5,"Nunchaku":23,"Bottled Flame":24,"Busted Crown":10,"Tiny Chest":14,"VioletLotus":0,"Art of War":17,"PureWater":0},{"Happy Flower":21,"Astrolabe":93,"Dead Branch":131,"Vajra":60,"PreservedInsect":33,"Frozen Egg 2":127,"Smiling Mask":80,"ClockworkSouvenir":113,"Anchor":17,"Nunchaku":124,"Bottled Flame":127,"Busted Crown":43,"Tiny Chest":65,"VioletLotus":0,"Art of War":83,"PureWater":0}]},"card_choices":[{"not_picked":["Crescendo","ThirdEye"],"picked":"Adaptation","floor":1.0},{"not_picked":["Indignation","Protect"],"picked":"ThirdEye","floor":2.0},{"not_picked":["Pray","EmptyFist"],"picked":"ClearTheMind","floor":4.0},{"not_picked":["Worship","Brilliance"],"picked":"CarveReality","floor":5.0},{"not_picked":["CrushJoints","WreathOfFlame"],"picked":"Perseverance","floor":7.0},{"not_picked":["Study","Protect"],"picked":"Crescendo","floor":8.0},{"not_picked":["Evaluate","Nirvana","FearNoEvil"],"picked":"SKIP","floor":10.0},{"not_picked":["Evaluate","Nirvana"],"picked":"FearNoEvil","floor":10.0},{"not_picked":["Sanctity","JustLucky"],"picked":"Meditate","floor":12.0},{"not_picked":["JustLucky","Weave"],"picked":"Vault","floor":13.0},{"not_picked":["Omniscience","Alpha"],"picked":"Judgement","floor":16.0},{"not_picked":[],"picked":"Halt","floor":18.0},{"not_picked":["Perseverance"],"picked":"SKIP","floor":19.0},{"not_picked":["JustLucky"],"picked":"SKIP","floor":20.0},{"not_picked":["FlyingSleeves"],"picked":"SKIP","floor":23.0},{"not_picked":[],"picked":"Worship","floor":24.0},{"not_picked":["Halt"],"picked":"SKIP","floor":25.0},{"not_picked":["Evaluate"],"picked":"SKIP","floor":27.0},{"not_picked":[],"picked":"Blasphemy","floor":33.0},{"not_picked":[],"picked":"Vengeance","floor":35.0},{"not_picked":["Crescendo"],"picked":"SKIP","floor":36.0},{"not_picked":[],"picked":"Indignation","floor":37.0},{"not_picked":["BattleHymn"],"picked":"SKIP","floor":39.0},{"not_picked":[],"picked":"LessonLearned","floor":40.0},{"not_picked":["Indignation"],"picked":"SKIP","floor":42.0},{"not_picked":["JustLucky"],"picked":"SKIP","floor":48.0}],"player_experience":2713482,"relics_obtained":[{"floor":7.0,"key":"Anchor"},{"floor":9.0,"key":"Happy Flower"},{"floor":13.0,"key":"PreservedInsect"},{"floor":23.0,"key":"Tiny Chest"},{"floor":26.0,"key":"Smiling Mask"},{"floor":27.0,"key":"Art of War"},{"floor":40.0,"key":"Nunchaku"},{"floor":42.0,"key":"Frozen Egg 2"},{"floor":43.0,"key":"Bottled Flame"},{"floor":46.0,"key":"Dead Branch"}],"event_choices":[{"damage_healed":14.0,"max_hp_gain":0.0,"max_hp_loss":0.0,"gold_gain":0.0,"event_name":"Wheel of Change","player_choice":"Full Heal","floor":3.0,"gold_loss":0.0,"damage_taken":0.0},{"cards_removed":["Strike_P"],"damage_healed":0.0,"max_hp_gain":0.0,"max_hp_loss":0.0,"gold_gain":0.0,"event_name":"The Cleric","player_choice":"Card Removal","floor":11.0,"gold_loss":75.0,"damage_taken":0.0},{"cards_removed":["Judgement"],"damage_healed":0.0,"max_hp_gain":0.0,"max_hp_loss":0.0,"gold_gain":0.0,"event_name":"WeMeetAgain","player_choice":"Gave Card","floor":22.0,"gold_loss":0.0,"damage_taken":0.0,"relics_obtained":["Vajra"]},{"damage_healed":0.0,"max_hp_gain":0.0,"max_hp_loss":0.0,"gold_gain":0.0,"cards_transformed":["Strike_P","Defend_P"],"event_name":"Drug Dealer","player_choice":"Became Test Subject","floor":30.0,"gold_loss":0.0,"damage_taken":0.0,"cards_obtained":["CrushJoints","Indignation"]},{"damage_healed":0.0,"max_hp_gain":0.0,"max_hp_loss":0.0,"gold_gain":0.0,"event_name":"The Library","player_choice":"Read","floor":31.0,"gold_loss":0.0,"damage_taken":0.0,"cards_obtained":["MentalFortress"]},{"damage_healed":0.0,"max_hp_gain":0.0,"max_hp_loss":4.0,"gold_gain":0.0,"event_name":"Winding Halls","player_choice":"Max HP","floor":45.0,"gold_loss":0.0,"damage_taken":0.0},{"damage_healed":0.0,"max_hp_gain":0.0,"max_hp_loss":0.0,"gold_gain":0.0,"event_name":"Mysterious Sphere","player_choice":"Fight","floor":46.0,"gold_loss":0.0,"damage_taken":0.0}],"is_beta":false,"boss_relics":[{"not_picked":["Calling Bell","SacredBark"],"picked":"Busted Crown"},{"not_picked":["Runic Dome","Black Star"],"picked":"Astrolabe"}],"items_purged_floors":[14,21,38],"is_endless":false,"potions_floor_spawned":[1,4,5,7,16,19,20,25,33,35,39,40,42],"killed_by":"Time Eater","ascension_level":20}}