{"host":"19t2eyow02s954g8","time":1610718338,"event":{"mods":["BaseMod","Colored Map","DeckTracker","Minty Spire (QoL Compilation)","StSLib","SuperFastMode"],"gold_per_floor":[117,117,166,166,182,208,208,245,245,269,290,290,307,307,307],"floor_reached":14,"language":"KOR","playtime":338,"items_purged":[],"score":250,"play_id":"5e6bfe0f-d64c-4f99-b0ae-edd164fc9245","local_time":"20210115224538","is_ascension_mode":true,"campfire_choices":[{"data":"Predator","floor":7,"key":"SMITH"},{"data":"Calculated Gamble","floor":12,"key":"SMITH"}],"circlet_count":0,"master_deck":["AscendersBane","Strike_G","Strike_G","Strike_G","Strike_G","Defend_G","Defend_G","Defend_G","Defend_G","Defend_G","Survivor","Neutralize","Leg Sweep","Predator+1","Dagger Spray","Deadly Poison","Calculated Gamble+1"],"relics":["Ring of the Snake","NeowsBlessing","Snake Skull","Art of War","CeramicFish","Incense Burner"],"acts_visited":["Exordium"],"potions_floor_usage":[8,14,14],"damage_taken":[{"damage":0,"enemies":"2 Louse","floor":1,"turns":1},{"damage":0,"enemies":"Jaw Worm","floor":5,"turns":1},{"damage":0,"enemies":"Gremlin Nob","floor":6,"turns":1},{"damage":36,"enemies":"Lagavulin","floor":8,"turns":11},{"damage":0,"enemies":"Cultist","floor":10,"turns":5},{"damage":7,"enemies":"Large Slime","floor":11,"turns":12},{"damage":2,"enemies":"3 Louse","floor":13,"turns":6},{"damage":52,"enemies":"Gremlin Nob","floor":14,"turns":4}],"seed_played":"-7826393379730040709","potions_obtained":[{"floor":1,"key":"EssenceOfSteel"},{"floor":8,"key":"Dexterity Potion"},{"floor":13,"key":"Regen Potion"}],"is_trial":false,"path_per_floor":["M","?","T","?","M","E","R","E","T","M","M","R","M","E"],"character_chosen":"THE_SILENT","items_purchased":[],"campfire_rested":0,"item_purchase_floors":[],"current_hp_per_floor":[59,64,64,57,57,57,57,21,21,21,14,14,12,0,0],"gold":307,"neow_bonus":"THREE_ENEMY_KILL","is_daily":false,"chose_seed":false,"campfire_upgraded":2,"win_rate":0.0,"timestamp":1610718338,"path_taken":["M","?","?","?","M","E","R","E","T","M","M","R","M","E"],"items_purchased_type":[],"build_version":"2020-12-22","purchased_purges":0,"victory":false,"max_hp_per_floor":[66,71,71,71,71,71,71,71,71,71,71,71,71,71,71],"card_choices":[{"not_picked":["Endless Agony","All Out Attack","Poisoned Stab"],"picked":"SKIP","floor":1},{"not_picked":["Bane","Accuracy"],"picked":"Leg Sweep","floor":5},{"not_picked":["Riddle With Holes","Accuracy"],"picked":"Predator","floor":6},{"not_picked":["Quick Slash","Prepared"],"picked":"Dagger Spray","floor":8},{"not_picked":["Blur","Backflip"],"picked":"Deadly Poison","floor":10},{"not_picked":["Cloak And Dagger","Tactician"],"picked":"Calculated Gamble","floor":11},{"not_picked":["Choke","Slice","Dagger Throw"],"picked":"SKIP","floor":13}],"player_experience":4274730,"relics_obtained":[{"floor":3,"key":"Snake Skull"},{"floor":6,"key":"Art of War"},{"floor":8,"key":"CeramicFish"},{"floor":9,"key":"Incense Burner"}],"event_choices":[{"damage_healed":0,"gold_gain":0,"player_choice":"Donut","damage_taken":0,"max_hp_gain":5,"max_hp_loss":0,"event_name":"Big Fish","floor":2,"gold_loss":0},{"cards_removed":["Strike_G"],"damage_healed":0,"gold_gain":0,"player_choice":"Card Removal","damage_taken":7,"max_hp_gain":0,"max_hp_loss":0,"event_name":"Golden Wing","floor":4,"gold_loss":0}],"is_beta":false,"boss_relics":[],"items_purged_floors":[],"is_endless":false,"potions_floor_spawned":[1,8,13],"killed_by":"Gremlin Nob","ascension_level":20}}