{"host":"pa65g39v0cwbmgvo","time":1610708319,"event":{"mods":["2.2 Compatiblity","ATMod(°¢èªMod)","BaseMod","Better Skull","Better Third Choice","BetterRewards","Dota2Spire","Minty Spire (QoL Compilation)","Quick Restart","Replay The Spire","Spicy Shops","StSLib","SuperFastMode","¡¾ÒÅÎï¿¨ÅÆ¡¿REMEMod"],"gold_per_floor":[110,185,185,185,94,94,134,134,160,175,208,208,246,260,260,388,388,427,427,352,420,28,84,84,202,202,262,28,28,67,67,67,241,241,376,376,414,97,235,235,292,292,318,318,375,375,433,468,468,593,593,593,49,124,149],"floor_reached":56,"language":"ZHS","playtime":1270,"items_purged":["Shame","Strike_B","Defend_B"],"score":2091,"play_id":"e54493cd-c653-462d-968b-2d3cf9901fc0","local_time":"20210115185839","is_ascension_mode":true,"campfire_choices":[{"data":"AT_OneInchPunch","floor":6.0,"key":"SMITH"},{"data":"Go for the Eyes","floor":6.0,"key":"SMITH"},{"floor":8.0,"key":"REST"},{"data":"Dualcast","floor":12.0,"key":"SMITH"},{"data":"Conserve Battery","floor":12.0,"key":"SMITH"},{"floor":15.0,"key":"REST"},{"floor":32,"key":"REST"},{"data":"Violence","floor":40,"key":"SMITH"},{"data":"Defend_B","floor":40,"key":"SMITH"},{"floor":44,"key":"RECALL"},{"data":"Echo Form","floor":49,"key":"SMITH"},{"data":"Defend_B","floor":49,"key":"SMITH"},{"data":"Defend_B","floor":52,"key":"SMITH"}],"circlet_count":0,"master_deck":["Defend_B+1","Defend_B+1","Defend_B+1","Zap+1","Dualcast+1","Violence+1","AT_OneInchPunch+1","Go for the Eyes+1","Conserve Battery+1","CurseOfTheBell","Crystallizer+1","ReplayTheSpireMod:Calculation Training+1","AT_StudyProgram+1","Glacier+1","Mirror Shield+1","ReplayTheSpireMod:Reroute Power+1","AT_EMC2+1","Echo Form+1","Blizzard","Blizzard"],"relics":["Cracked Core","REME_ComplimentaryCards","AT_ATBox","AT_ArcaneBoots","AT_SilvercatRing","Bloody Idol","Onion Ring","Replay:Arrowhead","Dota2Spire:DrumOfEndurance","Replay:Baseball","Ginger","Calling Bell","AT_MibuBalloonWealth","Cables","Durian","AT_EbonyIvory","REME_CardOfGreed","Juzu Bracelet","Incense Burner","Toy Ornithopter","Chameleon Ring","InkBottle","Replay:PocketPolymizer","BargainBundle","AT_TrinityForce","ClockworkSouvenir","AT_LudenTempest","Bag of Preparation","Dota2Spire:Desolator","Replay:Bottled Steam","Orrery","Dota2Spire:BattleFury","Dota2Spire:BladeMail","Dota2Spire:Dagon"],"acts_visited":["Exordium","TheCity","TheBeyond","TheEnding"],"potions_floor_usage":[25],"damage_taken":[{"damage":0.0,"enemies":"Small Slimes","floor":1.0,"turns":1.0},{"damage":10.0,"enemies":"Lagavulin","floor":7.0,"turns":4.0},{"damage":0.0,"enemies":"Jaw Worm","floor":10.0,"turns":1.0},{"damage":10.0,"enemies":"3 Sentries","floor":11.0,"turns":3.0},{"damage":9.0,"enemies":"Lagavulin","floor":13.0,"turns":5.0},{"damage":0.0,"enemies":"Cultist","floor":14.0,"turns":2.0},{"damage":4.0,"enemies":"Hexaghost","floor":16.0,"turns":7.0},{"damage":0.0,"enemies":"Shell Parasite","floor":18.0,"turns":2.0},{"damage":5.0,"enemies":"2 Thieves","floor":21.0,"turns":2.0},{"damage":12.0,"enemies":"Book of Stabbing","floor":23.0,"turns":4.0},{"damage":0,"enemies":"Slavers","floor":25,"turns":3},{"damage":29,"enemies":"Book of Stabbing","floor":27,"turns":4},{"damage":0,"enemies":"Snake Plant","floor":30,"turns":2},{"damage":1,"enemies":"Collector","floor":33,"turns":7},{"damage":0,"enemies":"3 Darklings","floor":35,"turns":3},{"damage":0,"enemies":"Orb Walker","floor":37,"turns":1},{"damage":0,"enemies":"3 Darklings","floor":39,"turns":4},{"damage":0,"enemies":"Giant Head","floor":41,"turns":5},{"damage":0,"enemies":"R_Hoarder","floor":45,"turns":4},{"damage":0,"enemies":"Nemesis","floor":47,"turns":3},{"damage":0,"enemies":"Transient","floor":48,"turns":3},{"damage":0,"enemies":"Awakened One","floor":50,"turns":3},{"damage":0,"enemies":"Shield and Spear","floor":54,"turns":1},{"damage":2,"enemies":"The Heart","floor":55,"turns":4}],"seed_played":"6292514886123541860","potions_obtained":[{"floor":7.0,"key":"AttackPotion"},{"floor":10.0,"key":"SpeedPotion"},{"floor":11.0,"key":"Swift Potion"},{"floor":25,"key":"Toxic Potion"}],"is_trial":false,"path_per_floor":["M","?","?","T","$","R","E","R","T","M","E","R","E","M","R","B",null,"M","?","?","M","$","E","?","E","T","E","$","?","M","?","R","B",null,"M","?","M","$","M","R","E","?","T","R","E","?","E","M","R","B",null,"R","$","E","B",null],"character_chosen":"DEFECT","items_purchased":["AT_SpeedBoots","AT_SilvercatRing","Replay:Arrowhead","REME_CardOfGreed","Juzu Bracelet","Incense Burner","BargainBundle","Mirror Shield","PowerPotion","ClockworkSouvenir","ReplayTheSpireMod:Reroute Power","Blizzard","Orrery","Dota2Spire:BattleFury","Dota2Spire:BladeMail"],"campfire_rested":3,"item_purchase_floors":[0,0,5,22,22,22,28,28,28,38,38,53,53,53,53],"current_hp_per_floor":[75,64,46,46,46,46,36,58,58,58,48,48,39,39,61,57,80,80,80,80,75,75,63,63,68,68,39,39,39,49,49,73,80,80,80,80,80,80,80,80,80,80,80,80,80,76,76,76,76,76,76,76,76,76,76],"gold":149,"neow_bonus":"","is_daily":false,"chose_seed":false,"campfire_upgraded":9,"win_rate":0.0,"timestamp":1610708319,"path_taken":["M","?","?","?","?","R","E","R","T","M","E","R","E","M","R","BOSS","M","?","?","M","$","E","?","E","T","E","$","?","M","?","R","BOSS","M","?","M","$","M","R","E","?","T","R","E","?","E","M","R","BOSS","R","$","E","BOSS"],"items_purchased_type":["Relic","Relic","Relic","Relic","Relic","Relic","Relic","Card","Potion","Relic","Card","Card","Relic","Relic","Relic"],"build_version":"2020-12-22","purchased_purges":3,"victory":true,"max_hp_per_floor":[75,75,75,75,75,75,75,75,75,75,75,75,75,75,75,75,80,80,80,80,80,80,80,80,80,80,80,80,80,80,80,80,80,80,80,80,80,80,80,80,80,80,80,80,80,76,76,76,76,76,76,76,76,76,76],"card_choices":[{"not_picked":["Conserve Battery","Doom and Gloom"],"picked":"Go for the Eyes","floor":1.0},{"not_picked":["Hyperbeam","Consume"],"picked":"Streamline","floor":7.0},{"not_picked":["Turbo","Steam"],"picked":"Conserve Battery","floor":10.0},{"not_picked":["Cold Snap","AT_WaterDrop","Streamline"],"picked":"SKIP","floor":11.0},{"not_picked":["Panic Button","ReplayTheSpireMod:GoodbyeWorld","AT_HeatAcrobatics"],"picked":"SKIP","floor":13.0},{"not_picked":["Chill","Leap","BasicCrystalCard"],"picked":"SKIP","floor":14.0},{"not_picked":["Steam+1","Ball Lightning"],"picked":"Crystallizer","floor":18.0},{"not_picked":["Ball Lightning","Panic Button","AT_HeatAcrobatics+1"],"picked":"SKIP","floor":21.0},{"not_picked":["Chill+1","All For One"],"picked":"ReplayTheSpireMod:Calculation Training","floor":23.0},{"not_picked":["REME_Whirling","Panic Button+1"],"picked":"AT_StudyProgram+1","floor":25},{"not_picked":["Panic Button","Barrage"],"picked":"Glacier","floor":27},{"not_picked":["Panic Button+1","Cold Snap","Fusion"],"picked":"SKIP","floor":30},{"not_picked":["Beam Cell+1","Genetic Algorithm","Go for the Eyes"],"picked":"SKIP","floor":35},{"not_picked":["BootSequence","Leap+1","Stack"],"picked":"SKIP","floor":37},{"not_picked":["Ball Lightning+1","Turbo"],"picked":"AT_EMC2+1","floor":39},{"not_picked":["Redo+1","Heatsinks","Go for the Eyes"],"picked":"SKIP","floor":41},{"not_picked":["REME_Compress+1","Defragment+1","Meteor Strike"],"picked":"SKIP","floor":45},{"not_picked":["Rebound+1","Beam Cell+1","Stack+1"],"picked":"SKIP","floor":47},{"not_picked":["Crystallizer+1","Streamline+1","Amplify"],"picked":"SKIP","floor":48},{"not_picked":["Go for the Eyes+1","ReplaySolidLightProjector"],"picked":"Blizzard","floor":54}],"player_experience":75419,"relics_obtained":[{"floor":4.0,"key":"Onion Ring"},{"floor":7.0,"key":"Dota2Spire:DrumOfEndurance"},{"floor":11.0,"key":"Replay:Baseball"},{"floor":13.0,"key":"Ginger"},{"floor":17.0,"key":"AT_MibuBalloonWealth"},{"floor":17.0,"key":"Cables"},{"floor":17.0,"key":"Durian"},{"floor":23.0,"key":"Toy Ornithopter"},{"floor":25,"key":"Chameleon Ring"},{"floor":26,"key":"InkBottle"},{"floor":27,"key":"Replay:PocketPolymizer"},{"floor":41,"key":"AT_LudenTempest"},{"floor":43,"key":"Bag of Preparation"},{"floor":45,"key":"Dota2Spire:Desolator"},{"floor":47,"key":"Replay:Bottled Steam"},{"floor":54,"key":"Dota2Spire:Dagon"}],"event_choices":[{"damage_healed":0.0,"max_hp_gain":0.0,"max_hp_loss":0.0,"gold_gain":75.0,"event_name":"betterThird:BetterGoop","player_choice":"Gold","floor":2.0,"gold_loss":0.0,"damage_taken":11.0},{"damage_healed":0.0,"max_hp_gain":0.0,"max_hp_loss":0.0,"gold_gain":0.0,"event_name":"Golden Idol","player_choice":"Take Damage","floor":3.0,"gold_loss":0.0,"damage_taken":18.0,"relics_obtained":["Golden Idol"]},{"cards_removed":["Strike_B"],"damage_healed":0.0,"max_hp_gain":0.0,"max_hp_loss":0.0,"gold_gain":0.0,"event_name":"Beggar","player_choice":"Gave Gold","floor":20.0,"gold_loss":75.0,"damage_taken":0.0},{"cards_removed":["Strike_B"],"damage_healed":0.0,"max_hp_gain":0.0,"max_hp_loss":0.0,"gold_gain":0.0,"event_name":"Bonfire Elementals","player_choice":"Offered Basic","floor":24.0,"gold_loss":0.0,"damage_taken":0.0},{"damage_healed":0,"gold_gain":0,"player_choice":"Gave Idol","damage_taken":0,"relics_obtained":["Bloody Idol"],"max_hp_gain":0,"max_hp_loss":0,"event_name":"Forgotten Altar","floor":29,"relics_lost":["Golden Idol"],"gold_loss":0},{"cards_removed":["Strike_B"],"damage_healed":0,"gold_gain":0,"player_choice":"Elegance","damage_taken":0,"max_hp_gain":0,"max_hp_loss":0,"event_name":"betterThird:BetterWriting","floor":31,"gold_loss":0},{"cards_removed":["Streamline"],"damage_healed":0,"gold_gain":0,"player_choice":"Removed Attack","damage_taken":0,"max_hp_gain":0,"max_hp_loss":0,"event_name":"Falling","floor":36,"gold_loss":0},{"damage_healed":0,"gold_gain":0,"player_choice":"1 cards matched","damage_taken":0,"max_hp_gain":0,"max_hp_loss":0,"event_name":"Match and Keep!","floor":42,"gold_loss":0,"cards_obtained":["Echo Form"]},{"damage_healed":0,"gold_gain":0,"player_choice":"Max HP","damage_taken":0,"max_hp_gain":0,"max_hp_loss":4,"event_name":"Winding Halls","floor":46,"gold_loss":0}],"is_beta":false,"boss_relics":[{"not_picked":["Coffee Dripper","Fusion Hammer"],"picked":"Calling Bell"},{"not_picked":["Replay:Ancient Bell","Black Star"],"picked":"AT_TrinityForce"}],"items_purged_floors":[0,28,38],"is_endless":false,"potions_floor_spawned":[7,10,11,25,27,35,41,47,48,54],"ascension_level":4}}