{"host":"r8wnwrggzw8t210b","time":1610707350,"event":{"mods":["BaseMod","Colored Powertips","Downfall","Minty Spire (QoL Compilation)","StSLib"],"gold_per_floor":[114,114,133,58,74,74,104,104,104,104,131,150,160,172,172,268,268,282,296,296,128,141,172,172,172],"floor_reached":24,"language":"ZHS","playtime":912,"items_purged":["Strike_G","Strike_G"],"score":344,"play_id":"1a921540-031c-4d14-b2b6-7f36d866379e","local_time":"20210115184230","is_ascension_mode":true,"campfire_choices":[{"data":"Deadly Poison","floor":6,"key":"SMITH"},{"data":"Catalyst","floor":8,"key":"SMITH"},{"floor":10,"key":"REST"},{"floor":15,"key":"REST"}],"circlet_count":0,"master_deck":["Strike_G","Strike_G","Strike_G","Defend_G","Defend_G","Defend_G","Defend_G","Defend_G","Survivor","Neutralize","Deadly Poison+1","Blade Dance","Catalyst+1","Expertise","Deadly Poison","Distraction","Prepared","Night Terror","Distraction","Bouncing Flask"],"relics":["Runic Dome","Lizard Tail","Paper Crane","Centennial Puzzle","Philosopher\u0027s Stone","Potion Belt","Shovel"],"acts_visited":["Exordium","TheCity"],"potions_floor_usage":[7,16,16],"damage_taken":[{"damage":1,"enemies":"Jaw Worm","floor":1,"turns":5},{"damage":0,"enemies":"Cultist","floor":3,"turns":3},{"damage":0,"enemies":"Small Slimes","floor":5,"turns":3},{"damage":49,"enemies":"Gremlin Nob","floor":7,"turns":6},{"damage":20,"enemies":"3 Sentries","floor":11,"turns":9},{"damage":3,"enemies":"Red Slaver","floor":12,"turns":3},{"damage":1,"enemies":"3 Louse","floor":13,"turns":3},{"damage":1,"enemies":"Looter","floor":14,"turns":3},{"damage":3,"enemies":"The Guardian","floor":16,"turns":5},{"damage":14,"enemies":"2 Thieves","floor":18,"turns":4},{"damage":7,"enemies":"Chosen","floor":19,"turns":3},{"damage":33,"enemies":"Shelled Parasite and Fungi","floor":22,"turns":4},{"damage":29,"enemies":"Book of Stabbing","floor":23,"turns":4},{"damage":4,"enemies":"Cultist and Chosen","floor":24,"turns":2}],"seed_played":"-6259700845316825247","potions_obtained":[{"floor":5,"key":"Block Potion"},{"floor":11,"key":"DuplicationPotion"},{"floor":12,"key":"Strength Potion"},{"floor":13,"key":"LiquidMemories"},{"floor":19,"key":"AttackPotion"},{"floor":23,"key":"Swift Potion"}],"is_trial":false,"path_per_floor":["M","?","M","$","M","R","E","R","T","R","E","M","M","M","R","B",null,"M","M","?","$","M","E","M"],"character_chosen":"THE_SILENT","items_purchased":["Bouncing Flask"],"campfire_rested":2,"item_purchase_floors":[21],"current_hp_per_floor":[69,69,69,69,69,69,20,20,20,41,21,18,17,16,37,34,70,56,49,49,49,16,23,19,19],"gold":172,"neow_bonus":"BOSS_RELIC","is_daily":false,"chose_seed":false,"campfire_upgraded":2,"win_rate":0.0,"timestamp":1610707350,"path_taken":["M","?","M","$","M","R","E","R","T","R","E","?","M","?","R","BOSS","M","M","?","$","?","E","M"],"items_purchased_type":["Card"],"build_version":"2020-12-22","purchased_purges":2,"victory":false,"max_hp_per_floor":[70,70,70,70,70,70,70,70,70,70,70,70,70,70,70,70,70,70,70,70,70,70,70,70,70],"card_choices":[{"not_picked":["Deflect","Dagger Throw"],"picked":"Deadly Poison","floor":1},{"not_picked":["Deflect","Dagger Throw"],"picked":"Blade Dance","floor":3},{"not_picked":["Endless Agony","Leg Sweep","Dagger Throw"],"picked":"SKIP","floor":5},{"not_picked":["Deadly Poison","Venomology"],"picked":"Catalyst","floor":7},{"not_picked":["Backstab","Poisoned Stab"],"picked":"Expertise","floor":11},{"not_picked":["Slice","PiercingWail"],"picked":"Deadly Poison","floor":12},{"not_picked":["Predator","Deflect"],"picked":"Distraction","floor":13},{"not_picked":["Blade Dance","Deadly Poison"],"picked":"Prepared","floor":14},{"not_picked":["Glass Knife","Doppelganger"],"picked":"Night Terror","floor":16},{"not_picked":["Poisoned Stab+1","Sucker Punch"],"picked":"Distraction","floor":18},{"not_picked":["Bane","Outmaneuver","PiercingWail"],"picked":"SKIP","floor":19},{"not_picked":["Backflip","All Out Attack+1","Flying Knee"],"picked":"SKIP","floor":22},{"not_picked":["Infinite Blades+1","Heel Hook","Predator"],"picked":"SKIP","floor":23}],"player_experience":114904,"relics_obtained":[{"floor":7,"key":"Lizard Tail"},{"floor":9,"key":"Paper Crane"},{"floor":11,"key":"Centennial Puzzle"},{"floor":23,"key":"Shovel"}],"event_choices":[{"damage_healed":0,"gold_gain":0,"player_choice":"Bought 0 Potions","damage_taken":0,"max_hp_gain":0,"max_hp_loss":0,"event_name":"The Woman in Blue","floor":2,"gold_loss":0},{"damage_healed":0,"gold_gain":0,"player_choice":"Gave Potion","damage_taken":0,"relics_obtained":["Potion Belt"],"max_hp_gain":0,"max_hp_loss":0,"event_name":"WeMeetAgain","floor":20,"gold_loss":0}],"is_beta":false,"boss_relics":[{"not_picked":["Coffee Dripper","Ectoplasm"],"picked":"Philosopher\u0027s Stone"}],"items_purged_floors":[4,21],"is_endless":false,"potions_floor_spawned":[5,11,12,13,19,23],"killed_by":"Cultist and Chosen","ascension_level":1}}