{"host":"j49z5jz0n7e8vjox","time":1610736140,"event":{"mods":["AchievementEnabler","BaseMod","Bestiary","Colored Map","Colored Powertips","DeckTracker","Minty Spire (QoL Compilation)","UnlockEverythingMod"],"gold_per_floor":[115,133,148,148,168,168,93,111,111,111,152,168,183,226,226,226,226],"floor_reached":16,"language":"ENG","playtime":855,"items_purged":[],"score":228,"play_id":"22b3f293-0d01-490a-ad3c-f0dc715ac6e9","local_time":"20210115124220","is_ascension_mode":true,"campfire_choices":[{"data":"Zap","floor":6,"key":"SMITH"},{"data":"Go for the Eyes","floor":10,"key":"SMITH"},{"floor":15,"key":"REST"}],"circlet_count":0,"master_deck":["AscendersBane","Strike_B","Strike_B","Strike_B","Defend_B","Defend_B","Defend_B","Defend_B","Zap+1","Dualcast","Compile Driver","Ball Lightning","Go for the Eyes+1","BootSequence","Sweeping Beam","Glacier","Self Repair"],"relics":["Cracked Core","Golden Idol","Ginger","Pocketwatch","TungstenRod"],"acts_visited":["Exordium"],"potions_floor_usage":[11,16],"damage_taken":[{"damage":1,"enemies":"2 Louse","floor":1,"turns":2},{"damage":4,"enemies":"Small Slimes","floor":2,"turns":3},{"damage":0,"enemies":"Cultist","floor":3,"turns":3},{"damage":15,"enemies":"Gremlin Gang","floor":5,"turns":4},{"damage":6,"enemies":"2 Fungi Beasts","floor":8,"turns":3},{"damage":17,"enemies":"Gremlin Nob","floor":11,"turns":4},{"damage":0,"enemies":"Exordium Wildlife","floor":12,"turns":3},{"damage":0,"enemies":"Blue Slaver","floor":13,"turns":3},{"damage":11,"enemies":"3 Sentries","floor":14,"turns":7},{"damage":67,"enemies":"Hexaghost","floor":16,"turns":14}],"seed_played":"1832275353682073428","potions_obtained":[{"floor":2,"key":"FairyPotion"},{"floor":5,"key":"SkillPotion"},{"floor":12,"key":"Ancient Potion"}],"is_trial":false,"path_per_floor":["M","M","M","?","M","R","?","M","T","R","E","M","M","E","R","B"],"character_chosen":"DEFECT","items_purchased":[],"campfire_rested":1,"item_purchase_floors":[],"current_hp_per_floor":[70,66,66,66,51,51,51,45,45,45,28,28,28,24,45,0,0],"gold":226,"neow_bonus":"TEN_PERCENT_HP_BONUS","is_daily":false,"chose_seed":false,"campfire_upgraded":2,"win_rate":0.0,"timestamp":1610736140,"path_taken":["M","M","M","?","M","R","?","M","T","R","E","M","M","E","R","BOSS"],"items_purchased_type":[],"build_version":"2020-12-22","purchased_purges":0,"victory":false,"max_hp_per_floor":[78,78,78,71,71,71,71,71,71,71,71,71,71,71,71,71,71],"card_choices":[{"not_picked":["Redo","Fusion"],"picked":"Compile Driver","floor":1},{"not_picked":["Rip and Tear","Compile Driver"],"picked":"Ball Lightning","floor":2},{"not_picked":["Gash","Redo"],"picked":"Go for the Eyes","floor":3},{"not_picked":["Hologram","Redo"],"picked":"BootSequence","floor":5},{"not_picked":["Rip and Tear","Turbo","Streamline"],"picked":"SKIP","floor":8},{"not_picked":["Conserve Battery","Go for the Eyes"],"picked":"Sweeping Beam","floor":11},{"not_picked":["Redo","Reprogram"],"picked":"Glacier","floor":12},{"not_picked":["Cold Snap","Sweeping Beam"],"picked":"Self Repair","floor":13},{"not_picked":["Force Field","Redo","Rebound"],"picked":"SKIP","floor":14}],"player_experience":759987,"relics_obtained":[{"floor":9,"key":"Ginger"},{"floor":11,"key":"Pocketwatch"},{"floor":14,"key":"TungstenRod"}],"event_choices":[{"damage_healed":0,"gold_gain":0,"player_choice":"Lose Max HP","damage_taken":0,"relics_obtained":["Golden Idol"],"max_hp_gain":0,"max_hp_loss":7,"event_name":"Golden Idol","floor":4,"gold_loss":0},{"cards_removed":["Strike_B"],"damage_healed":0,"gold_gain":0,"player_choice":"Card Removal","damage_taken":0,"max_hp_gain":0,"max_hp_loss":0,"event_name":"The Cleric","floor":7,"gold_loss":75}],"is_beta":false,"boss_relics":[],"items_purged_floors":[],"is_endless":false,"potions_floor_spawned":[2,5,12,13],"killed_by":"Hexaghost","ascension_level":20}}