{"host":"1a3cjta80tad0aqj","time":1610732153,"event":{"mods":["2.2 Compatiblity","AchievementEnabler","BaseMod","Colored Map","DeckTracker","KOR Keyword Fix","Keyboard Shortcuts","Minty Spire (QoL Compilation)","Permanent Neow","Quick Restart","Random Character Button","StSLib","SuperFastMode","everything is the same but u backflip on backflip"],"gold_per_floor":[112,112,112,112,122,153,164,164,164,164,197,197,230,309,309,411,411,411,411],"floor_reached":18,"language":"KOR","playtime":696,"items_purged":[],"score":201,"play_id":"d9d4a52f-8a75-47df-b928-c354968c0193","local_time":"20210116023553","is_ascension_mode":false,"campfire_choices":[{"data":"Neutralize","floor":8,"key":"SMITH"},{"floor":10,"key":"RECALL"},{"floor":15,"key":"REST"}],"circlet_count":0,"master_deck":["Strike_G","Strike_G+1","Strike_G","Strike_G","Strike_G","Defend_G","Defend_G","Defend_G","Defend_G","Defend_G","Survivor+1","Neutralize+1","Backflip","Deadly Poison","Expertise","Blur","After Image","Backstab+1","Bullet Time"],"relics":["Ring of the Snake","NeowsBlessing","Dead Branch","Calipers","Molten Egg 2","Regal Pillow","Letter Opener","SlaversCollar"],"acts_visited":["Exordium","TheCity"],"potions_floor_usage":[13],"damage_taken":[{"damage":0,"enemies":"2 Louse","floor":1,"turns":1},{"damage":0,"enemies":"Jaw Worm","floor":5,"turns":1},{"damage":0,"enemies":"Gremlin Nob","floor":6,"turns":1},{"damage":0,"enemies":"Cultist","floor":7,"turns":4},{"damage":17,"enemies":"Lagavulin","floor":11,"turns":8},{"damage":25,"enemies":"Gremlin Nob","floor":13,"turns":6},{"damage":20,"enemies":"The Guardian","floor":16,"turns":10},{"damage":0,"enemies":"Chosen","floor":18,"turns":4}],"seed_played":"963362856292182270","potions_obtained":[{"floor":1,"key":"EssenceOfSteel"},{"floor":6,"key":"SpeedPotion"},{"floor":13,"key":"SpeedPotion"}],"is_trial":false,"path_per_floor":["M","$","?","$","M","E","M","R","T","R","E","?","E","T","R","B",null,"M"],"character_chosen":"THE_SILENT","items_purchased":[],"campfire_rested":1,"item_purchase_floors":[],"current_hp_per_floor":[70,70,56,56,56,56,56,56,56,56,39,36,11,11,47,27,70,70,70],"gold":411,"neow_bonus":"THREE_ENEMY_KILL","is_daily":false,"chose_seed":false,"campfire_upgraded":1,"win_rate":0.0,"timestamp":1610732153,"path_taken":["M","$","?","$","M","E","M","R","T","R","E","?","E","?","R","BOSS","M"],"items_purchased_type":[],"build_version":"2020-12-22","purchased_purges":0,"victory":false,"max_hp_per_floor":[70,70,70,70,70,70,70,70,70,70,70,70,70,70,70,70,70,70,70],"card_choices":[{"not_picked":["Skewer","Bane"],"picked":"Backflip","floor":1},{"not_picked":["PiercingWail","Reflex"],"picked":"Deadly Poison","floor":5},{"not_picked":["Prepared","Bane"],"picked":"Expertise","floor":6},{"not_picked":["Quick Slash","Backflip"],"picked":"Blur","floor":7},{"not_picked":["Dodge and Roll","Slice+1"],"picked":"After Image","floor":11},{"not_picked":["Outmaneuver","Setup"],"picked":"Backstab+1","floor":13},{"not_picked":["Storm of Steel","Adrenaline"],"picked":"Bullet Time","floor":16}],"player_experience":660694,"relics_obtained":[{"floor":6,"key":"Dead Branch"},{"floor":9,"key":"Calipers"},{"floor":11,"key":"Molten Egg 2"},{"floor":13,"key":"Regal Pillow"},{"floor":14,"key":"Letter Opener"}],"event_choices":[{"damage_healed":0,"gold_gain":0,"player_choice":"Entered Light","damage_taken":14,"max_hp_gain":0,"max_hp_loss":0,"event_name":"Shining Light","floor":3,"gold_loss":0,"cards_upgraded":["Survivor","Strike_G"]},{"damage_healed":0,"gold_gain":0,"player_choice":"Fled","damage_taken":3,"max_hp_gain":0,"max_hp_loss":0,"event_name":"Scrap Ooze","floor":12,"gold_loss":0}],"is_beta":false,"boss_relics":[{"not_picked":["HoveringKite","Ring of the Serpent"],"picked":"SlaversCollar"}],"items_purged_floors":[],"is_endless":false,"potions_floor_spawned":[1,6,13],"killed_by":"Chosen","ascension_level":0}}