{"host":"52lujqhsyicpcskq","time":1610699342,"event":{"mods":["BaseMod","Colored Map","Minty Spire (QoL Compilation)","Permanent Neow","StSLib","SuperFastMode","everything is the same but u backflip on backflip"],"gold_per_floor":[112,62,75,90,105,135,135,20,69,79,79,98,125,141,141,246,246,265,276,27,27,45,45,61,61,87,33,46,60,91,110,110,215,215,234,251,251,126,144,144,192,192,192],"floor_reached":42,"language":"KOR","playtime":6263,"items_purged":["Strike_P","Defend_P","Strike_P"],"score":482,"play_id":"846bd9b8-b358-4c45-b3e5-fcb8beba52cf","local_time":"20210115172902","is_ascension_mode":true,"campfire_choices":[{"data":"Eruption","floor":7,"key":"SMITH"},{"data":"FlurryOfBlows","floor":11,"key":"SMITH"},{"data":"MasterReality","floor":15,"key":"SMITH"},{"floor":23,"key":"REST"},{"data":"Adaptation","floor":25,"key":"SMITH"},{"floor":32,"key":"REST"},{"data":"Blasphemy","floor":40,"key":"SMITH"}],"circlet_count":0,"master_deck":["Strike_P","Defend_P","Eruption+1","Vigilance","Halt","Consecrate","Vault+1","FlurryOfBlows+1","ClearTheMind","TalkToTheHand","CarveReality","MasterReality+1","Establishment","Crescendo+1","Adaptation+1","FlurryOfBlows+1","Pray+1","FollowUp","Evaluate","DeceiveReality","MentalFortress+1","Blasphemy+1","BowlingBash+1","WindmillStrike+1","TalkToTheHand+1"],"relics":["HolyWater","Oddly Smooth Stone","Darkstone Periapt","Anchor","Toy Ornithopter","Empty Cage","Bag of Preparation","Happy Flower","Question Card","GoldenEye"],"acts_visited":["Exordium","TheCity","TheBeyond"],"potions_floor_usage":[5,18,19,24,29,33,33,39],"damage_taken":[{"damage":0,"enemies":"2 Louse","floor":1,"turns":3},{"damage":0,"enemies":"Small Slimes","floor":3,"turns":2},{"damage":0,"enemies":"Cultist","floor":4,"turns":3},{"damage":1,"enemies":"Red Slaver","floor":5,"turns":5},{"damage":22,"enemies":"Lagavulin","floor":6,"turns":9},{"damage":0,"enemies":"Gremlin Gang","floor":10,"turns":4},{"damage":0,"enemies":"Exordium Wildlife","floor":12,"turns":3},{"damage":0,"enemies":"3 Sentries","floor":13,"turns":4},{"damage":0,"enemies":"Red Slaver","floor":14,"turns":2},{"damage":15,"enemies":"The Guardian","floor":16,"turns":10},{"damage":15,"enemies":"Shell Parasite","floor":18,"turns":6},{"damage":10,"enemies":"2 Thieves","floor":19,"turns":2},{"damage":17,"enemies":"Snake Plant","floor":22,"turns":4},{"damage":7,"enemies":"Shelled Parasite and Fungi","floor":24,"turns":4},{"damage":11,"enemies":"Cultist and Chosen","floor":28,"turns":7},{"damage":4,"enemies":"Snake Plant","floor":29,"turns":6},{"damage":12,"enemies":"Gremlin Leader","floor":30,"turns":4},{"damage":8,"enemies":"Centurion and Healer","floor":31,"turns":7},{"damage":36,"enemies":"Collector","floor":33,"turns":9},{"damage":13,"enemies":"Orb Walker","floor":35,"turns":4},{"damage":0,"enemies":"3 Shapes","floor":36,"turns":3},{"damage":8,"enemies":"Jaw Worm Horde","floor":39,"turns":4},{"damage":26,"enemies":"2 Orb Walkers","floor":41,"turns":5},{"damage":35,"enemies":"Reptomancer","floor":42,"turns":3}],"seed_played":"-7815520028309082040","potions_obtained":[{"floor":1,"key":"SteroidPotion"},{"floor":6,"key":"BottledMiracle"},{"floor":12,"key":"SteroidPotion"},{"floor":14,"key":"EssenceOfSteel"},{"floor":16,"key":"Swift Potion"},{"floor":18,"key":"Swift Potion"},{"floor":22,"key":"LiquidBronze"},{"floor":28,"key":"GamblersBrew"},{"floor":30,"key":"SteroidPotion"},{"floor":35,"key":"SteroidPotion"},{"floor":36,"key":"Ancient Potion"}],"is_trial":false,"path_per_floor":["M","?","M","M","M","E","R","$","T","M","R","M","E","M","R","B",null,"M","M","$","?","M","R","M","R","T","$","M","M","E","M","R","B",null,"M","M","?","$","M","R","?","E"],"character_chosen":"WATCHER","items_purchased":["TalkToTheHand","Bag of Preparation","Evaluate"],"campfire_rested":2,"item_purchase_floors":[8,20,27],"current_hp_per_floor":[72,72,72,72,71,49,49,49,49,49,49,49,49,49,49,34,72,57,52,52,52,35,56,54,54,54,54,43,44,32,24,45,19,72,59,59,59,59,56,56,30,0,0],"gold":192,"neow_bonus":"RANDOM_COMMON_RELIC","is_daily":false,"chose_seed":false,"campfire_upgraded":5,"win_rate":0.0,"timestamp":1610699342,"path_taken":["M","?","M","M","M","E","R","$","T","M","R","M","E","M","R","BOSS","M","M","$","?","M","R","M","R","T","?","M","M","E","?","R","BOSS","M","?","?","$","?","R","?","E"],"items_purchased_type":["Card","Relic","Card"],"build_version":"2020-12-22","purchased_purges":3,"victory":false,"max_hp_per_floor":[72,72,72,72,72,72,72,72,72,72,72,72,72,72,72,72,72,72,72,72,72,72,72,72,72,72,72,72,72,72,72,72,72,72,72,72,72,72,72,72,72,72,72],"card_choices":[{"not_picked":["Protect","BowlingBash"],"picked":"Halt","floor":1},{"not_picked":["CarveReality","Protect"],"picked":"Consecrate","floor":3},{"not_picked":["CrushJoints","EmptyFist"],"picked":"Vault","floor":4},{"not_picked":["ForeignInfluence","Crescendo"],"picked":"FlurryOfBlows","floor":5},{"not_picked":["PathToVictory","Conclude"],"picked":"ClearTheMind","floor":6},{"not_picked":["Evaluate","SashWhip"],"picked":"CarveReality","floor":10},{"not_picked":["Consecrate","Protect"],"picked":"MasterReality","floor":12},{"not_picked":["SashWhip","BowlingBash","Wireheading"],"picked":"SKIP","floor":13},{"not_picked":["FlyingSleeves","Conclude","BowlingBash"],"picked":"SKIP","floor":14},{"not_picked":["ConjureBlade","Wish"],"picked":"Establishment","floor":16},{"not_picked":["WreathOfFlame","Weave+1"],"picked":"Crescendo+1","floor":18},{"not_picked":["SignatureMove","Collect"],"picked":"Adaptation","floor":19},{"not_picked":["Consecrate","Halt"],"picked":"Pray+1","floor":22},{"not_picked":["JustLucky","FlyingSleeves+1"],"picked":"FollowUp","floor":24},{"not_picked":["ThirdEye+1","Sanctity"],"picked":"DeceiveReality","floor":28},{"not_picked":["Sanctity","CutThroughFate","FlyingSleeves"],"picked":"SKIP","floor":29},{"not_picked":["PathToVictory+1","Blasphemy"],"picked":"MentalFortress+1","floor":30},{"not_picked":["WheelKick+1","Crescendo","EmptyBody","InnerPeace"],"picked":"SKIP","floor":31},{"not_picked":["Alpha","Establishment","Omniscience"],"picked":"Blasphemy","floor":33},{"not_picked":["Prostrate","Crescendo","Wallop+1"],"picked":"BowlingBash+1","floor":35},{"not_picked":["CutThroughFate","Consecrate","ThirdEye","Prostrate+1"],"picked":"SKIP","floor":36},{"not_picked":["EmptyFist","Pray+1","Protect"],"picked":"WindmillStrike+1","floor":39},{"not_picked":["Prostrate","EmptyFist+1","EmptyBody"],"picked":"TalkToTheHand+1","floor":41}],"player_experience":717653,"relics_obtained":[{"floor":6,"key":"Darkstone Periapt"},{"floor":9,"key":"Anchor"},{"floor":13,"key":"Toy Ornithopter"},{"floor":26,"key":"Happy Flower"},{"floor":30,"key":"Question Card"},{"floor":41,"key":"GoldenEye"}],"event_choices":[{"cards_removed":["Defend_P"],"damage_healed":0,"gold_gain":0,"player_choice":"Card Removal","damage_taken":0,"max_hp_gain":0,"max_hp_loss":0,"event_name":"The Cleric","floor":2,"gold_loss":50},{"damage_healed":0,"gold_gain":0,"player_choice":"Copied","damage_taken":0,"max_hp_gain":0,"max_hp_loss":0,"event_name":"Duplicator","floor":21,"gold_loss":0,"cards_obtained":["FlurryOfBlows"]},{"damage_healed":0,"gold_gain":0,"player_choice":"Upgraded","damage_taken":0,"max_hp_gain":0,"max_hp_loss":0,"event_name":"Upgrade Shrine","floor":37,"gold_loss":0,"cards_upgraded":["Vault"]},{"damage_healed":0,"gold_gain":0,"player_choice":"Fight","damage_taken":0,"max_hp_gain":0,"max_hp_loss":0,"event_name":"Mysterious Sphere","floor":41,"gold_loss":0}],"is_beta":false,"boss_relics":[{"not_picked":["Fusion Hammer","Calling Bell"],"picked":"Empty Cage"},{"not_picked":["Astrolabe","Sozu"],"picked":"HolyWater"}],"items_purged_floors":[8,20,38],"is_endless":false,"potions_floor_spawned":[1,6,12,14,16,18,22,28,30,35,36],"killed_by":"Reptomancer","ascension_level":1}}