{"host":"ydg0vn0pu4pubmdt","time":1610677321,"event":{"mods":["AchievementEnabler","BaseMod","Colored Map","Gold Saver","Minty Spire (QoL Compilation)","Quick Restart","SuperFastMode"],"gold_per_floor":[109,184,184,237,250,276,276,294,368,383,383,400,400,400],"floor_reached":13,"language":"KOR","playtime":244,"items_purged":[],"score":204,"play_id":"c497f05d-9b82-4e78-a5e7-fe6f9442cd7a","local_time":"20210115112201","is_ascension_mode":true,"campfire_choices":[{"data":"Body Slam","floor":7.0,"key":"SMITH"}],"circlet_count":0,"master_deck":["AscendersBane","Strike_R","Strike_R","Strike_R","Defend_R","Defend_R","Defend_R","Defend_R","Bash","Shrug It Off","Body Slam+1","Corruption"],"relics":["Burning Blood","NeowsBlessing","Bag of Preparation","Sundial","Matryoshka"],"acts_visited":[],"potions_floor_usage":[13],"damage_taken":[{"damage":0.0,"enemies":"2 Louse","floor":1.0,"turns":1.0},{"damage":0.0,"enemies":"Jaw Worm","floor":5.0,"turns":1.0},{"damage":0.0,"enemies":"Lagavulin","floor":6.0,"turns":1.0},{"damage":1.0,"enemies":"Small Slimes","floor":8.0,"turns":3.0},{"damage":16.0,"enemies":"Exordium Thugs","floor":10.0,"turns":5.0},{"damage":4,"enemies":"Looter","floor":12,"turns":4},{"damage":22,"enemies":"3 Sentries","floor":13,"turns":8}],"seed_played":"1622989331011828237","potions_obtained":[{"floor":1.0,"key":"BlessingOfTheForge"},{"floor":12,"key":"EssenceOfSteel"}],"is_trial":false,"path_per_floor":["M","?","?","T","M","E","R","M","T","M","?","M","E"],"character_chosen":"IRONCLAD","items_purchased":[],"campfire_rested":0,"item_purchase_floors":[],"current_hp_per_floor":[74,63,63,63,69,75,75,75,75,65,65,67,45,45],"gold":400,"neow_bonus":"THREE_ENEMY_KILL","is_daily":false,"chose_seed":false,"campfire_upgraded":1,"win_rate":0.0,"timestamp":1610677321,"path_taken":["M","?","?","?","M","E","R","M","T","M","?","?","E"],"items_purchased_type":[],"build_version":"2020-12-22","purchased_purges":0,"victory":false,"max_hp_per_floor":[75,75,75,75,75,75,75,75,75,75,75,75,75,75],"card_choices":[{"not_picked":["Spot Weakness","Flame Barrier"],"picked":"Shrug It Off","floor":1.0},{"not_picked":["Iron Wave","Headbutt"],"picked":"Body Slam","floor":5.0},{"not_picked":["Rampage","Sword Boomerang","Burning Pact"],"picked":"SKIP","floor":6.0},{"not_picked":["Flex","Ghostly Armor","True Grit"],"picked":"SKIP","floor":8.0},{"not_picked":["Anger","Shockwave"],"picked":"Corruption","floor":10.0},{"not_picked":["Heavy Blade","Spot Weakness","Wild Strike"],"picked":"SKIP","floor":12}],"player_experience":337138,"relics_obtained":[{"floor":4.0,"key":"Bag of Preparation"},{"floor":6.0,"key":"Sundial"},{"floor":9.0,"key":"Matryoshka"}],"event_choices":[{"damage_healed":0.0,"max_hp_gain":0.0,"max_hp_loss":0.0,"gold_gain":75.0,"event_name":"World of Goop","player_choice":"Gather Gold","floor":2.0,"gold_loss":0.0,"damage_taken":11.0},{"cards_removed":["Strike_R"],"damage_healed":0.0,"max_hp_gain":0.0,"max_hp_loss":0.0,"gold_gain":0.0,"event_name":"Living Wall","player_choice":"Forget","floor":3.0,"gold_loss":0.0,"damage_taken":0.0},{"cards_removed":["Strike_R"],"damage_healed":0.0,"max_hp_gain":0.0,"max_hp_loss":0.0,"gold_gain":0.0,"event_name":"Purifier","player_choice":"Purged","floor":11.0,"gold_loss":0.0,"damage_taken":0.0}],"is_beta":false,"boss_relics":[],"items_purged_floors":[],"is_endless":false,"potions_floor_spawned":[1,12],"killed_by":"3 Sentries","ascension_level":17}}