{"host":"b7j598ve05halrwk","time":1610677539,"event":{"mods":["2.2 Compatiblity","BaseMod","Block Reminder","DeckTracker","Minty Spire (QoL Compilation)","Relic Stats","Slay the Relics Exporter","StSLib","ojb\u0027s Better Paths Mod","ojb\u0027s Info Mod"],"gold_per_floor":[116,116,116,131,143,143,143],"floor_reached":6,"language":"ENG","playtime":246,"items_purged":[],"score":72,"play_id":"a57b4971-6d76-41ad-a59f-8cdbb82a05ea","local_time":"20210114212539","is_ascension_mode":true,"campfire_choices":[],"circlet_count":0,"master_deck":["AscendersBane","Strike_B+1","Strike_B","Strike_B+1","Strike_B","Defend_B","Defend_B","Defend_B","Zap","Dualcast","Barrage","Cold Snap","Cold Snap","Sweeping Beam"],"relics":["Nuclear Battery"],"acts_visited":["Exordium"],"potions_floor_usage":[6],"damage_taken":[{"damage":14.0,"enemies":"2 Louse","floor":1.0,"turns":3.0},{"damage":5.0,"enemies":"Jaw Worm","floor":4.0,"turns":2.0},{"damage":0.0,"enemies":"Cultist","floor":5.0,"turns":3.0},{"damage":30,"enemies":"Lagavulin","floor":6,"turns":6}],"seed_played":"2928008877997581380","potions_obtained":[{"floor":4.0,"key":"DuplicationPotion"}],"is_trial":false,"path_per_floor":["M","?","?","M","M","E"],"character_chosen":"DEFECT","items_purchased":[],"campfire_rested":0,"item_purchase_floors":[],"current_hp_per_floor":[50,50,29,24,24,0,0],"gold":143,"neow_bonus":"BOSS_RELIC","is_daily":false,"chose_seed":false,"campfire_upgraded":0,"win_rate":0.0,"timestamp":1610677539,"path_taken":["M","?","?","M","M","E"],"items_purchased_type":[],"build_version":"2020-12-22","purchased_purges":0,"victory":false,"max_hp_per_floor":[71,71,71,71,71,71,71],"relic_stats":{"counters":[4,14],"obtain_stats":[{"Cracked Core":0,"Nuclear Battery":0},{"Cracked Core":0,"Nuclear Battery":0},{"Cracked Core":0,"Nuclear Battery":0}]},"card_choices":[{"not_picked":["Stack","Go for the Eyes"],"picked":"Barrage","floor":1.0},{"not_picked":["Hologram","Conserve Battery"],"picked":"Cold Snap","floor":4.0},{"not_picked":["Reboot","Conserve Battery"],"picked":"Sweeping Beam","floor":5.0}],"player_experience":965647,"relics_obtained":[],"event_choices":[{"damage_healed":0.0,"max_hp_gain":0.0,"max_hp_loss":0.0,"gold_gain":0.0,"cards_transformed":["Defend_B"],"event_name":"Living Wall","player_choice":"Change","floor":2.0,"gold_loss":0.0,"damage_taken":0.0,"cards_obtained":["Cold Snap"]},{"damage_healed":0.0,"max_hp_gain":0.0,"max_hp_loss":0.0,"gold_gain":0.0,"event_name":"Shining Light","player_choice":"Entered Light","floor":3.0,"gold_loss":0.0,"damage_taken":21.0,"cards_upgraded":["Strike_B","Strike_B"]}],"is_beta":false,"boss_relics":[],"items_purged_floors":[],"is_endless":false,"potions_floor_spawned":[4],"killed_by":"Lagavulin","ascension_level":20}}