{"host":"6gnjg44wf0nz538o","time":1610693850,"event":{"mods":["AchievementEnabler","BaseMod","BetterRewards","Colored Map","Minty Spire (QoL Compilation)","Replay The Spire","Spicy Shops","StSLib","The Servant 0.9.4"],"gold_per_floor":[110,210,227,5,5,5,30,42,42,42,68,68,85,160,160,234,234,234,4,4,4,4,4,4,4,4,4,4,4,4,4,4,4,4],"floor_reached":33,"language":"ENG","playtime":1023,"items_purged":[],"score":560,"play_id":"595038d4-478b-417c-9c2a-c82af8a98670","local_time":"20210115015730","is_ascension_mode":true,"campfire_choices":[{"floor":6,"key":"REST"},{"data":"Anger","floor":10,"key":"SMITH"},{"data":"Demon Form","floor":12,"key":"SMITH"},{"data":"Shockwave","floor":15,"key":"SMITH"},{"floor":25,"key":"REST"},{"floor":32,"key":"REST"}],"circlet_count":0,"master_deck":["AscendersBane","Strike_R","Strike_R","Strike_R","Strike_R","Defend_R+1","Defend_R","Defend_R","Bash+1","Dropkick","Wild Strike","Anger+1","Shockwave+1","Cleave","Demon Form+1","Feed","Anger+1","Perfected Strike","Wild Strike","Searing Blow"],"relics":["Burning Blood","NeowsBlessing","Vajra","Replay:Kaleidoscope","Garlic","Strawberry","Replay:Grab Bag","Mark of Pain","Ectoplasm","Empty Cage","Anchor","Peace Pipe","Mercury Hourglass","Kunai"],"acts_visited":["Exordium","TheCity"],"potions_floor_usage":[23,23,27,30,33],"damage_taken":[{"damage":0,"enemies":"Jaw Worm","floor":1,"turns":1},{"damage":0,"enemies":"Cultist","floor":3,"turns":1},{"damage":0,"enemies":"3 Sentries","floor":7,"turns":1},{"damage":0,"enemies":"2 Louse","floor":8,"turns":2},{"damage":19,"enemies":"Lagavulin","floor":11,"turns":5},{"damage":3,"enemies":"Blue Slaver","floor":13,"turns":3},{"damage":35,"enemies":"Hexaghost","floor":16,"turns":6},{"damage":6,"enemies":"3 Byrds","floor":18,"turns":5},{"damage":34,"enemies":"Spheric Guardian","floor":21,"turns":5},{"damage":24,"enemies":"Replay:Snechameleon","floor":23,"turns":5},{"damage":10,"enemies":"Shelled Parasite and Fungi","floor":24,"turns":4},{"damage":35,"enemies":"Book of Stabbing","floor":27,"turns":4},{"damage":0,"enemies":"Snake Plant","floor":28,"turns":3},{"damage":13,"enemies":"Colosseum Slavers","floor":29,"turns":3},{"damage":0,"enemies":"Centurion and Healer","floor":30,"turns":4},{"damage":2,"enemies":"Shelled Parasite and Fungi","floor":31,"turns":3},{"damage":73,"enemies":"Collector","floor":33,"turns":6}],"seed_played":"-7901552273277595515","potions_obtained":[{"floor":1,"key":"Reflective Coating"},{"floor":7,"key":"DuplicationPotion"},{"floor":13,"key":"FearPotion"},{"floor":23,"key":"LiquidMemories"},{"floor":28,"key":"Dexterity Potion"},{"floor":31,"key":"ColorlessPotion"}],"is_trial":false,"path_per_floor":["M","?","M","$","?","R","E","M","T","R","E","R","M","?","R","B",null,"M","$","?","M","$","E","M","R","T","E","M","?","M","M","R","B"],"character_chosen":"IRONCLAD","items_purchased":["Anger","Vajra","Anger+1","Perfected Strike","Anchor"],"campfire_rested":3,"item_purchase_floors":[4,4,19,19,19],"current_hp_per_floor":[74,74,75,75,52,74,75,75,75,75,69,69,72,61,61,32,70,73,73,67,39,39,21,20,46,46,17,23,16,22,26,52,0,0],"gold":4,"neow_bonus":"THREE_ENEMY_KILL","is_daily":false,"chose_seed":false,"campfire_upgraded":3,"win_rate":0.0,"timestamp":1610693850,"path_taken":["M","?","?","$","?","R","E","M","T","R","E","R","M","?","R","BOSS","M","$","?","M","?","E","M","R","T","E","M","?","M","M","R","BOSS"],"items_purchased_type":["Card","Relic","Card","Card","Relic"],"build_version":"2020-12-22","purchased_purges":0,"victory":false,"max_hp_per_floor":[75,75,75,75,75,75,75,75,75,75,82,82,82,82,82,82,82,85,85,85,85,85,85,88,88,88,88,88,88,88,88,88,88,88],"card_choices":[{"not_picked":["Headbutt","ReplayTheSpireMod:LeadingStrike"],"picked":"Dropkick","floor":1},{"not_picked":["ReplayTheSpireMod:Strike From Hell","Flex"],"picked":"Wild Strike","floor":3},{"not_picked":["Dropkick","Armaments"],"picked":"Shockwave","floor":7},{"not_picked":["Abandon","ReplayTheSpireMod:Limb From Limb"],"picked":"Cleave","floor":8},{"not_picked":["Fire Breathing","Dropkick"],"picked":"Demon Form","floor":11},{"not_picked":["Clash","Infernal Blade","Body Slam"],"picked":"SKIP","floor":13},{"not_picked":["Reaper","Demonic Infusion"],"picked":"Feed","floor":16},{"not_picked":["Ghostly Armor","Uppercut","ReplayTheSpireMod:Limb From Limb"],"picked":"SKIP","floor":18},{"not_picked":["Heavy Blade","Shrug It Off"],"picked":"Wild Strike","floor":21},{"not_picked":["Dropkick","Replay:Undeath\u0027s Touch","Cleave"],"picked":"SKIP","floor":23},{"not_picked":["Wild Strike","Clothesline","Carnage"],"picked":"SKIP","floor":24},{"not_picked":["Warcry+1","Barricade","Burning Pact"],"picked":"SKIP","floor":27},{"not_picked":["Pommel Strike","Flex"],"picked":"Searing Blow","floor":28},{"not_picked":["Bloodletting","Havoc+1","Feel No Pain"],"picked":"SKIP","floor":30},{"not_picked":["Armaments","Exhume","Replay:Undeath\u0027s Touch"],"picked":"SKIP","floor":31}],"player_experience":542656,"relics_obtained":[{"floor":7,"key":"Replay:Kaleidoscope"},{"floor":9,"key":"Garlic"},{"floor":11,"key":"Strawberry"},{"floor":23,"key":"Peace Pipe"},{"floor":26,"key":"Mercury Hourglass"},{"floor":27,"key":"Kunai"}],"event_choices":[{"damage_healed":0,"gold_gain":100,"player_choice":"Gold","damage_taken":0,"max_hp_gain":0,"max_hp_loss":0,"event_name":"Wheel of Change","floor":2,"gold_loss":0},{"damage_healed":0,"gold_gain":0,"player_choice":"Entered Light","damage_taken":23,"max_hp_gain":0,"max_hp_loss":0,"event_name":"Shining Light","floor":5,"gold_loss":0,"cards_upgraded":["Bash","Defend_R"]},{"damage_healed":0,"gold_gain":75,"player_choice":"Gather Gold","damage_taken":11,"max_hp_gain":0,"max_hp_loss":0,"event_name":"World of Goop","floor":14,"gold_loss":0},{"damage_healed":0,"gold_gain":0,"player_choice":"","damage_taken":6,"max_hp_gain":0,"max_hp_loss":0,"event_name":"Knowing Skull","floor":20,"potions_obtained":[],"gold_loss":0,"cards_obtained":[]},{"damage_healed":0,"gold_gain":0,"player_choice":"Fight","damage_taken":0,"max_hp_gain":0,"max_hp_loss":0,"event_name":"Colosseum","floor":29,"gold_loss":0},{"damage_healed":0,"gold_gain":0,"player_choice":"Fled From Nobs","damage_taken":0,"max_hp_gain":0,"max_hp_loss":0,"event_name":"Colosseum","floor":29,"gold_loss":0}],"is_beta":false,"boss_relics":[{"not_picked":["Kintsugi","Runic Dome"],"picked":"Replay:Grab Bag"},{"not_picked":["Velvet Choker","Abe\u0027s Treasure"],"picked":"Mark of Pain"},{"not_picked":["Fusion Hammer","Replay:Wanted Poster"],"picked":"Ectoplasm"},{"not_picked":["Snecko Eye","Ring of Chaos"],"picked":"Empty Cage"}],"items_purged_floors":[],"is_endless":false,"potions_floor_spawned":[1,7,13,18,21,23,28,31],"killed_by":"Collector","ascension_level":15}}