{"host":"1pwde2j81wdvsae3","time":1610686876,"event":{"mods":["BaseMod","Minty Spire (QoL Compilation)","Replay The Spire","Shop Mod","StSLib"],"gold_per_floor":[113,113,133,152,162,162,197,209,257,257,257,268,268,287,287,287,287],"floor_reached":16,"language":"ZHS","playtime":587,"items_purged":[],"score":166,"play_id":"5b6bf62d-2fa0-498b-a138-440e71ae673e","local_time":"20210115130116","is_ascension_mode":true,"campfire_choices":[{"data":"Havoc","floor":6,"key":"SMITH"},{"floor":11,"key":"REST"},{"data":"Seeing Red","floor":13,"key":"SMITH"},{"floor":15,"key":"REST"}],"circlet_count":0,"master_deck":["AscendersBane","Strike_R+1","Strike_R","Strike_R","Defend_R","Defend_R","Defend_R","Defend_R","Bash","Inflame","Havoc+1","Flex","Impervious","Reckless Charge","Power Through+1","Carnage","Seeing Red+1","Spot Weakness"],"relics":["Burning Blood","Strawberry","ReplayTheSpireMod:Lightbulb"],"acts_visited":["Exordium"],"potions_floor_usage":[7,16,16],"damage_taken":[{"damage":8,"enemies":"2 Louse","floor":1,"turns":4},{"damage":1,"enemies":"Cultist","floor":3,"turns":4},{"damage":13,"enemies":"Jaw Worm","floor":4,"turns":5},{"damage":22,"enemies":"Exordium Wildlife","floor":5,"turns":6},{"damage":45,"enemies":"3 Sentries","floor":7,"turns":12},{"damage":0,"enemies":"Large Slime","floor":8,"turns":6},{"damage":9,"enemies":"Red Slaver","floor":12,"turns":5},{"damage":11,"enemies":"Looter","floor":14,"turns":2},{"damage":57,"enemies":"Slime Boss","floor":16,"turns":14}],"seed_played":"6026482771394986367","potions_obtained":[{"floor":3,"key":"Elixir"},{"floor":4,"key":"Elixir"},{"floor":12,"key":"Strength Potion"}],"is_trial":false,"path_per_floor":["M","?","M","M","M","R","E","M","T","?","R","M","R","M","R","B"],"character_chosen":"IRONCLAD","items_purchased":[],"campfire_rested":2,"item_purchase_floors":[],"current_hp_per_floor":[70,70,75,68,52,52,20,26,26,9,35,32,32,27,53,0,0],"gold":287,"neow_bonus":"TRANSFORM_CARD","is_daily":false,"chose_seed":false,"campfire_upgraded":2,"win_rate":0.0,"timestamp":1610686876,"path_taken":["M","?","M","?","M","R","E","M","T","?","R","M","R","M","R","BOSS"],"items_purchased_type":[],"build_version":"2020-12-22","purchased_purges":0,"victory":false,"max_hp_per_floor":[80,80,80,80,80,80,87,87,87,87,87,87,87,87,87,87,87],"card_choices":[{"not_picked":["Replay:Undeath\u0027s Touch","Burning Pact"],"picked":"Havoc","floor":1},{"not_picked":["Thunderclap","Pommel Strike"],"picked":"Flex","floor":3},{"not_picked":["Flex","Twin Strike"],"picked":"Impervious","floor":4},{"not_picked":["ReplayTheSpireMod:Strike From Hell","Warcry"],"picked":"Reckless Charge","floor":5},{"not_picked":["ReplayTheSpireMod:Strike From Hell","Heavy Blade"],"picked":"Power Through","floor":7},{"not_picked":["Pommel Strike","Entrench"],"picked":"Carnage","floor":8},{"not_picked":["Metallicize","Intimidate"],"picked":"Seeing Red","floor":12},{"not_picked":["Iron Wave","Havoc"],"picked":"Spot Weakness","floor":14}],"player_experience":206445,"relics_obtained":[{"floor":7,"key":"Strawberry"},{"floor":9,"key":"ReplayTheSpireMod:Lightbulb"}],"event_choices":[{"cards_removed":["Strike_R"],"damage_healed":0,"gold_gain":0,"player_choice":"Purged","damage_taken":0,"max_hp_gain":0,"max_hp_loss":0,"event_name":"Purifier","floor":2,"gold_loss":0},{"damage_healed":0,"gold_gain":0,"player_choice":"Entered Light","damage_taken":17,"max_hp_gain":0,"max_hp_loss":0,"event_name":"Shining Light","floor":10,"gold_loss":0,"cards_upgraded":["Strike_R","Power Through"]}],"is_beta":false,"boss_relics":[],"items_purged_floors":[],"is_endless":false,"potions_floor_spawned":[3,4,12,14],"killed_by":"Slime Boss","ascension_level":12}}