{"host":"71zygvukkr9gbg44","time":1610720768,"event":{"mods":["BaseMod","Downfall","Marisa£®ÏF”Í°°ƒß¿Ì…≥£©","Minty Spire (QoL Compilation)","StSLib","The Bug Knight"],"gold_per_floor":[111,186,186,186,111,142,153,153,180,211,211,227,243,260,260,356,356,376,226,226,240,85,112,112,130,130,143,143,143,143],"floor_reached":29,"language":"ZHS","playtime":872,"items_purged":["Defend_B"],"score":306,"play_id":"8e8dc62e-2f8f-49eb-aa7f-289134dc8b05","local_time":"20210115222608","is_ascension_mode":true,"campfire_choices":[{"floor":8,"key":"REST"},{"data":"FTL","floor":11,"key":"SMITH"},{"data":"Streamline","floor":15,"key":"SMITH"},{"floor":24,"key":"REST"},{"floor":28,"key":"REST"}],"circlet_count":0,"master_deck":["Strike_B","Strike_B","Strike_B","Defend_B","Defend_B+1","Defend_B+1","Zap","Dualcast","Turbo","Skim","Ball Lightning","FTL+1","Streamline+1","Steam Power","Sweeping Beam","Buffer","Defragment","GravityBeat","sneckomod:Unknown1Cost","Jack Of All Trades","EarthLightRay+1"],"relics":["Cracked Core","NeowsBlessing","Blood Vial","DataDisk","Sozu","PrismaticShard","Membership Card","HollowMod:StagPassRelic","Oddly Smooth Stone"],"acts_visited":["Exordium","TheCity"],"potions_floor_usage":[10,16],"damage_taken":[{"damage":0,"enemies":"2 Louse","floor":1,"turns":1},{"damage":0,"enemies":"Gremlin Nob","floor":6,"turns":1},{"damage":0,"enemies":"Jaw Worm","floor":7,"turns":1},{"damage":15,"enemies":"3 Sentries","floor":10,"turns":6},{"damage":0,"enemies":"Small Slimes","floor":12,"turns":2},{"damage":6,"enemies":"3 Louse","floor":13,"turns":3},{"damage":5,"enemies":"Blue Slaver","floor":14,"turns":3},{"damage":36,"enemies":"The Guardian","floor":16,"turns":6},{"damage":6,"enemies":"3 Byrds","floor":18,"turns":3},{"damage":0,"enemies":"Spheric Guardian","floor":21,"turns":3},{"damage":34,"enemies":"Book of Stabbing","floor":23,"turns":5},{"damage":43,"enemies":"Snake Plant","floor":25,"turns":3},{"damage":17,"enemies":"Centurion and Healer","floor":27,"turns":4},{"damage":35,"enemies":"Slavers","floor":29,"turns":2}],"seed_played":"-5225711644805675376","potions_obtained":[{"floor":6,"key":"Swift Potion"},{"floor":13,"key":"FearPotion"}],"is_trial":false,"path_per_floor":["M","?","?","?","$","E","M","R","T","E","R","M","M","M","R","B",null,"M","$","?","M","$","E","R","M","T","M","R","E"],"character_chosen":"DEFECT","items_purchased":["PrismaticShard","Membership Card"],"campfire_rested":3,"item_purchase_floors":[19,22],"current_hp_per_floor":[75,64,49,42,42,42,44,66,66,53,53,55,51,48,48,14,75,69,69,69,71,71,39,61,20,20,5,27,0,0],"gold":143,"neow_bonus":"THREE_ENEMY_KILL","is_daily":false,"chose_seed":false,"campfire_upgraded":2,"win_rate":0.0,"timestamp":1610720768,"path_taken":["M","?","?","?","?","E","M","R","T","E","R","M","?","M","R","BOSS","M","$","?","M","$","E","R","M","T","M","R","E"],"items_purchased_type":["Relic","Relic"],"build_version":"2020-12-22","purchased_purges":1,"victory":false,"max_hp_per_floor":[75,75,75,75,75,75,75,75,75,75,75,75,75,75,75,75,75,75,75,75,75,75,75,75,75,75,75,75,75,75],"card_choices":[{"not_picked":["Go for the Eyes","Gash"],"picked":"Turbo","floor":1},{"not_picked":["Hologram","Barrage"],"picked":"Skim","floor":6},{"not_picked":["Conserve Battery","Self Repair"],"picked":"Ball Lightning","floor":7},{"not_picked":["Force Field","Barrage"],"picked":"FTL","floor":10},{"not_picked":["Turbo","Scrape"],"picked":"Streamline","floor":12},{"not_picked":["Leap","Meteor Strike"],"picked":"Steam Power","floor":13},{"not_picked":["Undo","Skim"],"picked":"Sweeping Beam","floor":14},{"not_picked":["Reboot","Core Surge"],"picked":"Buffer","floor":16},{"not_picked":["Gash+1","Aggregate"],"picked":"Defragment","floor":18},{"not_picked":["HollowMod:CornifersMapStart","Guardian:Planning"],"picked":"GravityBeat","floor":21},{"not_picked":["Slimebound:ViciousTackle","Predator"],"picked":"sneckomod:Unknown1Cost","floor":23},{"not_picked":["FlurryOfBlows","Guardian:Incinerate+1"],"picked":"Jack Of All Trades","floor":25},{"not_picked":["Ball Lightning","Infernal Blade"],"picked":"EarthLightRay+1","floor":27}],"player_experience":48580,"relics_obtained":[{"floor":6,"key":"Blood Vial"},{"floor":10,"key":"DataDisk"},{"floor":23,"key":"HollowMod:StagPassRelic"},{"floor":26,"key":"Oddly Smooth Stone"}],"event_choices":[{"damage_healed":0,"gold_gain":75,"player_choice":"Gather Gold","damage_taken":11,"max_hp_gain":0,"max_hp_loss":0,"event_name":"World of Goop","floor":2,"gold_loss":0},{"damage_healed":0,"gold_gain":0,"player_choice":"Entered Light","damage_taken":15,"max_hp_gain":0,"max_hp_loss":0,"event_name":"Shining Light","floor":3,"gold_loss":0,"cards_upgraded":["Defend_B","Defend_B"]},{"cards_removed":["Strike_B"],"damage_healed":0,"gold_gain":0,"player_choice":"Card Removal","damage_taken":7,"max_hp_gain":0,"max_hp_loss":0,"event_name":"Golden Wing","floor":4,"gold_loss":0},{"damage_healed":0,"gold_gain":0,"player_choice":"Ignored","damage_taken":0,"max_hp_gain":0,"max_hp_loss":0,"event_name":"Ghosts","floor":20,"gold_loss":0}],"is_beta":false,"boss_relics":[{"not_picked":["Tiny House","Philosopher\u0027s Stone"],"picked":"Sozu"}],"items_purged_floors":[5],"is_endless":false,"potions_floor_spawned":[6,13],"killed_by":"Slavers","ascension_level":2}}