{"host":"9tdk3zzhmpo6o3dg","time":1610712284,"event":{"mods":["AchievementEnabler","BaseMod","Downfall","Marisa£®ÏF”Í°°ƒß¿Ì…≥£©","Minty Spire (QoL Compilation)","Shop Mod","StSLib","The Cursed","The Marked","The Servant 0.9.4"],"gold_per_floor":[110,10,33,33,33,33,46,46,94,123,135,150,35,53,53,156,156,176,193,61,81,81,92,92,119,119,148,148,18,50,70,70,168,168,183,31,43,3,3,3,35,35,35,63,63,78,111,123,123,123],"floor_reached":51,"language":"ZHS","playtime":2469,"items_purged":["Strike_B","Defend_B"],"score":925,"play_id":"d67d4b6b-0148-4662-a9cc-68d4d1a70097","local_time":"20210115200444","is_ascension_mode":true,"campfire_choices":[{"data":"Storm","floor":6.0,"key":"SMITH"},{"data":"Static Discharge","floor":8.0,"key":"SMITH"},{"floor":15.0,"key":"REST"},{"floor":24.0,"key":"REST"},{"floor":28.0,"key":"REST"},{"floor":32.0,"key":"REST"},{"data":"Storm","floor":40,"key":"SMITH"},{"data":"Heatsinks","floor":42,"key":"SMITH"},{"data":"Echo Form","floor":45,"key":"SMITH"},{"data":"White Noise","floor":49,"key":"SMITH"}],"circlet_count":0,"master_deck":["Defend_B","Defend_B+1","Defend_B","Zap","Dualcast","Storm+1","Static Discharge+1","Barrage","Echo Form+1","Leap","Rebound","Heatsinks","Force Field","Electrodynamics","White Noise+1","Storm+1","Ball Lightning","Necronomicurse","Defragment","Auto Shields","Ball Lightning","Heatsinks+1","Turbo+1","Buffer","Hello World+1","Storm","Transmutation","Self Repair+1","Hologram","Turbo"],"relics":["SlaversCollar","Lantern","Nuclear Battery","Necronomicon","Smiling Mask","MerchantsRug","Bottled Tornado","Thread and Needle","Prayer Wheel","Pantograph","Gremlin Horn"],"acts_visited":["Exordium","TheCity","TheBeyond"],"potions_floor_usage":[33,47,50],"damage_taken":[{"damage":6.0,"enemies":"Cultist","floor":1.0,"turns":4.0},{"damage":4.0,"enemies":"Jaw Worm","floor":7.0,"turns":2.0},{"damage":19.0,"enemies":"Gremlin Nob","floor":10.0,"turns":3.0},{"damage":1.0,"enemies":"2 Louse","floor":11.0,"turns":2.0},{"damage":6.0,"enemies":"2 Fungi Beasts","floor":12.0,"turns":4.0},{"damage":8.0,"enemies":"Blue Slaver","floor":14.0,"turns":4.0},{"damage":12.0,"enemies":"Hexaghost","floor":16.0,"turns":4.0},{"damage":1.0,"enemies":"3 Byrds","floor":18.0,"turns":1.0},{"damage":30.0,"enemies":"2 Thieves","floor":19.0,"turns":4.0},{"damage":18.0,"enemies":"Snecko","floor":21.0,"turns":4.0},{"damage":12.0,"enemies":"Snake Plant","floor":23.0,"turns":3.0},{"damage":21.0,"enemies":"Slavers","floor":25.0,"turns":3.0},{"damage":12.0,"enemies":"Masked Bandits","floor":27.0,"turns":2.0},{"damage":18.0,"enemies":"Book of Stabbing","floor":30.0,"turns":3.0},{"damage":2.0,"enemies":"Centurion and Healer","floor":31.0,"turns":4.0},{"damage":3,"enemies":"Champ","floor":33,"turns":6},{"damage":0,"enemies":"3 Shapes","floor":35,"turns":2},{"damage":8,"enemies":"3 Darklings","floor":37,"turns":3},{"damage":0,"enemies":"Reptomancer","floor":41,"turns":3},{"damage":49,"enemies":"Giant Head","floor":44,"turns":8},{"damage":0,"enemies":"4 Shapes","floor":46,"turns":1},{"damage":0,"enemies":"Reptomancer","floor":47,"turns":4},{"damage":0,"enemies":"Transient","floor":48,"turns":5},{"damage":35,"enemies":"Time Eater","floor":50,"turns":5}],"seed_played":"-7487353771950246110","potions_obtained":[{"floor":7.0,"key":"Fire Potion"},{"floor":10.0,"key":"DistilledChaos"},{"floor":11.0,"key":"AttackPotion"},{"floor":16.0,"key":"Energy Potion"},{"floor":18.0,"key":"Fire Potion"},{"floor":30.0,"key":"DuplicationPotion"},{"floor":33,"key":"champ:CounterPotion"},{"floor":35,"key":"Dexterity Potion"},{"floor":44,"key":"Block Potion"},{"floor":46,"key":"AttackPotion"},{"floor":48,"key":"ColorlessPotion"}],"is_trial":false,"path_per_floor":["M","$","T","?","?","R","M","R","T","E","M","M","$","M","R","B",null,"M","M","$","M","?","M","R","E","T","?","R","$","E","M","R","B",null,"M","$","M","$","?","R","E","R","T","E","R","M","E","M","R","B",null],"character_chosen":"DEFECT","items_purchased":["Static Discharge","Barrage","Heatsinks","Force Field","Storm","Ball Lightning","Heatsinks","MerchantsRug","Bottled Tornado","Storm"],"campfire_rested":4,"item_purchase_floors":[2,2,13,13,20,20,29,36,36,38],"current_hp_per_floor":[69,69,69,54,54,54,50,50,50,31,30,24,39,31,53,41,75,74,44,59,41,25,13,35,14,14,2,24,39,35,33,59,56,89,89,89,81,81,81,81,81,81,81,32,32,32,42,62,62,62],"gold":123,"neow_bonus":"BOSS_RELIC","is_daily":false,"chose_seed":false,"campfire_upgraded":6,"win_rate":0.0,"timestamp":1610712284,"path_taken":["M","$","?","?","?","R","M","R","T","E","M","M","$","M","R","BOSS","M","?","$","M","?","M","R","E","T","?","R","?","E","M","R","BOSS","M","$","M","$","?","R","E","R","T","E","R","M","E","M","R","BOSS"],"items_purchased_type":["Card","Card","Card","Card","Card","Card","Card","Relic","Relic","Card"],"build_version":"2020-12-22","purchased_purges":2,"victory":true,"max_hp_per_floor":[75,75,75,75,75,75,75,75,75,75,75,75,75,75,75,75,75,75,75,75,75,75,75,75,75,75,75,75,75,89,89,89,89,89,89,89,89,89,89,89,89,89,89,89,89,89,89,89,89,89],"card_choices":[{"not_picked":["Beam Cell","Consume"],"picked":"Storm","floor":1.0},{"not_picked":["Aggregate","Compile Driver","Go for the Eyes"],"picked":"SKIP","floor":7.0},{"not_picked":["Streamline","Undo"],"picked":"Echo Form","floor":10.0},{"not_picked":["Streamline","Doom and Gloom"],"picked":"Leap","floor":11.0},{"not_picked":["Steam","Streamline"],"picked":"Rebound","floor":12.0},{"not_picked":["Coolheaded","Stack","Sweeping Beam"],"picked":"SKIP","floor":14.0},{"not_picked":["Thunder Strike","Core Surge"],"picked":"Electrodynamics","floor":16.0},{"not_picked":["Undo","Leap","Barrage"],"picked":"SKIP","floor":18.0},{"not_picked":["Aggregate","Sweeping Beam"],"picked":"White Noise","floor":19.0},{"not_picked":["Rip and Tear","Scrape","Sweeping Beam+1"],"picked":"SKIP","floor":21.0},{"not_picked":["Ball Lightning","Go for the Eyes+1"],"picked":"Defragment","floor":23.0},{"not_picked":["Rebound","Hyperbeam"],"picked":"Auto Shields","floor":25.0},{"not_picked":["Coolheaded","Barrage+1"],"picked":"Ball Lightning","floor":27.0},{"not_picked":["Beam Cell","Go for the Eyes"],"picked":"Turbo+1","floor":30.0},{"not_picked":["All For One","Steam","Melter"],"picked":"SKIP","floor":31.0},{"not_picked":["Electrodynamics","Biased Cognition"],"picked":"Buffer","floor":33},{"not_picked":["Ball Lightning+1","Go for the Eyes","Stack"],"picked":"SKIP","floor":35},{"not_picked":["Compile Driver+1","Rainbow"],"picked":"Hello World+1","floor":37},{"not_picked":["Dramatic Entrance","The Bomb"],"picked":"Transmutation","floor":39},{"not_picked":["Sweeping Beam+1","Compile Driver","Hello World"],"picked":"SKIP","floor":41},{"not_picked":["Stack+1","Conserve Battery+1","Ball Lightning"],"picked":"SKIP","floor":44},{"not_picked":["Lockon","Go for the Eyes"],"picked":"Self Repair+1","floor":46},{"not_picked":["Beam Cell+1","Steam"],"picked":"Hologram","floor":46},{"not_picked":["Leap","Gash+1"],"picked":"Turbo","floor":47},{"not_picked":["Steam+1","FTL","Beam Cell"],"picked":"SKIP","floor":48},{"not_picked":["Ball Lightning+1","Redo","Steam Power"],"picked":"SKIP","floor":48}],"player_experience":122460,"relics_obtained":[{"floor":3.0,"key":"Lantern"},{"floor":9.0,"key":"MealTicket"},{"floor":10.0,"key":"Bottled Flame"},{"floor":22.0,"key":"Necronomicon"},{"floor":25.0,"key":"Smiling Mask"},{"floor":26.0,"key":"Shuriken"},{"floor":27.0,"key":"Red Mask"},{"floor":30.0,"key":"Mango"},{"floor":41,"key":"Thread and Needle"},{"floor":43,"key":"Prayer Wheel"},{"floor":44,"key":"Pantograph"},{"floor":47,"key":"Gremlin Horn"}],"event_choices":[{"damage_healed":0.0,"max_hp_gain":0.0,"max_hp_loss":0.0,"gold_gain":0.0,"event_name":"Shining Light","player_choice":"Entered Light","floor":4.0,"gold_loss":0.0,"damage_taken":15.0,"cards_upgraded":["Strike_B","Defend_B"]},{"cards_removed":["Strike_B"],"damage_healed":0.0,"max_hp_gain":0.0,"max_hp_loss":0.0,"gold_gain":0.0,"event_name":"Purifier","player_choice":"Purged","floor":5.0,"gold_loss":0.0,"damage_taken":0.0},{"damage_healed":0.0,"max_hp_gain":0.0,"max_hp_loss":0.0,"gold_gain":0.0,"event_name":"Cursed Tome","player_choice":"Obtained Book","floor":22.0,"gold_loss":0.0,"damage_taken":16.0},{"damage_healed":0.0,"max_hp_gain":0.0,"max_hp_loss":0.0,"gold_gain":0.0,"event_name":"Masked Bandits","player_choice":"Fought Bandits","floor":27.0,"gold_loss":0.0,"damage_taken":0.0},{"damage_healed":0,"gold_gain":0,"player_choice":"Memory 1","damage_taken":0,"max_hp_gain":0,"max_hp_loss":0,"event_name":"SensoryStone","floor":39,"gold_loss":0}],"is_beta":false,"boss_relics":[{"not_picked":["Philosopher\u0027s Stone","Inserter"],"picked":"Nuclear Battery"},{"not_picked":["Calling Bell","Velvet Choker"],"picked":"Empty Cage"}],"items_purged_floors":[29,36],"is_endless":false,"potions_floor_spawned":[7,10,11,16,18,30,33,35,44,46,48],"ascension_level":2}}