{"host":"hca6liskeo7s99fa","time":1610673632,"event":{"mods":["BaseMod","Downfall","Minty Spire (QoL Compilation)","Replay The Spire","StSLib"],"gold_per_floor":[115,141,141,141,141,69,81,81,110,110,110,130,145,3,33,0,0,95,95,109,160,178,178,277,306,306,306,356,372,383,383,383],"floor_reached":31,"language":"ENG","playtime":1752,"items_purged":[],"score":313,"play_id":"f53e9001-be5c-421b-8b36-e8fa9d92575d","local_time":"20210114202032","is_ascension_mode":true,"campfire_choices":[{"data":"ReplayTheSpireMod:Muscle Training","floor":8,"key":"SMITH"},{"data":"Hemokinesis","floor":10,"key":"SMITH"},{"data":"Strike_R","floor":17,"key":"PURGE"},{"data":"Rupture","floor":26,"key":"SMITH"}],"circlet_count":0,"master_deck":["Strike_R","Strike_R","Defend_R","Defend_R","Defend_R","Bash","Reckless Charge","ReplayTheSpireMod:Strike From Hell","ReplayTheSpireMod:Muscle Training+1","Feel No Pain+1","Dark Embrace","Clash","Hemokinesis+1","Whirlwind","ReplayTheSpireMod:Stacked","Replay:Many Hands","Rupture+1","Anger","Offering","Clash","Reckless Charge","Clash+1","Feel No Pain+1","Disarm","Inflame"],"relics":["Burning Blood","King of Hearts","Pantograph","Quantum Egg","ReplayFunnel","Sozu","Strawberry","Vajra"],"acts_visited":["Exordium","TheCity"],"potions_floor_usage":[7,15],"damage_taken":[{"damage":1,"enemies":"Cultist","floor":1,"turns":3},{"damage":0,"enemies":"Small Slimes","floor":7,"turns":3},{"damage":30,"enemies":"3 Sentries","floor":9,"turns":8},{"damage":9,"enemies":"Jaw Worm","floor":12,"turns":2},{"damage":1,"enemies":"Large Slime","floor":13,"turns":4},{"damage":27,"enemies":"Lagavulin","floor":15,"turns":4},{"damage":35,"enemies":"The Guardian","floor":18,"turns":8},{"damage":12,"enemies":"Chosen","floor":20,"turns":4},{"damage":21,"enemies":"Shell Parasite","floor":22,"turns":3},{"damage":29,"enemies":"Book of Stabbing","floor":25,"turns":3},{"damage":17,"enemies":"Cultist and Chosen","floor":29,"turns":4},{"damage":29,"enemies":"Centurion and Healer","floor":30,"turns":5},{"damage":24,"enemies":"Snake Plant","floor":31,"turns":1}],"seed_played":"7847056497811264559","potions_obtained":[{"floor":1,"key":"Strength Potion"},{"floor":9,"key":"Languid Potion"}],"is_trial":false,"path_per_floor":["M","T","?","PTL","PTL","$","M","R","E","R","T","M","M","$","E","?","R","B",null,"M","?","M","?","?","E","R","?","T","M","M","M"],"character_chosen":"IRONCLAD","items_purchased":["Dark Embrace","Replay:Many Hands","Rupture"],"campfire_rested":0,"item_purchase_floors":[6,14,14],"current_hp_per_floor":[61,61,61,61,61,61,67,67,43,43,43,40,45,45,24,24,24,20,80,74,74,59,44,44,28,28,58,58,47,24,0,0],"gold":383,"neow_bonus":"TRANSFORM_TWO_CARDS","is_daily":false,"chose_seed":false,"campfire_upgraded":3,"win_rate":0.0,"timestamp":1610673632,"path_taken":["M","?","?","PTL","PTL","?","M","R","E","R","T","M","M","$","E","?","R","BOSS","M","?","?","?","?","E","R","?","T","M","M","?"],"items_purchased_type":["Card","Card","Card"],"build_version":"2020-12-22","purchased_purges":0,"victory":false,"max_hp_per_floor":[80,80,80,80,80,80,80,80,80,80,80,80,80,80,80,80,80,80,80,80,80,80,85,85,92,92,92,92,92,92,92,92],"card_choices":[{"not_picked":["Shockwave","Thunderclap"],"picked":"ReplayTheSpireMod:Muscle Training","floor":1},{"not_picked":["Body Slam","Armaments"],"picked":"Clash","floor":7},{"not_picked":["Headbutt","Sword Boomerang"],"picked":"Hemokinesis","floor":9},{"not_picked":["ReplayTheSpireMod:Strike From Hell","ReplayTheSpireMod:Corrosion Curse"],"picked":"Whirlwind","floor":12},{"not_picked":["Flame Barrier","Twin Strike"],"picked":"ReplayTheSpireMod:Stacked","floor":13},{"not_picked":["Entrench","Bludgeon"],"picked":"Anger","floor":15},{"not_picked":["Reaper","Double Tap"],"picked":"Offering","floor":18},{"not_picked":["Run Through+1","Shrug It Off"],"picked":"Clash","floor":20},{"not_picked":["Iron Wave","Cleave"],"picked":"Reckless Charge","floor":21},{"not_picked":["Body Slam","Whirlwind"],"picked":"Clash+1","floor":22},{"not_picked":["Armaments","Demonic Infusion"],"picked":"Feel No Pain+1","floor":25},{"not_picked":["Power Through+1","Spot Weakness"],"picked":"Disarm","floor":29},{"not_picked":["Feel No Pain","Iron Wave"],"picked":"Inflame","floor":30}],"player_experience":266231,"relics_obtained":[{"floor":2,"key":"King of Hearts"},{"floor":9,"key":"Pantograph"},{"floor":11,"key":"Quantum Egg"},{"floor":15,"key":"ReplayFunnel"},{"floor":25,"key":"Strawberry"},{"floor":28,"key":"Vajra"}],"event_choices":[{"damage_healed":0,"gold_gain":0,"player_choice":"Left Gold","damage_taken":0,"max_hp_gain":0,"max_hp_loss":0,"event_name":"World of Goop","floor":16,"gold_loss":33},{"damage_healed":0,"gold_gain":0,"player_choice":"Shed Blood","damage_taken":20,"max_hp_gain":5,"max_hp_loss":0,"event_name":"Forgotten Altar","floor":23,"gold_loss":0},{"damage_healed":0,"gold_gain":99,"player_choice":"Stole From Cult","damage_taken":0,"max_hp_gain":0,"max_hp_loss":0,"event_name":"Nest","floor":24,"gold_loss":0},{"damage_healed":30,"gold_gain":0,"player_choice":"Heal","damage_taken":0,"max_hp_gain":0,"max_hp_loss":0,"event_name":"The Library","floor":27,"gold_loss":0}],"is_beta":false,"boss_relics":[{"not_picked":["Mark of Pain","Replay:Grab Bag"],"picked":"Sozu"}],"items_purged_floors":[],"is_endless":false,"potions_floor_spawned":[1,9,22,25,29],"killed_by":"Snake Plant","ascension_level":4}}