{"host":"0mk07bycsqo1qk03","time":1610745850,"event":{"mods":["BaseMod","Bestiary","Downfall","Hermit","Hubris","Minty Spire (QoL Compilation)","Replay The Spire","StSLib","The Cursed","The Servant 0.9.4"],"gold_per_floor":[361,361,311,311,331,365,48,48,48,48,71,71,91,91,91,109,109,212,212,229,249,11,30,47,47,47,47,47,47,63,63,81,97,97,199,199,219,219,91,109,159,159,175,175,175,230,230,230],"floor_reached":47,"language":"ENG","playtime":1752,"items_purged":["Strike_G+1"],"score":832,"play_id":"d60a8529-8067-4daa-b9eb-284f4b2d09c6","local_time":"20210115222410","is_ascension_mode":true,"campfire_choices":[{"floor":8,"key":"REST"},{"floor":17,"key":"DIG"},{"data":"Glass Knife","floor":25,"key":"SMITH"},{"data":"Unload","floor":29,"key":"SMITH"},{"floor":34,"key":"REST"},{"floor":42,"key":"REST"},{"data":"Poisoned Stab","floor":44,"key":"SMITH"}],"circlet_count":0,"master_deck":["AscendersBane","Strike_G+1","Strike_G+1","Strike_G+1","Defend_G+1","Defend_G+1","Defend_G+1","Defend_G+1","Defend_G+1","Survivor","Masterful Stab","hubris:DuctTapeCard+2","Dodge and Roll","Glass Knife+1","ReplayTheSpireMod:Brewmster","Deflect","Quick Slash","Poisoned Stab+1","Unload+1","Night Terror","Corpse Explosion","Dagger Spray"],"relics":["Ring of the Snake","hubris:DuctTape","hubris:GlazedTorus","HandDrill","Gremlin Horn","Odd Mushroom","Replay:Towering Pillar of Hats","Snecko Eye","Mercury Hourglass","Replay:Bottled Snecko","ReplayTheSpireMod:Ninjato","SacredBark","Basket Of Snakes","Strawberry","Ice Cream"],"acts_visited":["Exordium","TheCity","TheBeyond"],"potions_floor_usage":[18,18,18,18,18,18,18,18,18,20,20,21,21,26,33,33,35,35,35,35,37,37,38,40,40,40,41,41,41,43,43,43,43,43,46,46],"damage_taken":[{"damage":11,"enemies":"Jaw Worm","floor":1,"turns":6},{"damage":0,"enemies":"Small Slimes","floor":5,"turns":2},{"damage":38,"enemies":"Lagavulin","floor":6,"turns":9},{"damage":7,"enemies":"The Mushroom Lair","floor":11,"turns":4},{"damage":0,"enemies":"Cultist","floor":13,"turns":4},{"damage":2,"enemies":"Looter","floor":16,"turns":3},{"damage":0,"enemies":"The Guardian","floor":18,"turns":11},{"damage":0,"enemies":"3 Byrds","floor":20,"turns":4},{"damage":0,"enemies":"Spheric Guardian","floor":21,"turns":4},{"damage":10,"enemies":"Snake Plant","floor":23,"turns":3},{"damage":7,"enemies":"Sentry and Sphere","floor":24,"turns":4},{"damage":0,"enemies":"Replay:Snechameleon","floor":26,"turns":1},{"damage":0,"enemies":"Centurion and Healer","floor":30,"turns":4},{"damage":0,"enemies":"Cultist and Chosen","floor":32,"turns":3},{"damage":5,"enemies":"Snecko","floor":33,"turns":3},{"damage":23,"enemies":"Automaton","floor":35,"turns":8},{"damage":0,"enemies":"3 Shapes","floor":37,"turns":4},{"damage":0,"enemies":"3 Darklings","floor":38,"turns":2},{"damage":21,"enemies":"Transient","floor":40,"turns":5},{"damage":0,"enemies":"Mind Bloom Boss Battle","floor":41,"turns":4},{"damage":0,"enemies":"Maw","floor":43,"turns":6},{"damage":26,"enemies":"2 Orb Walkers","floor":46,"turns":3},{"damage":35,"enemies":"Nemesis","floor":47,"turns":4}],"seed_played":"-3608770148823624602","potions_obtained":[{"floor":6,"key":"SmokeBomb"},{"floor":13,"key":"Dexterity Potion"},{"floor":30,"key":"SkillPotion"},{"floor":35,"key":"PowerPotion"},{"floor":40,"key":"GamblersBrew"},{"floor":41,"key":"Doom Potion"}],"is_trial":false,"path_per_floor":["M","?","?","T","M","E","$","R","T","?","?","$","M","PTL","PTL","M","R","B",null,"M","M","$","M","M","R","E","?","T","R","M","?","M","M","R","B",null,"M","M","$","M","?","R","M","R","T","?","E"],"character_chosen":"THE_SILENT","items_purchased":["HandDrill","ReplayTheSpireMod:Brewmster","Mercury Hourglass","Dagger Spray"],"campfire_rested":3,"item_purchase_floors":[7,7,22,39],"current_hp_per_floor":[52,52,52,52,52,14,14,32,32,32,25,25,25,25,25,23,23,23,53,53,53,53,43,36,36,36,36,36,36,36,36,36,31,49,26,54,54,54,54,33,33,51,51,51,58,32,0,0],"gold":230,"neow_bonus":"TWO_FIFTY_GOLD","is_daily":false,"chose_seed":false,"campfire_upgraded":3,"win_rate":0.0,"timestamp":1610745850,"path_taken":["M","?","?","?","?","E","$","R","T","?","?","$","M","PTL","PTL","M","R","BOSS","M","M","$","M","M","R","E","?","T","R","M","?","?","?","R","BOSS","M","M","$","M","?","R","M","R","T","?","E"],"items_purchased_type":["Relic","Card","Relic","Card"],"build_version":"2020-12-22","purchased_purges":1,"victory":false,"max_hp_per_floor":[63,63,63,63,63,63,63,63,63,63,63,63,63,63,63,63,63,63,63,63,63,63,63,63,63,63,63,63,63,63,63,63,63,63,63,63,63,63,63,63,63,63,63,63,70,70,70,70],"card_choices":[{"not_picked":["Dagger Throw","Crippling Poison"],"picked":"Flying Knee","floor":1},{"not_picked":["Acrobatics","hubris:SlightOfHand"],"picked":"Dodge and Roll","floor":5},{"not_picked":["Outmaneuver","Dagger Throw"],"picked":"Glass Knife","floor":6},{"not_picked":["Flying Knee","Slice"],"picked":"Deflect","floor":11},{"not_picked":["Calculated Gamble","Outmaneuver"],"picked":"Quick Slash","floor":13},{"not_picked":["Backflip","Bane"],"picked":"Poisoned Stab","floor":16},{"not_picked":["Night Terror","Poison Darts"],"picked":"Unload","floor":18},{"not_picked":["ReplayTheSpireMod:Shiv Toss","ReplayTheSpireMod:Speed Training","Poisoned Stab"],"picked":"SKIP","floor":20},{"not_picked":["Deflect+1","PiercingWail","Slice+1"],"picked":"SKIP","floor":21},{"not_picked":["Setup","Backflip"],"picked":"Night Terror","floor":23},{"not_picked":["hubris:TrickCloak","Sucker Punch","Calculated Gamble+1"],"picked":"SKIP","floor":24},{"not_picked":["Quick Slash+1","Prepared","ReplayTheSpireMod:The Works"],"picked":"SKIP","floor":30},{"not_picked":["Flying Knee+1","Hidden Blade+1","hubris:SlightOfHand"],"picked":"SKIP","floor":32},{"not_picked":["Flying Knee+1","Hidden Blade+1","hubris:SlightOfHand"],"picked":"SKIP","floor":32},{"not_picked":["Acrobatics","Quick Slash","Concentrate"],"picked":"SKIP","floor":33},{"not_picked":["Unload","After Image"],"picked":"Corpse Explosion","floor":35},{"not_picked":["Blur","Dagger Spray","Masterful Stab"],"picked":"SKIP","floor":37},{"not_picked":["Dodge and Roll","Deflect+1","Poisoned Stab"],"picked":"SKIP","floor":40},{"not_picked":["Slice","Backflip","hubris:Sniper"],"picked":"SKIP","floor":43}],"player_experience":895296,"relics_obtained":[{"floor":4,"key":"hubris:DuctTape"},{"floor":6,"key":"hubris:GlazedTorus"},{"floor":9,"key":"Gremlin Horn"},{"floor":11,"key":"Odd Mushroom"},{"floor":17,"key":"Replay:Towering Pillar of Hats"},{"floor":28,"key":"Replay:Bottled Snecko"},{"floor":41,"key":"Basket Of Snakes"},{"floor":45,"key":"Strawberry"},{"floor":46,"key":"Ice Cream"}],"event_choices":[{"cards_removed":["Strike_G"],"damage_healed":0,"gold_gain":0,"player_choice":"Card Removal","damage_taken":0,"max_hp_gain":0,"max_hp_loss":0,"event_name":"The Cleric","floor":3,"gold_loss":50},{"damage_healed":0,"gold_gain":0,"player_choice":"Grow","damage_taken":0,"max_hp_gain":0,"max_hp_loss":0,"event_name":"Living Wall","floor":10,"gold_loss":0,"cards_upgraded":["hubris:DuctTapeCard"]},{"damage_healed":0,"gold_gain":0,"player_choice":"Fought Mushrooms","damage_taken":0,"max_hp_gain":0,"max_hp_loss":0,"event_name":"Mushrooms","floor":11,"gold_loss":0},{"damage_healed":0,"gold_gain":0,"player_choice":"Simplicity","damage_taken":0,"max_hp_gain":0,"max_hp_loss":0,"event_name":"Back to Basics","floor":27,"gold_loss":0,"cards_upgraded":["Strike_G","Strike_G","Strike_G","Strike_G","Defend_G","Defend_G","Defend_G","Defend_G","Defend_G"]},{"damage_healed":0,"gold_gain":0,"player_choice":"Gave Potion","damage_taken":0,"relics_obtained":["ReplayTheSpireMod:Ninjato"],"max_hp_gain":0,"max_hp_loss":0,"event_name":"WeMeetAgain","floor":31,"gold_loss":0},{"damage_healed":0,"gold_gain":0,"player_choice":"Fight","damage_taken":0,"max_hp_gain":0,"max_hp_loss":0,"event_name":"MindBloom","floor":41,"gold_loss":0},{"damage_healed":0,"gold_gain":0,"player_choice":"Fight","damage_taken":0,"max_hp_gain":0,"max_hp_loss":0,"event_name":"Mysterious Sphere","floor":46,"gold_loss":0}],"is_beta":false,"boss_relics":[{"not_picked":["Replay:Bronze Core","hubris:BlackHole"],"picked":"Snecko Eye"},{"not_picked":["Kintsugi","Snecko Scales"],"picked":"SacredBark"}],"items_purged_floors":[39],"is_endless":false,"potions_floor_spawned":[6,13,20,26,30,32,35,40,41],"killed_by":"Nemesis","ascension_level":12}}