{"host":"l84l8xigz5v5foa2","time":1610730272,"event":{"mods":["2.2 Compatiblity","AchievementEnabler","BaseMod","Better Note","Better Vampires","Card Filter","Colored Map","DeckTracker","Downfall","Gremlin Skip","Highlight Path","Keyboard Shortcuts","Minty Spire (QoL Compilation)","Permanent Neow","Quick Restart","Relic Filter","Relic Stats","StSLib","SuperFastMode","Transform Curses","Unknown Chances"],"gold_per_floor":[99,118,118,182,52,52,52,64,64,80,80,65,77,92,107,185,185,185,203,215,100,112,212,235,185,185,185,185,218,68,99,112,189,189,189,202,218,217,269,284,336,258,258,258,271,121,121,139,153,153],"floor_reached":51,"language":"ENG","playtime":2817,"items_purged":["hexamod:Strike","hexamod:Strike","hexamod:Defend","hexamod:Strike"],"score":1404,"play_id":"6b85e3c6-b37e-4c9c-92bc-d3193fef2e95","local_time":"20210116020432","is_ascension_mode":true,"campfire_choices":[{"data":"hexamod:Float","floor":1.0,"key":"SMITH"},{"data":"hexamod:CatchUp","floor":9.0,"key":"SMITH"},{"data":"hexamod:Incineration","floor":18.0,"key":"SMITH"},{"data":"hexamod:FastForward","floor":26.0,"key":"SMITH"},{"floor":28,"key":"RECALL"},{"data":"hexamod:GhostOfSpireFuture","floor":30,"key":"SMITH"},{"data":"hexamod:SkipABeat","floor":35,"key":"SMITH"},{"data":"hexamod:GhostOfSpirePast","floor":44,"key":"SMITH"},{"data":"hexamod:HexaLevel","floor":47,"key":"SMITH"}],"circlet_count":0,"master_deck":["AscendersBane","hexamod:Defend","hexamod:Defend","hexamod:Defend","hexamod:Sear","hexamod:Float+1","Forethought","hexamod:NightmareStrike","hexamod:SkipABeat+1","hexamod:FastForward+1","hexamod:Incineration+1","hexamod:CatchUp+1","hexamod:FourthSeal","hexamod:SpectersWail","hexamod:HeatMetal","hexamod:GhostShield","hexamod:ThermalTransfer","hexamod:TimeOfNeed","hexamod:SoulSteal","hexamod:InspiringFlames","hexamod:FourthSeal","hexamod:GhostOfSpireFuture+1","hexamod:EtherealExpedition+1","hexamod:TimeWarp","hexamod:EmpoweringStance","hexamod:RecurringNightmare","hexamod:SearingWound","hexamod:AdvancingGuard","hexamod:Rewind+1","hexamod:Rewind+1","hexamod:AdvancingGuard","hexamod:RainOfEmbers+1","hexamod:ShieldOfDarkness","hexamod:GhostOfSpirePast+1","hexamod:HexaLevel+1","hexamod:SwordOfDarkness+1","hexamod:HeatShield+1"],"relics":["hexamod:SpiritBrand","downfall:ShatteredFragment","Mercury Hourglass","Philosopher\u0027s Stone","Ornamental Fan","Thread and Needle","Anchor","Blood Vial","downfall:HeartBlessingRed","downfall:HeartBlessingBlue","Bronze Scales","Coffee Dripper","DollysMirror","Lizard Tail","Potion Belt"],"acts_visited":["Exordium","TheCity","TheBeyond"],"potions_floor_usage":[29,29,31,33,37,39,39,40,45,45,48,48,49,49,49,49,49,50,50],"damage_taken":[{"damage":0.0,"enemies":"2 Louse","floor":2.0,"turns":2.0},{"damage":19.0,"enemies":"3 Sentries","floor":4.0,"turns":7.0},{"damage":0.0,"enemies":"downfall:FleeingMerchant","floor":5.0,"turns":4.0},{"damage":0.0,"enemies":"Jaw Worm","floor":8.0,"turns":3.0},{"damage":0.0,"enemies":"Small Slimes","floor":10.0,"turns":2.0},{"damage":9.0,"enemies":"downfall:FleeingMerchant","floor":12.0,"turns":4.0},{"damage":0.0,"enemies":"Blue Slaver","floor":13.0,"turns":2.0},{"damage":0.0,"enemies":"3 Louse","floor":14.0,"turns":2.0},{"damage":0.0,"enemies":"Exordium Thugs","floor":15.0,"turns":3.0},{"damage":15.0,"enemies":"downfall:Silent","floor":16.0,"turns":9.0},{"damage":9.0,"enemies":"Spheric Guardian","floor":19.0,"turns":4.0},{"damage":0.0,"enemies":"Chosen","floor":20.0,"turns":3.0},{"damage":0.0,"enemies":"downfall:FleeingMerchant","floor":21.0,"turns":4.0},{"damage":4.0,"enemies":"Snecko","floor":22.0,"turns":3.0},{"damage":37.0,"enemies":"downfall:Defect","floor":23.0,"turns":6.0},{"damage":6,"enemies":"Gremlin Leader","floor":29,"turns":5},{"damage":4,"enemies":"Book of Stabbing","floor":31,"turns":4},{"damage":4,"enemies":"3 Cultists","floor":32,"turns":4},{"damage":19,"enemies":"downfall:Watcher","floor":33,"turns":8},{"damage":5,"enemies":"3 Darklings","floor":36,"turns":5},{"damage":0,"enemies":"Orb Walker","floor":37,"turns":3},{"damage":19,"enemies":"downfall:FleeingMerchant","floor":38,"turns":3},{"damage":39,"enemies":"2 Orb Walkers","floor":39,"turns":5},{"damage":24,"enemies":"Spire Growth","floor":40,"turns":4},{"damage":0,"enemies":"4 Shapes","floor":45,"turns":5},{"damage":0,"enemies":"3 Darklings","floor":48,"turns":5},{"damage":11,"enemies":"Writhing Mass","floor":49,"turns":4},{"damage":8,"enemies":"downfall:Ironclad","floor":50,"turns":9}],"seed_played":"-4772245143147501069","potions_obtained":[{"floor":4.0,"key":"FearPotion"},{"floor":12.0,"key":"Fire Potion"},{"floor":13.0,"key":"ColorlessPotion"},{"floor":13.0,"key":"Block Potion"},{"floor":14.0,"key":"Fruit Juice"},{"floor":14.0,"key":"Explosive Potion"},{"floor":15.0,"key":"Guardian:BlockOnCardUsePotion"},{"floor":16.0,"key":"GamblersBrew"},{"floor":16.0,"key":"sneckomod:MuddlingPotion"},{"floor":19.0,"key":"Fruit Juice"},{"floor":19.0,"key":"EntropicBrew"},{"floor":21.0,"key":"AttackPotion"},{"floor":22.0,"key":"Fruit Juice"},{"floor":22.0,"key":"SpeedPotion"},{"floor":23.0,"key":"DuplicationPotion"},{"floor":23.0,"key":"FearPotion"},{"floor":23.0,"key":"hexamod:DoubleChargePotion"},{"floor":29,"key":"EssenceOfSteel"},{"floor":31,"key":"SteroidPotion"},{"floor":31,"key":"SpeedPotion"},{"floor":33,"key":"Fire Potion"},{"floor":36,"key":"ColorlessPotion"},{"floor":37,"key":"Fire Potion"},{"floor":38,"key":"hexamod:EctoCoolerPotion"},{"floor":39,"key":"EntropicBrew"},{"floor":39,"key":"PowerPotion"},{"floor":40,"key":"SteroidPotion"},{"floor":43,"key":"Fire Potion"},{"floor":43,"key":"LiquidMemories"},{"floor":45,"key":"Fruit Juice"},{"floor":45,"key":"PowerPotion"},{"floor":48,"key":"LiquidMemories"},{"floor":48,"key":"EssenceOfSteel"},{"floor":49,"key":"CultistPotion"},{"floor":49,"key":"Strength Potion"},{"floor":49,"key":"DistilledChaos"}],"is_trial":false,"path_per_floor":["R","M","?","?","$","?","T","M","R","M","?","$","M","M","M","B",null,"R","M","M","$","M","?","T","?","R","?","R","E","R","E","M","B",null,"R","M","M","$","?","M","T","$","?","R","M","$","R","M","M","B",null],"character_chosen":"THE_SPIRIT","items_purchased":["hexamod:Incineration","DollysMirror","hexamod:AdvancingGuard","hexamod:GhostOfSpirePast"],"campfire_rested":0,"item_purchase_floors":[5,38,38,42],"current_hp_per_floor":[57,57,36,17,17,17,17,17,17,17,63,54,54,59,59,44,62,62,58,58,58,59,22,22,59,59,59,59,53,63,61,59,42,77,77,74,76,59,22,44,44,44,44,44,51,51,51,53,44,38],"gold":153,"neow_bonus":"RANDOM_COLORLESS","is_daily":false,"chose_seed":false,"campfire_upgraded":8,"win_rate":0.0,"timestamp":1610730272,"path_taken":["R","M","?","?","?","?","T","M","R","?","?","?","M","M","M","BOSS","R","M","M","$","M","?","T","?","R","?","R","E","R","E","M","BOSS","R","M","M","?","?","M","T","$","?","R","M","$","R","M","M","BOSS"],"items_purchased_type":["Card","Relic","Card","Card"],"build_version":"2020-12-22","purchased_purges":4,"victory":true,"max_hp_per_floor":[63,63,63,63,63,63,63,63,63,63,63,63,63,68,68,68,68,68,73,73,73,78,78,78,78,78,78,78,78,88,88,88,88,88,88,88,88,88,88,88,88,88,88,88,93,93,93,93,93,93],"relic_stats":{"Blood Vial":24,"Lizard Tail":44,"counters":[28,121],"Ornamental Fan":[108],"Bronze Scales":[117],"obtain_stats":[{"Potion Belt":41,"downfall:ShatteredFragment":3,"downfall:HeartBlessingRed":30,"Thread and Needle":23,"Mercury Hourglass":4,"Blood Vial":29,"Anchor":24,"Lizard Tail":39,"Ornamental Fan":23,"downfall:HeartBlessingBlue":30,"DollysMirror":38,"Bronze Scales":31,"Philosopher\u0027s Stone":17,"Coffee Dripper":34,"hexamod:SpiritBrand":0},{"Potion Belt":24,"downfall:ShatteredFragment":1,"downfall:HeartBlessingRed":16,"Thread and Needle":15,"Mercury Hourglass":2,"Blood Vial":16,"Anchor":15,"Lizard Tail":23,"Ornamental Fan":15,"downfall:HeartBlessingBlue":16,"DollysMirror":22,"Bronze Scales":17,"Philosopher\u0027s Stone":10,"Coffee Dripper":19,"hexamod:SpiritBrand":0},{"Potion Belt":98,"downfall:ShatteredFragment":2,"downfall:HeartBlessingRed":62,"Thread and Needle":58,"Mercury Hourglass":9,"Blood Vial":62,"Anchor":58,"Lizard Tail":94,"Ornamental Fan":58,"downfall:HeartBlessingBlue":62,"DollysMirror":89,"Bronze Scales":66,"Philosopher\u0027s Stone":38,"Coffee Dripper":78,"hexamod:SpiritBrand":0}],"Mercury Hourglass":[330]},"card_choices":[{"not_picked":["expansioncontent:AwakenDeath","expansioncontent:Chronoboost"],"picked":"Forethought","floor":0.0},{"not_picked":["hexamod:Hexaguard","hexamod:NightmareGuise"],"picked":"hexamod:NightmareStrike","floor":2.0},{"not_picked":["hexamod:GhostLash","hexamod:PhantomFireball"],"picked":"hexamod:SkipABeat","floor":4.0},{"not_picked":["hexamod:RetreatToShadows","hexamod:Hexaguard"],"picked":"hexamod:FastForward","floor":5.0},{"not_picked":["hexamod:FastForward","hexamod:GhostOfSpireFuture"],"picked":"hexamod:CatchUp","floor":8.0},{"not_picked":["hexamod:CatchUp","hexamod:AdvancingGuard"],"picked":"hexamod:FourthSeal","floor":10.0},{"not_picked":["hexamod:GhostLash","hexamod:ShieldOfDarkness"],"picked":"hexamod:SpectersWail","floor":12.0},{"not_picked":["hexamod:Toasty","hexamod:ShieldOfDarkness"],"picked":"hexamod:HeatMetal","floor":13.0},{"not_picked":["hexamod:BurningTouch","hexamod:FastForward"],"picked":"hexamod:GhostShield","floor":14.0},{"not_picked":["hexamod:GhostflameInferno","hexamod:FastForward"],"picked":"hexamod:ThermalTransfer","floor":15.0},{"not_picked":["hexamod:FifthSeal","hexamod:UnleashSpirits"],"picked":"hexamod:TimeOfNeed","floor":16.0},{"not_picked":["hexamod:NightmareStrike","hexamod:SuperheatedStrike"],"picked":"hexamod:SoulSteal","floor":19.0},{"not_picked":["hexamod:NightmareGuise","hexamod:Hexaguard"],"picked":"hexamod:InspiringFlames","floor":20.0},{"not_picked":["hexamod:Again","hexamod:RainOfEmbers"],"picked":"hexamod:FourthSeal","floor":21.0},{"not_picked":["hexamod:InspiringFlames","hexamod:ShieldOfDarkness"],"picked":"hexamod:GhostOfSpireFuture","floor":22.0},{"not_picked":["hexamod:FastForward","hexamod:BacktrackSmack"],"picked":"hexamod:EtherealExpedition+1","floor":23.0},{"not_picked":["hexamod:FastForward","hexamod:BacktrackSmack","hexamod:CatchUp"],"picked":"SKIP","floor":29},{"not_picked":["hexamod:SecondSeal","hexamod:BacktrackSmack"],"picked":"hexamod:EmpoweringStance","floor":31},{"not_picked":["hexamod:HeatMetal","hexamod:EmpoweredFlame+1"],"picked":"hexamod:RecurringNightmare","floor":32},{"not_picked":["hexamod:ApocalypticArmor","hexamod:UnleashSpirits"],"picked":"hexamod:SearingWound","floor":33},{"not_picked":["hexamod:Hexaguard","hexamod:SwordOfDarkness","hexamod:FastForward"],"picked":"SKIP","floor":36},{"not_picked":["hexamod:NightmareGuise","hexamod:Incineration"],"picked":"hexamod:AdvancingGuard","floor":37},{"not_picked":["hexamod:FirstSeal","hexamod:NightmareGuise+1"],"picked":"hexamod:Rewind+1","floor":38},{"not_picked":["hexamod:Firestarter","hexamod:SpectersWail+1"],"picked":"hexamod:RainOfEmbers+1","floor":39},{"not_picked":["hexamod:SwordOfDarkness","hexamod:FlamesFromBeyond"],"picked":"hexamod:ShieldOfDarkness","floor":40},{"not_picked":["hexamod:GhostLash+1","hexamod:ExtraCrispy"],"picked":"hexamod:HexaLevel","floor":45},{"not_picked":["hexamod:InspiringFlames","hexamod:HeatShield"],"picked":"hexamod:SwordOfDarkness+1","floor":48},{"not_picked":["hexamod:PhantomFireball","hexamod:SpectersWail"],"picked":"hexamod:HeatShield+1","floor":49}],"player_experience":3231821,"relics_obtained":[{"floor":4.0,"key":"Mercury Hourglass"},{"floor":23.0,"key":"Ornamental Fan"},{"floor":23.0,"key":"Thread and Needle"},{"floor":24.0,"key":"Anchor"},{"floor":29,"key":"Blood Vial"},{"floor":31,"key":"Bronze Scales"},{"floor":39,"key":"Lizard Tail"},{"floor":41,"key":"Potion Belt"}],"event_choices":[{"cards_removed":["hexamod:Strike"],"damage_healed":0.0,"max_hp_gain":0.0,"max_hp_loss":0.0,"gold_gain":0.0,"event_name":"The Cleric","player_choice":"Card Removal","floor":6.0,"gold_loss":0.0,"damage_taken":0.0},{"damage_healed":46.0,"max_hp_gain":0.0,"max_hp_loss":0.0,"gold_gain":0.0,"event_name":"Wheel of Change","player_choice":"Full Heal","floor":11.0,"gold_loss":0.0,"damage_taken":0.0},{"damage_healed":0,"gold_gain":0,"player_choice":"Fight","damage_taken":0,"max_hp_gain":0,"max_hp_loss":0,"event_name":"Mysterious Sphere","floor":39,"gold_loss":0},{"damage_healed":0,"gold_gain":0,"player_choice":"Got Potions","damage_taken":0,"max_hp_gain":0,"max_hp_loss":0,"event_name":"Lab","floor":43,"gold_loss":0}],"is_beta":false,"boss_relics":[{"not_picked":["Runic Pyramid","sneckomod:SneckoTalon"],"picked":"Philosopher\u0027s Stone"},{"not_picked":["expansioncontent:StudyCardRelic","Empty Cage"],"picked":"Coffee Dripper"}],"items_purged_floors":[5,21,38,46],"is_endless":false,"potions_floor_spawned":[4,13,14,15,16,19,20,23,31,37,39,45,49],"ascension_level":20}}