{"host":"i0dcpa89fcfo7o2v","time":1610727157,"event":{"mods":["2.2 Compatiblity","AchievementEnabler","AlwaysNeverKeys","BaseMod","BetterRewards","Block Reminder","Colored Map","Colored Powertips","Conspire","Displayed Cursed Tome","Downfall","Energized Spire","Gold Saver","Halation","Highlight Path","Hubris","Infinite Spire","Minty Spire (QoL Compilation)","Quick Restart","Relic Stats","Replay The Spire","Shop Mod","Spicy Shops","StSLib","Synergy Search","The Factory","The Jungle","Transform Curses","Uncapped","Wandering Minibosses","vexMod"],"gold_per_floor":[911,157,157,176,251,285,305,335,335,335,7,7,7,40,40,111,111,131,144,144,159,159,159,177,177,202,202,202,218,318,63,63,137,137,148,48,58,58,78,78,111,111,111,123,142,442,476,493,493,493,493,493,493,493,25,25,25],"floor_reached":56,"language":"ENG","playtime":2600,"items_purged":["Clumsy","Strike_R","Hallucinations"],"score":2521,"play_id":"861aa580-bf59-4eb5-a5c7-1b80f03e30cf","local_time":"20210115171237","is_ascension_mode":true,"campfire_choices":[{"data":"1","floor":10.0,"key":"LIFT"},{"floor":15.0,"key":"REST"},{"floor":23.0,"key":"DIG"},{"data":"2","floor":27.0,"key":"LIFT"},{"data":"Injury","floor":40.0,"key":"PURGE"},{"data":"3","floor":42.0,"key":"LIFT"},{"data":"Twin Strike","floor":49.0,"key":"SMITH"},{"data":"Thunderclap","floor":49.0,"key":"SMITH"},{"data":"Intimidate","floor":53.0,"key":"SMITH"},{"data":"Carnage","floor":53.0,"key":"SMITH"}],"circlet_count":0,"master_deck":["AscendersBane","Strike_R","Strike_R","Strike_R","Strike_R","Defend_R","Defend_R+1","Defend_R","Bash","Thunderclap+1","Apotheosis+1","Twin Strike+1","Intimidate+1","Thunderclap+1","ReplayTheSpireMod:LeadingStrike+1","Spot Weakness+1","Havoc","Carnage+1","Iron Wave+1","Impervious+1","Reaper+1","ReplayTheSpireMod:Limb From Limb+1","Iron Wave+1","Metallicize+1","Dropkick+1","Cleave+1","Demonic Infusion+1","Replay:Bootleg Shield Generator+1","Clash+1","Clash"],"relics":["Burning Blood","hubris:Teleporter","Girya","Bag of Marbles","Anchor","Gambling Chip","hubris:FunFungus","hubris:OldNail","TungstenRod","Pear","Kunai","Vajra","Golden Egg","Replay:Ancient Bell","Oddly Smooth Stone","Blue Candle","Replay:Multitool","Replay:Wax Seal","hubris:SlimyHat","halation:VictoryRuler","infinitespire:CursedDice","Toxic Egg 2","vexMod:TanglingVine","hubris:MysteriousPyramids","vexMod:FocusSash","hubris:NiceRug","ReplayTheSpireMod:Lightbulb","Incense Burner","vexMod:PaidLearning","King of Hearts","Bottled Flame","halation:Sosunser","Replay:Arrowhead","Replay:Bottled Flurry"],"acts_visited":["Exordium","TheCity","TheBeyond","TheEnding"],"potions_floor_usage":[],"damage_taken":[{"damage":7.0,"enemies":"2 Louse","floor":1.0,"turns":4.0},{"damage":2.0,"enemies":"Jaw Worm","floor":4.0,"turns":2.0},{"damage":36.0,"enemies":"Gremlin Nob","floor":6.0,"turns":4.0},{"damage":1.0,"enemies":"Small Slimes","floor":7.0,"turns":9.0},{"damage":11.0,"enemies":"3 Sentries","floor":8.0,"turns":4.0},{"damage":23.0,"enemies":"Lagavulin","floor":14.0,"turns":4.0},{"damage":23.0,"enemies":"The Guardian","floor":16.0,"turns":10.0},{"damage":19.0,"enemies":"3 Byrds","floor":18.0,"turns":5.0},{"damage":37.0,"enemies":"Shell Parasite","floor":19.0,"turns":6.0},{"damage":11.0,"enemies":"Snecko","floor":21.0,"turns":4.0},{"damage":15.0,"enemies":"Snake Plant","floor":24.0,"turns":3.0},{"damage":5.0,"enemies":"3 Cultists","floor":29.0,"turns":3.0},{"damage":3.0,"enemies":"Colosseum Slavers","floor":30.0,"turns":2.0},{"damage":22.0,"enemies":"Colosseum Nobs","floor":30.0,"turns":5.0},{"damage":72.0,"enemies":"Collector","floor":33.0,"turns":10.0},{"damage":0.0,"enemies":"3 Darklings","floor":35.0,"turns":2.0},{"damage":0.0,"enemies":"Orb Walker","floor":37.0,"turns":2.0},{"damage":0.0,"enemies":"Sphere and 2 Shapes","floor":39.0,"turns":2.0},{"damage":4.0,"enemies":"R_Hoarder","floor":41.0,"turns":3.0},{"damage":2.0,"enemies":"Transient","floor":44.0,"turns":6.0},{"damage":0.0,"enemies":"3 Darklings","floor":45.0,"turns":2.0},{"damage":11.0,"enemies":"hubris:Merchant","floor":46.0,"turns":5.0},{"damage":0.0,"enemies":"Reptomancer","floor":47.0,"turns":2.0},{"damage":0.0,"enemies":"Jaw Worm Horde","floor":48.0,"turns":2.0},{"damage":51.0,"enemies":"conspire:OrnateMirror","floor":50.0,"turns":2.0},{"damage":8.0,"enemies":"Awakened One","floor":51.0,"turns":6.0},{"damage":0,"enemies":"Shield and Spear","floor":55,"turns":3},{"damage":89,"enemies":"The Heart","floor":56,"turns":8}],"seed_played":"-6473124908233225555","potions_obtained":[{"floor":6.0,"key":"Block Potion"},{"floor":7.0,"key":"Toxic Potion"},{"floor":16.0,"key":"SkillPotion"},{"floor":19.0,"key":"champ:CounterPotion"},{"floor":24.0,"key":"Reflective Coating"},{"floor":29.0,"key":"PowerPotion"},{"floor":30.0,"key":"Adrenaline Potion"},{"floor":33.0,"key":"Block Potion"},{"floor":35.0,"key":"sneckomod:MuddlingPotion"}],"is_trial":false,"path_per_floor":["M","$","?","M","?","E","M","E","T","R","$","?","?","E","R","B",null,"M","M","?","M","$","R","M","R","T","R","AVR","M","?","$","R","B",null,"M","NS","M","?","M","R","E","R","T","M","M","$","E","M","R","B","B",null,"R","$","E","B"],"character_chosen":"IRONCLAD","items_purchased":["hubris:Teleporter","Bag of Marbles","Anchor","Apotheosis","hubris:FunFungus","hubris:OldNail","Twin Strike","ReplayTheSpireMod:LeadingStrike+1","Vajra","Impervious+1"],"campfire_rested":1,"item_purchase_floors":[0,0,0,2,2,2,2,11,11,31],"current_hp_per_floor":[67,67,67,71,60,30,46,52,52,52,52,27,35,18,43,30,71,59,28,28,25,25,25,16,41,41,41,41,42,29,29,54,37,73,79,79,85,85,85,85,85,85,85,85,85,83,85,85,85,40,84,85,85,85,85,0,0],"gold":25,"neow_bonus":"","is_daily":false,"chose_seed":false,"campfire_upgraded":4,"win_rate":0.0,"timestamp":1610727157,"path_taken":["M","$","?","M","?","E","M","E","T","R","$","?","?","E","R","BOSS","M","M","?","?","?","R","M","R","T","R","AVR","M","?","?","R","BOSS","M","NS","M","?","M","R","E","R","T","M","M","$","E","?","R","BOSS","BOSS","R","$","E","BOSS"],"items_purchased_type":["Relic","Relic","Relic","Card","Relic","Relic","Card","Card","Relic","Card"],"build_version":"2020-12-22","purchased_purges":3,"victory":false,"max_hp_per_floor":[75,75,75,75,75,75,75,85,85,85,85,85,85,85,85,85,85,85,85,85,85,85,85,85,85,85,85,85,85,85,85,85,85,85,85,85,85,85,85,85,85,85,85,85,85,85,85,85,85,85,85,85,85,85,85,85,85],"relic_stats":{"counters":[69,317],"Gambling Chip":[94],"Blue Candle":[13],"Kunai":[43],"obtain_stats":[{"Ice Cream":27,"Golden Egg":21,"Vajra":11,"vexMod:TanglingVine":34,"hubris:MysteriousPyramids":41,"Blood Vial":7,"theJungle:SneckoAutograph":22,"conspire:GlowingRock":18,"Sundial":9,"halation:VictoryRuler":28,"Iron Hammer":31,"Replay:Bottled Flurry":55,"Kunai":9,"Replay:Wax Seal":23,"Toxic Egg 2":30,"MerchantsRug":13,"Girya":0,"hubris:Teleporter":0,"Pear":8,"wanderingMiniBosses:ThiefScarf":14,"Happy Flower":25,"vexMod:ScavengeHelm":9,"Counterbalance":21,"Blue Candle":17,"Oddly Smooth Stone":17,"Ring of Chaos":24,"vexMod:PaidLearning":27,"Replay:Ancient Bell":17,"hubris:Zylophone":23,"vexMod:Cooldron":0,"Bottled Flame":46,"hubris:PeanutButter":18,"infinitespire:EmpoweringShard":16,"hubris:ToyBattleship":27,"theJungle:WildStrawberry":26,"Mirror":5,"vexMod:BigBerry":17,"ReplayFunnel":7,"ReplayTheSpireMod:Ring of Exchange":5,"halation:Sosunser":46,"SacredBark":20,"halation:TrafficLight":0,"Painkiller Herb":17,"conspire:SpecialSausage":34,"King of Hearts":46,"theJungle:WildPear":20,"Replay:Multitool":17,"hubris:SlimyHat":26,"Incense Burner":46,"Ancient Tea Set":28,"Burning Blood":0,"Replay:Rubber Ducky":29,"Nunchaku":5,"hubris:Icosahedron":19,"Shovel":19,"Gambling Chip":0,"Tiny Chest":27,"hubris:IronBody":11,"hubris:FunFungus":2,"Replay:Bottled Eggs":23,"Red Skull":8,"Paper Frog":26,"Potion Belt":20,"NeowsBlessing":0,"infinitespire:CursedDice":30,"halation:IllGainedPizza":11,"vexMod:FocusSash":8,"Frozen Egg 2":4,"halation:SelfBoilingWater":9,"Replay:Arrowhead":47,"halation:SwordOfLegend":16,"Anchor":0,"Busted Crown":17,"Turnip":0,"Art of War":6,"Garlic":5,"Bag of Marbles":0,"ReplayTheSpireMod:Lightbulb":11,"halation:PinkSoulGem":12,"hubris:Potato":25,"Toy Ornithopter":27,"hubris:OldNail":2,"TungstenRod":6,"infinitespire:Midas Blood":31,"hubris:NiceRug":46},{"Ice Cream":20,"Golden Egg":19,"Vajra":46,"vexMod:TanglingVine":56,"hubris:MysteriousPyramids":60,"Blood Vial":24,"theJungle:SneckoAutograph":8,"conspire:GlowingRock":18,"Sundial":25,"halation:VictoryRuler":52,"Iron Hammer":21,"Replay:Bottled Flurry":68,"Kunai":46,"Replay:Wax Seal":51,"Toxic Egg 2":55,"MerchantsRug":26,"Girya":41,"hubris:Teleporter":41,"Pear":46,"wanderingMiniBosses:ThiefScarf":17,"Happy Flower":20,"vexMod:ScavengeHelm":13,"Counterbalance":19,"Blue Candle":48,"Oddly Smooth Stone":48,"Ring of Chaos":20,"vexMod:PaidLearning":34,"Replay:Ancient Bell":48,"hubris:Zylophone":33,"vexMod:Cooldron":11,"Bottled Flame":63,"hubris:PeanutButter":18,"infinitespire:EmpoweringShard":17,"hubris:ToyBattleship":20,"theJungle:WildStrawberry":20,"Mirror":23,"vexMod:BigBerry":18,"ReplayFunnel":13,"ReplayTheSpireMod:Ring of Exchange":12,"halation:Sosunser":63,"SacredBark":19,"halation:TrafficLight":22,"Painkiller Herb":28,"conspire:SpecialSausage":38,"King of Hearts":63,"theJungle:WildPear":8,"Replay:Multitool":48,"hubris:SlimyHat":52,"Incense Burner":63,"Ancient Tea Set":21,"Burning Blood":0,"Replay:Rubber Ducky":36,"Nunchaku":23,"hubris:Icosahedron":8,"Shovel":19,"Gambling Chip":41,"Tiny Chest":21,"hubris:IronBody":5,"hubris:FunFungus":42,"Replay:Bottled Eggs":9,"Red Skull":25,"Paper Frog":34,"Potion Belt":19,"NeowsBlessing":0,"infinitespire:CursedDice":55,"halation:IllGainedPizza":26,"vexMod:FocusSash":3,"Frozen Egg 2":12,"halation:SelfBoilingWater":3,"Replay:Arrowhead":64,"halation:SwordOfLegend":17,"Anchor":41,"Busted Crown":7,"Turnip":11,"Art of War":3,"Garlic":23,"Bag of Marbles":41,"ReplayTheSpireMod:Lightbulb":15,"halation:PinkSoulGem":26,"hubris:Potato":34,"Toy Ornithopter":34,"hubris:OldNail":42,"TungstenRod":44,"infinitespire:Midas Blood":21,"hubris:NiceRug":63},{"Ice Cream":96,"Golden Egg":91,"Vajra":220,"vexMod:TanglingVine":272,"hubris:MysteriousPyramids":281,"Blood Vial":116,"theJungle:SneckoAutograph":26,"conspire:GlowingRock":86,"Sundial":118,"halation:VictoryRuler":252,"Iron Hammer":102,"Replay:Bottled Flurry":309,"Kunai":220,"Replay:Wax Seal":249,"Toxic Egg 2":262,"MerchantsRug":122,"Girya":197,"hubris:Teleporter":197,"Pear":220,"wanderingMiniBosses:ThiefScarf":72,"Happy Flower":96,"vexMod:ScavengeHelm":50,"Counterbalance":91,"Blue Candle":234,"Oddly Smooth Stone":234,"Ring of Chaos":96,"vexMod:PaidLearning":163,"Replay:Ancient Bell":234,"hubris:Zylophone":158,"vexMod:Cooldron":43,"Bottled Flame":294,"hubris:PeanutButter":86,"infinitespire:EmpoweringShard":72,"hubris:ToyBattleship":96,"theJungle:WildStrawberry":96,"Mirror":113,"vexMod:BigBerry":86,"ReplayFunnel":50,"ReplayTheSpireMod:Ring of Exchange":46,"halation:Sosunser":294,"SacredBark":91,"halation:TrafficLight":110,"Painkiller Herb":131,"conspire:SpecialSausage":185,"King of Hearts":294,"theJungle:WildPear":26,"Replay:Multitool":234,"hubris:SlimyHat":252,"Incense Burner":294,"Ancient Tea Set":102,"Burning Blood":0,"Replay:Rubber Ducky":175,"Nunchaku":113,"hubris:Icosahedron":26,"Shovel":91,"Gambling Chip":197,"Tiny Chest":102,"hubris:IronBody":14,"hubris:FunFungus":201,"Replay:Bottled Eggs":34,"Red Skull":118,"Paper Frog":163,"Potion Belt":91,"NeowsBlessing":0,"infinitespire:CursedDice":262,"halation:IllGainedPizza":122,"vexMod:FocusSash":4,"Frozen Egg 2":46,"halation:SelfBoilingWater":4,"Replay:Arrowhead":296,"halation:SwordOfLegend":72,"Anchor":197,"Busted Crown":23,"Turnip":43,"Art of War":4,"Garlic":113,"Bag of Marbles":197,"ReplayTheSpireMod:Lightbulb":64,"halation:PinkSoulGem":122,"hubris:Potato":163,"Toy Ornithopter":163,"hubris:OldNail":201,"TungstenRod":207,"infinitespire:Midas Blood":102,"hubris:NiceRug":294}],"Burning Blood":332,"TungstenRod":117},"card_choices":[{"not_picked":["hubris:SharpeningStone","Flex"],"picked":"Thunderclap","floor":1.0},{"not_picked":["Flex","hubris:ReadiedAction","Headbutt"],"picked":"SKIP","floor":4.0},{"not_picked":["Flex","ReplayTheSpireMod:Strike From Hell"],"picked":"Intimidate","floor":6.0},{"not_picked":["Wild Strike","conspire:HitWhereItHurts","Rage"],"picked":"SKIP","floor":7.0},{"not_picked":["Double Tap","Carnage"],"picked":"Thunderclap","floor":8.0},{"not_picked":["ReplayTheSpireMod:Strike From Hell","ReplayTheSpireMod:Corrosion Curse"],"picked":"Cleave","floor":14.0},{"not_picked":["hubris:Wrath","ReplayTheSpireMod:Doomed"],"picked":"hubris:Compulsion","floor":17.0},{"not_picked":["Slimebound:Icky","hubris:Sloth"],"picked":"Hallucinations","floor":17.0},{"not_picked":["hubris:Despair","Parasite"],"picked":"Injury","floor":17.0},{"not_picked":["Clothesline","Replay:Undeath\u0027s Touch","ReplayTheSpireMod:Strike From Hell"],"picked":"SKIP","floor":18.0},{"not_picked":["True Grit","Massacre"],"picked":"Spot Weakness","floor":19.0},{"not_picked":["Combust","True Grit","ReplayTheSpireMod:Strike From Hell"],"picked":"SKIP","floor":21.0},{"not_picked":["Pommel Strike","Dark Embrace"],"picked":"Carnage","floor":24.0},{"not_picked":["Whirlwind","ReplayTheSpireMod:Strike From Hell","True Grit"],"picked":"SKIP","floor":29.0},{"not_picked":["Perfected Strike","Body Slam"],"picked":"Iron Wave+1","floor":30.0},{"not_picked":["Demonic Infusion+1","Corruption"],"picked":"Reaper","floor":33.0},{"not_picked":["Pommel Strike","Clash"],"picked":"ReplayTheSpireMod:Limb From Limb","floor":35.0},{"not_picked":["Second Wind+1","Combust"],"picked":"Iron Wave+1","floor":37.0},{"not_picked":["Anger+1","ReplayTheSpireMod:Strike From Hell"],"picked":"Metallicize+1","floor":39.0},{"not_picked":["Power Through+1","hubris:ReadiedAction+1","ReplayReversal+1"],"picked":"SKIP","floor":41.0},{"not_picked":["Headbutt","Rupture","Anger"],"picked":"SKIP","floor":44.0},{"not_picked":["Iron Wave","Rupture","Twin Strike"],"picked":"SKIP","floor":45.0},{"not_picked":[],"picked":"Dropkick","floor":46.0},{"not_picked":[],"picked":"Cleave","floor":46.0},{"not_picked":[],"picked":"Demonic Infusion+1","floor":46.0},{"not_picked":[],"picked":"Replay:Bootleg Shield Generator+1","floor":46.0},{"not_picked":["Dual Wield+1"],"picked":"SKIP","floor":46.0},{"not_picked":["Inflame+1"],"picked":"SKIP","floor":46.0},{"not_picked":["Thinking Ahead+1"],"picked":"SKIP","floor":46.0},{"not_picked":["Thunderclap","Ghostly Armor+1"],"picked":"Clash+1","floor":47.0},{"not_picked":["Carnage","Armaments+1","Heavy Blade"],"picked":"SKIP","floor":48.0},{"not_picked":["Searing Blow","Iron Wave"],"picked":"Clash","floor":55}],"player_experience":200737,"relics_obtained":[{"floor":6.0,"key":"TungstenRod"},{"floor":8.0,"key":"Pear"},{"floor":9.0,"key":"Kunai"},{"floor":14.0,"key":"Golden Egg"},{"floor":23.0,"key":"Replay:Wax Seal"},{"floor":26.0,"key":"hubris:SlimyHat"},{"floor":30.0,"key":"infinitespire:CursedDice"},{"floor":30.0,"key":"Toxic Egg 2"},{"floor":41.0,"key":"hubris:MysteriousPyramids"},{"floor":43.0,"key":"vexMod:FocusSash"},{"floor":46.0,"key":"ReplayTheSpireMod:Lightbulb"},{"floor":46.0,"key":"Incense Burner"},{"floor":46.0,"key":"vexMod:PaidLearning"},{"floor":46.0,"key":"King of Hearts"},{"floor":46.0,"key":"Bottled Flame"},{"floor":46.0,"key":"halation:Sosunser"},{"floor":47.0,"key":"Replay:Arrowhead"},{"floor":55,"key":"Replay:Bottled Flurry"}],"event_choices":[{"damage_healed":0.0,"max_hp_gain":0.0,"max_hp_loss":0.0,"gold_gain":0.0,"event_name":"Living Wall","player_choice":"Grow","floor":3.0,"gold_loss":0.0,"damage_taken":0.0,"cards_upgraded":["Apotheosis"]},{"damage_healed":0.0,"max_hp_gain":0.0,"max_hp_loss":0.0,"gold_gain":75.0,"event_name":"World of Goop","player_choice":"Gather Gold","floor":5.0,"gold_loss":0.0,"damage_taken":11.0},{"damage_healed":0.0,"max_hp_gain":0.0,"max_hp_loss":0.0,"gold_gain":0.0,"event_name":"Shining Light","player_choice":"Entered Light","floor":12.0,"gold_loss":0.0,"damage_taken":26.0,"cards_upgraded":["Defend_R","Defend_R"]},{"damage_healed":0.0,"max_hp_gain":0.0,"max_hp_loss":0.0,"gold_gain":0.0,"cards_transformed":["hubris:Compulsion"],"event_name":"Transmorgrifier","player_choice":"Transformed","floor":20.0,"gold_loss":0.0,"damage_taken":0.0,"cards_obtained":["Havoc"]},{"damage_healed":0.0,"max_hp_gain":0.0,"max_hp_loss":0.0,"gold_gain":0.0,"event_name":"Colosseum","player_choice":"Fight","floor":30.0,"gold_loss":0.0,"damage_taken":0.0},{"damage_healed":0.0,"max_hp_gain":0.0,"max_hp_loss":0.0,"gold_gain":0.0,"event_name":"Colosseum","player_choice":"Fought Nobs","floor":30.0,"gold_loss":0.0,"damage_taken":0.0},{"cards_removed":["Fire Breathing"],"damage_healed":0.0,"max_hp_gain":0.0,"max_hp_loss":0.0,"gold_gain":0.0,"event_name":"Bonfire Elementals","player_choice":"Offered Uncommon","floor":38.0,"gold_loss":0.0,"damage_taken":0.0}],"is_beta":false,"boss_relics":[{"not_picked":["hubris:CrackedHourglass","hubris:GrandSneckoEye"],"picked":"Replay:Ancient Bell"},{"not_picked":["Pet Ghost","MawBank"],"picked":"Oddly Smooth Stone"},{"not_picked":["Eternal Feather","Garlic"],"picked":"Blue Candle"},{"not_picked":["Shovel","Torii"],"picked":"Replay:Multitool"},{"not_picked":["Runic Cube","ReplayTheSpireMod:DimensionalGlitch"],"picked":"vexMod:TanglingVine"}],"items_purged_floors":[2,11,28],"is_endless":false,"potions_floor_spawned":[6,7,14,16,19,24,29,30,33,35,45,47,48],"killed_by":"The Heart","ascension_level":20}}