{"host":"ockkdcgl3b18tfz9","time":1610727436,"event":{"mods":["2.2 Compatiblity","BaseMod","Better Skull","Better Third Choice","BetterRewards","Hermit","Minty Spire (QoL Compilation)","Quick Restart","Replay The Spire","Spicy Shops","StSLib","SuperFastMode","The Jungle"],"gold_per_floor":[30,116,26,201,48,67,92,92,117,141,191,191,212,239,314,334,334,334,447,447,475,180,180,0,0,44,69,69,149,193,223,223,148,148,148,148,162,162],"floor_reached":36,"language":"ENG","playtime":873,"items_purged":["Doubt"],"score":700,"play_id":"5395c172-3eef-4974-abf9-b73c87e934e1","local_time":"20210115231716","is_ascension_mode":true,"campfire_choices":[{"floor":7.0,"key":"REST"},{"floor":11.0,"key":"REST"},{"floor":16.0,"key":"REST"},{"data":"Footwork","floor":17.0,"key":"SMITH"},{"data":"Corpse Explosion","floor":17.0,"key":"SMITH"},{"data":"Catalyst","floor":27.0,"key":"SMITH"},{"data":"Adrenaline","floor":27.0,"key":"SMITH"},{"floor":31.0,"key":"REST"},{"data":"ReplayTheSpireMod:Necrosis","floor":34.0,"key":"SMITH"},{"data":"Ghostly","floor":34.0,"key":"SMITH"}],"circlet_count":0,"master_deck":["Strike_G","Strike_G","Strike_G","Strike_G","Defend_G","Defend_G","Defend_G","Defend_G","Defend_G","Survivor","Neutralize","PiercingWail","PiercingWail","Footwork+1","Quick Slash","Backstab","Adrenaline+1","Corpse Explosion+1","Deadly Poison","Crippling Poison","Backflip","ReplayTheSpireMod:Necrosis+1","Choke","Cloak And Dagger","Ghostly","Ghostly","Ghostly","Ghostly+1","Ghostly+1","Catalyst+1","Cloak And Dagger+1","Infinite Blades+1","ReplayTheSpireMod:Shiv Toss+1","Accuracy+1","Envenom+1"],"relics":["Ring of the Snake","Garlic","Lee\u0027s Waffle","Replay:Arrowhead","Medical Kit","Oddly Smooth Stone","Nunchaku","Replay:Bandana","Omamori","Ring of Chaos","ReplayTheSpireMod:CursedCoin","Snake Skull","Golden Egg","Replay:Accelerometer","Dream Catcher","InkBottle","Frozen Egg 2","Mirror"],"acts_visited":["Exordium","TheCity"],"potions_floor_usage":[36,36],"damage_taken":[{"damage":3.0,"enemies":"Small Slimes","floor":1.0,"turns":5.0},{"damage":0.0,"enemies":"2 Louse","floor":5.0,"turns":4.0},{"damage":40.0,"enemies":"3 Sentries","floor":6.0,"turns":16.0},{"damage":25.0,"enemies":"Lagavulin","floor":8.0,"turns":10.0},{"damage":0.0,"enemies":"Jaw Worm","floor":12.0,"turns":4.0},{"damage":4.0,"enemies":"Blue Slaver","floor":13.0,"turns":3.0},{"damage":5.0,"enemies":"Exordium Wildlife","floor":15.0,"turns":3.0},{"damage":2.0,"enemies":"The Guardian","floor":18.0,"turns":11.0},{"damage":19.0,"enemies":"Chosen","floor":20.0,"turns":8.0},{"damage":0.0,"enemies":"Replay:Snechameleon","floor":25.0,"turns":7.0},{"damage":5.0,"enemies":"2 Thieves","floor":26.0,"turns":3.0},{"damage":12.0,"enemies":"Slavers","floor":29.0,"turns":3.0},{"damage":2.0,"enemies":"Centurion and Healer","floor":30.0,"turns":6.0},{"damage":39,"enemies":"Pondfish","floor":36,"turns":9}],"seed_played":"-5390405121918884174","potions_obtained":[{"floor":6.0,"key":"LiquidBronze"},{"floor":13.0,"key":"LifebloodPotion"},{"floor":15.0,"key":"Elixir"},{"floor":26.0,"key":"Adrenaline Potion"},{"floor":29.0,"key":"Strength Potion"}],"is_trial":false,"path_per_floor":["M","$","?","$","M","E","R","E","T","T","R","M","M","?","M","R","R","B",null,"M","$","?","?","?","E","M","R","T","E","M","R","?","T","R","R","B"],"character_chosen":"THE_SILENT","items_purchased":["Garlic","Lee\u0027s Waffle","PiercingWail","Footwork","Replay:Arrowhead","Medical Kit","ReplayTheSpireMod:CursedCoin","Snake Skull","Cloak And Dagger","Golden Egg"],"campfire_rested":4,"item_purchase_floors":[0,0,0,0,2,4,21,21,21,21],"current_hp_per_floor":[6,74,74,74,74,74,34,57,32,32,32,55,55,51,40,35,58,58,56,72,53,53,38,38,38,38,33,33,33,21,19,30,30,30,30,38,0,0],"gold":162,"neow_bonus":"","is_daily":false,"chose_seed":false,"campfire_upgraded":6,"win_rate":0.0,"timestamp":1610727436,"path_taken":["M","$","?","$","M","E","R","E","T","T","R","M","M","?","M","R","R","BOSS","M","$","?","?","?","E","M","R","T","E","?","R","?","?","R","R","BOSS"],"items_purchased_type":["Relic","Relic","Card","Card","Relic","Relic","Relic","Relic","Card","Relic"],"build_version":"2020-12-22","purchased_purges":1,"victory":false,"max_hp_per_floor":[60,77,77,77,77,77,77,77,77,77,77,77,77,77,77,77,77,77,77,77,77,77,38,38,38,38,38,38,38,38,38,38,38,38,38,38,38,38],"card_choices":[{"not_picked":["Eviscerate","Sucker Punch"],"picked":"Quick Slash","floor":1.0},{"not_picked":["Riddle With Holes","Dodge and Roll"],"picked":"Backstab","floor":5.0},{"not_picked":["Underhanded Strike","Blade Dance"],"picked":"Adrenaline","floor":6.0},{"not_picked":["Deadly Poison","Hidden Blade"],"picked":"Corpse Explosion","floor":8.0},{"not_picked":["Flying Knee","Deflect"],"picked":"Deadly Poison","floor":12.0},{"not_picked":["Reflex","ReplayTheSpireMod:Scrap Shanks"],"picked":"Crippling Poison","floor":13.0},{"not_picked":["Hidden Blade","Sucker Punch"],"picked":"Backflip","floor":15.0},{"not_picked":["Phantasmal Killer","Replay:Bag of Tricks"],"picked":"ReplayTheSpireMod:Necrosis","floor":18.0},{"not_picked":["Outmaneuver","Skewer"],"picked":"Choke","floor":20.0},{"not_picked":["Draining Mist+1","Distraction+1"],"picked":"Catalyst","floor":25.0},{"not_picked":["Poisoned Stab+1","Dagger Throw"],"picked":"Cloak And Dagger+1","floor":26.0},{"not_picked":["Deflect","Dodge and Roll+1"],"picked":"Infinite Blades+1","floor":29.0},{"not_picked":["Reflex","Calculated Gamble"],"picked":"ReplayTheSpireMod:Shiv Toss+1","floor":30.0},{"not_picked":["Poisoned Stab","Quick Slash"],"picked":"Accuracy+1","floor":31.0},{"not_picked":["Acrobatics","Noxious Fumes+1"],"picked":"Envenom+1","floor":35.0}],"player_experience":277785,"relics_obtained":[{"floor":6.0,"key":"Oddly Smooth Stone"},{"floor":8.0,"key":"Nunchaku"},{"floor":9.0,"key":"Replay:Bandana"},{"floor":10.0,"key":"Omamori"},{"floor":25.0,"key":"Dream Catcher"},{"floor":28.0,"key":"InkBottle"},{"floor":29.0,"key":"Frozen Egg 2"},{"floor":33.0,"key":"Mirror"}],"event_choices":[{"damage_healed":0.0,"max_hp_gain":0.0,"max_hp_loss":0.0,"gold_gain":175.0,"event_name":"betterThird:BetterSerpent","player_choice":"AGREE","floor":3.0,"gold_loss":0.0,"damage_taken":26.0},{"damage_healed":0.0,"max_hp_gain":0.0,"max_hp_loss":0.0,"gold_gain":75.0,"event_name":"betterThird:BetterGoop","player_choice":"Gold","floor":14.0,"gold_loss":0.0,"damage_taken":11.0},{"damage_healed":0.0,"max_hp_gain":0.0,"max_hp_loss":39.0,"gold_gain":0.0,"event_name":"Ghosts","player_choice":"Became a Ghost","floor":22.0,"gold_loss":0.0,"damage_taken":0.0,"cards_obtained":["Ghostly","Ghostly","Ghostly","Ghostly","Ghostly"]},{"damage_healed":0.0,"max_hp_gain":0.0,"max_hp_loss":0.0,"gold_gain":0.0,"event_name":"Masked Bandits","player_choice":"Paid Fearfully","floor":23.0,"gold_loss":180.0,"damage_taken":0.0},{"cards_removed":["Strike_G"],"damage_healed":0.0,"max_hp_gain":0.0,"max_hp_loss":0.0,"gold_gain":0.0,"event_name":"Beggar","player_choice":"Gave Gold","floor":32.0,"gold_loss":75.0,"damage_taken":0.0}],"is_beta":false,"boss_relics":[{"not_picked":["Honey Jar","Snecko Scales"],"picked":"Ring of Chaos"}],"items_purged_floors":[4],"is_endless":false,"potions_floor_spawned":[6,13,15,26,29,30],"killed_by":"Pondfish","ascension_level":9}}