{"host":"af1kf8gfe86ugcx8","time":1610693763,"event":{"mods":["2.2 Compatiblity","BaseMod","Better Altar","Better Match","Better Sensory Stone","Better Skull","Better Vampires","BetterRewards","Card Filter","Colored Map","Conspire","Defuse TimeMaze Blight","Downfall","Energized Spire","Friendly Minions","Glutton Mod","Infinite Spire","Kratos Character Expansion","Mad Scientist","Minty Spire (QoL Compilation)","Permanent Neow","Quick Restart","Random Character Button","Replay The Spire","SOS???????","Shop Mod","Spikes Relics","StSLib","The Construct","The Death Knight","The Disciple","The Necromancer","Transform Curses","UnlockEverythingMod"],"gold_per_floor":[147,157,167,167,167,192,47,47,47,47,75,75,41,60,60,161,161,171,198,208,222,147,147,179,194,219,219,219,239,257,267,267,365,365,382,396,10,22,0,0,29,47,47,47,60,110,110,129,129,129],"floor_reached":51,"language":"ENG","playtime":2344,"items_purged":["KratosMod:Defend_K","KratosMod:Strike_K"],"score":909,"play_id":"48f2c4d9-c8ea-4a1e-a23f-020f9145151d","local_time":"20210114225603","is_ascension_mode":false,"campfire_choices":[{"data":"KratosMod:clawsofhades","floor":8,"key":"SMITH"},{"data":"BlessedFruit","floor":10,"key":"SMITH"},{"data":"BlessedFruit","floor":12,"key":"SMITH"},{"data":"KratosMod:Roll","floor":15,"key":"SMITH"},{"data":"KratosMod:Revenge","floor":23,"key":"SMITH"},{"data":"ReplayTheSpireMod:??????????????????????","floor":28,"key":"SMITH"},{"data":"KratosMod:blades","floor":32,"key":"SMITH"},{"data":"KratosMod:BladeWhip","floor":40,"key":"SMITH"},{"data":"KratosMod:cyclone","floor":44,"key":"SMITH"},{"data":"KratosMod:ShieldBash","floor":49,"key":"SMITH"}],"circlet_count":0,"master_deck":["KratosMod:Strike_K","KratosMod:cyclone+1","KratosMod:AthenaBane","BlessedFruit+1","BlessedFruit+1","KratosMod:ShieldBash","KratosMod:Roll+1","KratosMod:BladeWhip+1","KratosMod:clawsofhades+1","KratosMod:ShieldBash+1","KratosMod:BladeWhip+1","KratosMod:Revenge+1","ReplayTheSpireMod:??????????????????????+1","KratosMod:blades+1","KratosMod:clawsofhades","KratosMod:ablockalypse+1","KratosMod:styx+1","KratosMod:Tempor+1","KratosMod:BladeWhip+1","KratosMod:Endure"],"relics":["KratosMod:eagle","HeavenlyBonsai","Question Card","Lee\u0027s Waffle","Rawhide","Iron Hammer","Philosopher\u0027s Stone","Ancient Tea Set","Happy Flower","Replay:Wax Seal","Astrolabe","SuspiciousGoo","Red Mask","Gremlin Food","FossilizedHelix","KratosMod:amulet"],"acts_visited":["Exordium","TheCity","TheBeyond"],"potions_floor_usage":[],"damage_taken":[{"damage":3,"enemies":"Cultist","floor":1,"turns":5},{"damage":7,"enemies":"Small Slimes","floor":2,"turns":2},{"damage":2,"enemies":"conspire:RoseBush","floor":3,"turns":4},{"damage":9,"enemies":"Replay:BlueRogue","floor":6,"turns":6},{"damage":6,"enemies":"3 Sentries","floor":11,"turns":6},{"damage":1,"enemies":"Exordium Wildlife","floor":14,"turns":3},{"damage":36,"enemies":"Fading Forest","floor":16,"turns":11},{"damage":0,"enemies":"Chosen","floor":18,"turns":4},{"damage":9,"enemies":"2 Thieves","floor":20,"turns":3},{"damage":18,"enemies":"Snake Plant","floor":21,"turns":4},{"damage":25,"enemies":"Book of Stabbing","floor":24,"turns":5},{"damage":10,"enemies":"3 Cultists","floor":25,"turns":4},{"damage":0,"enemies":"Snecko","floor":29,"turns":3},{"damage":12,"enemies":"Shelled Parasite and Fungi","floor":30,"turns":4},{"damage":0,"enemies":"Sentry and Sphere","floor":31,"turns":1},{"damage":0,"enemies":"Champ","floor":33,"turns":5},{"damage":0,"enemies":"3 Darklings","floor":35,"turns":2},{"damage":0,"enemies":"3 Shapes","floor":36,"turns":1},{"damage":1,"enemies":"Maw","floor":38,"turns":4},{"damage":0,"enemies":"Nightmare","floor":41,"turns":7},{"damage":3,"enemies":"Writhing Mass","floor":42,"turns":2},{"damage":0,"enemies":"Jaw Worm Horde","floor":45,"turns":3},{"damage":0,"enemies":"Mind Bloom Boss Battle","floor":46,"turns":2},{"damage":0,"enemies":"Transient","floor":48,"turns":5},{"damage":0,"enemies":"Time Eater","floor":50,"turns":2}],"seed_played":"8106416540437399228","potions_obtained":[{"floor":6,"key":"Guardian:BlockOnCardUsePotion"},{"floor":11,"key":"SteroidPotion"},{"floor":14,"key":"champ:CounterPotion"}],"is_trial":false,"path_per_floor":["M","M","M","?","?","E","$","R","T","R","E","R","$","M","R","B",null,"M","T","M","M","$","R","E","M","T","AVR","R","M","M","M","R","B",null,"M","M","$","M","?","R","NM","M","T","R","M","?","?","M","R","B",null],"character_chosen":"KRATOS","items_purchased":["Lee\u0027s Waffle","KratosMod:BladeWhip+1","SuspiciousGoo"],"campfire_rested":0,"item_purchase_floors":[7,13,37],"current_hp_per_floor":[41,35,35,35,28,21,74,74,74,74,75,75,75,81,81,72,85,89,89,84,70,70,70,67,71,71,71,71,85,103,103,103,115,115,115,117,117,121,121,121,125,122,122,122,124,126,126,131,131,135],"gold":129,"neow_bonus":"ONE_RARE_RELIC","is_daily":false,"chose_seed":false,"campfire_upgraded":10,"win_rate":0.0,"timestamp":1610693763,"path_taken":["M","?","M","?","?","E","?","R","T","R","E","R","$","M","R","BOSS","M","?","M","M","$","R","E","?","T","AVR","R","M","M","M","R","BOSS","M","M","$","M","?","R","NM","M","T","R","M","?","?","M","R","BOSS"],"items_purchased_type":["Relic","Card","Relic"],"build_version":"2020-12-22","purchased_purges":2,"victory":true,"max_hp_per_floor":[62,63,65,65,65,67,74,74,74,74,77,77,77,81,81,85,85,89,89,93,97,97,97,101,105,105,105,105,107,111,111,111,115,115,115,117,117,121,121,121,125,125,125,125,125,127,127,131,131,135],"card_choices":[{"not_picked":["KratosMod:rattle","KratosMod:conjuresoul"],"picked":"KratosMod:ShieldBash","floor":1},{"not_picked":["KratosMod:BladeWhip","KratosMod:ShieldBash"],"picked":"KratosMod:Roll","floor":2},{"not_picked":["KratosMod:Tempor","KratosMod:ShieldBash"],"picked":"KratosMod:BladeWhip","floor":3},{"not_picked":["KratosMod:Roll","KratosMod:Tempor"],"picked":"KratosMod:clawsofhades","floor":6},{"not_picked":["KratosMod:styx","KratosMod:SmashStone","KratosMod:Tempor"],"picked":"KratosMod:ShieldBash","floor":11},{"not_picked":["KratosMod:Roll","KratosMod:conjuresoul","KratosMod:ShieldBash","KratosMod:BladeWhip"],"picked":"SKIP","floor":14},{"not_picked":["KratosMod:blades","KratosMod:tartarusrage","KratosMod:kBerserk"],"picked":"KratosMod:Revenge","floor":16},{"not_picked":["KratosMod:SmashStone","KratosMod:rattle","KratosMod:Tempor","KratosMod:clawsofhades"],"picked":"SKIP","floor":18},{"not_picked":["KratosMod:rattle","KratosMod:ShieldBash","KratosMod:SmashStone","KratosMod:conjuresoul+1"],"picked":"SKIP","floor":20},{"not_picked":["KratosMod:SmashStone","KratosMod:rattle","KratosMod:conjuresoul","KratosMod:Endure+1"],"picked":"SKIP","floor":21},{"not_picked":["KratosMod:Tempor","KratosMod:SmashStone","KratosMod:conjuresoul","KratosMod:rattle+1"],"picked":"SKIP","floor":24},{"not_picked":["KratosMod:rattle+1","KratosMod:conjuresoul","KratosMod:Roll","KratosMod:settle"],"picked":"SKIP","floor":25},{"not_picked":["KratosMod:ShieldBash","KratosMod:conjuresoul","KratosMod:Tempor"],"picked":"KratosMod:blades","floor":29},{"not_picked":["KratosMod:Endure+1","KratosMod:settle","KratosMod:rattle"],"picked":"KratosMod:clawsofhades","floor":30},{"not_picked":["KratosMod:ShieldBash+1","KratosMod:Roll","KratosMod:conjuresoul","KratosMod:BladeWhip"],"picked":"SKIP","floor":31},{"not_picked":["KratosMod:Endure+1","KratosMod:SmashStone","KratosMod:BladeWhip","KratosMod:clawsofhades+1"],"picked":"SKIP","floor":35},{"not_picked":["KratosMod:settle","KratosMod:rattle+1","KratosMod:Tempor+1","KratosMod:conjuresoul+1"],"picked":"SKIP","floor":36},{"not_picked":["KratosMod:conjuresoul","KratosMod:Tempor","KratosMod:settle","KratosMod:Roll+1"],"picked":"SKIP","floor":38},{"not_picked":["KratosMod:BladeWhip","KratosMod:Roll","KratosMod:SmashStone","KratosMod:tartarusrage"],"picked":"SKIP","floor":41},{"not_picked":["KratosMod:ShieldBash+1","KratosMod:clawsofhades","KratosMod:settle"],"picked":"KratosMod:BladeWhip+1","floor":42},{"not_picked":["KratosMod:Tempor","KratosMod:rattle","KratosMod:Endure","KratosMod:settle"],"picked":"SKIP","floor":45},{"not_picked":["KratosMod:settle","KratosMod:rattle","KratosMod:Endure","KratosMod:ShieldBash+1"],"picked":"SKIP","floor":48}],"player_experience":308896,"relics_obtained":[{"floor":6,"key":"Question Card"},{"floor":9,"key":"Rawhide"},{"floor":11,"key":"Iron Hammer"},{"floor":19,"key":"Ancient Tea Set"},{"floor":24,"key":"Happy Flower"},{"floor":26,"key":"Replay:Wax Seal"},{"floor":41,"key":"Gremlin Food"},{"floor":43,"key":"FossilizedHelix"},{"floor":46,"key":"KratosMod:amulet"}],"event_choices":[{"damage_healed":0,"gold_gain":0,"player_choice":"Leave","damage_taken":0,"max_hp_gain":0,"max_hp_loss":0,"event_name":"conspire:Investor","floor":4,"gold_loss":0},{"cards_removed":["KratosMod:Strike_K"],"damage_healed":0,"gold_gain":0,"player_choice":"Card Removal","damage_taken":7,"max_hp_gain":0,"max_hp_loss":0,"event_name":"Golden Wing","floor":5,"gold_loss":0},{"damage_healed":0,"gold_gain":0,"player_choice":"Paid","damage_taken":0,"relics_obtained":["Red Mask"],"max_hp_gain":0,"max_hp_loss":0,"event_name":"Tomb of Lord Red Mask","floor":39,"gold_loss":22},{"damage_healed":0,"gold_gain":0,"player_choice":"Fight","damage_taken":0,"max_hp_gain":0,"max_hp_loss":0,"event_name":"MindBloom","floor":46,"gold_loss":0},{"damage_healed":0,"gold_gain":0,"cards_transformed":["KratosMod:Strike_K"],"player_choice":"Transformed","damage_taken":0,"max_hp_gain":0,"max_hp_loss":0,"event_name":"Transmorgrifier","floor":47,"gold_loss":0,"cards_obtained":["KratosMod:Endure"]}],"is_beta":false,"boss_relics":[{"not_picked":["Kintsugi","construct:WeddingRing"],"picked":"Philosopher\u0027s Stone"},{"not_picked":["energizedSpire:StickyHand","energizedSpire:MagnifyingGlass"],"picked":"Astrolabe"}],"items_purged_floors":[22,37],"is_endless":false,"potions_floor_spawned":[6,11,14,18,24,25,31,35,36,42],"ascension_level":0}}