{"host":"92108ef2q9tm8rod","time":1610696916,"event":{"mods":["BaseMod","Defuse TimeMaze Blight","Minty Spire (QoL Compilation)","StSLib","The Jungle"],"gold_per_floor":[113,128,182,193,203,203,218,218,218,218,237,87,87,122,122,220,220,234,234,245,258,278,306,306,340,340,340,340,372,372,372,372,477,477,487,503,357,357,100,100,100,128,128,161,177,189,189,205,205,205,205],"floor_reached":50,"language":"ENG","playtime":1714,"items_purged":[],"score":660,"play_id":"9a2d657b-2b02-4713-8850-c49271bc5deb","local_time":"20210115074836","daily_mods":["SealedDeck","Colorless Cards","Heirloom","Flight"],"is_ascension_mode":false,"campfire_choices":[{"data":"Streamline","floor":6,"key":"SMITH"},{"data":"Streamline","floor":8,"key":"SMITH"},{"data":"Loop","floor":10,"key":"SMITH"},{"data":"Tempest","floor":13,"key":"SMITH"},{"data":"Go for the Eyes","floor":15,"key":"SMITH"},{"floor":24,"key":"REST"},{"data":"Conserve Battery","floor":27,"key":"SMITH"},{"floor":28,"key":"DIG"},{"floor":30,"key":"REST"},{"floor":32,"key":"DIG"},{"floor":40,"key":"DIG"},{"floor":41,"key":"DIG"},{"floor":47,"key":"DIG"},{"floor":49,"key":"DIG"}],"circlet_count":0,"master_deck":["Streamline+1","Leap","Tempest+1","Chill","Streamline+1","Gash","Conserve Battery+1","Gash","Go for the Eyes+1","Ball Lightning","Loop+1","Redo+1"],"relics":["Cracked Core","Peace Pipe","Bird Faced Urn","ClockworkSouvenir","StrikeDummy","Nuclear Battery","Calipers","Centennial Puzzle","Shovel","Bottled Flame","Bronze Scales","Blue Candle","Busted Crown","Lee\u0027s Waffle","Cables","DataDisk","The Courier","Torii","Gremlin Horn","Singing Bowl","HornCleat","Thread and Needle"],"acts_visited":["Exordium","Exordium","TheBeyond"],"potions_floor_usage":[22,22,29,33,42,50,50,50],"damage_taken":[{"damage":1,"enemies":"Small Slimes","floor":1,"turns":3},{"damage":0,"enemies":"Jaw Worm","floor":2,"turns":2},{"damage":0,"enemies":"2 Louse","floor":4,"turns":2},{"damage":0,"enemies":"Gremlin Gang","floor":5,"turns":3},{"damage":0,"enemies":"Blue Slaver","floor":7,"turns":2},{"damage":0,"enemies":"Exordium Thugs","floor":11,"turns":3},{"damage":0,"enemies":"Gremlin Nob","floor":14,"turns":3},{"damage":25,"enemies":"Slime Boss","floor":16,"turns":6},{"damage":5,"enemies":"theJungle:5_Spyders","floor":18,"turns":3},{"damage":3,"enemies":"theJungle:GiantWrat","floor":20,"turns":3},{"damage":9,"enemies":"theJungle:Lyon","floor":21,"turns":3},{"damage":0,"enemies":"theJungle:JungleHuntersEncounter","floor":22,"turns":4},{"damage":19,"enemies":"theJungle:MamaSnecko","floor":23,"turns":5},{"damage":13,"enemies":"theJungle:Cassacara","floor":25,"turns":5},{"damage":8,"enemies":"theJungle:2_Phrogs","floor":29,"turns":4},{"damage":0,"enemies":"theJungle:QueenSpyder","floor":33,"turns":8},{"damage":13,"enemies":"Orb Walker","floor":35,"turns":3},{"damage":13,"enemies":"3 Darklings","floor":36,"turns":2},{"damage":15,"enemies":"Giant Head","floor":42,"turns":6},{"damage":1,"enemies":"Reptomancer","floor":44,"turns":4},{"damage":1,"enemies":"Jaw Worm Horde","floor":45,"turns":3},{"damage":1,"enemies":"Transient","floor":46,"turns":5},{"damage":0,"enemies":"Sphere and 2 Shapes","floor":48,"turns":4},{"damage":105,"enemies":"Time Eater","floor":50,"turns":8}],"seed_played":"-4401591551923985224","potions_obtained":[{"floor":2,"key":"Block Potion"},{"floor":4,"key":"Block Potion"},{"floor":5,"key":"Swift Potion"},{"floor":23,"key":"LiquidMemories"},{"floor":29,"key":"Dexterity Potion"},{"floor":33,"key":"FearPotion"},{"floor":42,"key":"GamblersBrew"},{"floor":46,"key":"FairyPotion"},{"floor":48,"key":"LiquidBronze"}],"is_trial":true,"path_per_floor":["M","M","?","M","M","R","M","R","T","R","M","$","R","E","R","B",null,"M","?","M","M","M","E","R","E","T","R","R","E","R","?","R","B",null,"M","M","$","?","$","R","R","E","T","E","M","M","R","M","R","B"],"character_chosen":"DEFECT","items_purchased":["ClockworkSouvenir","Lee\u0027s Waffle","Cables"],"campfire_rested":2,"item_purchase_floors":[12,37,39],"current_hp_per_floor":[74,74,74,74,74,74,74,74,74,74,74,74,74,75,75,50,75,70,70,69,62,62,45,67,56,56,56,56,50,72,72,72,74,75,62,51,82,82,82,82,82,67,67,70,73,76,76,80,80,0,0],"gold":205,"neow_bonus":"","is_daily":false,"chose_seed":false,"campfire_upgraded":6,"win_rate":0.0,"timestamp":1610696916,"path_taken":["M","M","?","M","M","R","M","R","T","R","M","$","R","E","R","BOSS","M","?","M","M","M","E","R","E","T","R","R","E","R","?","R","BOSS","M","M","$","?","$","R","R","E","T","E","M","M","R","?","R","BOSS"],"items_purchased_type":["Relic","Relic","Relic"],"build_version":"2020-12-22","purchased_purges":0,"victory":false,"max_hp_per_floor":[75,75,75,75,75,75,75,75,75,75,75,75,75,75,75,75,75,75,75,75,75,75,75,75,75,75,75,75,75,75,75,75,75,75,75,75,82,82,82,82,82,82,82,84,86,88,88,90,90,90,90],"card_choices":[{"not_picked":["Coolheaded","Forethought","Sweeping Beam"],"picked":"SKIP","floor":1},{"not_picked":["Gash","Conserve Battery","Beam Cell"],"picked":"SKIP","floor":2},{"not_picked":["Turbo","Stack"],"picked":"Loop","floor":4},{"not_picked":["Coolheaded","Cold Snap","Stack"],"picked":"SKIP","floor":5},{"not_picked":["Barrage","Compile Driver","Redo"],"picked":"SKIP","floor":7},{"not_picked":["Mayhem","Lockon","Genetic Algorithm"],"picked":"SKIP","floor":11},{"not_picked":["Machine Learning","Go for the Eyes","The Bomb"],"picked":"SKIP","floor":14},{"not_picked":["Gash+1","Sunder","Streamline"],"picked":"SKIP","floor":18},{"not_picked":["Ball Lightning","Blizzard"],"picked":"Redo+1","floor":20},{"not_picked":["Rebound","Bandage Up","Deep Breath+1"],"picked":"SKIP","floor":21},{"not_picked":["Leap","Stack","Metamorphosis"],"picked":"SKIP","floor":22},{"not_picked":["Redo","Turbo","Dramatic Entrance"],"picked":"SKIP","floor":23},{"not_picked":["Deep Breath","Force Field","Leap"],"picked":"SKIP","floor":25},{"not_picked":["Conserve Battery","Sunder","Genetic Algorithm"],"picked":"SKIP","floor":29},{"not_picked":["Flash of Steel"],"picked":"SKIP","floor":35},{"not_picked":["Coolheaded"],"picked":"SKIP","floor":36},{"not_picked":["Redo"],"picked":"SKIP","floor":42},{"not_picked":["Bandage Up"],"picked":"Singing Bowl","floor":44},{"not_picked":["Barrage"],"picked":"Singing Bowl","floor":45},{"not_picked":["Conserve Battery"],"picked":"Singing Bowl","floor":46},{"not_picked":["Conserve Battery+1"],"picked":"Singing Bowl","floor":48}],"player_experience":3288611,"relics_obtained":[{"floor":9,"key":"Bird Faced Urn"},{"floor":14,"key":"StrikeDummy"},{"floor":23,"key":"Calipers"},{"floor":25,"key":"Centennial Puzzle"},{"floor":26,"key":"Shovel"},{"floor":28,"key":"Bottled Flame"},{"floor":29,"key":"Bronze Scales"},{"floor":32,"key":"Blue Candle"},{"floor":40,"key":"DataDisk"},{"floor":41,"key":"The Courier"},{"floor":42,"key":"Torii"},{"floor":43,"key":"Gremlin Horn"},{"floor":44,"key":"Singing Bowl"},{"floor":47,"key":"HornCleat"},{"floor":49,"key":"Thread and Needle"}],"event_choices":[{"damage_healed":0,"gold_gain":54,"player_choice":"Gained Gold","damage_taken":0,"max_hp_gain":0,"max_hp_loss":0,"event_name":"Golden Wing","floor":3,"gold_loss":0},{"damage_healed":0,"gold_gain":0,"player_choice":"Bought 0 Potions","damage_taken":0,"max_hp_gain":0,"max_hp_loss":0,"event_name":"The Woman in Blue","floor":38,"gold_loss":0}],"is_beta":false,"boss_relics":[{"not_picked":["Sozu","FrozenCore"],"picked":"Nuclear Battery"},{"not_picked":["Black Star","Fusion Hammer"],"picked":"Busted Crown"}],"items_purged_floors":[],"is_endless":false,"potions_floor_spawned":[2,4,5,16,20,23,29,33,42,46,48],"killed_by":"Time Eater","ascension_level":0}}