{"host":"kgfs5ebhusfk1t4t","time":1610734818,"event":{"mods":["BaseMod","Colored Map","DeckTracker","Highlight Path","KOR Keyword Fix","Keyboard Shortcuts","Minty Spire (QoL Compilation)","Permanent Neow","Quick Restart","StSLib","SuperFastMode","everything is the same but u backflip on backflip"],"gold_per_floor":[367,152,152,162,175,175,175,175,175,3,28,28,28,46,46,143,143,159,159,16,35,54,54,254,254,300,318,331,347,41,60,60,164,164,178,21,21,21,35,35,35],"floor_reached":40,"language":"KOR","playtime":2081,"items_purged":["Normality","Strike_R","Defend_R"],"score":643,"play_id":"4128df50-ffff-471d-84cf-2ccbca3ac68f","local_time":"20210116032018","is_ascension_mode":true,"campfire_choices":[{"data":"Hemokinesis","floor":6.0,"key":"SMITH"},{"floor":8.0,"key":"REST"},{"data":"Armaments","floor":13.0,"key":"SMITH"},{"data":"True Grit","floor":15.0,"key":"SMITH"},{"data":"Rupture","floor":23.0,"key":"SMITH"},{"data":"Dual Wield","floor":25.0,"key":"SMITH"},{"floor":32.0,"key":"REST"}],"circlet_count":0,"master_deck":["AscendersBane","Bash+1","Hemokinesis+1","Rupture+1","Armaments+1","True Grit+1","Pummel","Cleave","Clothesline+1","Combust","Offering","Dual Wield+1","Bite","Bite","Bite","Bite","Bite","Ghostly Armor","Second Wind+1","Limit Break","Battle Trance+1","Immolate+1","Fire Breathing+1","Shrug It Off","Secret Technique","Headbutt+1"],"relics":["Black Blood","Shuriken","Centennial Puzzle","Membership Card","Happy Flower","Question Card","Astrolabe","Dead Branch"],"acts_visited":["Exordium","TheCity","TheBeyond"],"potions_floor_usage":[],"damage_taken":[{"damage":6.0,"enemies":"Jaw Worm","floor":1.0,"turns":5.0},{"damage":9.0,"enemies":"2 Louse","floor":4.0,"turns":4.0},{"damage":10.0,"enemies":"Small Slimes","floor":5.0,"turns":3.0},{"damage":28.0,"enemies":"Lagavulin","floor":11.0,"turns":5.0},{"damage":7.0,"enemies":"3 Louse","floor":14.0,"turns":2.0},{"damage":33.0,"enemies":"The Guardian","floor":16.0,"turns":9.0},{"damage":32.0,"enemies":"Spheric Guardian","floor":18.0,"turns":6.0},{"damage":33.0,"enemies":"Shell Parasite","floor":21.0,"turns":7.0},{"damage":56.0,"enemies":"Shelled Parasite and Fungi","floor":22.0,"turns":8.0},{"damage":24.0,"enemies":"Centurion and Healer","floor":27.0,"turns":5.0},{"damage":19.0,"enemies":"Chosen and Byrds","floor":28.0,"turns":6.0},{"damage":25.0,"enemies":"Snecko","floor":29.0,"turns":7.0},{"damage":38.0,"enemies":"Snake Plant","floor":31.0,"turns":5.0},{"damage":55.0,"enemies":"Champ","floor":33.0,"turns":9.0},{"damage":21.0,"enemies":"3 Shapes","floor":35.0,"turns":5.0},{"damage":14.0,"enemies":"Orb Walker","floor":39.0,"turns":4.0},{"damage":54,"enemies":"Giant Head","floor":40,"turns":7}],"seed_played":"-7475184954713112973","potions_obtained":[{"floor":4.0,"key":"LiquidMemories"},{"floor":5.0,"key":"AttackPotion"},{"floor":11.0,"key":"BloodPotion"},{"floor":21.0,"key":"Block Potion"},{"floor":27.0,"key":"Swift Potion"},{"floor":29.0,"key":"ElixirPotion"}],"is_trial":false,"path_per_floor":["M","$","?","M","M","R","?","R","T","$","E","?","R","M","R","B",null,"M","?","$","M","M","R","?","R","T","M","M","M","$","M","R","B",null,"M","$","?","?","M","E"],"character_chosen":"IRONCLAD","items_purchased":["Rupture","Armaments","True Grit","Combust","Membership Card","Happy Flower","Question Card","BloodPotion","Energy Potion","Dead Branch"],"campfire_rested":2,"item_purchase_floors":[2,2,2,10,20,30,30,30,30,36],"current_hp_per_floor":[72,72,72,69,65,65,49,73,73,73,51,51,51,66,66,39,70,50,50,50,52,31,31,31,31,31,31,36,37,37,39,55,33,50,45,45,45,45,52,12,12],"gold":35,"neow_bonus":"TWO_FIFTY_GOLD","is_daily":false,"chose_seed":false,"campfire_upgraded":5,"win_rate":0.0,"timestamp":1610734818,"path_taken":["M","$","?","M","M","R","?","R","T","$","E","?","R","?","R","BOSS","M","?","$","M","M","R","?","R","T","?","?","M","$","M","R","BOSS","M","$","?","?","?","E"],"items_purchased_type":["Card","Card","Card","Card","Relic","Relic","Relic","Potion","Potion","Relic"],"build_version":"2020-12-22","purchased_purges":3,"victory":false,"max_hp_per_floor":[80,80,80,80,80,80,80,80,80,80,80,80,80,80,80,80,80,80,56,56,56,56,56,56,56,56,56,56,56,56,56,56,56,56,56,56,56,56,56,56,56],"card_choices":[{"not_picked":["Iron Wave","Burning Pact"],"picked":"Hemokinesis","floor":1.0},{"not_picked":["Heavy Blade","Pommel Strike"],"picked":"Cleave","floor":4.0},{"not_picked":["Thunderclap","Anger"],"picked":"Clothesline","floor":5.0},{"not_picked":["Body Slam","Warcry","Wild Strike"],"picked":"SKIP","floor":11.0},{"not_picked":["Iron Wave","Pommel Strike","Clash"],"picked":"SKIP","floor":14.0},{"not_picked":["Bludgeon","Juggernaut"],"picked":"Offering","floor":16.0},{"not_picked":["Intimidate+1","Iron Wave"],"picked":"Dual Wield","floor":18.0},{"not_picked":["Headbutt","Reckless Charge"],"picked":"Ghostly Armor","floor":21.0},{"not_picked":["Armaments","Dual Wield","Anger+1"],"picked":"SKIP","floor":22.0},{"not_picked":["Flex","True Grit","Hemokinesis"],"picked":"SKIP","floor":27.0},{"not_picked":["Clothesline","Dark Embrace","Carnage+1"],"picked":"SKIP","floor":28.0},{"not_picked":["Clothesline","Intimidate","Havoc"],"picked":"SKIP","floor":29.0},{"not_picked":["Exhume","Cleave","Clothesline+1"],"picked":"Second Wind+1","floor":31.0},{"not_picked":["Berserk","Barricade","Corruption"],"picked":"Limit Break","floor":33.0},{"not_picked":["Feel No Pain","Wild Strike","Sever Soul"],"picked":"Shrug It Off","floor":35.0},{"not_picked":["PanicButton","Violence","Sadistic Nature"],"picked":"Secret Technique","floor":37.0},{"not_picked":["Heavy Blade","Uppercut","Second Wind"],"picked":"Headbutt+1","floor":39.0}],"player_experience":492072,"relics_obtained":[{"floor":9.0,"key":"Shuriken"},{"floor":11.0,"key":"Centennial Puzzle"}],"event_choices":[{"damage_healed":0.0,"max_hp_gain":0.0,"max_hp_loss":0.0,"gold_gain":0.0,"cards_transformed":["Strike_R"],"event_name":"Living Wall","player_choice":"Change","floor":3.0,"gold_loss":0.0,"damage_taken":0.0,"cards_obtained":["Pummel"]},{"damage_healed":0.0,"max_hp_gain":0.0,"max_hp_loss":0.0,"gold_gain":0.0,"event_name":"Shining Light","player_choice":"Entered Light","floor":7.0,"gold_loss":0.0,"damage_taken":16.0,"cards_upgraded":["Bash","Clothesline"]},{"cards_removed":["Strike_R"],"damage_healed":0.0,"max_hp_gain":0.0,"max_hp_loss":0.0,"gold_gain":0.0,"event_name":"Purifier","player_choice":"Purged","floor":12.0,"gold_loss":0.0,"damage_taken":0.0},{"damage_healed":0.0,"max_hp_gain":0.0,"max_hp_loss":24.0,"gold_gain":0.0,"event_name":"Vampires","player_choice":"Became a vampire","floor":19.0,"gold_loss":0.0,"damage_taken":0.0,"cards_obtained":["Bite","Bite","Bite","Bite","Bite"]},{"damage_healed":0.0,"max_hp_gain":0.0,"max_hp_loss":0.0,"gold_gain":250.0,"event_name":"The Joust","player_choice":"Bet on Owner","floor":24.0,"gold_loss":50.0,"damage_taken":0.0},{"damage_healed":0.0,"max_hp_gain":0.0,"max_hp_loss":0.0,"gold_gain":0.0,"event_name":"SensoryStone","player_choice":"Memory 1","floor":37.0,"gold_loss":0.0,"damage_taken":0.0},{"damage_healed":0.0,"max_hp_gain":0.0,"max_hp_loss":0.0,"gold_gain":0.0,"event_name":"SecretPortal","player_choice":"Ignored","floor":38.0,"gold_loss":0.0,"damage_taken":0.0}],"is_beta":false,"boss_relics":[{"not_picked":["Runic Cube","SlaversCollar"],"picked":"Black Blood"},{"not_picked":["Snecko Eye","Philosopher\u0027s Stone"],"picked":"Astrolabe"}],"items_purged_floors":[2,10,30],"is_endless":false,"potions_floor_spawned":[4,5,11,21,27,29],"killed_by":"Giant Head","ascension_level":12}}