{"host":"h5acbxt0wmjo1kpm","time":1610683716,"event":{"mods":["2.2 Compatiblity","Act Like it!","AlwaysNeverKeys","Aspiration","Bard","Bartender","BaseMod","Better Third Choice","Colored Map","Elementarium","Gensokyo","GifTheSpireLib","Hallownest","Marisa????????","Menagerie","Minty Spire (QoL Compilation)","Permanent Neow","Potionbrewer","Relic Filter","Replay The Spire","Robot Space Explorer","RumiaBox-????????","Shade Mod","Spicy Shops","StSLib","Strawberry Spire","The Blackbeard","The Dragon Tamer","The Gatherer","The Hayseed","The Problem Sleuth","The Servant 0.9.4","Wandering Minibosses","vexMod"],"gold_per_floor":[113,128,128,128,148,176,176,176,176],"floor_reached":8,"language":"ENG","playtime":522,"items_purged":[],"score":79,"play_id":"bfd59bfa-732c-449a-94b7-ad554200f164","local_time":"20210114200836","is_ascension_mode":true,"campfire_choices":[{"data":"OpoOpo_Form","floor":7.0,"key":"SMITH"}],"circlet_count":0,"master_deck":["AscendersBane","Strike_Bartender","Strike_Bartender","Strike_Bartender","Strike_Bartender","Defend_Bartender","Defend_Bartender","Defend_Bartender","Defend_Bartender","Somersault","Center_Self","Perfect_Balance","OpoOpo_Form+1"],"relics":["Sneakers","aspiration:Nostalgia","m_ScarletBlood","Mango","Gensokyo:PortableGap","ReplayFunnel"],"acts_visited":["Gensokyo:Gensokyo"],"potions_floor_usage":[],"damage_taken":[{"damage":2.0,"enemies":"Gensokyo:Python","floor":1.0,"turns":4.0},{"damage":9.0,"enemies":"Gensokyo:Gryphon","floor":2.0,"turns":4.0},{"damage":0.0,"enemies":"Gensokyo:2_Kodama","floor":5.0,"turns":4.0},{"damage":18.0,"enemies":"Gensokyo:Mamizou","floor":6.0,"turns":10.0},{"damage":18,"enemies":"Gensokyo:Aya","floor":8,"turns":4}],"seed_played":"-4298874182929904103","potions_obtained":[{"floor":2.0,"key":"potionbrewer:BoundlessPotion"}],"is_trial":false,"path_per_floor":["M","M","?","?","M","E","R","E"],"character_chosen":"BARTENDER","items_purchased":[],"campfire_rested":0,"item_purchase_floors":[],"current_hp_per_floor":[61,52,45,45,45,27,27,9,9],"gold":176,"neow_bonus":"NOSTALGIA","is_daily":false,"chose_seed":false,"campfire_upgraded":1,"win_rate":0.0,"timestamp":1610683716,"path_taken":["M","M","?","?","M","E","R","E"],"items_purchased_type":[],"build_version":"2020-12-22","purchased_purges":0,"victory":false,"max_hp_per_floor":[70,70,84,76,76,76,76,76,76],"card_choices":[{"not_picked":["With_A_Twist","Vortex"],"picked":"Center_Self","floor":1.0},{"not_picked":["Step_Of_The_Wind","Power_Up_Punch"],"picked":"Perfect_Balance","floor":2.0},{"not_picked":["Free_Pour","Fading_Blow","Foot_Thrust"],"picked":"SKIP","floor":5.0},{"not_picked":["Scoop","Fading_Blow"],"picked":"OpoOpo_Form","floor":6.0}],"player_experience":2205046,"relics_obtained":[{"floor":6.0,"key":"ReplayFunnel"}],"event_choices":[],"is_beta":false,"boss_relics":[],"items_purged_floors":[],"is_endless":false,"potions_floor_spawned":[2],"killed_by":"Gensokyo:Aya","ascension_level":10}}