{"host":"59efrpl3ft1ymrg4","time":1610722175,"event":{"mods":["AchievementEnabler","BaseMod","Infinite Spire","Minty Spire (QoL Compilation)","Replay The Spire","StSLib"],"gold_per_floor":[112,128,6,21,38,38,53,53,53,53,73,87,103,3,3,107,107,119,119,138,138,138,138,138,138,138,138,148,5,18,18,18,118,118,139,139,139,167,167,167,275,275,275],"floor_reached":42,"language":"ENG","playtime":3872,"items_purged":["Strike_G","Defend_G","Strike_G","Hallucinations"],"score":540,"play_id":"7f94f730-a206-4023-a339-0581e469ab4c","local_time":"20210115144935","daily_mods":["Heirloom"],"is_ascension_mode":false,"campfire_choices":[{"data":"Noxious Fumes","floor":6.0,"key":"SMITH"},{"data":"Deflect","floor":8.0,"key":"SMITH"},{"data":"Survivor","floor":10.0,"key":"SMITH"},{"data":"Strike_G","floor":15.0,"key":"PURGE"},{"floor":23.0,"key":"REST"},{"floor":25.0,"key":"REST"},{"data":"Poisoned Stab","floor":27.0,"key":"SMITH"},{"data":"infinitespire:Neurotoxin","floor":32.0,"key":"SMITH"},{"data":"infinitespire:Neurotoxin","floor":40,"key":"SMITH"}],"circlet_count":0,"master_deck":["Strike_G","Defend_G","Defend_G","Defend_G","Defend_G","Survivor+1","Neutralize","Finisher","Prepared","Deflect+1","Noxious Fumes+1","Poisoned Stab","Deflect","Tools of the Trade+1","Cloak And Dagger","Poisoned Stab+1","Blade Dance","infinitespire:Neurotoxin+1","infinitespire:Neurotoxin+1","Terror+1","Prepared+1","Accuracy+1","Blade Dance","Adrenaline"],"relics":["Ring of the Serpent","Bird Faced Urn","Tingsha","Bottled Lightning","Lantern","WristBlade","infinitespire:EvilPickle"],"acts_visited":["Exordium","TheCity","TheBeyond"],"potions_floor_usage":[42],"damage_taken":[{"damage":0.0,"enemies":"Small Slimes","floor":1.0,"turns":4.0},{"damage":0.0,"enemies":"Jaw Worm","floor":2.0,"turns":5.0},{"damage":0.0,"enemies":"Cultist","floor":4.0,"turns":4.0},{"damage":8.0,"enemies":"Large Slime","floor":5.0,"turns":6.0},{"damage":7.0,"enemies":"Looter","floor":7.0,"turns":4.0},{"damage":1.0,"enemies":"2 Fungi Beasts","floor":11.0,"turns":4.0},{"damage":0.0,"enemies":"Blue Slaver","floor":12.0,"turns":4.0},{"damage":0.0,"enemies":"Large Slime","floor":13.0,"turns":6.0},{"damage":51.0,"enemies":"Hexaghost","floor":16.0,"turns":10.0},{"damage":16.0,"enemies":"Chosen","floor":18.0,"turns":5.0},{"damage":18.0,"enemies":"Spheric Guardian","floor":20.0,"turns":6.0},{"damage":10.0,"enemies":"Snake Plant","floor":28.0,"turns":6.0},{"damage":12.0,"enemies":"3 Cultists","floor":30.0,"turns":6.0},{"damage":8.0,"enemies":"Sentry and Sphere","floor":31.0,"turns":3.0},{"damage":54,"enemies":"Pondfish","floor":33,"turns":12},{"damage":7,"enemies":"3 Shapes","floor":35,"turns":6},{"damage":13,"enemies":"Orb Walker","floor":38,"turns":3},{"damage":50,"enemies":"Nightmare","floor":42,"turns":4}],"seed_played":"2489946118249769723","potions_obtained":[{"floor":2.0,"key":"SmokeBomb"},{"floor":4.0,"key":"SpeedPotion"},{"floor":7.0,"key":"PowerPotion"},{"floor":11.0,"key":"Block Potion"},{"floor":16.0,"key":"LiquidMemories"},{"floor":18.0,"key":"Dexterity Potion"},{"floor":28.0,"key":"FearPotion"},{"floor":33,"key":"Swift Potion"},{"floor":35,"key":"Poison Potion"},{"floor":38,"key":"Cursed Concoction"}],"is_trial":true,"path_per_floor":["M","M","$","M","M","R","M","R","T","R","M","M","M","$","R","B",null,"M","AVR","M","?","?","R","?","R","T","R","M","$","M","M","R","B",null,"M","AVR","?","M","?","R","?","NM"],"character_chosen":"THE_SILENT","items_purchased":["Deflect","Lantern"],"campfire_rested":2,"item_purchase_floors":[3,29],"current_hp_per_floor":[70,70,70,70,62,62,57,57,57,57,58,60,62,62,62,13,70,54,54,40,27,27,49,49,71,71,71,65,65,57,53,53,3,75,70,70,70,61,61,61,43,0,0],"gold":275,"neow_bonus":"","is_daily":false,"chose_seed":false,"campfire_upgraded":6,"win_rate":0.0,"timestamp":1610722175,"path_taken":["M","M","$","M","M","R","M","R","T","R","M","M","M","$","R","BOSS","M","AVR","M","?","?","R","?","R","T","R","M","$","M","M","R","BOSS","M","AVR","?","M","?","R","?","NM"],"items_purchased_type":["Card","Relic"],"build_version":"2020-12-22","purchased_purges":4,"victory":false,"max_hp_per_floor":[70,70,70,70,70,70,70,70,70,70,70,70,70,70,70,70,70,70,70,70,75,75,75,75,75,75,75,75,75,75,75,75,75,75,75,75,75,75,75,75,75,75,75],"card_choices":[{"not_picked":["Acrobatics","Skewer"],"picked":"Finisher","floor":1.0},{"not_picked":["Flechettes","Flying Knee"],"picked":"Prepared","floor":2.0},{"not_picked":["ReplayTheSpireMod:The Works","Dagger Spray"],"picked":"Noxious Fumes","floor":4.0},{"not_picked":["Dagger Throw","Quick Slash","Backflip"],"picked":"SKIP","floor":5.0},{"not_picked":["ReplayTheSpireMod:From All Sides","Dodge and Roll","Hidden Blade"],"picked":"SKIP","floor":7.0},{"not_picked":["Crippling Poison","ReplayTheSpireMod:Speed Training"],"picked":"Poisoned Stab","floor":11.0},{"not_picked":["Choke","Underhanded Strike","Replay:Poison Smokescreen"],"picked":"SKIP","floor":12.0},{"not_picked":["Unload","Poisoned Stab"],"picked":"Deflect","floor":13.0},{"not_picked":["Poison Darts","Burst"],"picked":"Tools of the Trade","floor":16.0},{"not_picked":["Backflip","Flying Knee"],"picked":"Cloak And Dagger","floor":18.0},{"not_picked":["ReplayTheSpireMod:The Works","Dagger Throw"],"picked":"Poisoned Stab","floor":20.0},{"not_picked":["Cloak And Dagger","Skewer"],"picked":"Blade Dance","floor":28.0},{"not_picked":["Dodge and Roll+1","Deadly Poison+1"],"picked":"infinitespire:Neurotoxin","floor":30.0},{"not_picked":["Malaise","Glass Knife"],"picked":"infinitespire:Neurotoxin","floor":33},{"not_picked":["Prepared+1","Dash+1"],"picked":"Terror+1","floor":35},{"not_picked":["Riddle With Holes","Acrobatics+1"],"picked":"Prepared+1","floor":38},{"not_picked":["Reflex","Dagger Throw"],"picked":"Accuracy+1","floor":41},{"not_picked":["Prepared","Dodge and Roll"],"picked":"Blade Dance","floor":41},{"not_picked":["Blade Dance+1","Cloak And Dagger+1"],"picked":"Adrenaline","floor":41}],"player_experience":64372,"relics_obtained":[{"floor":9.0,"key":"Tingsha"},{"floor":26.0,"key":"Bottled Lightning"}],"event_choices":[{"damage_healed":0.0,"max_hp_gain":5.0,"max_hp_loss":0.0,"gold_gain":0.0,"event_name":"Forgotten Altar","player_choice":"Shed Blood","floor":21.0,"gold_loss":0.0,"damage_taken":18.0},{"damage_healed":0.0,"max_hp_gain":0.0,"max_hp_loss":0.0,"gold_gain":0.0,"event_name":"Upgrade Shrine","player_choice":"Upgraded","floor":24.0,"gold_loss":0.0,"damage_taken":0.0,"cards_upgraded":["Tools of the Trade"]},{"damage_healed":0,"gold_gain":0,"player_choice":"Ignored","damage_taken":0,"max_hp_gain":0,"max_hp_loss":0,"event_name":"Tomb of Lord Red Mask","floor":37,"gold_loss":0},{"cards_removed":["Strike_G"],"damage_healed":0,"gold_gain":0,"player_choice":"Removed Attack","damage_taken":0,"max_hp_gain":0,"max_hp_loss":0,"event_name":"Falling","floor":39,"gold_loss":0}],"is_beta":false,"boss_relics":[{"not_picked":["Abe\u0027s Treasure","Replay:Wanted Poster"],"picked":"Ring of the Serpent"},{"not_picked":["Philosopher\u0027s Stone","Snecko Eye"],"picked":"WristBlade"}],"items_purged_floors":[3,14,19,36],"is_endless":false,"potions_floor_spawned":[2,4,7,11,16,18,28,33,35,38],"killed_by":"Nightmare","ascension_level":0}}