{"host":"19tvufa8xx4wr4o1","time":1610674215,"event":{"mods":["AchievementEnabler","BaseMod","Better Sensory Stone","Better Third Choice","Highlight Path","Minty Spire (QoL Compilation)","Relic Stats","StSLib"],"gold_per_floor":[119,8,27,44,44,44,61,72,72,72,99,99,133,153,153,226,226,243,259,534,179,199,199,225,225,251,265,283,300,300,315,315,386,386,403,417,417,42,58,58,58,58],"floor_reached":41,"language":"ENG","playtime":1844,"items_purged":["Writhe","Regret","Defend_G"],"score":747,"play_id":"cc87ea7c-8e4b-4bca-ac76-c8083f98b26a","local_time":"20210114193015","is_ascension_mode":true,"campfire_choices":[{"data":"Neutralize","floor":6.0,"key":"SMITH"},{"data":"Poisoned Stab","floor":15.0,"key":"SMITH"},{"floor":23.0,"key":"REST"},{"floor":30.0,"key":"REST"},{"floor":32.0,"key":"REST"},{"floor":40,"key":"REST"}],"circlet_count":0,"master_deck":["AscendersBane","Strike_G+1","Strike_G+1","Strike_G","Strike_G","Defend_G","Defend_G","Defend_G","Defend_G","Survivor","Neutralize+1","Poisoned Stab+1","Bouncing Flask","Footwork","Backstab","Footwork","Dagger Spray","Leg Sweep","PiercingWail","Corpse Explosion","Slice+1","Cloak And Dagger","Bane+1","Backflip","Envenom","Blur","A Thousand Cuts","Acrobatics+1","Backflip+1"],"relics":["Ring of the Snake","TungstenRod","Ninja Scroll","Sundial","Whetstone","SlaversCollar","Eternal Feather","Unceasing Top","CultistMask","Vajra","Cursed Key","HornCleat"],"acts_visited":["Exordium","TheCity","TheBeyond"],"potions_floor_usage":[39,39],"damage_taken":[{"damage":0.0,"enemies":"Small Slimes","floor":1.0,"turns":4.0},{"damage":0.0,"enemies":"Cultist","floor":3.0,"turns":3.0},{"damage":1.0,"enemies":"Jaw Worm","floor":4.0,"turns":5.0},{"damage":5.0,"enemies":"Lots of Slimes","floor":7.0,"turns":4.0},{"damage":0.0,"enemies":"3 Louse","floor":8.0,"turns":3.0},{"damage":12.0,"enemies":"3 Sentries","floor":11.0,"turns":9.0},{"damage":9.0,"enemies":"Lagavulin","floor":13.0,"turns":8.0},{"damage":0.0,"enemies":"Exordium Thugs","floor":14.0,"turns":4.0},{"damage":2.0,"enemies":"Hexaghost","floor":16.0,"turns":10.0},{"damage":4.0,"enemies":"3 Byrds","floor":18.0,"turns":4.0},{"damage":3.0,"enemies":"Spheric Guardian","floor":19.0,"turns":3.0},{"damage":21.0,"enemies":"Cultist and Chosen","floor":22.0,"turns":10.0},{"damage":34.0,"enemies":"Gremlin Leader","floor":24.0,"turns":8.0},{"damage":0.0,"enemies":"3 Cultists","floor":27.0,"turns":2.0},{"damage":9.0,"enemies":"Sentry and Sphere","floor":28.0,"turns":5.0},{"damage":12.0,"enemies":"Shelled Parasite and Fungi","floor":29.0,"turns":8.0},{"damage":14.0,"enemies":"Snake Plant","floor":31.0,"turns":4.0},{"damage":37.0,"enemies":"Champ","floor":33.0,"turns":12.0},{"damage":2.0,"enemies":"3 Shapes","floor":35.0,"turns":2.0},{"damage":0,"enemies":"Orb Walker","floor":36,"turns":4},{"damage":31,"enemies":"Spire Growth","floor":39,"turns":7},{"damage":56,"enemies":"Reptomancer","floor":41,"turns":4}],"seed_played":"8005399124789896300","potions_obtained":[{"floor":1.0,"key":"GamblersBrew"},{"floor":4.0,"key":"SpeedPotion"},{"floor":8.0,"key":"LiquidMemories"},{"floor":27.0,"key":"FearPotion"},{"floor":31.0,"key":"SneckoOil"},{"floor":35.0,"key":"AttackPotion"}],"is_trial":false,"path_per_floor":["M","$","M","M","?","R","M","M","T","$","E","$","E","M","R","B",null,"M","M","?","$","M","R","E","?","T","M","M","M","R","M","R","B",null,"M","M","?","$","M","R","E"],"character_chosen":"THE_SILENT","items_purchased":["Bouncing Flask","Eternal Feather","HornCleat"],"campfire_rested":4,"item_purchase_floors":[2,21,38],"current_hp_per_floor":[59,59,59,58,58,58,53,53,53,53,41,41,32,32,32,30,57,53,50,50,50,29,60,26,26,26,26,17,5,39,25,59,22,55,53,53,53,53,22,56,0,0],"gold":58,"neow_bonus":"ONE_RARE_RELIC","is_daily":false,"chose_seed":false,"campfire_upgraded":2,"win_rate":0.0,"timestamp":1610674215,"path_taken":["M","$","M","M","?","R","M","?","T","$","E","$","E","M","R","BOSS","M","?","?","$","?","R","E","?","T","M","M","M","R","M","R","BOSS","M","M","?","$","M","R","E"],"items_purchased_type":["Card","Relic","Relic"],"build_version":"2020-12-22","purchased_purges":3,"victory":false,"max_hp_per_floor":[66,66,66,66,66,66,66,66,66,66,66,66,66,66,66,66,66,66,66,66,66,66,66,66,66,66,66,66,66,66,66,66,66,66,66,66,66,66,66,66,66,66],"relic_stats":{"counters":[22,123],"Sundial":[12],"Eternal Feather":57,"Whetstone":["Strike_G","Strike_G"],"Cursed Key":0,"obtain_stats":[{"SlaversCollar":17,"HornCleat":38,"Ninja Scroll":9,"Sundial":11,"Vajra":26,"Eternal Feather":21,"CultistMask":25,"Whetstone":13,"Cursed Key":34,"TungstenRod":0,"Unceasing Top":24,"Ring of the Snake":0},{"SlaversCollar":9,"HornCleat":20,"Ninja Scroll":5,"Sundial":6,"Vajra":13,"Eternal Feather":11,"CultistMask":13,"Whetstone":7,"Cursed Key":18,"TungstenRod":0,"Unceasing Top":13,"Ring of the Snake":0},{"SlaversCollar":50,"HornCleat":112,"Ninja Scroll":19,"Sundial":28,"Vajra":75,"Eternal Feather":57,"CultistMask":75,"Whetstone":36,"Cursed Key":106,"TungstenRod":0,"Unceasing Top":75,"Ring of the Snake":0}],"TungstenRod":52,"Unceasing Top":[3],"Ring of the Snake":[44]},"card_choices":[{"not_picked":["PiercingWail","Dagger Throw"],"picked":"Poisoned Stab","floor":1.0},{"not_picked":["Slice","Expertise"],"picked":"Footwork","floor":3.0},{"not_picked":["Endless Agony","Catalyst"],"picked":"Backstab","floor":4.0},{"not_picked":["Flechettes","Grand Finale"],"picked":"Footwork","floor":7.0},{"not_picked":["Outmaneuver","Escape Plan"],"picked":"Dagger Spray","floor":8.0},{"not_picked":["Backflip","Flying Knee"],"picked":"Leg Sweep","floor":11.0},{"not_picked":["Calculated Gamble","Poisoned Stab"],"picked":"PiercingWail","floor":13.0},{"not_picked":["Finisher","Calculated Gamble","Endless Agony"],"picked":"SKIP","floor":14.0},{"not_picked":["Malaise","Grand Finale"],"picked":"Corpse Explosion","floor":16.0},{"not_picked":["Setup","Quick Slash+1"],"picked":"Slice+1","floor":18.0},{"not_picked":["Quick Slash","Flying Knee"],"picked":"Cloak And Dagger","floor":19.0},{"not_picked":["Poisoned Stab","Skewer","Flying Knee"],"picked":"SKIP","floor":22.0},{"not_picked":["Masterful Stab","Deflect","Calculated Gamble"],"picked":"SKIP","floor":24.0},{"not_picked":["Sucker Punch","Dodge and Roll"],"picked":"Bane+1","floor":27.0},{"not_picked":["Deflect","Bane"],"picked":"Backflip","floor":28.0},{"not_picked":["Dash","Calculated Gamble"],"picked":"Envenom","floor":29.0},{"not_picked":["Concentrate+1","Dagger Spray"],"picked":"Blur","floor":31.0},{"not_picked":["Doppelganger","Die Die Die"],"picked":"A Thousand Cuts","floor":33.0},{"not_picked":["Cloak And Dagger","Deflect+1"],"picked":"Acrobatics+1","floor":35.0},{"not_picked":["Endless Agony","Eviscerate"],"picked":"Backflip+1","floor":36},{"not_picked":["Tactician","Concentrate+1","Cloak And Dagger"],"picked":"SKIP","floor":39}],"player_experience":583085,"relics_obtained":[{"floor":9.0,"key":"Ninja Scroll"},{"floor":11.0,"key":"Sundial"},{"floor":13.0,"key":"Whetstone"},{"floor":24.0,"key":"Unceasing Top"},{"floor":26.0,"key":"Vajra"}],"event_choices":[{"cards_removed":["Strike_G"],"damage_healed":0.0,"max_hp_gain":0.0,"max_hp_loss":0.0,"gold_gain":0.0,"event_name":"Bonfire Elementals","player_choice":"Offered Basic","floor":5.0,"gold_loss":0.0,"damage_taken":0.0},{"damage_healed":0.0,"max_hp_gain":0.0,"max_hp_loss":0.0,"gold_gain":275.0,"event_name":"Golden Shrine","player_choice":"Desecrate","floor":20.0,"gold_loss":0.0,"damage_taken":0.0,"cards_obtained":["Regret"]},{"damage_healed":0.0,"max_hp_gain":0.0,"max_hp_loss":0.0,"gold_gain":0.0,"event_name":"FaceTrader","player_choice":"Trade","floor":25.0,"gold_loss":0.0,"damage_taken":0.0,"relics_obtained":["CultistMask"]},{"damage_healed":0,"gold_gain":3,"player_choice":"1","damage_taken":0,"max_hp_gain":0,"max_hp_loss":0,"event_name":"betterStone:BetterStone","floor":37,"gold_loss":0}],"is_beta":false,"boss_relics":[{"not_picked":["HoveringKite","Tiny House"],"picked":"SlaversCollar"},{"not_picked":["Pandora\u0027s Box","Coffee Dripper"],"picked":"Cursed Key"}],"items_purged_floors":[2,21,38],"is_endless":false,"potions_floor_spawned":[1,4,8,11,18,27,31,35],"killed_by":"Reptomancer","ascension_level":15}}