{"host":"kiah4uoohy01p0hv","time":1610716763,"event":{"mods":["AchievementEnabler","Aspiration","BaseMod","BetterRewards","CCEM","Colored Map","Colored Powertips","Conspire","Highlight Path","Hubris","Infinite Spire","Minty Spire (QoL Compilation)","Permanent Neow","Replay The Spire","Spicy Shops","Spikes Relics","StSLib"],"gold_per_floor":[114,189,209,224,23,88,88,136,136,136,136,166,166,194,194,312,312,332,363,363,390,448,494,494,534,534,538,538],"floor_reached":27,"language":"ENG","playtime":2539,"items_purged":[],"score":311,"play_id":"8bc58ceb-d4c8-4ee2-b922-48acdc894525","local_time":"20210115231923","is_ascension_mode":false,"campfire_choices":[{"data":"ForeignInfluence","floor":7,"key":"SMITH"},{"data":"MasterReality","floor":10,"key":"SMITH"},{"data":"Eruption","floor":13,"key":"SMITH"},{"data":"Study","floor":15,"key":"SMITH"},{"floor":24,"key":"REST"}],"circlet_count":0,"master_deck":["Strike_P","Strike_P","Strike_P","Strike_P","Defend_P","Defend_P","Defend_P","Defend_P","Eruption+1","Vigilance","ForeignInfluence+1","Study","Study+1","DeusExMachina","MasterReality+1","Consecrate","FollowUp","LikeWater","Replay:ManipulateFuture","Alpha","Sanctity+1","ForeignInfluence","Pain","ThirdEye","Evaluate","ReplayTheSpireMod:Splinters","Wish","FearNoEvil","SignatureMove+1"],"relics":["PureWater","aspiration:Nostalgia","Sizzling Blood","Replay:Bandana","Prayer Wheel","Juzu Bracelet","infinitespire:FocusingShard","hubris:RunicObelisk","WarpedTongs","CCEMRelics:GrindingGear","Ancient Tea Set","hubris:MobiusCoin","conspire:Flyswatter"],"acts_visited":["Exordium","TheCity"],"potions_floor_usage":[6,6,16,16,16,23,23,25],"damage_taken":[{"damage":0,"enemies":"conspire:RoseBush","floor":1,"turns":2},{"damage":0,"enemies":"Cultist","floor":3,"turns":2},{"damage":0,"enemies":"Jaw Worm","floor":4,"turns":3},{"damage":0,"enemies":"Lagavulin","floor":6,"turns":5},{"damage":22,"enemies":"Replay:BlueRogue","floor":8,"turns":4},{"damage":0,"enemies":"2 Fungi Beasts","floor":12,"turns":2},{"damage":1,"enemies":"Exordium Thugs","floor":14,"turns":4},{"damage":29,"enemies":"The Guardian","floor":16,"turns":4},{"damage":12,"enemies":"Spheric Guardian","floor":18,"turns":4},{"damage":12,"enemies":"Shell Parasite","floor":19,"turns":4},{"damage":46,"enemies":"Snake Plant","floor":21,"turns":4},{"damage":9,"enemies":"conspire:Head Lice","floor":23,"turns":6},{"damage":33,"enemies":"conspire:SneckoGhost","floor":25,"turns":8},{"damage":6,"enemies":"Cultist and Chosen","floor":27,"turns":3}],"seed_played":"-6099502121588443030","potions_obtained":[{"floor":1,"key":"BlessingOfTheForge"},{"floor":3,"key":"Block Potion"},{"floor":8,"key":"Dexterity Potion"},{"floor":11,"key":"StancePotion"},{"floor":11,"key":"BlessingOfTheForge"},{"floor":22,"key":"Flashbang"},{"floor":22,"key":"PowerPotion"},{"floor":23,"key":"PowerPotion"},{"floor":25,"key":"FearPotion"}],"is_trial":false,"path_per_floor":["M","?","M","M","$","E","R","E","T","R","?","M","R","M","R","B",null,"M","M","?","M","?","E","R","E","T","M"],"character_chosen":"WATCHER","items_purchased":["Replay:Bandana","PowerPotion"],"campfire_rested":1,"item_purchase_floors":[5,5],"current_hp_per_floor":[76,65,69,73,73,76,76,58,58,58,58,62,62,65,65,40,76,68,60,60,18,18,13,35,6,6,0,0],"gold":538,"neow_bonus":"NOSTALGIA","is_daily":false,"chose_seed":false,"campfire_upgraded":4,"win_rate":0.0,"timestamp":1610716763,"path_taken":["M","?","M","M","$","E","R","E","T","R","?","M","R","M","R","BOSS","M","M","?","M","?","E","R","E","T","M"],"items_purchased_type":["Relic","Potion"],"build_version":"2020-12-22","purchased_purges":0,"victory":false,"max_hp_per_floor":[76,76,76,76,76,76,76,76,76,76,76,76,76,76,76,76,76,76,76,76,76,76,76,76,76,76,76,76],"card_choices":[{"not_picked":["Protect","SashWhip"],"picked":"ForeignInfluence","floor":1},{"not_picked":["BattleHymn","PathToVictory"],"picked":"Study","floor":3},{"not_picked":["Prostrate","FlyingSleeves"],"picked":"Study","floor":4},{"not_picked":["FlyingSleeves","TalkToTheHand"],"picked":"DeusExMachina","floor":6},{"not_picked":["Study","FlurryOfBlows"],"picked":"MasterReality","floor":8},{"not_picked":["Evaluate","Replay:AtTheReady"],"picked":"Consecrate","floor":12},{"not_picked":["EmptyFist","EmptyBody"],"picked":"FollowUp","floor":12},{"not_picked":["FollowUp","EmptyBody"],"picked":"LikeWater","floor":14},{"not_picked":["Replay:AtTheReady","EmptyBody"],"picked":"Replay:ManipulateFuture","floor":14},{"not_picked":["DevaForm","Omniscience"],"picked":"Alpha","floor":16},{"not_picked":["Replay:Cycle","JustLucky","Prostrate"],"picked":"SKIP","floor":18},{"not_picked":["WheelKick","Protect","Study"],"picked":"SKIP","floor":18},{"not_picked":["Weave","Consecrate"],"picked":"Sanctity+1","floor":19},{"not_picked":["CutThroughFate","Replay:ManipulateFuture"],"picked":"ForeignInfluence","floor":19},{"not_picked":["EmptyFist","Prostrate+1"],"picked":"ThirdEye","floor":21},{"not_picked":["FollowUp","Replay:AtTheReady"],"picked":"Evaluate","floor":21},{"not_picked":["EmptyFist+1","Prostrate+1"],"picked":"Wish","floor":22},{"not_picked":["CrushJoints","Replay:BluntJabs+1"],"picked":"FearNoEvil","floor":23},{"not_picked":["PathToVictory+1","FlyingSleeves"],"picked":"SignatureMove+1","floor":25}],"player_experience":244608,"relics_obtained":[{"floor":6,"key":"Prayer Wheel"},{"floor":8,"key":"Juzu Bracelet"},{"floor":9,"key":"infinitespire:FocusingShard"},{"floor":22,"key":"CCEMRelics:GrindingGear"},{"floor":23,"key":"Ancient Tea Set"},{"floor":25,"key":"hubris:MobiusCoin"},{"floor":26,"key":"conspire:Flyswatter"}],"event_choices":[{"damage_healed":0,"gold_gain":75,"player_choice":"Gather Gold","damage_taken":11,"max_hp_gain":0,"max_hp_loss":0,"event_name":"World of Goop","floor":2,"gold_loss":0},{"damage_healed":0,"gold_gain":0,"player_choice":"Got Potions","damage_taken":0,"max_hp_gain":0,"max_hp_loss":0,"event_name":"Lab","floor":11,"gold_loss":0},{"damage_healed":0,"gold_gain":0,"player_choice":"Rummage","damage_taken":0,"relics_obtained":["WarpedTongs"],"max_hp_gain":0,"max_hp_loss":0,"event_name":"Accursed Blacksmith","floor":20,"gold_loss":0,"cards_obtained":["Pain"]}],"is_beta":false,"boss_relics":[{"not_picked":["CCEMRelics:TransientCore","Honey Jar"],"picked":"hubris:RunicObelisk"}],"items_purged_floors":[],"is_endless":false,"potions_floor_spawned":[1,3,8,23,25],"killed_by":"Cultist and Chosen","ascension_level":0}}