{"host":"5ezk7t18wcb10u1o","time":1610748524,"event":{"mods":["BaseMod","Bestiary","Colored Powertips","Minty Spire (QoL Compilation)","Relic Sorter"],"gold_per_floor":[118,118,132,30,43,43,71,71,71,71,71,103,103,130,130,130,130],"floor_reached":16,"language":"ENG","playtime":544,"items_purged":[],"score":232,"play_id":"22af139b-c590-4d22-886e-f11e28f71cc4","local_time":"20210115220844","is_ascension_mode":true,"campfire_choices":[{"data":"Streamline","floor":6,"key":"SMITH"},{"floor":13,"key":"REST"},{"data":"Gash","floor":15,"key":"SMITH"}],"circlet_count":0,"master_deck":["AscendersBane","Strike_B","Strike_B","Strike_B","Strike_B","Defend_B","Defend_B","Defend_B+1","Defend_B","Zap","Dualcast","Streamline+1","Gash+1","Panacea","Conserve Battery","Coolheaded","Steam"],"relics":["Cracked Core","Turnip","Singing Bowl","MealTicket","HornCleat"],"acts_visited":["Exordium"],"potions_floor_usage":[7,12,14],"damage_taken":[{"damage":7,"enemies":"Jaw Worm","floor":1,"turns":3},{"damage":1,"enemies":"Cultist","floor":3,"turns":3},{"damage":0,"enemies":"2 Louse","floor":5,"turns":2},{"damage":7,"enemies":"Gremlin Nob","floor":7,"turns":3},{"damage":23,"enemies":"Lagavulin","floor":12,"turns":8},{"damage":26,"enemies":"3 Sentries","floor":14,"turns":8},{"damage":52,"enemies":"Slime Boss","floor":16,"turns":8}],"seed_played":"5421875356274367929","potions_obtained":[{"floor":3,"key":"DuplicationPotion"},{"floor":7,"key":"Weak Potion"},{"floor":12,"key":"BlessingOfTheForge"}],"is_trial":false,"path_per_floor":["M","?","M","$","M","R","E","$","T","?","?","E","R","E","R","B"],"character_chosen":"DEFECT","items_purchased":["Panacea"],"campfire_rested":1,"item_purchase_floors":[4],"current_hp_per_floor":[64,78,77,77,77,77,70,70,70,70,70,49,73,47,47,0,0],"gold":130,"neow_bonus":"TEN_PERCENT_HP_BONUS","is_daily":false,"chose_seed":false,"campfire_upgraded":2,"win_rate":0.0,"timestamp":1610748524,"path_taken":["M","?","?","?","?","R","E","$","T","?","?","E","R","E","R","BOSS"],"items_purchased_type":["Card"],"build_version":"2020-12-22","purchased_purges":0,"victory":false,"max_hp_per_floor":[78,78,78,78,78,78,78,78,78,78,78,80,80,80,80,80,80],"card_choices":[{"not_picked":["Compile Driver","Storm"],"picked":"Streamline","floor":1},{"not_picked":["Leap","Thunder Strike"],"picked":"Gash","floor":3},{"not_picked":["Beam Cell","Rebound"],"picked":"Conserve Battery","floor":5},{"not_picked":["Force Field","Glacier"],"picked":"Coolheaded","floor":7},{"not_picked":["Turbo","Compile Driver","Hologram"],"picked":"Singing Bowl","floor":12},{"not_picked":["Cold Snap","Thunder Strike"],"picked":"Steam","floor":14}],"player_experience":1127165,"relics_obtained":[{"floor":7,"key":"Turnip"},{"floor":9,"key":"Singing Bowl"},{"floor":12,"key":"MealTicket"},{"floor":14,"key":"HornCleat"}],"event_choices":[{"damage_healed":14,"gold_gain":0,"player_choice":"Full Heal","damage_taken":0,"max_hp_gain":0,"max_hp_loss":0,"event_name":"Wheel of Change","floor":2,"gold_loss":0},{"damage_healed":0,"gold_gain":0,"player_choice":"Grow","damage_taken":0,"max_hp_gain":0,"max_hp_loss":0,"event_name":"Living Wall","floor":10,"gold_loss":0,"cards_upgraded":["Defend_B"]},{"damage_healed":0,"gold_gain":0,"player_choice":"Leave","damage_taken":0,"max_hp_gain":0,"max_hp_loss":0,"event_name":"The Cleric","floor":11,"gold_loss":0}],"is_beta":false,"boss_relics":[],"items_purged_floors":[],"is_endless":false,"potions_floor_spawned":[3,7,12],"killed_by":"Slime Boss","ascension_level":20}}