{"host":"18wi9kpcl4eah7pe","time":1610744641,"event":{"mods":["BaseMod","Colored Powertips","Downfall","Minty Spire (QoL Compilation)","StSLib"],"gold_per_floor":[99,110,110,123,123,154,206,206,39,24,39,39,52,65,76,76,76,76],"floor_reached":16,"language":"ENG","playtime":760,"items_purged":[],"score":117,"play_id":"7cd35e5c-0947-4866-8864-4f194b8bc3c1","local_time":"20210115150401","is_ascension_mode":true,"campfire_choices":[{"floor":1,"key":"RECALL"},{"data":"Slimebound:Split","floor":12,"key":"SMITH"}],"circlet_count":0,"master_deck":["Slimebound:Strike_Slimebound","Slimebound:Strike_Slimebound","Slimebound:Strike_Slimebound","Slimebound:Tackle","Slimebound:Defend_Slimebound","Slimebound:Defend_Slimebound","Slimebound:Defend_Slimebound","Slimebound:Defend_Slimebound","Slimebound:Split+1","Slimebound:CorrosiveSpit","Slimebound:SlimeSpikes","Slimebound:ItLooksTasty","Slimebound:ComboTackle","Slimebound:SplitSpecialist","Slimebound:GoopSpray","Slimebound:SplitMire","Slimebound:SlimeBarrage","Slimebound:LeechEnergy","Slimebound:DivideAndConquer","Slimebound:AcidTongue+1","Slimebound:GrowthPunch","Slimebound:GrowthPunch","Slimebound:Nibble","Slimebound:LeadByExample+1"],"relics":["Slimebound:AbsorbEndCombat","MealTicket","Frozen Egg 2","Blue Candle","Orrery"],"acts_visited":["Exordium"],"potions_floor_usage":[6,6,15,15,16],"damage_taken":[{"damage":4,"enemies":"Small Slimes","floor":2,"turns":2},{"damage":4,"enemies":"Cultist","floor":4,"turns":4},{"damage":45,"enemies":"Lagavulin","floor":6,"turns":6},{"damage":7,"enemies":"downfall:FleeingMerchant","floor":9,"turns":4},{"damage":22,"enemies":"downfall:FleeingMerchant","floor":10,"turns":4},{"damage":14,"enemies":"Jaw Worm","floor":11,"turns":3},{"damage":62,"enemies":"Gremlin Gang","floor":13,"turns":5},{"damage":23,"enemies":"Large Slime","floor":14,"turns":5},{"damage":17,"enemies":"Exordium Wildlife","floor":15,"turns":4},{"damage":21,"enemies":"downfall:Watcher","floor":16,"turns":5}],"seed_played":"5381712924346215476","potions_obtained":[{"floor":3,"key":"PowerPotion"},{"floor":3,"key":"FairyPotion"},{"floor":3,"key":"hexamod:EctoCoolerPotion"},{"floor":6,"key":"champ:CounterPotion"},{"floor":11,"key":"PowerPotion"},{"floor":13,"key":"Dexterity Potion"}],"is_trial":false,"path_per_floor":["R","M","?","M","T","E","T","?","$","$","M","R","M","M","M","B"],"character_chosen":"SLIMEBOUND","items_purchased":["Orrery"],"campfire_rested":0,"item_purchase_floors":[9],"current_hp_per_floor":[60,60,60,60,60,27,27,47,60,54,48,48,22,19,14,0,0,0],"gold":76,"neow_bonus":"RANDOM_COMMON_RELIC","is_daily":false,"chose_seed":false,"campfire_upgraded":1,"win_rate":0.0,"timestamp":1610744641,"path_taken":["R","M","?","?","?","E","T","?","?","$","?","R","M","M","M","BOSS"],"items_purchased_type":["Relic"],"build_version":"2020-12-22","purchased_purges":0,"victory":false,"max_hp_per_floor":[60,60,60,60,60,60,60,60,60,60,60,60,60,60,60,60,60,60],"card_choices":[{"not_picked":["Slimebound:LeechingTouch","Slimebound:ViciousTackle"],"picked":"Slimebound:SlimeSpikes","floor":2},{"not_picked":["Slimebound:Schlurp","Slimebound:Dissolve"],"picked":"Slimebound:ItLooksTasty","floor":4},{"not_picked":["Slimebound:ServeAndProtect","Slimebound:Chomp"],"picked":"Slimebound:ComboTackle","floor":6},{"not_picked":["Slimebound:FinishingTackle","Slimebound:RainOfGoop"],"picked":"Slimebound:SplitSpecialist","floor":9},{"not_picked":["Slimebound:Schlurp","Slimebound:SplitBruiser"],"picked":"Slimebound:GoopSpray","floor":9},{"not_picked":["Slimebound:SlimeTap","Slimebound:LeechLife"],"picked":"Slimebound:SplitMire","floor":9},{"not_picked":["Slimebound:Dissolve","Slimebound:SplitMire"],"picked":"Slimebound:SlimeBarrage","floor":9},{"not_picked":["Slimebound:Equalize","Slimebound:SplitBruiser"],"picked":"Slimebound:LeechEnergy","floor":9},{"not_picked":["Slimebound:SplitBruiser","Slimebound:ViciousTackle"],"picked":"Slimebound:DivideAndConquer","floor":9},{"not_picked":["Slimebound:SplitBruiser","Slimebound:TongueLash"],"picked":"Slimebound:AcidTongue+1","floor":10},{"not_picked":["Slimebound:RejuvenatingLick","Slimebound:SplitAcid"],"picked":"Slimebound:GrowthPunch","floor":11},{"not_picked":["Slimebound:ViciousTackle","Slimebound:Schlurp"],"picked":"Slimebound:GrowthPunch","floor":13},{"not_picked":["Slimebound:ServeAndProtect","Slimebound:ForwardTackle"],"picked":"Slimebound:Nibble","floor":14},{"not_picked":["Slimebound:PressTheAttack","Slimebound:WasteNot"],"picked":"Slimebound:LeadByExample+1","floor":15}],"player_experience":914363,"relics_obtained":[{"floor":5,"key":"Frozen Egg 2"},{"floor":6,"key":"Blue Candle"}],"event_choices":[{"damage_healed":0,"gold_gain":0,"player_choice":"Got Potions","damage_taken":0,"max_hp_gain":0,"max_hp_loss":0,"event_name":"Lab","floor":3,"gold_loss":0},{"damage_healed":20,"gold_gain":0,"player_choice":"Banana","damage_taken":0,"max_hp_gain":0,"max_hp_loss":0,"event_name":"Big Fish","floor":8,"gold_loss":0}],"is_beta":false,"boss_relics":[],"items_purged_floors":[],"is_endless":false,"potions_floor_spawned":[6,11,13,14],"killed_by":"downfall:Watcher","ascension_level":3}}