{"host":"eeuhgv8goqdjv4ip","time":1610681482,"event":{"mods":["2.2 Compatiblity","AchievementEnabler","BaseMod","Challenge The Spire","Colored Map","Colored Powertips","Conspire","Custom Start","Dark Map","Hubris","Infinite Spire","Marisa????????","Minty Spire (QoL Compilation)","Permanent Neow","Quick Restart","Replay The Spire","SIMod","StSLib","The Animator","The Saiyan","The Servant 0.9.4","The Wild Card"],"gold_per_floor":[128,145,145,155,173,173,187,204,274,274,299,299,314,338,338,439,439,455,465,465,477,489,489,519,519,569,580,111,111,126,126,126],"floor_reached":31,"language":"ENG","playtime":3276,"items_purged":["animator:Strike","animator:Strike"],"score":334,"play_id":"00284777-1091-4f62-aa2b-ae0459491c2c","local_time":"20210114233122","is_ascension_mode":true,"campfire_choices":[{"data":"animator:Caster","floor":6,"key":"SMITH"},{"data":"animator:Berserker","floor":10,"key":"SMITH"},{"floor":12,"key":"REST"},{"data":"animator:Lancer","floor":15,"key":"SMITH"},{"data":"animator:Archer","floor":23,"key":"SMITH"},{"data":"animator:Shimako","floor":25,"key":"SMITH"}],"circlet_count":0,"master_deck":["animator:Strike_Fate","animator:Defend_Fate","animator:Strike","animator:Defend","animator:Defend","animator:Defend","animator:Alexander","animator:Rider","animator:Berserker+1","animator:Tyuule","animator:Genos","animator:Caster+1","animator:Geryuganshoop","animator:KotoriItsuka","animator:Genos","animator:Shimako+1","animator:Lancer+1","animator:KotoriItsuka","animator:Caster","animator:Alexander+1","animator:Archer+1","animator:Genos","animator:Saber","infinitespire:Collect"],"relics":["animator:LivingPicture","animator:TheMissingPiece","infinitespire:ShieldingShard","White Beast Statue","Orichalcum","hubris:ScarierMask","animator:HolyGrailRelic","animator:CerealBox","Toy Ornithopter","hubris:DeckOfHolding"],"acts_visited":["Exordium","TheCity"],"potions_floor_usage":[13,16,16,18,19,21,30],"damage_taken":[{"damage":3,"enemies":"Small Slimes","floor":1,"turns":3},{"damage":5,"enemies":"conspire:RoseBush","floor":2,"turns":3},{"damage":3,"enemies":"Cultist","floor":4,"turns":5},{"damage":16,"enemies":"Looter","floor":5,"turns":4},{"damage":6,"enemies":"Large Slime","floor":7,"turns":5},{"damage":0,"enemies":"3 Louse","floor":8,"turns":3},{"damage":39,"enemies":"conspire:MimicChest","floor":11,"turns":4},{"damage":16,"enemies":"Exordium Thugs","floor":13,"turns":7},{"damage":0,"enemies":"2 Fungi Beasts","floor":14,"turns":3},{"damage":11,"enemies":"Hexaghost","floor":16,"turns":5},{"damage":23,"enemies":"Spheric Guardian","floor":18,"turns":4},{"damage":0,"enemies":"2 Thieves","floor":19,"turns":2},{"damage":3,"enemies":"Shelled Parasite and Fungi","floor":21,"turns":4},{"damage":32,"enemies":"conspire:HollyBat","floor":22,"turns":9},{"damage":0,"enemies":"conspire:Head Lice","floor":24,"turns":6},{"damage":0,"enemies":"Cultist and Chosen","floor":27,"turns":4},{"damage":7,"enemies":"Centurion and Healer","floor":30,"turns":4},{"damage":14,"enemies":"Shelled Parasite and Fungi","floor":31,"turns":3}],"seed_played":"3773452560495746438","potions_obtained":[{"floor":2,"key":"Ancient Potion"},{"floor":5,"key":"Cursed Concoction"},{"floor":11,"key":"Regen Potion"},{"floor":13,"key":"FearPotion"},{"floor":16,"key":"Fire Potion"},{"floor":18,"key":"Fire Potion"},{"floor":19,"key":"DistilledChaos"},{"floor":21,"key":"Doom Potion"},{"floor":22,"key":"ColorlessPotion"},{"floor":30,"key":"Regen Potion"}],"is_trial":false,"path_per_floor":["M","M","?","M","M","R","M","M","T","R","?","R","M","M","R","B",null,"M","M","AVR","M","M","R","E","R","T","M","$","?","M","M"],"character_chosen":"THE_ANIMATOR","items_purchased":["animator:Saber","hubris:DeckOfHolding"],"campfire_rested":1,"item_purchase_floors":[28,28],"current_hp_per_floor":[69,64,64,61,46,46,40,40,40,40,1,22,21,21,21,10,73,50,50,62,59,28,28,28,28,28,30,30,10,8,4,4],"gold":126,"neow_bonus":"TEN_PERCENT_HP_BONUS","is_daily":false,"chose_seed":true,"campfire_upgraded":5,"win_rate":0.0,"timestamp":1610681482,"path_taken":["M","M","?","M","M","R","M","M","T","R","?","R","?","M","R","BOSS","M","M","AVR","M","M","R","E","R","T","M","$","?","M","M"],"items_purchased_type":["Card","Relic"],"build_version":"2020-12-22","purchased_purges":2,"victory":false,"max_hp_per_floor":[72,72,72,72,73,73,73,73,73,73,73,73,73,73,73,73,73,73,73,81,78,79,79,76,76,76,78,78,78,75,75,75],"card_choices":[{"not_picked":["animator:Kuribayashi","animator:Genos"],"picked":"animator:Berserker","floor":1},{"not_picked":["animator:Bozes","animator:Tatsumaki"],"picked":"animator:Tyuule","floor":2},{"not_picked":["animator:MikuIzayoi","animator:ChlammyZell"],"picked":"animator:Genos","floor":4},{"not_picked":["animator:ShinjiMatou","animator:Rider"],"picked":"animator:Caster","floor":5},{"not_picked":["animator:Kagari","animator:ShidoItsuka"],"picked":"animator:Geryuganshoop","floor":7},{"not_picked":["animator:OrigamiTobiichi","animator:YamaiSisters"],"picked":"animator:KotoriItsuka","floor":8},{"not_picked":["animator:ChlammyZell","animator:TohkaYatogami"],"picked":"animator:Genos","floor":11},{"not_picked":["animator:Aisha","animator:YoshinoHimekawa"],"picked":"animator:Shimako","floor":13},{"not_picked":["animator:Assassin","animator:Alexander"],"picked":"animator:Lancer","floor":14},{"not_picked":["animator:Shiro","animator:Sora"],"picked":"animator:KotoriItsuka","floor":16},{"not_picked":["animator:Tatsumaki","animator:YaoHaDucy","animator:TohkaYatogami+1"],"picked":"SKIP","floor":18},{"not_picked":["animator:TukaLunaMarceau+1","animator:Alexander"],"picked":"animator:Caster","floor":19},{"not_picked":["animator:ShizuruNakatsu","animator:TukaLunaMarceau+1"],"picked":"animator:Alexander+1","floor":21},{"not_picked":["animator:Lancer","animator:Assassin"],"picked":"animator:Archer","floor":22},{"not_picked":["animator:Alexander","animator:TohkaYatogami","animator:Ciel"],"picked":"SKIP","floor":24},{"not_picked":["animator:YoshinoHimekawa","animator:MumenRider+1"],"picked":"animator:Genos","floor":27},{"not_picked":["hubris:InfiniteBlow","ReplayTheSpireMod:Chaos Vortex"],"picked":"infinitespire:Collect","floor":29},{"not_picked":["animator:DolaSchwi","animator:LeleiLaLalena+1","animator:Aisha+1"],"picked":"SKIP","floor":30}],"player_experience":500782,"relics_obtained":[{"floor":3,"key":"infinitespire:ShieldingShard"},{"floor":9,"key":"White Beast Statue"},{"floor":11,"key":"Orichalcum"},{"floor":24,"key":"Toy Ornithopter"}],"event_choices":[],"is_beta":false,"boss_relics":[{"not_picked":["Sozu","Ectoplasm"],"picked":"hubris:ScarierMask"}],"items_purged_floors":[20,28],"is_endless":false,"potions_floor_spawned":[2,5,11,13,14,16,18,19,21,22,24,27,30],"killed_by":"Shelled Parasite and Fungi","ascension_level":4}}