{"host":"s35zr3gblm7slh1q","time":1610720728,"event":{"mods":["BaseMod","Colored Powertips","Downfall","Hermit","Highlight Path","Marisa????????","Minty Spire (QoL Compilation)","Permanent Neow","StSLib"],"gold_per_floor":[99,113,13,13,13,13,38,55,83,98,115,140,140,159,171,272,272,272,283,301,135,150,150,150,167,177,177,194,194,88,104,104,104,104],"floor_reached":32,"language":"ENG","playtime":2550,"items_purged":[],"score":271,"play_id":"da54667d-5a89-498d-954a-37e2c52edc97","local_time":"20210115092528","is_ascension_mode":false,"campfire_choices":[{"data":"champ:Taunt","floor":1,"key":"SMITH"},{"data":"expansioncontent:YouAreMine","floor":6,"key":"SMITH"},{"floor":13,"key":"REST"},{"data":"champ:Improvising","floor":18,"key":"SMITH"},{"floor":27,"key":"REST"},{"data":"champ:BringItOn","floor":29,"key":"SMITH"}],"circlet_count":0,"master_deck":["champ:Strike","champ:Strike","champ:Strike","champ:Defend+1","champ:Defend+1","champ:Defend+1","champ:Execute","champ:Taunt+1","champ:ArenaPreparation+1","champ:Circumvent","champ:TornadoPunch+1","expansioncontent:YouAreMine+1","champ:AdrenalArmor","champ:DefensiveShout","champ:RisingSlash","champ:MurderStrike","champ:AdrenalArmor","champ:Lariat","champ:Improvising+1","champ:DeathBlow","champ:EndlessRage+1","champ:AdrenalArmor","champ:AdrenalArmor+1","champ:BringItOn+1","champ:ArenaPreparation","champ:PerfectedStrike","expansioncontent:DonusPower","champ:LastStand"],"relics":["champ:ChampionCrown","Mercury Hourglass","War Paint","Odd Mushroom","Smiling Mask","Empty Cage","Ancient Tea Set","Pantograph"],"acts_visited":["Exordium","TheCity"],"potions_floor_usage":[12,12,15,16,16,25,28,31],"damage_taken":[{"damage":13,"enemies":"2 Louse","floor":2,"turns":4},{"damage":21,"enemies":"downfall:FleeingMerchant","floor":3,"turns":4},{"damage":12,"enemies":"Small Slimes","floor":8,"turns":3},{"damage":29,"enemies":"The Mushroom Lair","floor":9,"turns":4},{"damage":27,"enemies":"Jaw Worm","floor":10,"turns":3},{"damage":11,"enemies":"Gremlin Gang","floor":11,"turns":2},{"damage":36,"enemies":"Gremlin Nob","floor":12,"turns":4},{"damage":0,"enemies":"Lots of Slimes","floor":14,"turns":1},{"damage":27,"enemies":"Gremlin Gang","floor":15,"turns":4},{"damage":36,"enemies":"downfall:Defect","floor":16,"turns":5},{"damage":37,"enemies":"Spheric Guardian","floor":19,"turns":4},{"damage":67,"enemies":"Shell Parasite","floor":20,"turns":7},{"damage":35,"enemies":"downfall:FleeingMerchant","floor":21,"turns":4},{"damage":30,"enemies":"Centurion and Healer","floor":22,"turns":5},{"damage":18,"enemies":"Cultist and Chosen","floor":25,"turns":4},{"damage":25,"enemies":"Snecko","floor":26,"turns":5},{"damage":60,"enemies":"Centurion and Healer","floor":28,"turns":3},{"damage":45,"enemies":"downfall:FleeingMerchant","floor":30,"turns":4},{"damage":47,"enemies":"3 Cultists","floor":31,"turns":5},{"damage":48,"enemies":"Snake Plant","floor":32,"turns":3}],"seed_played":"2703018666145708325","potions_obtained":[{"floor":2,"key":"Dexterity Potion"},{"floor":9,"key":"Strength Potion"},{"floor":10,"key":"LiquidMemories"},{"floor":12,"key":"sneckomod:MuddlingPotion"},{"floor":15,"key":"hexamod:EctoCoolerPotion"},{"floor":20,"key":"champ:OpenerPotion"},{"floor":25,"key":"ColorlessPotion"},{"floor":26,"key":"AttackPotion"},{"floor":31,"key":"DuplicationPotion"}],"is_trial":false,"path_per_floor":["R","M","$","?","?","R","T","M","?","M","M","E","R","M","M","B",null,"R","M","M","$","M","?","T","M","M","R","M","R","$","M","M"],"character_chosen":"THE_CHAMP","items_purchased":["expansioncontent:YouAreMine","Ancient Tea Set","expansioncontent:DonusPower"],"campfire_rested":2,"item_purchase_floors":[3,21,30],"current_hp_per_floor":[90,90,90,90,90,90,90,86,85,80,71,48,75,75,61,41,90,90,68,66,61,61,61,61,61,59,86,77,77,77,47,0,0,0],"gold":104,"neow_bonus":"TRANSFORM_CARD","is_daily":false,"chose_seed":false,"campfire_upgraded":4,"win_rate":0.0,"timestamp":1610720728,"path_taken":["R","M","$","?","?","R","T","M","?","M","M","E","R","M","M","BOSS","R","M","M","$","M","?","T","M","?","R","?","R","$","M","M"],"items_purchased_type":["Card","Relic","Card"],"build_version":"2020-12-22","purchased_purges":0,"victory":false,"max_hp_per_floor":[90,90,90,90,90,90,90,90,90,90,90,90,90,90,90,90,90,90,90,90,90,90,90,90,90,90,90,90,90,90,90,90,90,90],"card_choices":[{"not_picked":["champ:ViciousMockery","champ:Encircle"],"picked":"champ:Circumvent","floor":2},{"not_picked":["champ:HeartStrike","champ:IronFortress"],"picked":"champ:TornadoPunch","floor":3},{"not_picked":["champ:FanOfKnives","champ:FlashCut"],"picked":"champ:AdrenalArmor","floor":8},{"not_picked":["champ:PerfectedStrike","champ:DancingMaster"],"picked":"champ:DefensiveShout","floor":9},{"not_picked":["champ:GladiatorsShout","champ:AdrenalArmor"],"picked":"champ:RisingSlash","floor":10},{"not_picked":["champ:GutPunch","champ:FalseCounter","champ:StanceDance"],"picked":"SKIP","floor":11},{"not_picked":["champ:TornadoPunch","champ:DefensiveShout"],"picked":"champ:MurderStrike","floor":12},{"not_picked":["champ:GladiatorStyle","champ:GladiatorsShout"],"picked":"champ:AdrenalArmor","floor":14},{"not_picked":["champ:StanceDance","champ:FlashCut"],"picked":"champ:Lariat","floor":15},{"not_picked":["champ:SwordThrow","champ:ShieldSlam"],"picked":"champ:Improvising","floor":16},{"not_picked":["champ:StanceDance","champ:GladiatorsShout"],"picked":"champ:DeathBlow","floor":19},{"not_picked":["champ:TornadoPunch","champ:FightOn"],"picked":"champ:EndlessRage+1","floor":20},{"not_picked":["champ:Haymaker+1","champ:CrownThrow"],"picked":"champ:AdrenalArmor","floor":21},{"not_picked":["champ:ShieldWall+1","champ:FocusedBerserking"],"picked":"champ:AdrenalArmor+1","floor":22},{"not_picked":["champ:FlashCut","champ:BladeFlurry+1"],"picked":"champ:BringItOn","floor":25},{"not_picked":["champ:Circumvent+1","champ:FlashCut"],"picked":"champ:ArenaPreparation","floor":26},{"not_picked":["champ:IronFortress","champ:FalseCounter"],"picked":"champ:PerfectedStrike","floor":28},{"not_picked":["champ:Circumvent","champ:EnGarde","champ:GladiatorsShout"],"picked":"SKIP","floor":30},{"not_picked":["champ:AdrenalArmor","champ:BerserkersShout+1"],"picked":"champ:LastStand","floor":31}],"player_experience":342430,"relics_obtained":[{"floor":7,"key":"War Paint"},{"floor":9,"key":"Odd Mushroom"},{"floor":12,"key":"Smiling Mask"},{"floor":24,"key":"Pantograph"}],"event_choices":[{"damage_healed":0,"gold_gain":0,"player_choice":"Fought Mushrooms","damage_taken":0,"max_hp_gain":0,"max_hp_loss":0,"event_name":"Mushrooms","floor":9,"gold_loss":0}],"is_beta":false,"boss_relics":[{"not_picked":["Pandora\u0027s Box","SlaversCollar"],"picked":"Empty Cage"}],"items_purged_floors":[],"is_endless":false,"potions_floor_spawned":[2,9,10,12,15,20,25,26,31],"killed_by":"Snake Plant","ascension_level":0}}