{"host":"wwo1kwxjf4eyz37q","time":1610698785,"event":{"mods":["AchievementEnabler","BaseMod","Colored Map","Minty Spire (QoL Compilation)","Quick Restart","SuperFastMode"],"gold_per_floor":[111,129,145,15,15,15,40,40,67,67,82,101,101,118,118,192,192,205,217,229,229,279,279,304,304,353,353,371,15,27,52,52,52,52],"floor_reached":33,"language":"KOR","playtime":1093,"items_purged":["Strike_R","Defend_R"],"score":540,"play_id":"a2dcb665-8989-4d52-8436-6b6d4eed6d03","local_time":"20210115171945","is_ascension_mode":true,"campfire_choices":[{"data":"Bash","floor":6.0,"key":"SMITH"},{"data":"Armaments","floor":8.0,"key":"SMITH"},{"data":"Battle Trance","floor":13.0,"key":"SMITH"},{"data":"Second Wind","floor":15.0,"key":"SMITH"},{"data":"Perfected Strike","floor":23.0,"key":"SMITH"},{"data":"Double Tap","floor":25,"key":"SMITH"},{"data":"Pommel Strike","floor":27,"key":"SMITH"},{"floor":32,"key":"REST"}],"circlet_count":0,"master_deck":["AscendersBane","Strike_R","Strike_R","Strike_R+1","Strike_R","Defend_R","Defend_R","Defend_R","Bash+1","Offering","Shrug It Off","Battle Trance+1","Pommel Strike+1","Pommel Strike+1","Armaments+1","Twin Strike","Second Wind+1","Cleave","Double Tap+1","Perfected Strike+1","Twin Strike","Spot Weakness","Perfected Strike","Power Through","Evolve"],"relics":["Burning Blood","Red Skull","Tiny Chest","SlaversCollar","Kunai","Omamori","Regal Pillow"],"acts_visited":["Exordium","TheCity"],"potions_floor_usage":[24,24,30],"damage_taken":[{"damage":6.0,"enemies":"Cultist","floor":1.0,"turns":2.0},{"damage":6.0,"enemies":"2 Louse","floor":2.0,"turns":3.0},{"damage":6.0,"enemies":"Small Slimes","floor":3.0,"turns":4.0},{"damage":28.0,"enemies":"Lagavulin","floor":7.0,"turns":6.0},{"damage":1.0,"enemies":"2 Fungi Beasts","floor":11.0,"turns":3.0},{"damage":6.0,"enemies":"Large Slime","floor":12.0,"turns":1.0},{"damage":16.0,"enemies":"3 Louse","floor":14.0,"turns":2.0},{"damage":20.0,"enemies":"Hexaghost","floor":16.0,"turns":8.0},{"damage":9.0,"enemies":"Spheric Guardian","floor":18.0,"turns":3.0},{"damage":16.0,"enemies":"2 Thieves","floor":19.0,"turns":4.0},{"damage":18.0,"enemies":"Chosen and Byrds","floor":20.0,"turns":5.0},{"damage":6,"enemies":"Slavers","floor":24,"turns":2},{"damage":7,"enemies":"Centurion and Healer","floor":28,"turns":3},{"damage":25,"enemies":"Snake Plant","floor":30,"turns":2},{"damage":62,"enemies":"Collector","floor":33,"turns":6}],"seed_played":"-7162040623735889057","potions_obtained":[{"floor":7.0,"key":"Dexterity Potion"},{"floor":11.0,"key":"Energy Potion"},{"floor":19.0,"key":"DistilledChaos"}],"is_trial":false,"path_per_floor":["M","M","M","$","?","R","E","R","T","?","M","M","R","M","R","B",null,"M","M","M","?","?","R","E","R","T","R","M","$","M","T","R","B"],"character_chosen":"IRONCLAD","items_purchased":["Pommel Strike","Perfected Strike","Power Through","Evolve","BloodPotion"],"campfire_rested":1,"item_purchase_floors":[4,29,29,29,29],"current_hp_per_floor":[68,68,68,68,48,48,26,26,26,26,31,31,31,21,21,7,53,50,40,28,28,28,28,28,28,28,28,27,27,21,21,56,0,0],"gold":52,"neow_bonus":"THREE_RARE_CARDS","is_daily":false,"chose_seed":false,"campfire_upgraded":7,"win_rate":0.0,"timestamp":1610698785,"path_taken":["M","M","?","$","?","R","E","R","T","?","M","M","R","M","R","BOSS","M","M","M","?","?","R","E","R","T","R","M","$","M","?","R","BOSS"],"items_purchased_type":["Card","Card","Card","Card","Potion"],"build_version":"2020-12-22","purchased_purges":2,"victory":false,"max_hp_per_floor":[68,68,68,68,68,68,68,68,68,68,68,68,68,68,68,68,68,68,68,68,68,68,68,68,68,68,68,68,68,68,68,68,68,68],"card_choices":[{"not_picked":["Fiend Fire","Bludgeon"],"picked":"Offering","floor":0.0},{"not_picked":["Heavy Blade","Pummel"],"picked":"Shrug It Off","floor":1.0},{"not_picked":["Searing Blow","Sword Boomerang"],"picked":"Battle Trance","floor":2.0},{"not_picked":["Infernal Blade","Twin Strike"],"picked":"Pommel Strike","floor":3.0},{"not_picked":["Fire Breathing","Havoc"],"picked":"Armaments","floor":7.0},{"not_picked":["Flex","Clash"],"picked":"Twin Strike","floor":11.0},{"not_picked":["Sentinel","Iron Wave"],"picked":"Second Wind","floor":12.0},{"not_picked":["Twin Strike","Iron Wave"],"picked":"Cleave","floor":14.0},{"not_picked":["Bludgeon","Exhume"],"picked":"Double Tap","floor":16.0},{"not_picked":["Infernal Blade","Shrug It Off"],"picked":"Perfected Strike","floor":18.0},{"not_picked":["Clash","Cleave","Dropkick"],"picked":"SKIP","floor":19.0},{"not_picked":["Iron Wave","Havoc","Brutality"],"picked":"SKIP","floor":20.0},{"not_picked":["Sever Soul","Blood for Blood"],"picked":"Twin Strike","floor":24},{"not_picked":["Heavy Blade","Armaments"],"picked":"Spot Weakness","floor":28},{"not_picked":["Sword Boomerang","Body Slam","Iron Wave"],"picked":"SKIP","floor":30}],"player_experience":230027,"relics_obtained":[{"floor":7.0,"key":"Red Skull"},{"floor":9.0,"key":"Tiny Chest"},{"floor":24,"key":"Kunai"},{"floor":26,"key":"Omamori"},{"floor":31,"key":"Regal Pillow"}],"event_choices":[{"damage_healed":0.0,"max_hp_gain":0.0,"max_hp_loss":0.0,"gold_gain":0.0,"event_name":"Shining Light","player_choice":"Entered Light","floor":5.0,"gold_loss":0.0,"damage_taken":20.0,"cards_upgraded":["Pommel Strike","Strike_R"]},{"damage_healed":0.0,"max_hp_gain":0.0,"max_hp_loss":0.0,"gold_gain":0.0,"event_name":"The Cleric","player_choice":"Leave","floor":10.0,"gold_loss":0.0,"damage_taken":0.0},{"damage_healed":0.0,"max_hp_gain":0.0,"max_hp_loss":0.0,"gold_gain":0.0,"event_name":"The Mausoleum","player_choice":"Ignored","floor":21.0,"gold_loss":0.0,"damage_taken":0.0},{"damage_healed":0.0,"max_hp_gain":0.0,"max_hp_loss":0.0,"gold_gain":50.0,"event_name":"Nest","player_choice":"Stole From Cult","floor":22.0,"gold_loss":0.0,"damage_taken":0.0}],"is_beta":false,"boss_relics":[{"not_picked":["SacredBark","Busted Crown"],"picked":"SlaversCollar"}],"items_purged_floors":[4,29],"is_endless":false,"potions_floor_spawned":[7,11,12,14,19],"killed_by":"Collector","ascension_level":17}}