{"host":"z9nhqy1wc0bvpk1o","time":1610670379,"event":{"mods":["BaseMod","Colored Map","Colored Powertips","Downfall","Minty Spire (QoL Compilation)","Replay The Spire","StSLib","The Cursed"],"gold_per_floor":[116,116,133,144,17,49,63,82,82,82,82,257,257,277,277,376,376,394,32,52,71,71,98,98,116,143,161,161,161,161,190,190,190,190],"floor_reached":33,"language":"ENG","playtime":1389,"items_purged":["Defend_R","Defend_R"],"score":287,"play_id":"620e00e6-b66b-4db3-97e9-ce0cc65761a0","local_time":"20210115002619","is_ascension_mode":false,"campfire_choices":[{"data":"Heavy Blade","floor":11,"key":"SMITH"},{"floor":15,"key":"REST"},{"floor":24,"key":"REST"},{"data":"Heavy Blade","floor":28,"key":"SMITH"},{"data":"Immolate","floor":30,"key":"SMITH"},{"floor":32,"key":"REST"}],"circlet_count":0,"master_deck":["Strike_R+1","Strike_R+1","Strike_R+1","Strike_R+1","Strike_R+1","Bash","Clash","Abandon","Heavy Blade+1","Heavy Blade+1","Flex","Shockwave","Anger+1","Juggernaut","Doubt","Flex","Immolate+1","Clash","Life Link","Perfected Strike","Immolate","ReplayTheSpireMod:Limb From Limb","Flex","Anger+1"],"relics":["Burning Blood","NeowsBlessing","Replay:Wax Seal","Juzu Bracelet","Sozu","Meat on the Bone","Shuriken","Omamori","ReplayTheSpireMod:Ninjato","Unceasing Top"],"acts_visited":["Exordium","TheCity"],"potions_floor_usage":[23,25,25],"damage_taken":[{"damage":0,"enemies":"Small Slimes","floor":1,"turns":1},{"damage":0,"enemies":"Cultist","floor":3,"turns":1},{"damage":0,"enemies":"Jaw Worm","floor":4,"turns":1},{"damage":14,"enemies":"Gremlin Nob","floor":6,"turns":3},{"damage":11,"enemies":"Large Slime","floor":7,"turns":4},{"damage":10,"enemies":"Looter","floor":8,"turns":2},{"damage":0,"enemies":"Exordium Wildlife","floor":14,"turns":1},{"damage":74,"enemies":"Hexaghost","floor":16,"turns":9},{"damage":10,"enemies":"Spheric Guardian","floor":18,"turns":3},{"damage":10,"enemies":"Chosen","floor":20,"turns":3},{"damage":22,"enemies":"Snecko","floor":21,"turns":4},{"damage":28,"enemies":"Replay:Snechameleon","floor":23,"turns":5},{"damage":0,"enemies":"3 Cultists","floor":25,"turns":2},{"damage":0,"enemies":"Snake Plant","floor":27,"turns":2},{"damage":27,"enemies":"Gremlin Leader","floor":31,"turns":4},{"damage":81,"enemies":"Pondfish","floor":33,"turns":7}],"seed_played":"8423403004385477899","potions_obtained":[{"floor":1,"key":"sneckomod:MuddlingPotion"},{"floor":4,"key":"Swift Potion"},{"floor":7,"key":"SkillPotion"}],"is_trial":false,"path_per_floor":["M","?","M","M","$","E","M","M","T","?","R","?","?","M","R","B",null,"M","$","M","M","?","E","R","M","T","M","R","T","R","E","R","B"],"character_chosen":"IRONCLAD","items_purchased":["Flex","Meat on the Bone"],"campfire_rested":3,"item_purchase_floors":[5,19],"current_hp_per_floor":[80,80,80,80,80,72,67,63,63,47,47,47,47,53,77,9,80,76,76,72,56,56,46,70,76,76,80,80,80,80,59,80,0,0],"gold":190,"neow_bonus":"THREE_ENEMY_KILL","is_daily":false,"chose_seed":false,"campfire_upgraded":3,"win_rate":0.0,"timestamp":1610670379,"path_taken":["M","?","M","M","$","E","M","M","T","?","R","?","?","M","R","BOSS","M","$","M","M","?","E","R","M","T","M","R","?","R","E","R","BOSS"],"items_purchased_type":["Card","Relic"],"build_version":"2020-12-22","purchased_purges":2,"victory":false,"max_hp_per_floor":[80,80,80,80,80,80,80,80,80,80,80,80,80,80,80,80,80,80,80,80,80,80,80,80,80,80,80,80,80,80,80,80,80,80],"card_choices":[{"not_picked":["Entrench","Thunderclap"],"picked":"Clash","floor":1},{"not_picked":["Iron Wave","Run Through"],"picked":"Heavy Blade","floor":3},{"not_picked":["Battle Trance","Cleave"],"picked":"Heavy Blade","floor":4},{"not_picked":["Dropkick","ReplayTheSpireMod:Strike From Hell"],"picked":"Shockwave","floor":6},{"not_picked":["Shrug It Off","Rampage"],"picked":"Anger","floor":7},{"not_picked":["Rampage","Armaments"],"picked":"Juggernaut","floor":8},{"not_picked":["Clothesline","Sever Soul"],"picked":"Flex","floor":14},{"not_picked":["Barricade","Fiend Fire"],"picked":"Immolate","floor":16},{"not_picked":["ReplayTheSpireMod:Corrosion Curse+1","Anger"],"picked":"Clash","floor":18},{"not_picked":["Clothesline","ReplayTheSpireMod:Stacked"],"picked":"Life Link","floor":20},{"not_picked":["True Grit","Wild Strike"],"picked":"Perfected Strike","floor":21},{"not_picked":["ReplayReversal","Armaments"],"picked":"Immolate","floor":23},{"not_picked":["Warcry","Heavy Blade"],"picked":"ReplayTheSpireMod:Limb From Limb","floor":25},{"not_picked":["Sever Soul+1","Sword Boomerang"],"picked":"Flex","floor":27},{"not_picked":["Carnage","Warcry"],"picked":"Anger+1","floor":31}],"player_experience":18027,"relics_obtained":[{"floor":6,"key":"Replay:Wax Seal"},{"floor":9,"key":"Juzu Bracelet"},{"floor":23,"key":"Shuriken"},{"floor":26,"key":"Omamori"},{"floor":29,"key":"ReplayTheSpireMod:Ninjato"},{"floor":31,"key":"Unceasing Top"}],"event_choices":[{"damage_healed":0,"gold_gain":0,"cards_transformed":["Defend_R"],"player_choice":"Transformed","damage_taken":0,"max_hp_gain":0,"max_hp_loss":0,"event_name":"Transmorgrifier","floor":2,"gold_loss":0,"cards_obtained":["Abandon"]},{"damage_healed":0,"gold_gain":0,"player_choice":"Entered Light","damage_taken":16,"max_hp_gain":0,"max_hp_loss":0,"event_name":"Shining Light","floor":10,"gold_loss":0,"cards_upgraded":["Strike_R","Anger"]},{"damage_healed":0,"gold_gain":175,"player_choice":"AGREE","damage_taken":0,"max_hp_gain":0,"max_hp_loss":0,"event_name":"Liars Game","floor":12,"gold_loss":0,"cards_obtained":["Doubt"]},{"damage_healed":0,"gold_gain":0,"player_choice":"Simplicity","damage_taken":0,"max_hp_gain":0,"max_hp_loss":0,"event_name":"Back to Basics","floor":22,"gold_loss":0,"cards_upgraded":["Strike_R","Strike_R","Strike_R","Strike_R"]}],"is_beta":false,"boss_relics":[{"not_picked":["Calling Bell","Runic Cube"],"picked":"Sozu"}],"items_purged_floors":[5,19],"is_endless":false,"potions_floor_spawned":[1,4,7,18,27,31],"killed_by":"Pondfish","ascension_level":0}}