{"host":"9pqy5lt7vda52ebm","time":1610673056,"event":{"mods":["BaseMod","Fox Events","Minty Spire (QoL Compilation)","Optimize The Spire","Quick Restart","StSLib","The Hierophant"],"gold_per_floor":[109,121,134,149,162,162,162,162,212,238,238,269,314,389,389,497,497,453,495,495,526,300,300,298,298],"floor_reached":24,"language":"ENG","playtime":4164,"items_purged":["hierophant:Punish"],"score":222,"play_id":"d43af29b-b0ea-473a-b151-528f576deabf","local_time":"20210114201056","is_ascension_mode":false,"campfire_choices":[{"data":"hierophant:ArchangelShield","floor":6,"key":"SMITH"},{"data":"hierophant:Endure","floor":8,"key":"SMITH"},{"data":"hierophant:FieryStrike","floor":15,"key":"SMITH"},{"data":"hierophant:Batter","floor":23,"key":"SMITH"}],"circlet_count":0,"master_deck":["hierophant:ChurchCoffers+1","hierophant:FieryStrike+1","hierophant:ArchangelShield+1","hierophant:ThreeLashes","hierophant:OrnateBuckler","hierophant:Doubloon","hierophant:ConvertCurrency","hierophant:Endure+1","hierophant:Glossolalia","hierophant:Doubloon","hierophant:CoinFling","hierophant:AuricShield","hierophant:DeathKnell","hierophant:Batter+1","hierophant:Generosity","hierophant:Endure","hierophant:RepressedViolence","hierophant:Prophecy","hierophant:Encroach","hierophant:Doubloon","hierophant:SealAway+1"],"relics":["hierophant:PropheticMaskRelic","Orichalcum","Bag of Preparation","Pandora\u0027s Box","MealTicket"],"acts_visited":["Exordium","TheCity"],"potions_floor_usage":[19,24],"damage_taken":[{"damage":7,"enemies":"Small Slimes","floor":1,"turns":3},{"damage":1,"enemies":"2 Louse","floor":2,"turns":2},{"damage":9,"enemies":"Jaw Worm","floor":3,"turns":6},{"damage":0,"enemies":"Large Slime","floor":4,"turns":4},{"damage":0,"enemies":"2 Fungi Beasts","floor":5,"turns":3},{"damage":10,"enemies":"Looter","floor":7,"turns":3},{"damage":5,"enemies":"Large Slime","floor":10,"turns":5},{"damage":0,"enemies":"2 Fungi Beasts","floor":12,"turns":2},{"damage":6,"enemies":"3 Sentries","floor":13,"turns":8},{"damage":23,"enemies":"The Guardian","floor":16,"turns":12},{"damage":0,"enemies":"2 Thieves","floor":18,"turns":4},{"damage":29,"enemies":"Chosen","floor":19,"turns":8},{"damage":0,"enemies":"Sentry and Sphere","floor":21,"turns":3},{"damage":17,"enemies":"Book of Stabbing","floor":24,"turns":6}],"seed_played":"6013224536286775168","potions_obtained":[{"floor":4,"key":"DistilledChaos"},{"floor":7,"key":"FearPotion"},{"floor":12,"key":"LiquidMemories"},{"floor":19,"key":"CultistPotion"},{"floor":24,"key":"CultistPotion"}],"is_trial":false,"path_per_floor":["M","M","M","M","M","R","M","R","T","M","?","M","E","?","R","B",null,"M","M","?","M","$","R","E"],"character_chosen":"HIEROPHANT","items_purchased":["MealTicket"],"campfire_rested":0,"item_purchase_floors":[22],"current_hp_per_floor":[75,74,65,65,65,65,55,55,55,50,50,50,44,33,33,10,82,82,53,37,37,37,37,20,20],"gold":298,"neow_bonus":"TEN_PERCENT_HP_BONUS","is_daily":false,"chose_seed":false,"campfire_upgraded":4,"win_rate":0.0,"timestamp":1610673056,"path_taken":["M","M","M","M","M","R","M","R","T","M","?","M","E","?","R","BOSS","M","M","?","M","$","R","E"],"items_purchased_type":["Relic"],"build_version":"2020-12-22","purchased_purges":1,"victory":false,"max_hp_per_floor":[82,82,82,82,82,82,82,82,82,82,82,82,82,82,82,82,82,82,82,87,87,87,87,87,87],"card_choices":[{"not_picked":["hierophant:Zeal","hierophant:Encroach"],"picked":"hierophant:FieryStrike","floor":1},{"not_picked":["hierophant:HolyVerse","hierophant:Purify"],"picked":"hierophant:ArchangelShield","floor":2},{"not_picked":["hierophant:Purify","hierophant:AuricBeam"],"picked":"hierophant:ThreeLashes","floor":3},{"not_picked":["hierophant:OrnateJavelin","hierophant:Batter"],"picked":"hierophant:OrnateBuckler","floor":4},{"not_picked":["hierophant:PassingBell","hierophant:HolyVerse"],"picked":"hierophant:ConvertCurrency","floor":5},{"not_picked":["hierophant:Shelter","hierophant:PassingBell"],"picked":"hierophant:Endure","floor":7},{"not_picked":["hierophant:MorningPrayer","hierophant:Empathy"],"picked":"hierophant:Glossolalia","floor":10},{"not_picked":["hierophant:Doubloon","hierophant:Smite"],"picked":"hierophant:CoinFling","floor":12},{"not_picked":["hierophant:Doubloon","hierophant:Smite","hierophant:SolarFlare"],"picked":"SKIP","floor":13},{"not_picked":["hierophant:HammerAndAnvil","hierophant:RepressedViolence","hierophant:Chorus"],"picked":"SKIP","floor":18},{"not_picked":["hierophant:FlamingChariot","hierophant:RustyCrate","hierophant:Remorse"],"picked":"SKIP","floor":19},{"not_picked":["hierophant:Doubloon","hierophant:Shelter"],"picked":"hierophant:SealAway+1","floor":21}],"player_experience":312853,"relics_obtained":[{"floor":9,"key":"Orichalcum"},{"floor":13,"key":"Bag of Preparation"}],"event_choices":[{"damage_healed":0,"gold_gain":0,"player_choice":"Grow","damage_taken":0,"max_hp_gain":0,"max_hp_loss":0,"event_name":"Living Wall","floor":11,"gold_loss":0,"cards_upgraded":["hierophant:ChurchCoffers"]},{"damage_healed":0,"gold_gain":75,"player_choice":"Gather Gold","damage_taken":11,"max_hp_gain":0,"max_hp_loss":0,"event_name":"World of Goop","floor":14,"gold_loss":0},{"damage_healed":0,"gold_gain":0,"player_choice":"Shed Blood","damage_taken":21,"max_hp_gain":5,"max_hp_loss":0,"event_name":"Forgotten Altar","floor":20,"gold_loss":0}],"is_beta":false,"boss_relics":[{"not_picked":["Black Star","Empty Cage"],"picked":"Pandora\u0027s Box"}],"items_purged_floors":[22],"is_endless":false,"potions_floor_spawned":[4,7,12,16,19,24],"killed_by":"Book of Stabbing","ascension_level":0}}