{"host":"xm0tf1maiknh0fp9","time":1610685358,"event":{"mods":["BaseMod","Colored Map","Colored Powertips","Googly Eyes","Minty Spire (QoL Compilation)","Replay The Spire","StSLib"],"gold_per_floor":[110,127,127,127,6,6,18,18,18,18,31,45,104,104,104],"floor_reached":14,"language":"ENG","playtime":504,"items_purged":["Strike_G"],"score":80,"play_id":"2dc98ada-0b2d-4afe-8131-d1699386353b","local_time":"20210114233558","is_ascension_mode":false,"campfire_choices":[{"data":"Concentrate","floor":6,"key":"SMITH"},{"data":"Acrobatics","floor":8,"key":"SMITH"},{"data":"Neutralize","floor":10,"key":"SMITH"}],"circlet_count":0,"master_deck":["Strike_G","Strike_G","Defend_G","Defend_G","Defend_G","Defend_G","Survivor","Neutralize+1","Concentrate+1","Acrobatics+1","Backflip","Corpse Explosion","Catalyst","Prepared"],"relics":["Empty Cage","Prayer Wheel","Ornamental Fan","Vajra"],"acts_visited":["Exordium"],"potions_floor_usage":[13,14],"damage_taken":[{"damage":3,"enemies":"Jaw Worm","floor":1,"turns":8},{"damage":6,"enemies":"Cultist","floor":2,"turns":7},{"damage":0,"enemies":"Small Slimes","floor":7,"turns":5},{"damage":1,"enemies":"Red Slaver","floor":11,"turns":6},{"damage":0,"enemies":"Exordium Wildlife","floor":12,"turns":4},{"damage":34,"enemies":"Gremlin Nob","floor":13,"turns":4},{"damage":27,"enemies":"Gremlin Nob","floor":14,"turns":3}],"seed_played":"-7940481488117253009","potions_obtained":[{"floor":1,"key":"SneckoOil"},{"floor":7,"key":"Strength Potion"}],"is_trial":false,"path_per_floor":["M","M","?","T","$","R","M","R","T","R","M","M","?","E"],"character_chosen":"THE_SILENT","items_purchased":["Acrobatics"],"campfire_rested":0,"item_purchase_floors":[5],"current_hp_per_floor":[67,61,54,54,54,54,54,54,54,54,53,53,19,0,0],"gold":104,"neow_bonus":"BOSS_RELIC","is_daily":false,"chose_seed":false,"campfire_upgraded":3,"win_rate":0.0,"timestamp":1610685358,"path_taken":["M","M","?","?","?","R","M","R","T","R","?","M","?","E"],"items_purchased_type":["Card"],"build_version":"2020-12-22","purchased_purges":1,"victory":false,"max_hp_per_floor":[70,70,70,70,70,70,70,70,70,70,70,70,70,70,70],"card_choices":[{"not_picked":["Concentrate","Bane","Replay:Poison Smokescreen"],"picked":"SKIP","floor":1},{"not_picked":["Bane","Replay:Poison Smokescreen"],"picked":"Concentrate","floor":1},{"not_picked":["Blade Dance","Toxin Wave","Deadly Poison"],"picked":"SKIP","floor":2},{"not_picked":["Skewer","Flying Knee","Blur"],"picked":"SKIP","floor":7},{"not_picked":["Bane","Deadly Poison","Cloak And Dagger"],"picked":"SKIP","floor":7},{"not_picked":["Blade Dance","Sucker Punch"],"picked":"Backflip","floor":11},{"not_picked":["Sucker Punch","Quick Slash","Dagger Spray"],"picked":"SKIP","floor":11},{"not_picked":["Corpse Explosion","Deadly Poison","PiercingWail"],"picked":"SKIP","floor":12},{"not_picked":["All Out Attack","Catalyst","Blade Dance"],"picked":"SKIP","floor":12},{"not_picked":["Deadly Poison","PiercingWail"],"picked":"Corpse Explosion","floor":12},{"not_picked":["All Out Attack","Blade Dance"],"picked":"Catalyst","floor":12},{"not_picked":["Finisher","Riddle With Holes"],"picked":"Prepared","floor":13}],"player_experience":119131,"relics_obtained":[{"floor":4,"key":"Prayer Wheel"},{"floor":9,"key":"Ornamental Fan"},{"floor":13,"key":"Vajra"}],"event_choices":[{"cards_removed":["Defend_G"],"damage_healed":0,"gold_gain":0,"player_choice":"Card Removal","damage_taken":7,"max_hp_gain":0,"max_hp_loss":0,"event_name":"Golden Wing","floor":3,"gold_loss":0},{"damage_healed":0,"gold_gain":30,"player_choice":"Searched \u00272\u0027 times","damage_taken":0,"max_hp_gain":0,"max_hp_loss":0,"event_name":"Dead Adventurer","floor":13,"gold_loss":0}],"is_beta":false,"boss_relics":[],"items_purged_floors":[5],"is_endless":false,"potions_floor_spawned":[1,7],"killed_by":"Gremlin Nob","ascension_level":0}}