{"host":"5rw0nun05olx0r44","time":1610693409,"event":{"mods":["AchievementEnabler","BaseMod","Colored Map","Colored Powertips","Downfall","Highlight Path","Minty Spire (QoL Compilation)","Permanent Neow","Quick Restart","Shop Mod","StSLib"],"gold_per_floor":[113,124,124,140,66,101,112,128,128,128,160,160,186,200,200,301,301,313,327,343,46,46,46,78,98,125,151,151,167,178,178,178,280,280,299,299,1298,1308,1327,1327,1338,744,792,792,381,395,405,420,420,420,420],"floor_reached":50,"language":"ENG","playtime":6396,"items_purged":["Normality","Normality"],"score":635,"play_id":"2bef2c0a-8435-48b5-822b-39260946de6b","local_time":"20210115005009","is_ascension_mode":true,"campfire_choices":[{"floor":10.0,"key":"REST"},{"floor":12.0,"key":"REST"},{"data":"Calculated Gamble","floor":15.0,"key":"SMITH"},{"floor":23.0,"key":"REST"},{"floor":32.0,"key":"REST"},{"floor":40.0,"key":"REST"},{"floor":49.0,"key":"RECALL"}],"circlet_count":0,"master_deck":["Strike_G","Strike_G","Defend_G","Defend_G","Defend_G","Defend_G+1","Defend_G","Survivor","Neutralize","Corpse Explosion","Deadly Poison","Acrobatics","Calculated Gamble+1","Deadly Poison","Dodge and Roll","Blur","Poisoned Stab","Deadly Poison+1","Flying Knee","Bullet Time","PiercingWail","Quick Slash+1","Escape Plan","Noxious Fumes","Leg Sweep+1","Poisoned Stab","Crippling Poison","Caltrops+1","Adrenaline","Well Laid Plans","Concentrate","PiercingWail","Dash","Bullet Time","Backflip","Prepared+1","Escape Plan","Bandage Up","Deadly Poison+1"],"relics":["Ring of the Serpent","Oddly Smooth Stone","PreservedInsect","Strawberry","Pantograph","TwistedFunnel","Art of War","War Paint","Anchor","Ornamental Fan","Empty Cage","MealTicket","Shovel","Potion Belt","Orrery"],"acts_visited":["Exordium","TheCity","TheBeyond"],"potions_floor_usage":[50,50],"damage_taken":[{"damage":1.0,"enemies":"Cultist","floor":1.0,"turns":4.0},{"damage":0.0,"enemies":"Jaw Worm","floor":2.0,"turns":4.0},{"damage":7.0,"enemies":"2 Louse","floor":4.0,"turns":2.0},{"damage":9.0,"enemies":"3 Sentries","floor":6.0,"turns":3.0},{"damage":0.0,"enemies":"Exordium Thugs","floor":7.0,"turns":3.0},{"damage":11.0,"enemies":"Exordium Wildlife","floor":8.0,"turns":6.0},{"damage":10.0,"enemies":"Lagavulin","floor":11.0,"turns":4.0},{"damage":13.0,"enemies":"3 Sentries","floor":13.0,"turns":7.0},{"damage":6.0,"enemies":"3 Louse","floor":14.0,"turns":2.0},{"damage":6.0,"enemies":"Hexaghost","floor":16.0,"turns":10.0},{"damage":1.0,"enemies":"Spheric Guardian","floor":18.0,"turns":4.0},{"damage":6.0,"enemies":"Shell Parasite","floor":19.0,"turns":6.0},{"damage":21.0,"enemies":"Snake Plant","floor":20.0,"turns":5.0},{"damage":15.0,"enemies":"Gremlin Leader","floor":24.0,"turns":6.0},{"damage":17.0,"enemies":"Sentry and Sphere","floor":25.0,"turns":6.0},{"damage":22.0,"enemies":"Slavers","floor":27.0,"turns":2.0},{"damage":0.0,"enemies":"Colosseum Slavers","floor":28.0,"turns":3.0},{"damage":0.0,"enemies":"3 Cultists","floor":29.0,"turns":3.0},{"damage":0.0,"enemies":"Centurion and Healer","floor":30.0,"turns":4.0},{"damage":45.0,"enemies":"Collector","floor":33.0,"turns":8.0},{"damage":0.0,"enemies":"3 Shapes","floor":35.0,"turns":3.0},{"damage":0.0,"enemies":"3 Darklings","floor":38.0,"turns":2.0},{"damage":41.0,"enemies":"Spire Growth","floor":39.0,"turns":6.0},{"damage":26.0,"enemies":"Sphere and 2 Shapes","floor":41.0,"turns":4.0},{"damage":17.0,"enemies":"Maw","floor":46.0,"turns":7.0},{"damage":22.0,"enemies":"Spire Growth","floor":47.0,"turns":5.0},{"damage":1.0,"enemies":"4 Shapes","floor":48.0,"turns":5.0},{"damage":64,"enemies":"Time Eater","floor":50,"turns":13}],"seed_played":"-1600955805273769245","potions_obtained":[{"floor":1.0,"key":"SpeedPotion"},{"floor":2.0,"key":"Fire Potion"},{"floor":8.0,"key":"Fire Potion"},{"floor":11.0,"key":"EssenceOfSteel"},{"floor":18.0,"key":"SteroidPotion"},{"floor":20.0,"key":"Ancient Potion"},{"floor":25.0,"key":"FearPotion"},{"floor":30.0,"key":"Energy Potion"},{"floor":33.0,"key":"GamblersBrew"},{"floor":35.0,"key":"CunningPotion"},{"floor":39.0,"key":"CultistPotion"},{"floor":41.0,"key":"BlessingOfTheForge"},{"floor":47.0,"key":"ColorlessPotion"}],"is_trial":false,"path_per_floor":["M","M","?","M","$","E","M","M","T","R","E","R","E","M","R","B",null,"M","M","M","$","T","R","E","M","T","E","?","M","M","?","R","B",null,"M","?","?","M","M","R","M","$","T","?","$","M","M","M","R","B"],"character_chosen":"THE_SILENT","items_purchased":["Deadly Poison","Weak Potion","TwistedFunnel","Art of War","MealTicket","Shovel","Regen Potion","Orrery","Escape Plan","Bandage Up"],"campfire_rested":5,"item_purchase_floors":[5,5,21,21,42,42,42,45,45,45],"current_hp_per_floor":[48,48,48,41,41,32,32,21,21,42,39,62,49,43,43,62,77,76,70,49,49,49,72,57,40,40,18,18,18,18,12,35,15,77,77,77,77,77,36,59,33,33,33,33,48,35,32,35,35,0,0],"gold":420,"neow_bonus":"THREE_RARE_CARDS","is_daily":false,"chose_seed":false,"campfire_upgraded":1,"win_rate":0.0,"timestamp":1610693409,"path_taken":["M","M","?","M","$","E","M","M","T","R","E","R","E","M","R","BOSS","M","M","M","$","?","R","E","?","T","E","?","M","M","?","R","BOSS","M","?","?","M","M","R","M","$","T","?","$","M","?","M","R","BOSS"],"items_purchased_type":["Card","Potion","Relic","Relic","Relic","Relic","Potion","Relic","Card","Card"],"build_version":"2020-12-22","purchased_purges":2,"victory":false,"max_hp_per_floor":[70,70,70,70,70,70,70,70,70,70,77,77,77,77,77,77,77,77,77,77,77,77,77,77,77,77,77,77,77,77,77,77,77,77,77,77,77,77,77,77,77,77,77,77,77,77,77,77,77,77,77],"card_choices":[{"not_picked":["Tools of the Trade","Burst"],"picked":"Corpse Explosion","floor":0.0},{"not_picked":["Crippling Poison","Eviscerate"],"picked":"Deadly Poison","floor":1.0},{"not_picked":["Flying Knee","Concentrate"],"picked":"Acrobatics","floor":2.0},{"not_picked":["Cloak And Dagger","Outmaneuver"],"picked":"Calculated Gamble","floor":4.0},{"not_picked":["Reflex","Expertise"],"picked":"Dodge and Roll","floor":6.0},{"not_picked":["Acrobatics","Cloak And Dagger"],"picked":"Blur","floor":7.0},{"not_picked":["Sucker Punch","Setup"],"picked":"Poisoned Stab","floor":8.0},{"not_picked":["Eviscerate","Finisher","Underhanded Strike"],"picked":"SKIP","floor":11.0},{"not_picked":["Dagger Spray","Blade Dance"],"picked":"Deadly Poison","floor":13.0},{"not_picked":["Accuracy","Underhanded Strike"],"picked":"Flying Knee","floor":14.0},{"not_picked":["Doppelganger","Tools of the Trade"],"picked":"Bullet Time","floor":16.0},{"not_picked":["Acrobatics","Flying Knee"],"picked":"PiercingWail","floor":18.0},{"not_picked":["Finisher+1","Sucker Punch+1"],"picked":"Quick Slash+1","floor":19.0},{"not_picked":["Blade Dance","Acrobatics"],"picked":"Escape Plan","floor":20.0},{"not_picked":["Prepared+1","Quick Slash"],"picked":"Noxious Fumes","floor":24.0},{"not_picked":["Cloak And Dagger","Predator"],"picked":"Leg Sweep+1","floor":25.0},{"not_picked":["Sucker Punch","Outmaneuver"],"picked":"Poisoned Stab","floor":27.0},{"not_picked":["Tools of the Trade","Bouncing Flask"],"picked":"Crippling Poison","floor":29.0},{"not_picked":["Slice","Distraction"],"picked":"Caltrops+1","floor":30.0},{"not_picked":["Venomology","A Thousand Cuts"],"picked":"Adrenaline","floor":33.0},{"not_picked":["Sucker Punch+1","Acrobatics","Bane"],"picked":"SKIP","floor":35.0},{"not_picked":["Dash","Deflect+1"],"picked":"Well Laid Plans","floor":38.0},{"not_picked":["Dodge and Roll","Tactician"],"picked":"Concentrate","floor":39.0},{"not_picked":["Bane+1","Dodge and Roll"],"picked":"PiercingWail","floor":41.0},{"not_picked":["PiercingWail+1","Blade Dance"],"picked":"Bullet Time","floor":45.0},{"not_picked":["Quick Slash+1","Bane"],"picked":"Backflip","floor":45.0},{"not_picked":["Dagger Spray","Bane+1"],"picked":"Prepared+1","floor":45.0},{"not_picked":["Dodge and Roll","Poisoned Stab","Outmaneuver+1"],"picked":"SKIP","floor":46.0},{"not_picked":["Predator","Acrobatics"],"picked":"Deadly Poison+1","floor":47.0},{"not_picked":["Eviscerate+1","Dagger Throw","Dodge and Roll+1"],"picked":"SKIP","floor":48.0}],"player_experience":103208,"relics_obtained":[{"floor":6.0,"key":"Oddly Smooth Stone"},{"floor":9.0,"key":"PreservedInsect"},{"floor":11.0,"key":"Strawberry"},{"floor":13.0,"key":"Pantograph"},{"floor":24.0,"key":"War Paint"},{"floor":26.0,"key":"Anchor"},{"floor":27.0,"key":"Ornamental Fan"},{"floor":43.0,"key":"Potion Belt"}],"event_choices":[{"cards_removed":["Strike_G"],"damage_healed":0.0,"max_hp_gain":0.0,"max_hp_loss":0.0,"gold_gain":0.0,"event_name":"Purifier","player_choice":"Purged","floor":3.0,"gold_loss":0.0,"damage_taken":0.0},{"damage_healed":0.0,"max_hp_gain":0.0,"max_hp_loss":0.0,"gold_gain":0.0,"event_name":"Colosseum","player_choice":"Fight","floor":28.0,"gold_loss":0.0,"damage_taken":0.0},{"damage_healed":0.0,"max_hp_gain":0.0,"max_hp_loss":0.0,"gold_gain":0.0,"event_name":"Colosseum","player_choice":"Fled From Nobs","floor":28.0,"gold_loss":0.0,"damage_taken":0.0},{"damage_healed":0.0,"max_hp_gain":0.0,"max_hp_loss":0.0,"gold_gain":0.0,"event_name":"Knowing Skull","player_choice":"","floor":31.0,"potions_obtained":[],"gold_loss":0.0,"damage_taken":6.0,"cards_obtained":[]},{"damage_healed":0.0,"max_hp_gain":0.0,"max_hp_loss":0.0,"gold_gain":0.0,"event_name":"Tomb of Lord Red Mask","player_choice":"Ignored","floor":36.0,"gold_loss":0.0,"damage_taken":0.0},{"damage_healed":0.0,"max_hp_gain":0.0,"max_hp_loss":0.0,"gold_gain":999.0,"event_name":"MindBloom","player_choice":"Gold","floor":37.0,"gold_loss":0.0,"damage_taken":0.0,"cards_obtained":["Normality","Normality"]},{"damage_healed":0.0,"max_hp_gain":0.0,"max_hp_loss":0.0,"gold_gain":0.0,"event_name":"Match and Keep!","player_choice":"1 cards matched","floor":44.0,"gold_loss":0.0,"damage_taken":0.0,"cards_obtained":["Dash"]}],"is_beta":false,"boss_relics":[{"not_picked":["Astrolabe","Fusion Hammer"],"picked":"Ring of the Serpent"},{"not_picked":["WristBlade","Pandora\u0027s Box"],"picked":"Empty Cage"}],"items_purged_floors":[42,45],"is_endless":false,"potions_floor_spawned":[1,2,8,11,18,20,25,30,33,35,39,41,47],"killed_by":"Time Eater","ascension_level":1}}