{"host":"bw00wb7p5bw58om7","time":1610718887,"event":{"mods":["Act Like it!","BaseMod","Downfall","Gensokyo","Koishi","KomeijiMod","Luminous","Marisa????????","Minty Spire (QoL Compilation)","Onozuka Komachi Mod","Permanent Neow","Prisma Mod","Reimu??????","Remilia??????","StSLib","The Animator","The Druid","The Exalted","The Jungle","The Mystic","The Problem Sleuth","The Senshi","The Servant 0.9.4","The Wild Card","TheArtist","Wandering Minibosses"],"gold_per_floor":[116,135,153,169,185,185,185,185],"floor_reached":7,"language":"ENG","playtime":505,"items_purged":[],"score":45,"play_id":"f06059ac-cd11-4efd-bfa5-d2267bfd4c6c","local_time":"20210115135447","is_ascension_mode":false,"campfire_choices":[{"data":"Defy","floor":6,"key":"SMITH"}],"circlet_count":0,"master_deck":["Strike_S","Strike_S","Strike_S","Strike_S","Defend_S","Defend_S","Defend_S","Defend_S","KidneyShot","Exchange","Defy+1","Manipulate","WasteNot","Spin","Dilation"],"relics":["Uniform","Centennial Puzzle"],"acts_visited":["Exordium"],"potions_floor_usage":[],"damage_taken":[{"damage":1,"enemies":"Small Slimes","floor":1,"turns":4},{"damage":4,"enemies":"Jaw Worm","floor":2,"turns":5},{"damage":0,"enemies":"Cultist","floor":3,"turns":5},{"damage":4,"enemies":"Large Slime","floor":4,"turns":10},{"damage":17,"enemies":"Blue Slaver","floor":5,"turns":6},{"damage":39,"enemies":"3 Sentries","floor":7,"turns":6}],"seed_played":"6647991041460011436","potions_obtained":[{"floor":5,"key":"SmokeBomb"}],"is_trial":false,"path_per_floor":["M","M","M","M","M","R","E"],"character_chosen":"THE_SERVANT","items_purchased":[],"campfire_rested":0,"item_purchase_floors":[],"current_hp_per_floor":[64,60,60,56,39,39,0,0],"gold":185,"neow_bonus":"RANDOM_COMMON_RELIC","is_daily":false,"chose_seed":false,"campfire_upgraded":1,"win_rate":0.0,"timestamp":1610718887,"path_taken":["M","M","M","M","M","R","E"],"items_purchased_type":[],"build_version":"2020-12-22","purchased_purges":0,"victory":false,"max_hp_per_floor":[65,65,65,65,65,65,65,65],"card_choices":[{"not_picked":["Replace","Potential"],"picked":"Defy","floor":1},{"not_picked":["Alleviate","FastForward"],"picked":"Manipulate","floor":2},{"not_picked":["Ricochet","Alleviate"],"picked":"WasteNot","floor":3},{"not_picked":["Alleviate","Replace"],"picked":"Spin","floor":4},{"not_picked":["Rewind","Rearm"],"picked":"Dilation","floor":5}],"player_experience":244976,"relics_obtained":[],"event_choices":[],"is_beta":false,"boss_relics":[],"items_purged_floors":[],"is_endless":false,"potions_floor_spawned":[5],"killed_by":"3 Sentries","ascension_level":0}}