{"host":"vyjryxuuuxkt43k4","time":1610726839,"event":{"mods":["AchievementEnabler","BaseMod","Colored Map","DeckTracker","Minty Spire (QoL Compilation)","Permanent Neow","Quick Restart","StSLib","SuperFastMode","everything is the same but u backflip on backflip"],"gold_per_floor":[366,380,77,97,47,80,80,110,161,161,194,205,280,280,280,383,383,400,400,309,321,340,340,369,369,369],"floor_reached":25,"language":"KOR","playtime":882,"items_purged":["Strike_B","Strike_B"],"score":263,"play_id":"36935f53-1bd1-4416-b577-4a00170a719d","local_time":"20210116010719","is_ascension_mode":true,"campfire_choices":[{"data":"Zap","floor":7,"key":"SMITH"},{"floor":10,"key":"REST"},{"floor":15,"key":"REST"},{"data":"Dualcast","floor":23,"key":"SMITH"}],"circlet_count":0,"master_deck":["Strike_B","Strike_B","Defend_B","Defend_B","Defend_B","Zap+1","Dualcast+1","Gash","Conserve Battery","Capacitor","Rebound","Streamline+1","Skim","Go for the Eyes+1","Biased Cognition","Gash+1","FTL+1","Sweeping Beam+1","Echo Form"],"relics":["Cracked Core","Anchor","Molten Egg 2","Potion Belt","Smiling Mask","Juzu Bracelet","Philosopher\u0027s Stone","Art of War"],"acts_visited":["Exordium","TheCity"],"potions_floor_usage":[8,8,16],"damage_taken":[{"damage":3,"enemies":"2 Louse","floor":1,"turns":2},{"damage":2,"enemies":"Jaw Worm","floor":2,"turns":3},{"damage":1,"enemies":"Cultist","floor":4,"turns":4},{"damage":38,"enemies":"Lagavulin","floor":6,"turns":8},{"damage":6,"enemies":"Gremlin Nob","floor":8,"turns":3},{"damage":18,"enemies":"3 Sentries","floor":11,"turns":5},{"damage":7,"enemies":"3 Louse","floor":12,"turns":4},{"damage":11,"enemies":"Hexaghost","floor":16,"turns":8},{"damage":8,"enemies":"Shell Parasite","floor":18,"turns":4},{"damage":2,"enemies":"2 Thieves","floor":21,"turns":3},{"damage":3,"enemies":"Chosen and Byrds","floor":22,"turns":4},{"damage":50,"enemies":"Book of Stabbing","floor":24,"turns":6},{"damage":19,"enemies":"Snecko","floor":25,"turns":2}],"seed_played":"-5011075258289058842","potions_obtained":[{"floor":2,"key":"SteroidPotion"},{"floor":4,"key":"Strength Potion"},{"floor":6,"key":"LiquidBronze"},{"floor":12,"key":"SneckoOil"},{"floor":22,"key":"FocusPotion"},{"floor":24,"key":"FearPotion"}],"is_trial":false,"path_per_floor":["M","M","$","M","?","E","R","E","T","R","E","M","?","?","R","B",null,"M","?","$","M","M","R","E","M"],"character_chosen":"DEFECT","items_purchased":["Capacitor","Anchor","FTL+1"],"campfire_rested":2,"item_purchase_floors":[3,3,20],"current_hp_per_floor":[65,63,63,62,62,24,24,18,18,38,20,13,2,7,27,16,68,60,60,60,58,55,55,5,0,0],"gold":369,"neow_bonus":"TWO_FIFTY_GOLD","is_daily":false,"chose_seed":false,"campfire_upgraded":2,"win_rate":0.0,"timestamp":1610726839,"path_taken":["M","M","$","M","?","E","R","E","T","R","E","M","?","?","R","BOSS","M","?","$","M","M","R","E","M"],"items_purchased_type":["Card","Relic","Card"],"build_version":"2020-12-22","purchased_purges":2,"victory":false,"max_hp_per_floor":[68,68,68,68,68,68,68,68,68,68,68,68,68,68,68,68,68,68,68,68,68,68,68,68,68,68],"card_choices":[{"not_picked":["Chaos","Force Field"],"picked":"Gash","floor":1},{"not_picked":["Hologram","Leap"],"picked":"Conserve Battery","floor":2},{"not_picked":["Turbo","Doom and Gloom"],"picked":"Rebound","floor":4},{"not_picked":["Gash+1","Thunder Strike+1"],"picked":"Barrage+1","floor":6},{"not_picked":["Leap","Stack"],"picked":"Streamline+1","floor":8},{"not_picked":["Reinforced Body","Hello World"],"picked":"Skim","floor":11},{"not_picked":["Conserve Battery","Steam"],"picked":"Go for the Eyes+1","floor":12},{"not_picked":["Meteor Strike+1","Rainbow"],"picked":"Biased Cognition","floor":16},{"not_picked":["Fusion","Stack+1"],"picked":"Gash+1","floor":18},{"not_picked":["Hologram","Aggregate"],"picked":"Sweeping Beam+1","floor":21},{"not_picked":["Go for the Eyes+1","Barrage+1","Redo"],"picked":"SKIP","floor":22},{"not_picked":["Auto Shields","BootSequence"],"picked":"Echo Form","floor":24}],"player_experience":341841,"relics_obtained":[{"floor":6,"key":"Molten Egg 2"},{"floor":8,"key":"Potion Belt"},{"floor":9,"key":"Smiling Mask"},{"floor":11,"key":"Juzu Bracelet"},{"floor":24,"key":"Art of War"}],"event_choices":[{"cards_removed":["Defend_B"],"damage_healed":0,"gold_gain":0,"player_choice":"Card Removal","damage_taken":0,"max_hp_gain":0,"max_hp_loss":0,"event_name":"The Cleric","floor":5,"gold_loss":50},{"damage_healed":0,"gold_gain":75,"player_choice":"Gather Gold","damage_taken":11,"max_hp_gain":0,"max_hp_loss":0,"event_name":"World of Goop","floor":13,"gold_loss":0},{"cards_removed":["Barrage"],"damage_healed":5,"gold_gain":0,"player_choice":"Offered Common","damage_taken":0,"max_hp_gain":0,"max_hp_loss":0,"event_name":"Bonfire Elementals","floor":14,"gold_loss":0},{"cards_removed":["Barrage"],"damage_healed":5,"gold_gain":0,"player_choice":"Offered Special","damage_taken":0,"max_hp_gain":0,"max_hp_loss":0,"event_name":"Bonfire Elementals","floor":14,"gold_loss":0},{"damage_healed":0,"gold_gain":0,"player_choice":"Ignored","damage_taken":0,"max_hp_gain":0,"max_hp_loss":0,"event_name":"The Mausoleum","floor":19,"gold_loss":0}],"is_beta":false,"boss_relics":[{"not_picked":["Fusion Hammer","Calling Bell"],"picked":"Philosopher\u0027s Stone"}],"items_purged_floors":[3,20],"is_endless":false,"potions_floor_spawned":[2,4,6,12,22,24],"killed_by":"Snecko","ascension_level":2}}