{"host":"s794kqxf2n1qz2yr","time":1610748557,"event":{"mods":["100% Spire Juice","2.2 Compatiblity","AchievementEnabler","Aspiration","Bard","BaseMod","ChefMod","Downfall","Friendly Minions","Hermit","Marisa????????","Minty Spire (QoL Compilation)","Permanent Neow","StSLib","The Animator","The Cursed","TheHeartMod"],"gold_per_floor":[114,114,189,209,225,225,238,265,345,357,387,91,103,123,123,220,220,230,246,246,260,107,107,137,137,137,154,1,16,16,32,32,129,129,139,151,151,151,163,163,0,0,0,15,15,15,15,31,31,31],"floor_reached":51,"language":"ENG","playtime":3841,"items_purged":["animator:Strike","animator:Defend"],"score":746,"play_id":"a443f95a-b01c-43f7-b260-ac218267e7ae","local_time":"20210115220917","is_ascension_mode":false,"campfire_choices":[{"data":"animator:Megumin","floor":6,"key":"SMITH"},{"data":"animator:Megumin+5","floor":15,"key":"SMITH"},{"data":"animator:Megumin+10","floor":23,"key":"SMITH"},{"data":"animator:Megumin+12","floor":25,"key":"SMITH"},{"data":"animator:Megumin+15","floor":30,"key":"SMITH"},{"floor":32,"key":"REST"},{"data":"animator:Megumin+42","floor":40,"key":"SMITH"},{"data":"animator:Megumin+43","floor":42,"key":"SMITH"},{"data":"animator:Megumin+45","floor":47,"key":"SMITH"},{"data":"animator:Megumin+47","floor":49,"key":"SMITH"}],"circlet_count":0,"master_deck":["animator:Strike_GoblinSlayer","animator:Defend_GoblinSlayer","animator:Defend","animator:LizardPriest","animator:DwarfShaman","animator:DwarfShaman","animator:Megumin+49","animator:DwarfShaman","animator:YachiyoNanami+1","animator:LizardPriest","animator:DwarfShaman+1","animator:LizardPriest","animator:LizardPriest+1"],"relics":["animator:LivingPicture","animator:TheMissingPiece","animator:Buoy","Sundial","aspiration:FetidBarrel","Frozen Egg 2","Happy Flower","Empty Cage","Meat on the Bone","InkBottle","Nunchaku","aspiration:DefectSkillbook","Red Mask","HornCleat"],"acts_visited":["Exordium","TheCity","TheBeyond"],"potions_floor_usage":[7,8,16,16,21,21,29,33,50,50],"damage_taken":[{"damage":0,"enemies":"2 Louse","floor":1,"turns":4},{"damage":0,"enemies":"Small Slimes","floor":4,"turns":4},{"damage":0,"enemies":"Jaw Worm","floor":5,"turns":5},{"damage":9,"enemies":"Large Slime","floor":7,"turns":6},{"damage":5,"enemies":"Lagavulin","floor":8,"turns":5},{"damage":4,"enemies":"Exordium Thugs","floor":10,"turns":4},{"damage":8,"enemies":"Red Slaver","floor":13,"turns":5},{"damage":2,"enemies":"3 Louse","floor":14,"turns":2},{"damage":3,"enemies":"The Guardian","floor":16,"turns":9},{"damage":14,"enemies":"2 Thieves","floor":18,"turns":3},{"damage":3,"enemies":"Spheric Guardian","floor":19,"turns":3},{"damage":0,"enemies":"Snake Plant","floor":21,"turns":3},{"damage":10,"enemies":"animator:HornedBat","floor":24,"turns":3},{"damage":9,"enemies":"Shelled Parasite and Fungi","floor":27,"turns":3},{"damage":0,"enemies":"Chosen and Byrds","floor":29,"turns":3},{"damage":0,"enemies":"Snake Plant","floor":31,"turns":2},{"damage":29,"enemies":"Collector","floor":33,"turns":8},{"damage":0,"enemies":"3 Darklings","floor":35,"turns":2},{"damage":0,"enemies":"3 Shapes","floor":36,"turns":1},{"damage":9,"enemies":"Spire Growth","floor":39,"turns":3},{"damage":0,"enemies":"3 Darklings","floor":44,"turns":1},{"damage":0,"enemies":"Maw","floor":48,"turns":5},{"damage":25,"enemies":"Time Eater","floor":50,"turns":7}],"seed_played":"3954795993377874280","potions_obtained":[{"floor":4,"key":"PowerPotion"},{"floor":7,"key":"BlessingOfTheForge"},{"floor":10,"key":"AttackPotion"},{"floor":13,"key":"ColorlessPotion"},{"floor":16,"key":"FearPotion"},{"floor":20,"key":"DistilledChaos"},{"floor":20,"key":"hexamod:EctoCoolerPotion"},{"floor":27,"key":"EssenceOfSteel"},{"floor":29,"key":"animator:FalseLifePotion"},{"floor":33,"key":"FearPotion"},{"floor":39,"key":"Explosive Potion"}],"is_trial":false,"path_per_floor":["M","?","?","M","M","R","M","E","T","M","?","$","M","M","R","B",null,"M","M","?","M","$","R","E","R","T","M","$","M","R","M","R","B",null,"M","M","?","?","M","R","?","R","T","M","?","$","R","M","R","B",null],"character_chosen":"THE_ANIMATOR","items_purchased":["animator:YachiyoNanami+1","Happy Flower","animator:LizardPriest","Nunchaku"],"campfire_rested":1,"item_purchase_floors":[12,12,22,28],"current_hp_per_floor":[66,59,48,48,48,48,39,34,34,30,30,30,22,20,20,17,66,52,49,49,49,49,49,39,39,39,42,42,42,42,42,61,44,66,66,66,63,63,54,54,54,54,54,54,60,60,60,60,60,35],"gold":31,"neow_bonus":"RANDOM_COMMON_RELIC","is_daily":false,"chose_seed":false,"campfire_upgraded":9,"win_rate":0.0,"timestamp":1610748557,"path_taken":["M","?","?","M","M","R","M","E","T","M","?","?","M","M","R","BOSS","M","M","?","M","$","R","E","R","T","M","?","M","R","?","R","BOSS","M","M","?","?","?","R","?","R","T","M","?","?","R","M","R","BOSS"],"items_purchased_type":["Card","Relic","Card","Relic"],"build_version":"2020-12-22","purchased_purges":2,"victory":true,"max_hp_per_floor":[66,66,66,66,66,66,66,66,66,66,66,66,66,66,66,66,66,66,66,66,66,66,66,66,66,66,66,66,66,66,66,66,66,66,66,66,63,63,63,63,63,63,63,63,63,63,63,63,63,63],"card_choices":[{"not_picked":["animator:Ara","animator:Jibril"],"picked":"animator:DwarfShaman","floor":1},{"not_picked":["animator:Tet","animator:ChlammyZell","animator:Laby"],"picked":"SKIP","floor":4},{"not_picked":["animator:Jibril","animator:Kazuma"],"picked":"animator:Megumin","floor":5},{"not_picked":["animator:HighElfArcher","animator:CowGirl"],"picked":"animator:DwarfShaman","floor":7},{"not_picked":["animator:Shizu","animator:Assassin","animator:FielNirvalen"],"picked":"SKIP","floor":8},{"not_picked":["animator:Hakurou","animator:OrikoMikuni","animator:Lancer"],"picked":"SKIP","floor":10},{"not_picked":["animator:Kazuma","animator:MamiTomoe","animator:Verdia"],"picked":"SKIP","floor":13},{"not_picked":["animator:Priestess","animator:HighElfArcher"],"picked":"animator:LizardPriest","floor":14},{"not_picked":["animator:Illya+1","animator:Tet"],"picked":"animator:DwarfShaman+1","floor":18},{"not_picked":["animator:Ara","animator:Spearman+1","animator:HighElfArcher+1"],"picked":"SKIP","floor":19},{"not_picked":["animator:Priestess+1","animator:Tet","animator:Vesta+1"],"picked":"SKIP","floor":21},{"not_picked":["animator:Aqua+1","animator:Spearman","animator:Add"],"picked":"SKIP","floor":27},{"not_picked":["animator:DolaCouronne+1","animator:DolaSchwi","animator:KyokoSakura"],"picked":"SKIP","floor":29},{"not_picked":["animator:Ain+1","animator:Vanir"],"picked":"animator:LizardPriest+1","floor":31},{"not_picked":["animator:Ara","Rip and Tear+1","Stack+1","animator:YuiTsuruno"],"picked":"SKIP","floor":36},{"not_picked":["animator:HomuraAkemi","Ball Lightning+1","animator:HighElfArcher+1","animator:KyokoSakura"],"picked":"SKIP","floor":39},{"not_picked":["animator:Elsword+1","Beam Cell+1","Force Field+1","animator:Verdia"],"picked":"SKIP","floor":44}],"player_experience":380738,"relics_obtained":[{"floor":8,"key":"Sundial"},{"floor":9,"key":"aspiration:FetidBarrel"},{"floor":24,"key":"Meat on the Bone"},{"floor":26,"key":"InkBottle"},{"floor":43,"key":"HornCleat"}],"event_choices":[{"cards_removed":["animator:Strike"],"damage_healed":0,"gold_gain":0,"player_choice":"Card Removal","damage_taken":7,"max_hp_gain":0,"max_hp_loss":0,"event_name":"Golden Wing","floor":2,"gold_loss":0},{"damage_healed":0,"gold_gain":75,"player_choice":"Gather Gold","damage_taken":11,"max_hp_gain":0,"max_hp_loss":0,"event_name":"World of Goop","floor":3,"gold_loss":0},{"damage_healed":0,"gold_gain":30,"player_choice":"Searched \u00272\u0027 times","damage_taken":0,"relics_obtained":["Frozen Egg 2"],"max_hp_gain":0,"max_hp_loss":0,"event_name":"Dead Adventurer","floor":11,"gold_loss":0},{"damage_healed":0,"gold_gain":0,"player_choice":"Got Potions","damage_taken":0,"max_hp_gain":0,"max_hp_loss":0,"event_name":"Lab","floor":20,"gold_loss":0},{"damage_healed":0,"gold_gain":0,"player_choice":"Max HP","damage_taken":0,"max_hp_gain":0,"max_hp_loss":3,"event_name":"Winding Halls","floor":37,"gold_loss":0},{"damage_healed":0,"gold_gain":0,"player_choice":"Copied","damage_taken":0,"max_hp_gain":0,"max_hp_loss":0,"event_name":"Duplicator","floor":38,"gold_loss":0,"cards_obtained":["animator:Megumin"]},{"damage_healed":0,"gold_gain":0,"player_choice":"Paid","damage_taken":0,"relics_obtained":["Red Mask"],"max_hp_gain":0,"max_hp_loss":0,"event_name":"Tomb of Lord Red Mask","floor":41,"gold_loss":163}],"is_beta":false,"boss_relics":[{"not_picked":["Mark of Pain","aspiration:SilentSkillbook"],"picked":"Empty Cage"},{"not_picked":["Philosopher\u0027s Stone","Cursed Key"],"picked":"aspiration:DefectSkillbook"}],"items_purged_floors":[12,22],"is_endless":false,"potions_floor_spawned":[4,7,10,13,16,27,29,33,39,44],"ascension_level":0}}