{"host":"8qkhzo0jjkmvsb7l","time":1610715671,"event":{"mods":["BaseMod","Conspire","Downfall","Marisa????????","Minty Spire (QoL Compilation)","Replay The Spire","StSLib"],"gold_per_floor":[114,39,93,93,93,93,125,125,125,125,142,156,176,205,205,305,305,315,315,331,30,30,30,30,30,30,30,46,46,46,46,46,166,166,193,193,211,60,60,60,60,79,105,105,105,105,140,0,0,6,6],"floor_reached":50,"language":"RUS","playtime":2253,"items_purged":["Strike_MRS"],"score":534,"play_id":"14055acd-7e4e-4cfe-b57e-6fa08f07136b","local_time":"20210115160111","is_ascension_mode":false,"campfire_choices":[{"data":"ChargingUp","floor":6.0,"key":"SMITH"},{"data":"MasterSpark","floor":8.0,"key":"SMITH"},{"data":"UpSweep","floor":10.0,"key":"SMITH"},{"data":"PropBag","floor":15.0,"key":"SMITH"},{"data":"AsteroidBelt","floor":23,"key":"SMITH"},{"data":"StarDustReverie","floor":23,"key":"SMITH"},{"data":"PowerUp","floor":25,"key":"SMITH"},{"data":"Acceleration","floor":25,"key":"SMITH"},{"data":"Defend_MRS","floor":32,"key":"SMITH"},{"data":"Defend_MRS","floor":32,"key":"SMITH"},{"data":"Strike_MRS","floor":40,"key":"SMITH"},{"data":"Defend_MRS","floor":40,"key":"SMITH"},{"floor":44,"key":"RECALL"},{"data":"SporeBomb","floor":49,"key":"SMITH"},{"data":"Strike_MRS","floor":49,"key":"SMITH"}],"circlet_count":0,"master_deck":["Strike_MRS+1","Strike_MRS+1","Defend_MRS+1","Defend_MRS+1","Defend_MRS+1","Defend_MRS+1","MasterSpark+1","UpSweep+1","Orbital","DC+1","ChargingUp+1","Acceleration+1","PropBag+1","PowerUp+1","StarDustReverie+1","AsteroidBelt+1","GalacticHalo+1","CurseOfTheBell","PropBag+1","Wraith","SporeBomb+1"],"relics":["MiniHakkero","NeowsBlessing","Matryoshka","ReplayTheSpireMod:Lightbulb","ReplayTheSpireMod:TigerMarble","Singing Bowl","ReplayFunnel","Busted Crown","Blood Vial","Replay:Arrowhead","Replay:Bandana","Divine Protection","Bottled Lightning","Calling Bell","conspire:TopHat","Mercury Hourglass","Replay:Kaleidoscope","DollysMirror","Frozen Egg 2","Red Mask","AmplifyWand","Meat on the Bone"],"acts_visited":["Exordium","TheCity","TheBeyond"],"potions_floor_usage":[22,47,50],"damage_taken":[{"damage":0.0,"enemies":"Cultist","floor":1.0,"turns":1.0},{"damage":0.0,"enemies":"3 Sentries","floor":7.0,"turns":1.0},{"damage":0.0,"enemies":"2 Louse","floor":11.0,"turns":1.0},{"damage":1.0,"enemies":"Jaw Worm","floor":12.0,"turns":2.0},{"damage":0.0,"enemies":"Exordium Wildlife","floor":13.0,"turns":2.0},{"damage":20.0,"enemies":"conspire:MimicChest","floor":14.0,"turns":4.0},{"damage":9.0,"enemies":"Slime Boss","floor":16.0,"turns":6.0},{"damage":0.0,"enemies":"Spheric Guardian","floor":18.0,"turns":2.0},{"damage":15.0,"enemies":"Shell Parasite","floor":20.0,"turns":4.0},{"damage":0,"enemies":"Centurion and Healer","floor":22,"turns":1},{"damage":0,"enemies":"conspire:HollyBat","floor":28,"turns":6},{"damage":6,"enemies":"conspire:MysteriousRune","floor":33,"turns":7},{"damage":0,"enemies":"Orb Walker","floor":35,"turns":2},{"damage":0,"enemies":"3 Shapes","floor":37,"turns":3},{"damage":0,"enemies":"Maw","floor":42,"turns":8},{"damage":11,"enemies":"Writhing Mass","floor":47,"turns":5},{"damage":98,"enemies":"Time Eater","floor":50,"turns":15}],"seed_played":"-7279212266475400352","potions_obtained":[{"floor":1.0,"key":"SmokeBomb"},{"floor":7.0,"key":"Dexterity Potion"},{"floor":11.0,"key":"Fire Potion"},{"floor":18.0,"key":"Venom Potion"},{"floor":42,"key":"EssenceOfSteel"}],"is_trial":false,"path_per_floor":["M","$","?","?","?","R","E","R","T","R","M","M","M","?","R","B",null,"M","?","M","$","M","R","?","R","T","$","M","?","?","T","R","B",null,"M","?","M","$","?","R","?","M","T","R","?","T","M","?","R","B"],"character_chosen":"MARISA","items_purchased":["Replay:Arrowhead","DollysMirror"],"campfire_rested":0,"item_purchase_floors":[21,38],"current_hp_per_floor":[75,75,75,80,80,80,80,80,80,80,80,81,82,64,64,59,84,84,84,69,69,72,72,56,56,56,56,60,60,90,90,90,88,94,96,96,98,98,98,98,98,100,100,100,100,100,89,89,89,0,0],"gold":6,"neow_bonus":"THREE_ENEMY_KILL","is_daily":false,"chose_seed":false,"campfire_upgraded":14,"win_rate":0.0,"timestamp":1610715671,"path_taken":["M","$","?","?","?","R","E","R","T","R","M","M","?","?","R","BOSS","M","?","M","$","M","R","?","R","T","?","M","?","?","?","R","BOSS","M","?","?","$","?","R","?","M","T","R","?","?","?","?","R","BOSS"],"items_purchased_type":["Relic","Relic"],"build_version":"2020-12-22","purchased_purges":1,"victory":false,"max_hp_per_floor":[75,75,75,80,80,80,80,80,80,80,80,82,82,84,84,84,84,84,84,84,84,85,85,90,90,90,90,92,92,92,92,92,94,94,96,96,98,98,98,98,98,100,100,100,100,100,100,100,100,100,100],"card_choices":[{"not_picked":["WitchOfGreed","EnergyRecoil"],"picked":"Orbital","floor":1.0},{"not_picked":["Acceleration","GravityBeat"],"picked":"DC","floor":3.0},{"not_picked":["BlazeAway","FairyDestructionRay"],"picked":"ChargingUp","floor":3.0},{"not_picked":["GravityBeat","GrandCross"],"picked":"Acceleration","floor":7.0},{"not_picked":["6A","IllusionStar"],"picked":"PropBag","floor":11.0},{"not_picked":["DarkMatter","DC","WitchOfGreed"],"picked":"Singing Bowl","floor":12.0},{"not_picked":["AsteroidBelt","MagicChant"],"picked":"PowerUp","floor":13.0},{"not_picked":["WitchOfGreed","IllusionStar","DeepEcoloBomb"],"picked":"Singing Bowl","floor":14.0},{"not_picked":["CollectingQuirk","JA"],"picked":"StarDustReverie","floor":16.0},{"not_picked":[],"picked":"AsteroidBelt","floor":18.0},{"not_picked":[],"picked":"GalacticHalo+1","floor":20.0},{"not_picked":["WitchOfGreed"],"picked":"Singing Bowl","floor":28},{"not_picked":["EscapeVelocity"],"picked":"Singing Bowl","floor":33},{"not_picked":["DarkSpark+1"],"picked":"Singing Bowl","floor":35},{"not_picked":["GalacticHalo"],"picked":"Singing Bowl","floor":37},{"not_picked":["DragonMeteor"],"picked":"Singing Bowl","floor":42},{"not_picked":[],"picked":"SporeBomb","floor":47}],"player_experience":235700,"relics_obtained":[{"floor":3.0,"key":"Matryoshka"},{"floor":7.0,"key":"ReplayTheSpireMod:Lightbulb"},{"floor":9.0,"key":"ReplayTheSpireMod:TigerMarble"},{"floor":9.0,"key":"Singing Bowl"},{"floor":14.0,"key":"ReplayFunnel"},{"floor":26,"key":"Replay:Bandana"},{"floor":26,"key":"Divine Protection"},{"floor":31,"key":"Bottled Lightning"},{"floor":34,"key":"conspire:TopHat"},{"floor":34,"key":"Mercury Hourglass"},{"floor":34,"key":"Replay:Kaleidoscope"},{"floor":46,"key":"Frozen Egg 2"}],"event_choices":[{"damage_healed":0.0,"max_hp_gain":5.0,"max_hp_loss":0.0,"gold_gain":0.0,"event_name":"Big Fish","player_choice":"Donut","floor":4.0,"gold_loss":0.0,"damage_taken":0.0},{"damage_healed":0.0,"max_hp_gain":0.0,"max_hp_loss":0.0,"gold_gain":0.0,"event_name":"Accursed Blacksmith","player_choice":"Forge","floor":5.0,"gold_loss":0.0,"damage_taken":0.0,"cards_upgraded":["DC"]},{"damage_healed":0.0,"max_hp_gain":0.0,"max_hp_loss":0.0,"gold_gain":0.0,"event_name":"The Mausoleum","player_choice":"Opened","floor":19.0,"gold_loss":0.0,"damage_taken":0.0,"relics_obtained":["Blood Vial"],"cards_obtained":["Writhe"]},{"damage_healed":0,"gold_gain":0,"player_choice":"Shed Blood","damage_taken":21,"max_hp_gain":5,"max_hp_loss":0,"event_name":"Forgotten Altar","floor":24,"gold_loss":0},{"cards_removed":["Writhe"],"damage_healed":0,"gold_gain":0,"player_choice":"Elegance","damage_taken":0,"max_hp_gain":0,"max_hp_loss":0,"event_name":"Back to Basics","floor":29,"gold_loss":0},{"damage_healed":30,"gold_gain":0,"player_choice":"Heal","damage_taken":0,"max_hp_gain":0,"max_hp_loss":0,"event_name":"The Library","floor":30,"gold_loss":0},{"damage_healed":0,"gold_gain":0,"player_choice":"Upgraded","damage_taken":0,"max_hp_gain":0,"max_hp_loss":0,"event_name":"Upgrade Shrine","floor":36,"gold_loss":0,"cards_upgraded":["Defend_MRS"]},{"cards_removed":["Strike_MRS"],"damage_healed":0,"gold_gain":0,"player_choice":"Removed Attack","damage_taken":0,"max_hp_gain":0,"max_hp_loss":0,"event_name":"Falling","floor":39,"gold_loss":0},{"damage_healed":0,"gold_gain":0,"player_choice":"Leave","damage_taken":0,"max_hp_gain":0,"max_hp_loss":0,"event_name":"conspire:Investor","floor":41,"gold_loss":0},{"damage_healed":0,"gold_gain":0,"player_choice":"Ignored","damage_taken":0,"max_hp_gain":0,"max_hp_loss":0,"event_name":"OrinTheCat","floor":45,"gold_loss":0},{"damage_healed":0,"gold_gain":0,"player_choice":"Paid","damage_taken":0,"relics_obtained":["Red Mask"],"max_hp_gain":0,"max_hp_loss":0,"event_name":"Tomb of Lord Red Mask","floor":48,"gold_loss":140}],"is_beta":false,"boss_relics":[{"not_picked":["Sozu","Kintsugi"],"picked":"Busted Crown"},{"not_picked":["Replay:Bronze Core","BewitchedHakkero"],"picked":"Calling Bell"}],"items_purged_floors":[2],"is_endless":false,"potions_floor_spawned":[1,7,11,14,18,42],"killed_by":"Time Eater","ascension_level":0}}