{"host":"jscggscbx0p7706o","time":1610720717,"event":{"mods":["AchievementEnabler","BaseMod","Block Reminder","Colored Powertips","Minty Spire (QoL Compilation)","Permanent Neow","Quick Restart","StSLib"],"gold_per_floor":[360,435,453,37,112,112,132,165,220,24,42,74,74,109,109,211,211,229,239,239,251,102,102,136,136,160,160,194,206,206,225,225,321,321,334,350,350,233,233,268,268,268,294,312,312,331,25,25,25,25],"floor_reached":51,"language":"ENG","playtime":2485,"items_purged":["Strike_G","Strike_G","Strike_G"],"score":1131,"play_id":"bacecb8e-3eb9-4bcf-9828-edbda880323a","local_time":"20210115222517","is_ascension_mode":true,"campfire_choices":[{"data":"Dagger Spray","floor":6.0,"key":"SMITH"},{"floor":13.0,"key":"REST"},{"data":"Accuracy","floor":15.0,"key":"SMITH"},{"data":"Footwork","floor":23.0,"key":"SMITH"},{"data":"Adrenaline","floor":27.0,"key":"SMITH"},{"data":"Calculated Gamble","floor":32.0,"key":"SMITH"},{"floor":41.0,"key":"REST"},{"data":"Footwork","floor":49,"key":"SMITH"}],"circlet_count":0,"master_deck":["AscendersBane","Defend_G+1","Defend_G+1","Defend_G+1","Defend_G+1","Defend_G+1","Survivor+1","Neutralize+1","Infinite Blades+1","Accuracy+1","Quick Slash+1","Cloak And Dagger+1","Footwork+1","Cloak And Dagger+1","Deflect+1","Dagger Spray+1","Slice+1","Dagger Throw+1","Calculated Gamble+1","Storm of Steel+1","CurseOfTheBell","Crippling Poison+1","Blade Dance+1","Slice+1","Backflip+1","Well Laid Plans+1","Adrenaline+1","Burst+1","Deflect+1","Blur+1","Dodge and Roll+1","Footwork+1","Adrenaline+1"],"relics":["Ring of the Snake","Ornamental Fan","Smiling Mask","Bronze Scales","Regal Pillow","Letter Opener","Calling Bell","Anchor","Meat on the Bone","Mango","Molten Egg 2","Centennial Puzzle","Omamori","Cursed Key","Bottled Tornado","Mark of the Bloom","Happy Flower","Oddly Smooth Stone","DollysMirror"],"acts_visited":["Exordium","TheCity","TheBeyond"],"potions_floor_usage":[50],"damage_taken":[{"damage":3.0,"enemies":"2 Louse","floor":1.0,"turns":4.0},{"damage":7.0,"enemies":"Jaw Worm","floor":3.0,"turns":5.0},{"damage":0.0,"enemies":"Cultist","floor":7.0,"turns":4.0},{"damage":19.0,"enemies":"3 Sentries","floor":8.0,"turns":6.0},{"damage":4.0,"enemies":"Gremlin Gang","floor":11.0,"turns":3.0},{"damage":2.0,"enemies":"Gremlin Nob","floor":12.0,"turns":3.0},{"damage":5.0,"enemies":"3 Sentries","floor":14.0,"turns":5.0},{"damage":9.0,"enemies":"Slime Boss","floor":16.0,"turns":8.0},{"damage":6.0,"enemies":"Shell Parasite","floor":18.0,"turns":6.0},{"damage":8.0,"enemies":"Spheric Guardian","floor":19.0,"turns":4.0},{"damage":23.0,"enemies":"Shelled Parasite and Fungi","floor":21.0,"turns":6.0},{"damage":10.0,"enemies":"Slavers","floor":24.0,"turns":4.0},{"damage":13.0,"enemies":"Book of Stabbing","floor":28.0,"turns":5.0},{"damage":1.0,"enemies":"3 Cultists","floor":29.0,"turns":4.0},{"damage":2.0,"enemies":"Centurion and Healer","floor":31.0,"turns":5.0},{"damage":18.0,"enemies":"Champ","floor":33.0,"turns":12.0},{"damage":9.0,"enemies":"3 Darklings","floor":35.0,"turns":5.0},{"damage":4.0,"enemies":"3 Shapes","floor":36.0,"turns":6.0},{"damage":35.0,"enemies":"Reptomancer","floor":40.0,"turns":8.0},{"damage":11.0,"enemies":"3 Darklings","floor":44.0,"turns":4.0},{"damage":0.0,"enemies":"Transient","floor":46.0,"turns":5.0},{"damage":23,"enemies":"Time Eater","floor":50,"turns":14}],"seed_played":"1036636775490399522","potions_obtained":[{"floor":1.0,"key":"SneckoOil"},{"floor":3.0,"key":"FearPotion"},{"floor":8.0,"key":"Swift Potion"},{"floor":14.0,"key":"SteroidPotion"},{"floor":21.0,"key":"Swift Potion"},{"floor":28.0,"key":"BlessingOfTheForge"},{"floor":29.0,"key":"Strength Potion"},{"floor":33.0,"key":"Weak Potion"}],"is_trial":false,"path_per_floor":["M","?","M","$","?","R","M","E","T","$","M","E","R","E","R","B",null,"M","M","?","M","$","R","E","?","T","R","E","M","?","M","R","B",null,"M","M","?","$","?","E","R","?","T","M","?","M","$","?","R","B",null],"character_chosen":"THE_SILENT","items_purchased":["Accuracy","Ornamental Fan","Footwork","Cloak And Dagger","Deflect","Dagger Spray","Backflip","Well Laid Plans","Blur","Oddly Smooth Stone","DollysMirror"],"campfire_rested":2,"item_purchase_floors":[4,4,10,10,10,10,22,22,38,47,47],"current_hp_per_floor":[60,49,42,42,36,36,36,17,17,17,13,11,44,39,39,30,69,63,55,55,44,44,44,46,46,46,46,45,44,44,42,42,36,67,58,54,54,54,54,31,69,69,69,58,58,58,58,58,58,35],"gold":25,"neow_bonus":"TWO_FIFTY_GOLD","is_daily":false,"chose_seed":false,"campfire_upgraded":6,"win_rate":0.0,"timestamp":1610720717,"path_taken":["M","?","M","$","?","R","M","E","T","$","M","E","R","E","R","BOSS","M","M","?","?","$","R","E","?","T","R","E","?","?","?","R","BOSS","M","M","?","$","?","E","R","?","T","M","?","M","$","?","R","BOSS"],"items_purchased_type":["Card","Relic","Card","Card","Card","Card","Card","Card","Card","Relic","Relic"],"build_version":"2020-12-22","purchased_purges":3,"victory":true,"max_hp_per_floor":[63,63,63,63,63,63,63,63,63,63,63,63,63,63,63,63,77,77,77,77,77,77,77,77,77,77,77,77,77,77,77,77,77,77,77,77,77,77,77,77,77,77,77,77,77,77,77,77,77,77],"card_choices":[{"not_picked":["Underhanded Strike","Deadly Poison"],"picked":"Infinite Blades","floor":1.0},{"not_picked":["Infinite Blades","Prepared"],"picked":"Dagger Spray","floor":3.0},{"not_picked":["Flying Knee","Heel Hook"],"picked":"Quick Slash","floor":7.0},{"not_picked":["Grand Finale","Riddle With Holes"],"picked":"Cloak And Dagger","floor":8.0},{"not_picked":["Setup","Poisoned Stab"],"picked":"Slice","floor":11.0},{"not_picked":["Flying Knee","Acrobatics"],"picked":"Dagger Throw","floor":12.0},{"not_picked":["Sucker Punch","Dagger Throw"],"picked":"Calculated Gamble","floor":14.0},{"not_picked":["Tools of the Trade","Corpse Explosion"],"picked":"Storm of Steel","floor":16.0},{"not_picked":["Escape Plan","Poisoned Stab"],"picked":"Crippling Poison","floor":18.0},{"not_picked":["Outmaneuver+1","Phantasmal Killer"],"picked":"Blade Dance","floor":19.0},{"not_picked":["Eviscerate","Quick Slash+1"],"picked":"Slice+1","floor":21.0},{"not_picked":["Backflip","Flying Knee+1"],"picked":"Adrenaline","floor":24.0},{"not_picked":["Dodge and Roll","Dagger Throw+1","Prepared+1"],"picked":"SKIP","floor":28.0},{"not_picked":["Concentrate","Dagger Throw+1","Slice+1"],"picked":"SKIP","floor":29.0},{"not_picked":["Bane+1","Concentrate","Flying Knee+1"],"picked":"SKIP","floor":31.0},{"not_picked":["Venomology","Bullet Time"],"picked":"Burst","floor":33.0},{"not_picked":["Cloak And Dagger","Blade Dance+1"],"picked":"Deflect+1","floor":35.0},{"not_picked":["Leg Sweep+1","Bane+1","Blade Dance"],"picked":"SKIP","floor":36.0},{"not_picked":["Adrenaline","Quick Slash+1"],"picked":"Dodge and Roll","floor":40.0},{"not_picked":["Prepared+1","Quick Slash+1"],"picked":"Footwork","floor":44.0},{"not_picked":["Backflip","Dodge and Roll","Cloak And Dagger"],"picked":"SKIP","floor":46.0}],"player_experience":266914,"relics_obtained":[{"floor":8.0,"key":"Smiling Mask"},{"floor":9.0,"key":"Bronze Scales"},{"floor":12.0,"key":"Regal Pillow"},{"floor":14.0,"key":"Letter Opener"},{"floor":17.0,"key":"Anchor"},{"floor":17.0,"key":"Meat on the Bone"},{"floor":17.0,"key":"Mango"},{"floor":24.0,"key":"Molten Egg 2"},{"floor":26.0,"key":"Centennial Puzzle"},{"floor":28.0,"key":"Omamori"},{"floor":40.0,"key":"Bottled Tornado"},{"floor":43.0,"key":"Happy Flower"}],"event_choices":[{"damage_healed":0.0,"max_hp_gain":0.0,"max_hp_loss":0.0,"gold_gain":75.0,"event_name":"World of Goop","player_choice":"Gather Gold","floor":2.0,"gold_loss":0.0,"damage_taken":11.0},{"damage_healed":0.0,"max_hp_gain":0.0,"max_hp_loss":0.0,"gold_gain":75.0,"event_name":"FaceTrader","player_choice":"Touch","floor":5.0,"gold_loss":0.0,"damage_taken":6.0},{"damage_healed":0.0,"max_hp_gain":0.0,"max_hp_loss":0.0,"gold_gain":0.0,"event_name":"Transmorgrifier","player_choice":"Ignored","floor":20.0,"gold_loss":0.0,"damage_taken":0.0},{"cards_removed":["Strike_G"],"damage_healed":0.0,"max_hp_gain":0.0,"max_hp_loss":0.0,"gold_gain":0.0,"event_name":"Purifier","player_choice":"Purged","floor":25.0,"gold_loss":0.0,"damage_taken":0.0},{"damage_healed":0.0,"max_hp_gain":0.0,"max_hp_loss":0.0,"gold_gain":0.0,"event_name":"The Woman in Blue","player_choice":"Bought 0 Potions","floor":30.0,"gold_loss":0.0,"damage_taken":0.0},{"damage_healed":0.0,"max_hp_gain":0.0,"max_hp_loss":0.0,"gold_gain":0.0,"event_name":"Tomb of Lord Red Mask","player_choice":"Ignored","floor":37.0,"gold_loss":0.0,"damage_taken":0.0},{"cards_removed":["Dagger Spray"],"damage_healed":0.0,"max_hp_gain":0.0,"max_hp_loss":0.0,"gold_gain":0.0,"event_name":"Falling","player_choice":"Removed Attack","floor":39.0,"gold_loss":0.0,"damage_taken":0.0},{"damage_healed":0.0,"max_hp_gain":0.0,"max_hp_loss":0.0,"gold_gain":0.0,"event_name":"MindBloom","player_choice":"Upgrade","floor":42.0,"gold_loss":0.0,"damage_taken":0.0,"cards_upgraded":["Strike_G","Defend_G","Defend_G","Defend_G","Defend_G","Defend_G","Survivor","Neutralize","Infinite Blades","Quick Slash","Cloak And Dagger","Cloak And Dagger","Deflect","Dagger Spray","Slice","Dagger Throw","Storm of Steel","Crippling Poison","Blade Dance","Backflip","Well Laid Plans","Burst","Blur","Dodge and Roll"],"relics_obtained":["Mark of the Bloom"]},{"damage_healed":0.0,"max_hp_gain":0.0,"max_hp_loss":0.0,"gold_gain":0.0,"event_name":"SensoryStone","player_choice":"Memory 1","floor":45.0,"gold_loss":0.0,"damage_taken":0.0},{"cards_removed":["Strike_G"],"damage_healed":0,"gold_gain":0,"player_choice":"Offered Basic","damage_taken":0,"max_hp_gain":0,"max_hp_loss":0,"event_name":"Bonfire Elementals","floor":48,"gold_loss":0}],"is_beta":false,"boss_relics":[{"not_picked":["Coffee Dripper","Pandora\u0027s Box"],"picked":"Calling Bell"},{"not_picked":["Black Star","Busted Crown"],"picked":"Cursed Key"}],"items_purged_floors":[4,22,38],"is_endless":false,"potions_floor_spawned":[1,3,8,14,21,28,29,33,36,40],"ascension_level":11}}