{"host":"pno9h1fupbyz205f","time":1610669154,"event":{"mods":["Aspiration","BaseMod","Better Altar","Better Match","Better Note","Better Sensory Stone","Better Skull","Better Third Choice","Colored Map","Colored Powertips","Downfall","Hubris","Infinite Spire","Jedi Mod","Mad Scientist","Marisa????????","Minty Spire (QoL Compilation)","Permanent Neow","Potionbrewer","Replay The Spire","Shop Mod","Spicy Shops","StSLib","Td1madao Mod","The Blackbeard","The Gatherer","The Hierophant","The Poker Player","The Runesmith","The Servant 0.9.4","The Vixen","thorton","vexMod"],"gold_per_floor":[217,217,240,269,230,271,310,310,336,366,466,135,162,182,182,285,285,322,322,288,301,311,311,311,311,365,361,361,367,356,336,336,296,296],"floor_reached":33,"language":"ENG","playtime":1861,"items_purged":["hierophant:Strike_Hierophant","hierophant:Strike_Hierophant","hierophant:Dazzle"],"score":323,"play_id":"2addcefd-3a84-4034-8b9f-590b75b28cc4","local_time":"20210114160554","is_ascension_mode":false,"campfire_choices":[{"floor":8,"key":"REST"},{"data":"hierophant:ChurchCoffers","floor":15,"key":"SMITH"},{"floor":23,"key":"REST"},{"floor":32,"key":"REST"}],"circlet_count":0,"master_deck":["hierophant:Strike_Hierophant","hierophant:Strike_Hierophant","hierophant:Punish","hierophant:Defend_Hierophant","hierophant:ChurchCoffers+1","hierophant:Doubloon","hierophant:CoinFling","hierophant:OrnateJavelin","hierophant:FieryStrike","hierophant:Doubloon+1","hierophant:ThreeLashes","hierophant:FieryStrike","hierophant:OrnateBuckler","hierophant:RepressedViolence","hierophant:RepressedViolence","Replay:Bootleg Shield Generator+1","hierophant:OrnateBuckler+1","hierophant:Bribe","infinitespire:NeuralNetwork","hierophant:Blessing","hierophant:ThreeLashes+1","hierophant:Doubloon+1","hierophant:Doubloon+1","hierophant:CoinFling","hierophant:MintersHammer","hierophant:Doubloon+1","hierophant:Remorse+1"],"relics":["hierophant:PropheticMaskRelic","Anchor","aspiration:HiddenCompartment","aspiration:Lifesprig","potionbrewer:BhaskarasWheel","potionbrewer:Torch","jedi:crownofsimplicity","Replay:Drink Me","Orrery","jedi:ominousloannote"],"acts_visited":["Exordium","TheCity"],"potions_floor_usage":[10,16,16,22],"damage_taken":[{"damage":10,"enemies":"Jaw Worm","floor":1,"turns":4},{"damage":0,"enemies":"Cultist","floor":3,"turns":2},{"damage":0,"enemies":"2 Louse","floor":4,"turns":2},{"damage":12,"enemies":"Exordium Thugs","floor":5,"turns":5},{"damage":13,"enemies":"3 Sentries","floor":6,"turns":7},{"damage":0,"enemies":"Lots of Slimes","floor":7,"turns":4},{"damage":1,"enemies":"Red Slaver","floor":10,"turns":3},{"damage":0,"enemies":"Exordium Wildlife","floor":13,"turns":2},{"damage":1,"enemies":"Large Slime","floor":14,"turns":4},{"damage":48,"enemies":"Hexaghost","floor":16,"turns":11},{"damage":10,"enemies":"Chosen","floor":18,"turns":4},{"damage":12,"enemies":"2 Thieves","floor":20,"turns":4},{"damage":6,"enemies":"Snake Plant","floor":21,"turns":6},{"damage":16,"enemies":"3 Cultists","floor":22,"turns":6},{"damage":45,"enemies":"Nightmare","floor":27,"turns":17},{"damage":0,"enemies":"Centurion and Healer","floor":29,"turns":4},{"damage":0,"enemies":"Snake Plant","floor":31,"turns":3},{"damage":39,"enemies":"Automaton","floor":33,"turns":6}],"seed_played":"3689281656980756119","potions_obtained":[{"floor":1,"key":"FearPotion"},{"floor":4,"key":"Weak Potion"},{"floor":7,"key":"PowerPotion"},{"floor":14,"key":"Doom Potion"},{"floor":21,"key":"LiquidMemories"},{"floor":27,"key":"potionbrewer:NoxiousPotion"},{"floor":29,"key":"Reflective Coating"}],"is_trial":false,"path_per_floor":["M","?","M","M","M","E","M","R","T","M","?","$","M","M","R_BF","B",null,"M","?","M","M","M","R","?","?","T","NM","?","M","$","M","R","B"],"character_chosen":"HIEROPHANT","items_purchased":["aspiration:Lifesprig","Orrery","jedi:ominousloannote","hierophant:MintersHammer"],"campfire_rested":3,"item_purchase_floors":[12,30,30,30],"current_hp_per_floor":[65,65,65,65,53,40,40,62,62,61,61,61,61,60,60,12,75,65,65,53,47,31,53,53,53,53,8,8,8,8,15,27,0,0],"gold":296,"neow_bonus":"HUNDRED_GOLD","is_daily":false,"chose_seed":false,"campfire_upgraded":1,"win_rate":0.0,"timestamp":1610669154,"path_taken":["M","?","?","M","M","E","M","R","T","?","?","$","M","M","R_BF","BOSS","M","?","M","M","?","R","?","?","T","NM","?","?","?","M","R","BOSS"],"items_purchased_type":["Relic","Relic","Relic","Card"],"build_version":"2020-12-22","purchased_purges":3,"victory":false,"max_hp_per_floor":[75,75,75,75,75,75,75,75,75,75,75,75,75,75,75,75,75,75,75,75,75,75,75,75,75,75,75,43,43,43,43,43,43,43],"card_choices":[{"not_picked":["hierophant:Sermon","hierophant:FlamingChariot"],"picked":"hierophant:CoinFling","floor":1},{"not_picked":["hierophant:FaithHealing","hierophant:RustyCrate"],"picked":"hierophant:OrnateJavelin","floor":3},{"not_picked":["hierophant:FlamingChariot","hierophant:HolyVerse","hierophant:Purify"],"picked":"SKIP","floor":4},{"not_picked":["hierophant:RustyCrate","hierophant:SealAway"],"picked":"hierophant:FieryStrike","floor":5},{"not_picked":["hierophant:Determination","hierophant:MirrorShield"],"picked":"hierophant:Dazzle","floor":6},{"not_picked":["hierophant:Flagellation","hierophant:OrnateJavelin"],"picked":"hierophant:ThreeLashes","floor":7},{"not_picked":["hierophant:FlamingChariot","hierophant:SecretStash"],"picked":"hierophant:FieryStrike","floor":10},{"not_picked":["hierophant:RustyCrate","hierophant:MirrorShield"],"picked":"hierophant:OrnateBuckler","floor":13},{"not_picked":["hierophant:HolyVerse","hierophant:Smite"],"picked":"hierophant:RepressedViolence","floor":14},{"not_picked":["hierophant:FieryStrike","hierophant:Alms"],"picked":"hierophant:RepressedViolence","floor":18},{"not_picked":["hierophant:CursedGold","hierophant:OrnateBuckler+1","hierophant:Purify+1"],"picked":"SKIP","floor":20},{"not_picked":["hierophant:CursedGold","hierophant:Purify+1"],"picked":"hierophant:OrnateBuckler+1","floor":20},{"not_picked":["hierophant:AuricBeam","hierophant:Anathema","hierophant:MirrorShield"],"picked":"SKIP","floor":21},{"not_picked":["hierophant:AuricBeam","hierophant:Flagellation"],"picked":"hierophant:Bribe","floor":22},{"not_picked":["infinitespire:TheBestDefense","infinitespire:SealOfDarkness+"],"picked":"infinitespire:NeuralNetwork","floor":27},{"not_picked":["hierophant:PassingBell","hierophant:FaithHealing","hierophant:HammerAndAnvil"],"picked":"SKIP","floor":27},{"not_picked":["hierophant:Flagellation+1","hierophant:SealAway","hierophant:Prophecy+1"],"picked":"SKIP","floor":29},{"not_picked":["hierophant:OrnateBuckler","hierophant:RecallFunds"],"picked":"hierophant:Blessing","floor":30},{"not_picked":["hierophant:Batter","hierophant:Encroach"],"picked":"hierophant:ThreeLashes+1","floor":30},{"not_picked":["hierophant:MorningPrayer","hierophant:ArchangelShield"],"picked":"hierophant:Doubloon","floor":30},{"not_picked":["hierophant:Embezzle+1","hierophant:FlamingChariot"],"picked":"hierophant:CoinFling","floor":30},{"not_picked":["hierophant:Prophecy","hierophant:Flagellation"],"picked":"hierophant:Remorse+1","floor":31}],"player_experience":175712,"relics_obtained":[{"floor":6,"key":"Anchor"},{"floor":9,"key":"aspiration:HiddenCompartment"},{"floor":26,"key":"potionbrewer:Torch"},{"floor":27,"key":"jedi:crownofsimplicity"}],"event_choices":[{"damage_healed":0,"gold_gain":0,"player_choice":"Bought 0 Potions","damage_taken":0,"max_hp_gain":0,"max_hp_loss":0,"event_name":"The Woman in Blue","floor":2,"gold_loss":0},{"damage_healed":0,"gold_gain":100,"player_choice":"Pray","damage_taken":0,"max_hp_gain":0,"max_hp_loss":0,"event_name":"Golden Shrine","floor":11,"gold_loss":0},{"cards_removed":["hierophant:ChurchCoffers"],"damage_healed":0,"gold_gain":0,"player_choice":"Take \u0026 Give","damage_taken":0,"max_hp_gain":0,"max_hp_loss":0,"event_name":"betterNote:BetterNote","floor":19,"gold_loss":0,"cards_obtained":["Replay:Bootleg Shield Generator"]},{"damage_healed":0,"gold_gain":0,"player_choice":"Ignored","damage_taken":0,"max_hp_gain":0,"max_hp_loss":0,"event_name":"Ghosts","floor":24,"gold_loss":0}],"is_beta":false,"boss_relics":[{"not_picked":["thethorton:GreedFountain","Kintsugi"],"picked":"potionbrewer:BhaskarasWheel"}],"items_purged_floors":[12,12,30],"is_endless":true,"potions_floor_spawned":[1,4,7,14,21,27,29],"killed_by":"Automaton","ascension_level":0}}