{"host":"08t08ld674si40tv","time":1610714223,"event":{"mods":["AchievementEnabler","BaseMod","Colored Map","Minty Spire (QoL Compilation)","StSLib","SuperFastMode"],"gold_per_floor":[114,114,39,57,33,58,58,6,6,31,42,62,77,90,90,90,90],"floor_reached":16,"language":"KOR","playtime":256,"items_purged":["Defend_R"],"score":274,"play_id":"c715c52c-eb1e-4d21-bf0d-7dceabeb3830","local_time":"20210115213703","is_ascension_mode":true,"campfire_choices":[{"data":"Armaments","floor":7.0,"key":"SMITH"},{"data":"Fiend Fire","floor":15,"key":"SMITH"}],"circlet_count":0,"master_deck":["AscendersBane","Strike_R","Strike_R","Strike_R","Strike_R","Defend_R","Defend_R","Defend_R","Bash","Wild Strike","Armaments+1","Fiend Fire+1","Anger","Second Wind","Evolve"],"relics":["Burning Blood","NeowsBlessing","Bronze Scales","Darkstone Periapt","Calipers","Art of War"],"acts_visited":["Exordium"],"potions_floor_usage":[16],"damage_taken":[{"damage":0.0,"enemies":"Cultist","floor":1.0,"turns":1.0},{"damage":0.0,"enemies":"2 Louse","floor":4.0,"turns":1.0},{"damage":0.0,"enemies":"Gremlin Nob","floor":6.0,"turns":1.0},{"damage":24.0,"enemies":"Lagavulin","floor":10.0,"turns":7.0},{"damage":7.0,"enemies":"Jaw Worm","floor":11.0,"turns":4.0},{"damage":15.0,"enemies":"Gremlin Gang","floor":12.0,"turns":4.0},{"damage":2.0,"enemies":"Looter","floor":13.0,"turns":3.0},{"damage":13,"enemies":"Red Slaver","floor":14,"turns":3},{"damage":44,"enemies":"The Guardian","floor":16,"turns":8}],"seed_played":"-7022493650038587338","potions_obtained":[{"floor":1.0,"key":"BloodPotion"},{"floor":10.0,"key":"DistilledChaos"}],"is_trial":false,"path_per_floor":["M","?","$","M","$","E","R","?","T","E","M","M","M","M","R","B"],"character_chosen":"IRONCLAD","items_purchased":["Armaments"],"campfire_rested":0,"item_purchase_floors":[5],"current_hp_per_floor":[74,74,74,75,75,75,75,75,75,57,56,47,51,44,44,0,0],"gold":90,"neow_bonus":"THREE_ENEMY_KILL","is_daily":false,"chose_seed":false,"campfire_upgraded":2,"win_rate":0.0,"timestamp":1610714223,"path_taken":["M","?","$","?","$","E","R","?","T","E","?","M","M","M","R","BOSS"],"items_purchased_type":["Card"],"build_version":"2020-12-22","purchased_purges":1,"victory":false,"max_hp_per_floor":[75,75,75,75,75,75,75,75,75,75,75,75,75,75,75,75,75],"card_choices":[{"not_picked":["Metallicize","Headbutt"],"picked":"Wild Strike","floor":1.0},{"not_picked":["Clash","Perfected Strike","Ghostly Armor"],"picked":"SKIP","floor":4.0},{"not_picked":["Warcry","Armaments","True Grit"],"picked":"SKIP","floor":6.0},{"not_picked":["True Grit","Second Wind"],"picked":"Fiend Fire","floor":10.0},{"not_picked":["Havoc","Uppercut"],"picked":"Anger","floor":11.0},{"not_picked":["Armaments","Warcry"],"picked":"Second Wind","floor":12.0},{"not_picked":["Barricade","Flex","Clash"],"picked":"SKIP","floor":13},{"not_picked":["Headbutt","Wild Strike"],"picked":"Evolve","floor":14}],"player_experience":222787,"relics_obtained":[{"floor":6.0,"key":"Bronze Scales"},{"floor":9.0,"key":"Calipers"},{"floor":10.0,"key":"Art of War"}],"event_choices":[{"cards_removed":["Strike_R"],"damage_healed":0.0,"max_hp_gain":0.0,"max_hp_loss":0.0,"gold_gain":0.0,"event_name":"Purifier","player_choice":"Purged","floor":2.0,"gold_loss":0.0,"damage_taken":0.0},{"damage_healed":0.0,"max_hp_gain":0.0,"max_hp_loss":0.0,"gold_gain":0.0,"event_name":"WeMeetAgain","player_choice":"Paid Gold","floor":8.0,"gold_loss":52.0,"damage_taken":0.0,"relics_obtained":["Darkstone Periapt"]}],"is_beta":false,"boss_relics":[],"items_purged_floors":[3],"is_endless":false,"potions_floor_spawned":[1,10,14],"killed_by":"The Guardian","ascension_level":20}}