{"host":"khkox7sggahain0a","time":1610676437,"event":{"mods":["Act Like it!","Arknights The Spire","BaseMod","Downfall","Gensokyo","Lobotomy","LobotomyExtend","Marisa£®ÏF”Í°°ƒß¿Ì…≥£©","Minty Spire (QoL Compilation)","Quick Restart","StSLib","The Animator","Waifu the Spire"],"gold_per_floor":[114,132,132,150,162,162,192,192,192,203,203,203,203],"floor_reached":12,"language":"ZHS","playtime":348,"items_purged":[],"score":84,"play_id":"3bf373bb-5736-4f0e-91c2-3da54bfb3757","local_time":"20210115100717","is_ascension_mode":true,"campfire_choices":[{"data":"ats:Disruption Kick","floor":6.0,"key":"SMITH"},{"floor":8.0,"key":"REST"}],"circlet_count":0,"master_deck":["ats:Strike C","ats:Strike G","ats:Strike S","ats:Strike V","ats:Armor Crushing Shot","ats:Defend","ats:Defend","ats:Defend","ats:Defend","ats:Emotion Absorption","ats:Consecutive Shot Auto","CrumblingArmor","ats:Explosion Area Strengthen","LongBird","ats:Disruption Kick+1","PunishingBird","BlackSwan","Mercenary"],"relics":["ats:Sanity","CogitoBucket","LetterFromLob","ats:Originium","HornCleat","Bottled Lightning","TreeSap"],"acts_visited":["Exordium"],"potions_floor_usage":[],"damage_taken":[{"damage":4.0,"enemies":"2 Louse","floor":1.0,"turns":3.0},{"damage":6.0,"enemies":"Cultist","floor":2.0,"turns":3.0},{"damage":5.0,"enemies":"Small Slimes","floor":4.0,"turns":3.0},{"damage":23.0,"enemies":"Exordium Thugs","floor":5.0,"turns":4.0},{"damage":32.0,"enemies":"3 Sentries","floor":7.0,"turns":6.0},{"damage":19.0,"enemies":"Large Slime","floor":10.0,"turns":4.0},{"damage":0,"enemies":"Lagavulin","floor":12,"turns":1}],"seed_played":"8932394206033911731","potions_obtained":[{"floor":1.0,"key":"SteroidPotion"},{"floor":10.0,"key":"Dexterity Potion"}],"is_trial":false,"path_per_floor":["M","M","?","M","M","R","E","R","T","M","?","E"],"character_chosen":"DOCTOR_CLASS","items_purchased":[],"campfire_rested":1,"item_purchase_floors":[],"current_hp_per_floor":[68,62,62,57,34,34,2,23,23,4,4,1,1],"gold":203,"neow_bonus":"","is_daily":false,"chose_seed":false,"campfire_upgraded":1,"win_rate":0.0,"timestamp":1610676437,"path_taken":["M","M","?","M","?","R","E","R","T","M","?","E"],"items_purchased_type":[],"build_version":"2020-12-22","purchased_purges":0,"victory":false,"max_hp_per_floor":[72,72,72,72,72,72,72,72,72,72,72,1,1],"card_choices":[{"not_picked":["OldLady","WallGazer","NakedNest"],"picked":"Singing Bowl","floor":1.0},{"not_picked":["ats:Leaping Hammer","ats:Cat Scratch"],"picked":"ats:Consecutive Shot Auto","floor":1.0},{"not_picked":["LittleHelper","Alriune","CherryBlossoms"],"picked":"Singing Bowl","floor":2.0},{"not_picked":["UniverseFragment","WhitesApple"],"picked":"CrumblingArmor","floor":2.0},{"not_picked":["ats:Assault Order","ats:Support Order"],"picked":"ats:Explosion Area Strengthen","floor":2.0},{"not_picked":["UniverseFragment","CherryBlossoms"],"picked":"LongBird","floor":4.0},{"not_picked":["ats:Apocalypse","ats:Hammer On"],"picked":"ats:Disruption Kick","floor":4.0},{"not_picked":["BigBird","UniverseFragment"],"picked":"PunishingBird","floor":5.0},{"not_picked":["ats:Cat Scratch","ats:Curse Doll","ats:Ignite"],"picked":"SKIP","floor":5.0},{"not_picked":["Bloodbath","FairyFestival","ShyLook"],"picked":"Singing Bowl","floor":7.0},{"not_picked":["FairyFestival","OSAHOGD"],"picked":"BlackSwan","floor":7.0},{"not_picked":["ats:Ignite","ats:Hammer On","ats:Shell Defense"],"picked":"SKIP","floor":7.0},{"not_picked":["Porccubus","Wellcheers","LittlePrince"],"picked":"Singing Bowl","floor":10.0},{"not_picked":["Murderer","Freischutz"],"picked":"Mercenary","floor":10.0},{"not_picked":["ats:Guardian Obelisk","ats:Song Of Battle","ats:Shell Defense"],"picked":"SKIP","floor":10.0}],"player_experience":313409,"relics_obtained":[{"floor":1.0,"key":"LetterFromLob"},{"floor":7.0,"key":"ats:Originium"},{"floor":7.0,"key":"HornCleat"},{"floor":9.0,"key":"Bottled Lightning"}],"event_choices":[{"damage_healed":0.0,"max_hp_gain":0.0,"max_hp_loss":0.0,"gold_gain":0.0,"event_name":"The Woman in Blue","player_choice":"Bought 0 Potions","floor":3.0,"gold_loss":0.0,"damage_taken":0.0},{"damage_healed":0,"gold_gain":0,"player_choice":"Leave","damage_taken":0,"max_hp_gain":0,"max_hp_loss":0,"event_name":"FaceTrader","floor":11,"gold_loss":0}],"is_beta":false,"boss_relics":[],"items_purged_floors":[],"is_endless":false,"potions_floor_spawned":[1,10],"killed_by":"Lagavulin","ascension_level":1}}