{"host":"0ueeacaatm8t6jyh","time":1610699484,"event":{"mods":["AchievementEnabler","BaseMod","Colored Powertips","Minty Spire (QoL Compilation)","Quick Restart","Rare Cards Sparkle","StSLib"],"gold_per_floor":[116,130,144,69,69,95,95,108,108,143,143,163,163,179,179,179,179],"floor_reached":16,"language":"ZHS","playtime":665,"items_purged":["Strike_R"],"score":224,"play_id":"b12b0d55-d91a-4068-a135-d22fb290e169","local_time":"20210115163124","is_ascension_mode":true,"campfire_choices":[{"floor":7.0,"key":"REST"},{"data":"Flex","floor":15.0,"key":"SMITH"}],"circlet_count":0,"master_deck":["AscendersBane","Strike_R","Strike_R","Strike_R","Strike_R","Defend_R","Defend_R","Defend_R","Defend_R","Bash","Armaments","Pummel","Flex+1","Sword Boomerang","Shrug It Off","Juggernaut","Pummel"],"relics":["Burning Blood","NeowsBlessing","Akabeko","PreservedInsect","Pantograph"],"acts_visited":["Exordium"],"potions_floor_usage":[16],"damage_taken":[{"damage":0.0,"enemies":"Cultist","floor":1.0,"turns":1.0},{"damage":0.0,"enemies":"Jaw Worm","floor":2.0,"turns":1.0},{"damage":0.0,"enemies":"Small Slimes","floor":3.0,"turns":1.0},{"damage":52.0,"enemies":"Gremlin Nob","floor":6.0,"turns":5.0},{"damage":8.0,"enemies":"Exordium Thugs","floor":8.0,"turns":3.0},{"damage":20.0,"enemies":"3 Sentries","floor":10.0,"turns":11.0},{"damage":4.0,"enemies":"Exordium Wildlife","floor":12.0,"turns":4.0},{"damage":0.0,"enemies":"Blue Slaver","floor":14.0,"turns":2.0},{"damage":73,"enemies":"Hexaghost","floor":16,"turns":10}],"seed_played":"5581858870590201534","potions_obtained":[{"floor":1.0,"key":"ElixirPotion"},{"floor":3.0,"key":"Weak Potion"},{"floor":6.0,"key":"Energy Potion"},{"floor":14.0,"key":"SpeedPotion"}],"is_trial":false,"path_per_floor":["M","M","M","$","?","E","R","M","T","E","?","M","?","M","R","B"],"character_chosen":"IRONCLAD","items_purchased":[],"campfire_rested":1,"item_purchase_floors":[],"current_hp_per_floor":[74,75,75,75,75,29,51,49,49,35,40,42,42,48,48,0,0],"gold":179,"neow_bonus":"THREE_ENEMY_KILL","is_daily":false,"chose_seed":false,"campfire_upgraded":1,"win_rate":0.0,"timestamp":1610699484,"path_taken":["M","?","M","$","?","E","R","M","T","E","?","M","?","?","R","BOSS"],"items_purchased_type":[],"build_version":"2020-12-22","purchased_purges":1,"victory":false,"max_hp_per_floor":[75,75,75,75,75,75,75,75,75,75,80,80,80,80,80,80,80],"card_choices":[{"not_picked":["Rupture","Havoc"],"picked":"Armaments","floor":1.0},{"not_picked":["Anger","Headbutt"],"picked":"Pummel","floor":2.0},{"not_picked":["Dual Wield","Searing Blow"],"picked":"Flex","floor":3.0},{"not_picked":["Thunderclap","Armaments","Intimidate"],"picked":"SKIP","floor":6.0},{"not_picked":["Thunderclap","Entrench"],"picked":"Dark Embrace","floor":8.0},{"not_picked":["Evolve","Intimidate"],"picked":"Sword Boomerang","floor":10.0},{"not_picked":["Disarm","Sword Boomerang"],"picked":"Shrug It Off","floor":12.0},{"not_picked":["Feel No Pain","Bludgeon"],"picked":"Pummel","floor":14.0}],"player_experience":366957,"relics_obtained":[{"floor":6.0,"key":"Akabeko"},{"floor":9.0,"key":"PreservedInsect"},{"floor":10.0,"key":"Pantograph"}],"event_choices":[{"damage_healed":0.0,"max_hp_gain":0.0,"max_hp_loss":0.0,"gold_gain":0.0,"event_name":"The Cleric","player_choice":"Leave","floor":5.0,"gold_loss":0.0,"damage_taken":0.0},{"damage_healed":0.0,"max_hp_gain":5.0,"max_hp_loss":0.0,"gold_gain":0.0,"event_name":"Big Fish","player_choice":"Donut","floor":11.0,"gold_loss":0.0,"damage_taken":0.0},{"damage_healed":0.0,"max_hp_gain":0.0,"max_hp_loss":0.0,"gold_gain":0.0,"cards_transformed":["Dark Embrace"],"event_name":"Transmorgrifier","player_choice":"Transformed","floor":13.0,"gold_loss":0.0,"damage_taken":0.0,"cards_obtained":["Juggernaut"]}],"is_beta":false,"boss_relics":[],"items_purged_floors":[4],"is_endless":false,"potions_floor_spawned":[1,3,6,14],"killed_by":"Hexaghost","ascension_level":20}}