{"host":"wogey4gsknv4ot2d","time":1610678858,"event":{"mods":["AchievementEnabler","BaseMod","Bestiary","Colored Map","Colored Powertips","Googly Eyes","Key Reminder","Minty Spire (QoL Compilation)","Permanent Neow","Rare Cards Sparkle","Relic Stats","The IronCluck","slay the spire mod where everything is the same but ironclad has a cowboy hat"],"gold_per_floor":[215,226,83,99,174,203,221,236,236,236,246,277,242,268,268,268,268],"floor_reached":16,"language":"ENG","playtime":528,"items_purged":[],"score":122,"play_id":"15bb4324-3597-4ab6-a58b-b1f3eeafb2b3","local_time":"20210114204738","is_ascension_mode":false,"campfire_choices":[{"floor":10,"key":"REST"},{"floor":15,"key":"REST"}],"circlet_count":0,"master_deck":["Strike_B","Strike_B","Strike_B","Strike_B","Defend_B","Defend_B","Defend_B","Defend_B","Zap","Dualcast","Doom and Gloom","Stack","Streamline","Self Repair","Skim+1","Chaos+1","Barrage","BootSequence+1","Conserve Battery+1"],"relics":["Cracked Core","Nunchaku","Toxic Egg 2","Sundial","Regal Pillow","Bird Faced Urn"],"acts_visited":["Exordium"],"potions_floor_usage":[4,8,12,16],"damage_taken":[{"damage":0,"enemies":"Small Slimes","floor":1,"turns":2},{"damage":11,"enemies":"Jaw Worm","floor":2,"turns":2},{"damage":0,"enemies":"2 Louse","floor":4,"turns":1},{"damage":27,"enemies":"Gremlin Nob","floor":6,"turns":4},{"damage":0,"enemies":"Large Slime","floor":7,"turns":4},{"damage":22,"enemies":"Gremlin Gang","floor":8,"turns":3},{"damage":10,"enemies":"Looter","floor":11,"turns":2},{"damage":14,"enemies":"Lagavulin","floor":12,"turns":5},{"damage":22,"enemies":"Gremlin Nob","floor":14,"turns":5},{"damage":77,"enemies":"Hexaghost","floor":16,"turns":11}],"seed_played":"-7272082309181742634","potions_obtained":[{"floor":4,"key":"Fruit Juice"},{"floor":7,"key":"Energy Potion"},{"floor":11,"key":"BlessingOfTheForge"},{"floor":12,"key":"Energy Potion"}],"is_trial":false,"path_per_floor":["M","M","$","M","?","E","M","M","T","R","M","E","?","E","R","B"],"character_chosen":"DEFECT","items_purchased":["Nunchaku"],"campfire_rested":2,"item_purchase_floors":[3],"current_hp_per_floor":[75,64,64,69,58,31,38,23,23,47,37,30,50,35,74,0,0],"gold":268,"neow_bonus":"HUNDRED_GOLD","is_daily":false,"chose_seed":false,"campfire_upgraded":0,"win_rate":0.0,"timestamp":1610678858,"path_taken":["M","M","$","M","?","E","M","M","T","R","M","E","?","E","R","BOSS"],"items_purchased_type":["Relic"],"build_version":"2020-12-22","purchased_purges":0,"victory":false,"max_hp_per_floor":[75,75,75,80,80,80,80,80,80,80,80,80,80,80,80,80,80],"relic_stats":{"Nunchaku":[4],"Regal Pillow":15,"counters":[10,39],"Sundial":[4],"Bird Faced Urn":[2],"obtain_stats":[{"Nunchaku":3,"Regal Pillow":12,"Sundial":9,"Bird Faced Urn":14,"Toxic Egg 2":6,"Cracked Core":0},{"Nunchaku":2,"Regal Pillow":8,"Sundial":6,"Bird Faced Urn":9,"Toxic Egg 2":4,"Cracked Core":0},{"Nunchaku":4,"Regal Pillow":23,"Sundial":16,"Bird Faced Urn":28,"Toxic Egg 2":9,"Cracked Core":0}]},"card_choices":[{"not_picked":["Steam","Go for the Eyes"],"picked":"Doom and Gloom","floor":1},{"not_picked":["Compile Driver","Reinforced Body"],"picked":"Stack","floor":2},{"not_picked":["Stack","Steam Power"],"picked":"Streamline","floor":4},{"not_picked":["Blizzard","Steam+1"],"picked":"Self Repair","floor":6},{"not_picked":["Static Discharge","Hologram+1"],"picked":"Skim+1","floor":7},{"not_picked":["Hello World","Genetic Algorithm+1"],"picked":"Chaos+1","floor":8},{"not_picked":["Creative AI","Redo+1"],"picked":"Barrage","floor":11},{"not_picked":["Go for the Eyes","Turbo+1"],"picked":"BootSequence+1","floor":12},{"not_picked":["Double Energy+1","Undo+1"],"picked":"Conserve Battery+1","floor":14}],"player_experience":34271,"relics_obtained":[{"floor":6,"key":"Toxic Egg 2"},{"floor":9,"key":"Sundial"},{"floor":12,"key":"Regal Pillow"},{"floor":14,"key":"Bird Faced Urn"}],"event_choices":[{"damage_healed":0,"gold_gain":75,"player_choice":"Gather Gold","damage_taken":11,"max_hp_gain":0,"max_hp_loss":0,"event_name":"World of Goop","floor":5,"gold_loss":0},{"damage_healed":20,"gold_gain":0,"player_choice":"Healed","damage_taken":0,"max_hp_gain":0,"max_hp_loss":0,"event_name":"The Cleric","floor":13,"gold_loss":35}],"is_beta":false,"boss_relics":[],"items_purged_floors":[],"is_endless":false,"potions_floor_spawned":[1,4,7,11,12],"killed_by":"Hexaghost","ascension_level":0}}