{"host":"2pmmafybkq7zb6na","time":1610734034,"event":{"mods":["AchievementEnabler","BaseMod","Colored Map","Highlight Path","Minty Spire (QoL Compilation)","Quick Restart","StSLib","SuperFastMode"],"gold_per_floor":[115,129,129,129,154,172,212,212,264,264,264,264,287,79,79,205,205,220,241,241,255,34,34,47,70,123,142,142,44,44,67,67,67,67],"floor_reached":33,"language":"KOR","playtime":1828,"items_purged":["Strike_G","Strike_G"],"score":249,"play_id":"d45a9cf9-d1b4-489a-bfb6-efe6157e89b9","local_time":"20210116030714","is_ascension_mode":false,"campfire_choices":[{"data":"Eviscerate","floor":8,"key":"SMITH"},{"floor":11,"key":"REST"},{"floor":15,"key":"REST"},{"data":"Phantasmal Killer","floor":23,"key":"SMITH"},{"floor":30,"key":"REST"},{"floor":32,"key":"REST"}],"circlet_count":0,"master_deck":["Strike_G","Strike_G","Defend_G","Defend_G","Defend_G","Defend_G","Defend_G","Survivor","Neutralize","Outmaneuver","Dagger Throw","Backstab","PiercingWail","Eviscerate+1","Underhanded Strike","Infinite Blades+1","Blade Dance","Phantasmal Killer+1","Deflect+1","Acrobatics","Choke","Blur","Adrenaline","Prepared"],"relics":["Ring of the Snake","Golden Idol","Frozen Egg 2","Nunchaku","WristBlade","Juzu Bracelet"],"acts_visited":["Exordium","TheCity"],"potions_floor_usage":[16,16,16,24,27,27,33,33],"damage_taken":[{"damage":0,"enemies":"2 Louse","floor":1,"turns":5},{"damage":2,"enemies":"Small Slimes","floor":2,"turns":6},{"damage":1,"enemies":"Jaw Worm","floor":5,"turns":6},{"damage":7,"enemies":"Large Slime","floor":6,"turns":12},{"damage":29,"enemies":"3 Sentries","floor":7,"turns":13},{"damage":3,"enemies":"Exordium Wildlife","floor":13,"turns":4},{"damage":37,"enemies":"Hexaghost","floor":16,"turns":14},{"damage":6,"enemies":"Shell Parasite","floor":18,"turns":4},{"damage":5,"enemies":"Chosen","floor":19,"turns":4},{"damage":31,"enemies":"Snake Plant","floor":21,"turns":5},{"damage":10,"enemies":"Cultist and Chosen","floor":24,"turns":4},{"damage":29,"enemies":"Snecko","floor":25,"turns":6},{"damage":0,"enemies":"Snake Plant","floor":27,"turns":3},{"damage":0,"enemies":"Shelled Parasite and Fungi","floor":31,"turns":4},{"damage":100,"enemies":"Champ","floor":33,"turns":13}],"seed_played":"1425866872092448170","potions_obtained":[{"floor":2,"key":"ColorlessPotion"},{"floor":5,"key":"Energy Potion"},{"floor":7,"key":"BlessingOfTheForge"},{"floor":16,"key":"FairyPotion"},{"floor":21,"key":"Strength Potion"},{"floor":24,"key":"DuplicationPotion"},{"floor":25,"key":"CunningPotion"},{"floor":31,"key":"SteroidPotion"}],"is_trial":false,"path_per_floor":["M","M","?","?","M","M","E","R","T","?","R","?","M","$","R","B",null,"M","M","?","M","$","R","M","M","T","M","?","$","R","M","R","B"],"character_chosen":"THE_SILENT","items_purchased":["Infinite Blades+1","Blade Dance","Choke","Blur","Prepared","GamblersBrew"],"campfire_rested":4,"item_purchase_floors":[14,14,22,22,29,29],"current_hp_per_floor":[77,75,56,56,55,48,19,19,19,12,35,40,37,37,61,24,82,76,71,71,40,40,40,30,1,1,1,1,1,25,25,49,0,0],"gold":67,"neow_bonus":"TEN_PERCENT_HP_BONUS","is_daily":false,"chose_seed":false,"campfire_upgraded":2,"win_rate":0.0,"timestamp":1610734034,"path_taken":["M","M","?","?","M","M","E","R","T","?","R","?","M","$","R","BOSS","M","M","?","M","$","R","M","M","T","M","?","?","R","M","R","BOSS"],"items_purchased_type":["Card","Card","Card","Card","Card","Potion"],"build_version":"2020-12-22","purchased_purges":2,"victory":false,"max_hp_per_floor":[77,77,77,77,77,77,77,77,77,77,77,82,82,82,82,82,82,82,82,82,82,82,82,82,82,82,82,82,82,82,82,82,82,82],"card_choices":[{"not_picked":["Deflect","Caltrops"],"picked":"Outmaneuver","floor":1},{"not_picked":["Caltrops","Skewer"],"picked":"Dagger Throw","floor":2},{"not_picked":["Masterful Stab","Escape Plan"],"picked":"Backstab","floor":5},{"not_picked":["Bane","Catalyst"],"picked":"PiercingWail","floor":6},{"not_picked":["Backstab","Deadly Poison"],"picked":"Eviscerate","floor":7},{"not_picked":["Dagger Spray","Dagger Throw"],"picked":"Underhanded Strike","floor":13},{"not_picked":["Corpse Explosion","Envenom+1"],"picked":"Phantasmal Killer","floor":16},{"not_picked":["Dash","PiercingWail"],"picked":"Deflect+1","floor":18},{"not_picked":["Caltrops+1","Flying Knee"],"picked":"Acrobatics","floor":19},{"not_picked":["All Out Attack+1","Slice","Deadly Poison"],"picked":"SKIP","floor":21},{"not_picked":["Outmaneuver","Leg Sweep","Dagger Spray"],"picked":"SKIP","floor":24},{"not_picked":["Masterful Stab","Poisoned Stab","Deadly Poison"],"picked":"SKIP","floor":25},{"not_picked":["Flechettes","Sucker Punch"],"picked":"Adrenaline","floor":27},{"not_picked":["Skewer","Quick Slash+1","Endless Agony+1"],"picked":"SKIP","floor":31}],"player_experience":37930,"relics_obtained":[{"floor":7,"key":"Frozen Egg 2"},{"floor":9,"key":"Nunchaku"},{"floor":26,"key":"Juzu Bracelet"}],"event_choices":[{"damage_healed":0,"gold_gain":0,"player_choice":"Take Damage","damage_taken":19,"relics_obtained":["Golden Idol"],"max_hp_gain":0,"max_hp_loss":0,"event_name":"Golden Idol","floor":3,"gold_loss":0},{"damage_healed":0,"gold_gain":0,"player_choice":"Ignored","damage_taken":0,"max_hp_gain":0,"max_hp_loss":0,"event_name":"Liars Game","floor":4,"gold_loss":0},{"cards_removed":["Strike_G"],"damage_healed":0,"gold_gain":0,"player_choice":"Card Removal","damage_taken":7,"max_hp_gain":0,"max_hp_loss":0,"event_name":"Golden Wing","floor":10,"gold_loss":0},{"damage_healed":0,"gold_gain":0,"player_choice":"Donut","damage_taken":0,"max_hp_gain":5,"max_hp_loss":0,"event_name":"Big Fish","floor":12,"gold_loss":0},{"damage_healed":0,"gold_gain":0,"player_choice":"Ignored","damage_taken":0,"max_hp_gain":0,"max_hp_loss":0,"event_name":"Vampires","floor":20,"gold_loss":0},{"damage_healed":0,"gold_gain":0,"player_choice":"Ignored","damage_taken":0,"max_hp_gain":0,"max_hp_loss":0,"event_name":"The Mausoleum","floor":28,"gold_loss":0}],"is_beta":false,"boss_relics":[{"not_picked":["Astrolabe","Fusion Hammer"],"picked":"WristBlade"}],"items_purged_floors":[14,22],"is_endless":false,"potions_floor_spawned":[2,5,7,16,21,24,25,31],"killed_by":"Champ","ascension_level":0}}