{"host":"bb5r3ba2ig485dr2","time":1610736198,"event":{"mods":["Act Like it!","BaseMod","CapriCore","Chen","Curses Come First","Gensokyo","Hallownest","Koishi","Lobotomy","LobotomyExtend","Marisa（霧雨　魔理沙）","Minty Spire (QoL Compilation)","Random Character Button","Rare Cards Sparkle","Reimu（博??梦）","StSLib","Td1madao Mod","The Administrix","The Bug Knight","The Immortal","The Servant 0.9.4","The Wild Card"],"gold_per_floor":[137,17,68,101,137,137,200,243,243,300,367,392,392,352,352,477,477,522,133,203,203,133,164,164,164,219,319,362,397,397,357,357,458,458,498,512,75,91,10,62,77,77,151,162,19,81,81,81],"floor_reached":47,"language":"ENG","playtime":4390,"items_purged":[],"score":554,"play_id":"0e63ab9d-d202-4782-b6d7-595b12ca1c03","local_time":"20210115194318","is_ascension_mode":false,"campfire_choices":[{"data":"HandOfGreed","floor":6,"key":"SMITH"},{"data":"PrayRite:ReiMu","floor":15,"key":"SMITH"},{"floor":25,"key":"REST"},{"data":"KamiRite:ReiMu","floor":32,"key":"SMITH"}],"circlet_count":0,"master_deck":["Defend_Lin:ReiMu","Defend_Lin:ReiMu","Defend_Lin:ReiMu","Defend_Lin:ReiMu","NB:ReiMu","Stagnation:ReiMu","HandOfGreed+1","RainPray2:ReiMu","PrepareRite:ReiMu","SubAcupoint:ReiMu","EmergencyTakeOff:ReiMu","PrayRite:ReiMu+1","SafetyPray:ReiMu","AirManeuver:ReiMu","HakureiPhantom:ReiMu+1","PrepareRite:ReiMu","CeremonyResonance:ReiMu","AirStrike:ReiMu","HandOfGreed+1","KamiRite:ReiMu+1","AirStrike:ReiMu","RainPray2:ReiMu","Bite","Bite","Bite","Bite","Bite","BlastKick2:ReiMu","FineLineFantasy:ReiMu+1","UpKicking:ReiMu","PassingAway:ReiMu","AlertArray:ReiMu","ZunPunch:ReiMu","BlastKick2:ReiMu","CurseOfTheBell","CareerPray:ReiMu+1","SpringWay:ReiMu","CardOfSanctity:ReiMu","Dreaming2:ReiMu","AlertArray:ReiMu+1","KamiSacrifice:ReiMu","PhosphorusFlame:ReiMu+1"],"relics":["FlyPower:ReiMu","LetterFromLob","InkBottle","Dream Catcher","Gaze_r","PaintedHorse:ReiMu","RedLine:ReiMu","DollysMirror","Bird Faced Urn","Strawberry","Calling Bell","Ancient Tea Set","Kunai","TungstenRod","Turnip","TentaclePot:ReiMu","Shuriken","Regal Pillow"],"acts_visited":["Exordium","TheCity","TheBeyond"],"potions_floor_usage":[5,10,16,23,33,33,38,40,44,47],"damage_taken":[{"damage":0.0,"enemies":"Jaw Worm","floor":1.0,"turns":4.0},{"damage":0,"enemies":"Small Slimes","floor":3,"turns":3},{"damage":5,"enemies":"Cultist","floor":4,"turns":7},{"damage":6,"enemies":"Large Slime","floor":5,"turns":7},{"damage":5,"enemies":"3 Louse","floor":7,"turns":8},{"damage":3,"enemies":"Looter","floor":8,"turns":3},{"damage":4,"enemies":"Lagavulin","floor":10,"turns":6},{"damage":0,"enemies":"Exordium Thugs","floor":11,"turns":4},{"damage":8,"enemies":"3 Sentries","floor":12,"turns":6},{"damage":13,"enemies":"The Guardian","floor":16,"turns":16},{"damage":29,"enemies":"Spheric Guardian","floor":18,"turns":8},{"damage":8,"enemies":"Centurion and Healer","floor":20,"turns":11},{"damage":19,"enemies":"Gremlin Leader","floor":23,"turns":10},{"damage":4,"enemies":"Shelled Parasite and Fungi","floor":28,"turns":8},{"damage":0,"enemies":"Chosen and Byrds","floor":29,"turns":5},{"damage":12,"enemies":"Collector","floor":33,"turns":13},{"damage":2,"enemies":"3 Shapes","floor":35,"turns":4},{"damage":0,"enemies":"Orb Walker","floor":36,"turns":4},{"damage":2,"enemies":"Maw","floor":38,"turns":7},{"damage":20,"enemies":"Reptomancer","floor":40,"turns":7},{"damage":17,"enemies":"Sphere and 2 Shapes","floor":41,"turns":6},{"damage":17,"enemies":"3 Darklings","floor":44,"turns":3},{"damage":0,"enemies":"4 Shapes","floor":46,"turns":5},{"damage":34,"enemies":"Giant Head","floor":47,"turns":6}],"seed_played":"5144513186178120549","potions_obtained":[{"floor":3,"key":"Dexterity Potion"},{"floor":4,"key":"Fruit Juice"},{"floor":11,"key":"CultistPotion"},{"floor":16,"key":"GamblersBrew"},{"floor":20,"key":"DuplicationPotion"},{"floor":28,"key":"SkillPotion"},{"floor":33,"key":"SpeedPotion"},{"floor":35,"key":"Strength Potion"},{"floor":41,"key":"HakureiPotion:ReiMu"},{"floor":46,"key":"PowerPotion"}],"is_trial":false,"path_per_floor":["M","$","M","M","M","R","M","M","T","E","M","E","?","?","R","B",null,"M","$","M","?","$","E","?","R","T","?","M","M","?","?","R","B",null,"M","M","$","M","$","E","M","?","T","M","$","M","E"],"character_chosen":"REIMU","items_purchased":["PrepareRite:ReiMu","SubAcupoint:ReiMu","DollysMirror","KamiRite:ReiMu","AirStrike:ReiMu","LiquidFlight:ReiMu","BlastKick2:ReiMu","Turnip","TentaclePot:ReiMu","Dreaming2:ReiMu","Regal Pillow"],"campfire_rested":1,"item_purchase_floors":[2,2,19,19,19,19,22,37,37,39,45],"current_hp_per_floor":[59,59,59,54,53,53,48,45,45,41,41,33,33,33,33,20,64,35,35,27,27,27,20,20,33,40,40,40,51,43,43,43,41,56,56,56,56,54,54,40,30,30,30,15,15,15,0,0],"gold":81,"neow_bonus":"RANDOM_COLORLESS_2","is_daily":false,"chose_seed":false,"campfire_upgraded":3,"win_rate":0.0,"timestamp":1610736198,"path_taken":["M","$","M","M","M","R","M","M","T","E","M","E","?","?","R","BOSS","M","$","M","?","$","E","?","R","T","?","?","M","?","?","R","BOSS","M","M","$","M","$","E","M","?","T","M","?","M","E"],"items_purchased_type":["Card","Card","Relic","Card","Card","Potion","Card","Relic","Relic","Card","Relic"],"build_version":"2020-12-22","purchased_purges":0,"victory":false,"max_hp_per_floor":[59,59,59,59,64,64,64,64,64,64,64,64,64,64,64,64,64,64,64,64,44,44,44,44,44,51,51,51,51,56,56,56,56,56,56,56,56,56,56,56,56,56,56,56,56,56,56,56],"card_choices":[{"not_picked":["Secret Technique","Panache"],"picked":"HandOfGreed","floor":0.0},{"not_picked":["Enchanting:ReiMu","TightArray:ReiMu"],"picked":"RainPray2:ReiMu","floor":1},{"not_picked":["RainPray2:ReiMu","TightArray:ReiMu"],"picked":"Enchanting:ReiMu","floor":3},{"not_picked":["Meditation:ReiMu","Dreaming2:ReiMu"],"picked":"EmergencyTakeOff:ReiMu","floor":4},{"not_picked":["AirStrike:ReiMu","SpreadBorder2:ReiMu"],"picked":"PrayRite:ReiMu","floor":5},{"not_picked":["FantasyMoon:ReiMu","Crusade:ReiMu"],"picked":"SafetyPray:ReiMu","floor":7},{"not_picked":["RainPray2:ReiMu","DoubleButterfly:ReiMu"],"picked":"AirManeuver:ReiMu","floor":8},{"not_picked":["NineCharacters:ReiMu","TightArray:ReiMu"],"picked":"HakureiPhantom:ReiMu","floor":10},{"not_picked":["RainPray2:ReiMu","SpreadBorder2:ReiMu"],"picked":"PrepareRite:ReiMu","floor":11},{"not_picked":["Dreaming:ReiMu","Shading:ReiMu"],"picked":"CeremonyResonance:ReiMu","floor":16},{"not_picked":["SubAcupoint:ReiMu+1","Dreaming2:ReiMu+1"],"picked":"AirStrike:ReiMu","floor":18},{"not_picked":["SpreadBorder2:ReiMu","Intuition:ReiMu"],"picked":"RainPray2:ReiMu","floor":20},{"not_picked":["Revelation:ReiMu","DependentForm:ReiMu"],"picked":"FineLineFantasy:ReiMu+1","floor":23},{"not_picked":["SubcavityInstant:ReiMu","OrbThrow:ReiMu"],"picked":"UpKicking:ReiMu","floor":25},{"not_picked":["SafetyPray:ReiMu","Intuition:ReiMu+1"],"picked":"PassingAway:ReiMu","floor":28},{"not_picked":["TightArray:ReiMu+1","SafetyPray:ReiMu"],"picked":"AlertArray:ReiMu","floor":29},{"not_picked":["HakureiPhantom:ReiMu","Authority:ReiMu"],"picked":"BlastKick2:ReiMu","floor":33},{"not_picked":["Enchanting:ReiMu+1","ManaGlint:ReiMu"],"picked":"CareerPray:ReiMu+1","floor":35},{"not_picked":["SubAcupoint:ReiMu+1","CollectionFlower2:ReiMu+1"],"picked":"SpringWay:ReiMu","floor":36},{"not_picked":["SpreadBorder2:ReiMu","SpringWay:ReiMu"],"picked":"CardOfSanctity:ReiMu","floor":38},{"not_picked":["OctopathBindingBorder2:ReiMu","Meditation:ReiMu+1","SubcavityInstant:ReiMu+1"],"picked":"SKIP","floor":40},{"not_picked":["Enchanting:ReiMu+1","CareerPray:ReiMu"],"picked":"AlertArray:ReiMu+1","floor":41},{"not_picked":["Conquer:ReiMu","HakureiPhantom:ReiMu"],"picked":"KamiSacrifice:ReiMu","floor":44},{"not_picked":["Intuition:ReiMu","FineLineFantasy:ReiMu"],"picked":"PhosphorusFlame:ReiMu+1","floor":46}],"player_experience":216442,"relics_obtained":[{"floor":1,"key":"LetterFromLob"},{"floor":9,"key":"InkBottle"},{"floor":10,"key":"Dream Catcher"},{"floor":23,"key":"Bird Faced Urn"},{"floor":26,"key":"Strawberry"},{"floor":34,"key":"Ancient Tea Set"},{"floor":34,"key":"Kunai"},{"floor":34,"key":"TungstenRod"},{"floor":40,"key":"Shuriken"}],"event_choices":[{"damage_healed":0,"gold_gain":0,"player_choice":"Grow","damage_taken":0,"max_hp_gain":0,"max_hp_loss":0,"event_name":"Living Wall","floor":13,"gold_loss":0,"cards_upgraded":["HakureiPhantom:ReiMu"]},{"damage_healed":0,"gold_gain":0,"player_choice":"Donate","damage_taken":0,"relics_obtained":["PaintedHorse:ReiMu"],"max_hp_gain":0,"max_hp_loss":0,"event_name":"yidonshenshe","floor":14,"gold_loss":40},{"damage_healed":0,"gold_gain":0,"player_choice":"Became a vampire","damage_taken":0,"max_hp_gain":0,"max_hp_loss":20,"event_name":"Vampires","floor":21,"gold_loss":0,"cards_obtained":["Bite","Bite","Bite","Bite","Bite"]},{"damage_healed":0,"gold_gain":0,"player_choice":"Ignored","damage_taken":0,"max_hp_gain":0,"max_hp_loss":0,"event_name":"Beggar","floor":24,"gold_loss":0},{"damage_healed":0,"gold_gain":100,"player_choice":"Pray","damage_taken":0,"max_hp_gain":0,"max_hp_loss":0,"event_name":"Golden Shrine","floor":27,"gold_loss":0},{"damage_healed":0,"gold_gain":0,"player_choice":"Shed Blood","damage_taken":13,"max_hp_gain":5,"max_hp_loss":0,"event_name":"Forgotten Altar","floor":30,"gold_loss":0},{"damage_healed":0,"gold_gain":0,"player_choice":"Hand rover O-miki","damage_taken":0,"max_hp_gain":0,"max_hp_loss":0,"event_name":"ZunEvent","floor":31,"relics_lost":["ZunR:ReiMu"],"gold_loss":0,"cards_obtained":["ZunPunch:ReiMu"]},{"damage_healed":0,"gold_gain":0,"player_choice":"Bought 0 Potions","damage_taken":0,"max_hp_gain":0,"max_hp_loss":0,"event_name":"The Woman in Blue","floor":42,"gold_loss":0}],"is_beta":false,"boss_relics":[{"not_picked":["SlaversCollar","Fusion Hammer"],"picked":"RedLine:ReiMu"},{"not_picked":["Tiny House","SacredBark"],"picked":"Calling Bell"}],"items_purged_floors":[],"is_endless":false,"potions_floor_spawned":[3,4,11,16,20,28,33,35,41,46],"killed_by":"Giant Head","ascension_level":0}}