{"host":"52m1o8iwwagurbjs","time":1610737480,"event":{"mods":["AchievementEnabler","BaseMod","Bestiary","Colored Powertips","GifTheSpireLib","Minty Spire (QoL Compilation)","Quick Restart","RNG Fix","Relic Stats","StSLib"],"gold_per_floor":[111,125,144,144,160,190,190,219,245,245,265,276,37,49,49,124,124,137,117,117,117,130,130,180,205,205,221,221,221],"floor_reached":28,"language":"ENG","playtime":874,"items_purged":["Strike_B"],"score":491,"play_id":"d7046933-f0db-4812-9567-07176c5cd743","local_time":"20210115140440","is_ascension_mode":true,"campfire_choices":[{"data":"Ball Lightning","floor":7,"key":"SMITH"},{"floor":10,"key":"REST"},{"floor":15,"key":"REST"},{"floor":23,"key":"REST"}],"circlet_count":0,"master_deck":["AscendersBane","Strike_B","Strike_B","Defend_B","Defend_B","Defend_B","Zap","Dualcast","Lockon","Ball Lightning+1","Compile Driver","Auto Shields","Hologram","Leap","Sunder","Steam","Glacier","Defragment","Electrodynamics","Coolheaded","Leap","Chill","Defragment","Coolheaded"],"relics":["Cracked Core","Dream Catcher","Ancient Tea Set","Bag of Preparation","Bag of Marbles","Cursed Key","Unceasing Top"],"acts_visited":["Exordium","TheCity"],"potions_floor_usage":[6,8,22,25,25,28],"damage_taken":[{"damage":9,"enemies":"Jaw Worm","floor":1,"turns":4},{"damage":0,"enemies":"Cultist","floor":2,"turns":3},{"damage":6,"enemies":"Small Slimes","floor":3,"turns":3},{"damage":9,"enemies":"Red Slaver","floor":5,"turns":3},{"damage":24,"enemies":"Lagavulin","floor":6,"turns":6},{"damage":40,"enemies":"3 Sentries","floor":8,"turns":7},{"damage":0,"enemies":"2 Fungi Beasts","floor":11,"turns":2},{"damage":0,"enemies":"3 Louse","floor":12,"turns":2},{"damage":12,"enemies":"Exordium Wildlife","floor":14,"turns":4},{"damage":11,"enemies":"The Guardian","floor":16,"turns":11},{"damage":7,"enemies":"Chosen","floor":18,"turns":3},{"damage":11,"enemies":"2 Thieves","floor":19,"turns":4},{"damage":17,"enemies":"Shelled Parasite and Fungi","floor":22,"turns":7},{"damage":11,"enemies":"Slavers","floor":25,"turns":3},{"damage":13,"enemies":"Snake Plant","floor":27,"turns":5},{"damage":13,"enemies":"Centurion and Healer","floor":28,"turns":2}],"seed_played":"3512397370809380154","potions_obtained":[{"floor":3,"key":"Fire Potion"},{"floor":6,"key":"SteroidPotion"},{"floor":16,"key":"FocusPotion"},{"floor":19,"key":"Energy Potion"},{"floor":22,"key":"Swift Potion"},{"floor":27,"key":"Swift Potion"}],"is_trial":false,"path_per_floor":["M","M","M","?","M","E","R","E","T","R","M","M","$","M","R","B",null,"M","M","?","?","M","R","?","E","T","M","M"],"character_chosen":"DEFECT","items_purchased":["Bag of Marbles"],"campfire_rested":3,"item_purchase_floors":[13],"current_hp_per_floor":[62,62,56,78,69,45,45,5,5,28,28,28,28,16,39,28,66,59,48,26,26,9,33,33,22,22,9,0,0],"gold":221,"neow_bonus":"TEN_PERCENT_HP_BONUS","is_daily":false,"chose_seed":false,"campfire_upgraded":1,"win_rate":0.0,"timestamp":1610737480,"path_taken":["M","M","M","?","M","E","R","E","T","R","?","M","$","M","R","BOSS","M","M","?","?","M","R","?","E","T","?","M"],"items_purchased_type":["Relic"],"build_version":"2020-12-22","purchased_purges":1,"victory":false,"max_hp_per_floor":[78,78,78,78,78,78,78,78,78,78,78,78,78,78,78,78,78,78,78,83,83,83,83,83,83,83,83,83,83],"relic_stats":{"Dream Catcher":3,"counters":[16,69],"Bag of Preparation":[20],"Cursed Key":0,"obtain_stats":[{"Dream Catcher":6,"Bag of Preparation":9,"Bag of Marbles":13,"Cracked Core":0,"Ancient Tea Set":8,"Cursed Key":17,"Unceasing Top":25},{"Dream Catcher":5,"Bag of Preparation":6,"Bag of Marbles":8,"Cracked Core":0,"Ancient Tea Set":6,"Cursed Key":10,"Unceasing Top":14},{"Dream Catcher":19,"Bag of Preparation":26,"Bag of Marbles":30,"Cracked Core":0,"Ancient Tea Set":26,"Cursed Key":45,"Unceasing Top":62}],"Unceasing Top":[0]},"card_choices":[{"not_picked":["Rebound","Skim"],"picked":"Lockon","floor":1},{"not_picked":["Lockon","Sunder"],"picked":"Ball Lightning","floor":2},{"not_picked":["Turbo","Streamline"],"picked":"Compile Driver","floor":3},{"not_picked":["Reprogram","Steam Power"],"picked":"Auto Shields","floor":5},{"not_picked":["Barrage","Streamline"],"picked":"Hologram","floor":6},{"not_picked":["Conserve Battery","Beam Cell"],"picked":"Leap","floor":8},{"not_picked":["Stack","Compile Driver"],"picked":"Sunder","floor":10},{"not_picked":["Hologram","Streamline"],"picked":"Steam","floor":11},{"not_picked":["Force Field","Fusion","Gash"],"picked":"SKIP","floor":12},{"not_picked":["Scrape","Chaos"],"picked":"Glacier","floor":14},{"not_picked":["Hyperbeam","Cold Snap"],"picked":"Defragment","floor":15},{"not_picked":["Multi-Cast","Seek"],"picked":"Electrodynamics","floor":16},{"not_picked":["Tempest","Gash","Cold Snap"],"picked":"SKIP","floor":18},{"not_picked":["Leap","Doom and Gloom"],"picked":"Coolheaded","floor":19},{"not_picked":["Force Field","Turbo"],"picked":"Defragment","floor":22},{"not_picked":["Go for the Eyes","Sweeping Beam","Leap"],"picked":"SKIP","floor":25},{"not_picked":["Amplify","Steam"],"picked":"Coolheaded","floor":27}],"player_experience":1120082,"relics_obtained":[{"floor":6,"key":"Dream Catcher"},{"floor":8,"key":"Ancient Tea Set"},{"floor":9,"key":"Bag of Preparation"},{"floor":25,"key":"Unceasing Top"}],"event_choices":[{"damage_healed":26,"gold_gain":0,"player_choice":"Banana","damage_taken":0,"max_hp_gain":0,"max_hp_loss":0,"event_name":"Big Fish","floor":4,"gold_loss":0},{"damage_healed":0,"gold_gain":0,"player_choice":"Shed Blood","damage_taken":27,"max_hp_gain":5,"max_hp_loss":0,"event_name":"Forgotten Altar","floor":20,"gold_loss":0},{"damage_healed":0,"gold_gain":0,"cards_transformed":["Strike_B","Defend_B"],"player_choice":"Became Test Subject","damage_taken":0,"max_hp_gain":0,"max_hp_loss":0,"event_name":"Drug Dealer","floor":21,"gold_loss":0,"cards_obtained":["Leap","Chill"]},{"damage_healed":0,"gold_gain":100,"player_choice":"Bet on Murderer","damage_taken":0,"max_hp_gain":0,"max_hp_loss":0,"event_name":"The Joust","floor":24,"gold_loss":50}],"is_beta":false,"boss_relics":[{"not_picked":["Fusion Hammer","Runic Dome"],"picked":"Cursed Key"}],"items_purged_floors":[13],"is_endless":false,"potions_floor_spawned":[3,6,16,19,22,27],"killed_by":"Centurion and Healer","ascension_level":19}}