{"host":"ksjx20m9x6o8x8qp","time":1610691518,"event":{"mods":["BaseMod","Highlight Path","Minty Spire (QoL Compilation)","RNG Fix","Relic Stats","StSLib"],"gold_per_floor":[209,227,98,109,189,189,20,45,116,146,163,197,211,225,225,225,225],"floor_reached":16,"language":"ENG","playtime":1892,"items_purged":[],"score":244,"play_id":"131fd896-9317-48d8-91af-bf9b0657dae6","local_time":"20210115071838","is_ascension_mode":true,"campfire_choices":[{"data":"Uppercut","floor":6,"key":"SMITH"},{"data":"1","floor":15,"key":"LIFT"}],"circlet_count":0,"master_deck":["AscendersBane","Strike_R","Strike_R","Strike_R","Strike_R","Strike_R","Defend_R","Defend_R","Defend_R","Defend_R","Bash","Shrug It Off","Sword Boomerang","Fire Breathing","Uppercut+1","Carnage","Shrug It Off","Exhume"],"relics":["Burning Blood","PreservedInsect","Pantograph","Girya"],"acts_visited":["Exordium"],"potions_floor_usage":[10,12,16],"damage_taken":[{"damage":7.0,"enemies":"Jaw Worm","floor":1.0,"turns":4.0},{"damage":2.0,"enemies":"2 Louse","floor":2.0,"turns":3.0},{"damage":1,"enemies":"Cultist","floor":4,"turns":3},{"damage":14,"enemies":"Lagavulin","floor":8,"turns":5},{"damage":10,"enemies":"3 Sentries","floor":10,"turns":5},{"damage":6,"enemies":"Red Slaver","floor":11,"turns":5},{"damage":20,"enemies":"Lagavulin","floor":12,"turns":4},{"damage":20,"enemies":"Exordium Thugs","floor":13,"turns":8},{"damage":8,"enemies":"2 Fungi Beasts","floor":14,"turns":3},{"damage":62,"enemies":"Hexaghost","floor":16,"turns":10}],"seed_played":"1906242511012339217","potions_obtained":[{"floor":2.0,"key":"HeartOfIron"},{"floor":8,"key":"SkillPotion"},{"floor":10,"key":"FearPotion"}],"is_trial":false,"path_per_floor":["M","M","$","M","?","R","$","E","T","E","M","E","M","M","R","B"],"character_chosen":"IRONCLAD","items_purchased":["Fire Breathing","Uppercut","PreservedInsect"],"campfire_rested":0,"item_purchase_floors":[3,3,7],"current_hp_per_floor":[67,71,71,75,75,75,75,67,67,63,63,49,35,33,33,0,0],"gold":225,"neow_bonus":"HUNDRED_GOLD","is_daily":false,"chose_seed":false,"campfire_upgraded":1,"win_rate":0.0,"timestamp":1610691518,"path_taken":["M","M","$","M","?","R","$","E","T","E","M","E","?","M","R","BOSS"],"items_purchased_type":["Card","Card","Relic"],"build_version":"2020-12-22","purchased_purges":0,"victory":false,"max_hp_per_floor":[75,75,75,75,75,75,75,75,75,75,75,75,75,75,75,75,75],"relic_stats":{"counters":[10,50],"Pantograph":25,"PreservedInsect":91,"obtain_stats":[{"Girya":12,"Pantograph":8,"PreservedInsect":7,"Burning Blood":0},{"Girya":7,"Pantograph":4,"PreservedInsect":3,"Burning Blood":0},{"Girya":29,"Pantograph":15,"PreservedInsect":10,"Burning Blood":0}],"Burning Blood":53},"card_choices":[{"not_picked":["Cleave","Body Slam"],"picked":"Shrug It Off","floor":1.0},{"not_picked":["Iron Wave","Searing Blow"],"picked":"Sword Boomerang","floor":2.0},{"not_picked":["Anger","Infernal Blade"],"picked":"Carnage","floor":4},{"not_picked":["Body Slam","Intimidate","Sword Boomerang"],"picked":"SKIP","floor":8},{"not_picked":["Clash","Dropkick"],"picked":"Shrug It Off","floor":10},{"not_picked":["Fire Breathing","Wild Strike"],"picked":"Exhume","floor":11},{"not_picked":["Intimidate","True Grit","Dark Embrace"],"picked":"SKIP","floor":12},{"not_picked":["Dropkick","Havoc","Warcry"],"picked":"SKIP","floor":13},{"not_picked":["Dark Embrace","Havoc","Wild Strike"],"picked":"SKIP","floor":14}],"player_experience":53283,"relics_obtained":[{"floor":8,"key":"Pantograph"},{"floor":12,"key":"Girya"}],"event_choices":[{"damage_healed":0,"gold_gain":80,"player_choice":"Gained Gold","damage_taken":0,"max_hp_gain":0,"max_hp_loss":0,"event_name":"Golden Wing","floor":5,"gold_loss":0}],"is_beta":false,"boss_relics":[],"items_purged_floors":[],"is_endless":false,"potions_floor_spawned":[2,8,10],"killed_by":"Hexaghost","ascension_level":20}}