{"host":"1pwde2j81wdvsae3","time":1610683968,"event":{"mods":["BaseMod","Minty Spire (QoL Compilation)","Replay The Spire","Shop Mod","StSLib"],"gold_per_floor":[362,362,0,16,16,16,91,91,91],"floor_reached":8,"language":"ZHS","playtime":263,"items_purged":["Strike_G"],"score":70,"play_id":"5539c7cf-fb3b-4f64-9d4a-992bff4e311b","local_time":"20210115121248","is_ascension_mode":true,"campfire_choices":[{"data":"Chrysalis","floor":6,"key":"SMITH"}],"circlet_count":0,"master_deck":["AscendersBane","Strike_R","Strike_R","Strike_R","Strike_R","Defend_R","Defend_R","Defend_R","Bash","Defend_P","Thunderclap","Battle Trance","Inflame","Iron Wave","Havoc","ReplayTheSpireMod:Strike From Hell","ReplayTheSpireMod:Strike From Hell","Forethought","Chrysalis+1","True Grit"],"relics":["Burning Blood","MerchantsRug"],"acts_visited":["Exordium"],"potions_floor_usage":[],"damage_taken":[{"damage":1,"enemies":"Cultist","floor":1,"turns":4},{"damage":10,"enemies":"Small Slimes","floor":4,"turns":4},{"damage":57,"enemies":"Lagavulin","floor":8,"turns":7}],"seed_played":"-1580044275855680363","potions_obtained":[],"is_trial":false,"path_per_floor":["M","?","$","M","?","R","?","E"],"character_chosen":"IRONCLAD","items_purchased":["BargainBundle","Battle Trance","Inflame","Iron Wave","Havoc","ReplayTheSpireMod:Strike From Hell","EssenceOfSteel","Weak Potion","MerchantsRug","Forethought","Chrysalis"],"campfire_rested":0,"item_purchase_floors":[3,3,3,3,3,3,3,3,3,3,3],"current_hp_per_floor":[77,77,77,73,66,66,55,0,0],"gold":91,"neow_bonus":"TWO_FIFTY_GOLD","is_daily":false,"chose_seed":false,"campfire_upgraded":1,"win_rate":0.0,"timestamp":1610683968,"path_taken":["M","?","$","M","?","R","?","E"],"items_purchased_type":["Relic","Card","Card","Card","Card","Card","Potion","Potion","Relic","Card","Card"],"build_version":"2020-12-22","purchased_purges":1,"victory":false,"max_hp_per_floor":[80,80,80,80,80,80,80,80,80],"card_choices":[{"not_picked":["Warcry","Dual Wield"],"picked":"Thunderclap","floor":1},{"not_picked":["Anger","Shockwave"],"picked":"True Grit","floor":4}],"player_experience":203988,"relics_obtained":[],"event_choices":[{"cards_removed":["Strike_R"],"damage_healed":0,"gold_gain":0,"player_choice":"Card Removal","damage_taken":7,"max_hp_gain":0,"max_hp_loss":0,"event_name":"Golden Wing","floor":5,"gold_loss":0},{"damage_healed":0,"gold_gain":75,"player_choice":"Gather Gold","damage_taken":11,"max_hp_gain":0,"max_hp_loss":0,"event_name":"World of Goop","floor":7,"gold_loss":0}],"is_beta":false,"boss_relics":[],"items_purged_floors":[3],"is_endless":false,"potions_floor_spawned":[],"killed_by":"Lagavulin","ascension_level":12}}