{"host":"1c52r9kaxdyo25eq","time":1610737912,"event":{"mods":["AchievementEnabler","BaseMod","Minty Spire (QoL Compilation)","Rare Cards Sparkle","SuperFastMode","everything is the same but u backflip on backflip"],"gold_per_floor":[109,120,45,45,55,55,84,84,163,192,192,212,212,58,58,130,130,141,56,56,56,68,68,68,68],"floor_reached":24,"language":"KOR","playtime":420,"items_purged":["Defend_G"],"score":404,"play_id":"0265b97c-a801-49e8-a231-a2c383009e00","local_time":"20210116041152","is_ascension_mode":true,"campfire_choices":[{"data":"Dagger Throw","floor":6.0,"key":"SMITH"},{"floor":8.0,"key":"REST"},{"floor":11.0,"key":"REST"},{"floor":13.0,"key":"REST"},{"data":"Accuracy","floor":15.0,"key":"SMITH"},{"data":"Calculated Gamble","floor":23.0,"key":"SMITH"}],"circlet_count":0,"master_deck":["AscendersBane","Strike_G","Strike_G","Strike_G","Strike_G","Defend_G","Defend_G","Defend_G","Survivor","Neutralize","Dagger Throw+1","Calculated Gamble+1","Masterful Stab","Blade Dance","Noxious Fumes","Accuracy+1","Cloak And Dagger","Infinite Blades","A Thousand Cuts"],"relics":["Ring of the Snake","Art of War","Ornamental Fan","Dream Catcher","HoveringKite","Gremlin Horn"],"acts_visited":["Exordium","TheCity"],"potions_floor_usage":[],"damage_taken":[{"damage":9.0,"enemies":"Jaw Worm","floor":1.0,"turns":8.0},{"damage":0.0,"enemies":"2 Louse","floor":2.0,"turns":2.0},{"damage":4.0,"enemies":"Small Slimes","floor":5.0,"turns":4.0},{"damage":32.0,"enemies":"Gremlin Nob","floor":7.0,"turns":4.0},{"damage":32.0,"enemies":"Lagavulin","floor":10.0,"turns":5.0},{"damage":3.0,"enemies":"Blue Slaver","floor":12.0,"turns":3.0},{"damage":24.0,"enemies":"Slime Boss","floor":16.0,"turns":6.0},{"damage":18.0,"enemies":"Shell Parasite","floor":18.0,"turns":4.0},{"damage":14.0,"enemies":"2 Thieves","floor":22.0,"turns":3.0},{"damage":18,"enemies":"Cultist and Chosen","floor":24,"turns":3}],"seed_played":"963702869629784946","potions_obtained":[{"floor":5.0,"key":"ColorlessPotion"},{"floor":7.0,"key":"LiquidBronze"},{"floor":10.0,"key":"Poison Potion"}],"is_trial":false,"path_per_floor":["M","M","?","?","M","R","E","R","T","E","R","M","R","$","R","B",null,"M","?","?","$","M","R","M"],"character_chosen":"THE_SILENT","items_purchased":["Infinite Blades"],"campfire_rested":3,"item_purchase_floors":[14],"current_hp_per_floor":[50,50,50,55,51,51,19,40,40,8,29,26,47,47,47,23,59,41,41,41,41,27,27,9,9],"gold":68,"neow_bonus":"REMOVE_CARD","is_daily":false,"chose_seed":false,"campfire_upgraded":3,"win_rate":0.0,"timestamp":1610737912,"path_taken":["M","M","?","?","M","R","E","R","T","E","R","M","R","$","R","BOSS","M","?","?","?","M","R","M"],"items_purchased_type":["Card"],"build_version":"2020-12-22","purchased_purges":1,"victory":false,"max_hp_per_floor":[66,66,66,71,71,71,71,71,71,71,71,71,71,71,71,71,71,71,71,71,71,71,71,71,71],"card_choices":[{"not_picked":["PiercingWail","Expertise"],"picked":"Dagger Throw","floor":1.0},{"not_picked":["Deadly Poison","Flying Knee"],"picked":"Calculated Gamble","floor":2.0},{"not_picked":["PiercingWail","Dash"],"picked":"Masterful Stab","floor":5.0},{"not_picked":["Dodge and Roll","Tools of the Trade"],"picked":"Blade Dance","floor":7.0},{"not_picked":["Glass Knife","Calculated Gamble","Caltrops"],"picked":"SKIP","floor":10.0},{"not_picked":["Sucker Punch","Bane"],"picked":"Noxious Fumes","floor":11.0},{"not_picked":["Poisoned Stab","Bane"],"picked":"Accuracy","floor":12.0},{"not_picked":["Backflip","Escape Plan"],"picked":"Cloak And Dagger","floor":13.0},{"not_picked":["Die Die Die","Unload"],"picked":"A Thousand Cuts","floor":16.0},{"not_picked":["Caltrops+1","Dodge and Roll","Slice"],"picked":"SKIP","floor":18.0},{"not_picked":["Escape Plan","Deflect","Dagger Throw"],"picked":"SKIP","floor":22.0}],"player_experience":588393,"relics_obtained":[{"floor":7.0,"key":"Art of War"},{"floor":9.0,"key":"Ornamental Fan"},{"floor":10.0,"key":"Dream Catcher"}],"event_choices":[{"cards_removed":["Strike_G"],"damage_healed":0.0,"max_hp_gain":0.0,"max_hp_loss":0.0,"gold_gain":0.0,"event_name":"The Cleric","player_choice":"Card Removal","floor":3.0,"gold_loss":75.0,"damage_taken":0.0},{"damage_healed":0.0,"max_hp_gain":5.0,"max_hp_loss":0.0,"gold_gain":0.0,"event_name":"Big Fish","player_choice":"Donut","floor":4.0,"gold_loss":0.0,"damage_taken":0.0},{"damage_healed":0.0,"max_hp_gain":0.0,"max_hp_loss":0.0,"gold_gain":0.0,"event_name":"Addict","player_choice":"Obtained Relic","floor":19.0,"gold_loss":85.0,"damage_taken":0.0,"relics_obtained":["Gremlin Horn"]},{"damage_healed":0.0,"max_hp_gain":0.0,"max_hp_loss":0.0,"gold_gain":0.0,"event_name":"Ghosts","player_choice":"Ignored","floor":20.0,"gold_loss":0.0,"damage_taken":0.0}],"is_beta":false,"boss_relics":[{"not_picked":["Cursed Key","SlaversCollar"],"picked":"HoveringKite"}],"items_purged_floors":[14],"is_endless":false,"potions_floor_spawned":[5,7,10],"killed_by":"Cultist and Chosen","ascension_level":20}}