{"host":"6jtzbi9kl8x9w6dt","time":1610683155,"event":{"mods":["Act Like it!","Aspiration","BaseMod","BetterRewards","Colored Powertips","Defuse TimeMaze Blight","Downfall","Friendly Minions","Halation","Hallownest","Hermit","Hubris","Marisa????????","Mimic Mod","Minty Spire (QoL Compilation)","Prisma Mod","READ ME - Guardian Mod","StSLib","SuperFastMode","Td1madao Mod","The Animator","The Bladedancer","The Construct","The Cursed","The Disciple","The Hierophant","The Mystic","The Necromancer","The Senshi","The Servant 0.9.4"],"gold_per_floor":[99,111,111,121,65,65,65,84,9,19,34,34,44,44,44],"floor_reached":14,"language":"ENG","playtime":483,"items_purged":[],"score":82,"play_id":"6dde7e0d-43d5-4fda-9952-a72b8ce99359","local_time":"20210114195915","is_ascension_mode":false,"campfire_choices":[{"floor":1,"key":"RECALL"},{"floor":9,"key":"REST"}],"circlet_count":0,"master_deck":["Embodiment+1","Strike_S","Strike_S","Strike_S","Strike_S","Defend_S","Defend_S+1","Defend_S","Defend_S","KidneyShot","Exchange","Replace","Defy","SurpressingFire","ShatteredReality","Starlight","TheWorld","Replace"],"relics":["Uniform","aspiration:Nostalgia","champ:ChampionCrown","Hallownest:DreamNailRelic","Bag of Marbles","downfall:HeartBlessingRed"],"acts_visited":["Hallownest:Greenpath"],"potions_floor_usage":[11,11,13],"damage_taken":[{"damage":20,"enemies":"Hallownest:2_Tiktiks_and_1_Crawlid","floor":2,"turns":4},{"damage":8,"enemies":"Hallownest:2_MossCreeps","floor":4,"turns":5},{"damage":0,"enemies":"downfall:FleeingMerchant","floor":5,"turns":4},{"damage":1,"enemies":"Hallownest:2_Baldur","floor":8,"turns":4},{"damage":0,"enemies":"Hallownest:Wandering_and_Horned","floor":10,"turns":6},{"damage":7,"enemies":"Hallownest:1_Baldur_1_Crawlid_1_Warrior","floor":11,"turns":2},{"damage":24,"enemies":"Hallownest:1_Ooma_and_2_Uuma","floor":13,"turns":7},{"damage":15,"enemies":"Hallownest:eliteVengeflyKing","floor":14,"turns":4}],"seed_played":"-1929805983490347502","potions_obtained":[{"floor":2,"key":"AttackPotion"},{"floor":8,"key":"AttackPotion"},{"floor":10,"key":"PowerPotion"}],"is_trial":false,"path_per_floor":["R","M","?","M","$","?","T","M","R","M","M","?","M","E"],"character_chosen":"THE_SERVANT","items_purchased":["SurpressingFire"],"campfire_rested":1,"item_purchase_floors":[5],"current_hp_per_floor":[65,45,45,37,37,37,37,36,55,55,48,39,15,0,0],"gold":44,"neow_bonus":"NOSTALGIA","is_daily":false,"chose_seed":false,"campfire_upgraded":0,"win_rate":0.0,"timestamp":1610683155,"path_taken":["R","M","?","M","?","?","T","M","R","?","M","?","M","E"],"items_purchased_type":["Card"],"build_version":"2020-12-22","purchased_purges":0,"victory":false,"max_hp_per_floor":[65,65,65,65,65,65,65,65,65,65,65,65,65,65,65],"card_choices":[{"not_picked":["Desolation","Revamp","Unruled"],"picked":"SKIP","floor":2},{"not_picked":["Spin","Rearm"],"picked":"Replace","floor":4},{"not_picked":["DoubleEdge","Desolation"],"picked":"Defy","floor":5},{"not_picked":["TimeWarp","Sabotage"],"picked":"ShatteredReality","floor":8},{"not_picked":["BottledTime","Contraction"],"picked":"Starlight","floor":10},{"not_picked":["Comet","Alleviate"],"picked":"TheWorld","floor":11},{"not_picked":["SilverBlades","Sabotage"],"picked":"Replace","floor":13}],"player_experience":90544,"relics_obtained":[{"floor":7,"key":"Bag of Marbles"}],"event_choices":[],"is_beta":false,"boss_relics":[],"items_purged_floors":[],"is_endless":false,"potions_floor_spawned":[2,8,10],"killed_by":"Hallownest:eliteVengeflyKing","ascension_level":0}}