{"host":"h5mpg8xef8fl8s1y","time":1610732318,"event":{"mods":["100% Spire Juice","AchievementEnabler","BaseMod","Bestiary","Block Reminder","CapriCore","Colored Map","Colored Powertips","Curses Come First","Dark Map","Displayed Cursed Tome","Googly Eyes","Koishi","Marisa????????","Minty Spire (QoL Compilation)","Permanent Neow","Quick Restart","Random Character Button","Rare Cards Sparkle","Reimu??????","Relic Stats","Remilia??????","StSLib","Starting Relic: Pandora\u0027s Box","The Immortal","The Marked","The Senshi","The Servant 0.9.4","TheVelvet","Waifu the Spire","Yakumo Yukari mod","Yuyuko","everything is the same but u backflip on backflip"],"gold_per_floor":[114,126,69,24,37,63,78,78,124,124,144,24,24,36,36,140,190,207,222,222,222,236,236,236,236,313,313,313,72,97,18,18,116,116,133,133,152,152,152,152],"floor_reached":39,"language":"ENG","playtime":1797,"items_purged":[],"score":492,"play_id":"f5fda605-554b-429f-a30e-63af52f9340d","local_time":"20210115123838","is_ascension_mode":true,"campfire_choices":[{"data":"Moonworks:x16BigRocket","floor":8,"key":"SMITH"},{"data":"Moonworks:Dash","floor":10,"key":"SMITH"},{"data":"Bandage Up","floor":12,"key":"SMITH"},{"data":"Moonworks:x16BigRocket+1","floor":15,"key":"SMITH"},{"data":"Moonworks:AccelHyper","floor":23,"key":"SMITH"},{"data":"Moonworks:x16BigRocket+2","floor":25,"key":"SMITH"},{"data":"Moonworks:x16BigRocket+3","floor":28,"key":"SMITH"},{"data":"Moonworks:AwakeningOfTalent","floor":32,"key":"SMITH"}],"circlet_count":0,"master_deck":["Moonworks:Ambush+1","Moonworks:LongDistanceShot","Moonworks:ForcedRevival","Moonworks:x16BigRocket+4","Moonworks:StiffCrystal","Moonworks:IntelligenceOfficer","Moonworks:DeployBits","Moonworks:IndiscriminateFireSupport","Moonworks:RedAndBlue","Moonworks:JonathanRush+1","Bandage Up+1","Moonworks:DeployBits","Moonworks:EvilSpyWorkPreparation","Moonworks:FullSpeedAlicianrone","Moonworks:Dash+1","Moonworks:StiffCrystal","Moonworks:SakisCookie","Parasite","Moonworks:AccelHyper+1","Moonworks:NicePresent","Moonworks:WindyEnchantment+1","Moonworks:FullSpeedAlicianrone+1","Pride","Moonworks:LulusLuckyEgg+1","Writhe","Moonworks:AngelHand","Moonworks:AwakeningOfTalent+1","Moonworks:IndiscriminateFireSupport+1","Madness","Madness"],"relics":["Moonworks:SBBomb","Moonworks:Homemark","Shuriken","Boot","Tiny House","GreatHeart","Juzu Bracelet","theSenshi:FeatherClipsRelic","Pantograph","Sundial"],"acts_visited":["Exordium","TheCity","TheBeyond"],"potions_floor_usage":[18,39],"damage_taken":[{"damage":0,"enemies":"Cultist","floor":1,"turns":2},{"damage":2,"enemies":"Small Slimes","floor":2,"turns":3},{"damage":7,"enemies":"Jaw Worm","floor":5,"turns":3},{"damage":41,"enemies":"Lagavulin","floor":6,"turns":4},{"damage":1,"enemies":"Looter","floor":7,"turns":3},{"damage":10,"enemies":"Exordium Wildlife","floor":11,"turns":3},{"damage":0,"enemies":"Lots of Slimes","floor":14,"turns":1},{"damage":0,"enemies":"Slime Boss","floor":16,"turns":3},{"damage":16,"enemies":"Shell Parasite","floor":18,"turns":3},{"damage":7,"enemies":"2 Thieves","floor":19,"turns":2},{"damage":2,"enemies":"Chosen and Byrds","floor":22,"turns":4},{"damage":16,"enemies":"Slavers","floor":30,"turns":2},{"damage":17,"enemies":"Collector","floor":33,"turns":7},{"damage":0,"enemies":"Orb Walker","floor":35,"turns":2},{"damage":9,"enemies":"3 Darklings","floor":37,"turns":2},{"damage":72,"enemies":"3 Darklings","floor":39,"turns":9}],"seed_played":"2374872146062087140","potions_obtained":[{"floor":1,"key":"Strength Potion"},{"floor":6,"key":"GrandPatriotsElixir:ReiMu"},{"floor":11,"key":"SneckoOil"},{"floor":16,"key":"LiquidMemories"},{"floor":22,"key":"ZuzhouPotion:ReiMu"}],"is_trial":false,"path_per_floor":["M","M","?","?","M","E","M","R","T","R","M","R","?","M","R","B",null,"M","M","?","$","M","R","?","R","T","?","R","$","E","$","R","B",null,"M","$","M","?","?"],"character_chosen":"THE_STARBREAKER","items_purchased":["Pantograph","Moonworks:AwakeningOfTalent"],"campfire_rested":0,"item_purchase_floors":[29,31],"current_hp_per_floor":[60,60,60,49,46,14,22,22,22,22,21,21,36,36,36,47,65,54,59,59,59,63,63,63,63,63,63,63,63,59,59,59,56,65,65,65,62,54,0,0],"gold":152,"neow_bonus":"RANDOM_COLORLESS","is_daily":false,"chose_seed":false,"campfire_upgraded":8,"win_rate":0.0,"timestamp":1610732318,"path_taken":["M","?","?","?","M","E","M","R","T","R","M","R","?","M","R","BOSS","M","M","?","$","M","R","?","R","T","?","R","$","E","?","R","BOSS","M","$","M","?","?"],"items_purchased_type":["Relic","Card"],"build_version":"2020-12-22","purchased_purges":0,"victory":false,"max_hp_per_floor":[60,60,60,60,60,60,60,60,60,60,60,60,60,60,60,60,65,65,65,65,65,65,65,65,65,65,65,65,65,65,65,65,65,65,65,65,65,65,65,65],"relic_stats":{"counters":[16,53],"Shuriken":[22],"Sundial":[2],"Pantograph":30,"Juzu Bracelet":1,"Boot":[48],"obtain_stats":[{"Moonworks:SBBomb":34,"Tiny House":17,"Shuriken":6,"Sundial":30,"Moonworks:Homemark":0,"Pantograph":29,"GreatHeart":20,"Juzu Bracelet":24,"theSenshi:FeatherClipsRelic":26,"Boot":9,"Moonworks:BrokenBomb":0},{"Moonworks:SBBomb":13,"Tiny House":8,"Shuriken":4,"Sundial":12,"Moonworks:Homemark":0,"Pantograph":11,"GreatHeart":10,"Juzu Bracelet":11,"theSenshi:FeatherClipsRelic":11,"Boot":5,"Moonworks:BrokenBomb":0},{"Moonworks:SBBomb":40,"Tiny House":22,"Shuriken":12,"Sundial":33,"Moonworks:Homemark":0,"Pantograph":31,"GreatHeart":27,"Juzu Bracelet":31,"theSenshi:FeatherClipsRelic":31,"Boot":15,"Moonworks:BrokenBomb":0}]},"card_choices":[{"not_picked":["Impatience","Forethought"],"picked":"Bandage Up","floor":0},{"not_picked":["Moonworks:JonathanRush","Moonworks:ImOnFire"],"picked":"Moonworks:DeployBits","floor":1},{"not_picked":["Moonworks:BigMagnum","Moonworks:FinalSurgery"],"picked":"Moonworks:EvilSpyWorkPreparation","floor":2},{"not_picked":["Moonworks:IntelligenceOfficer","Moonworks:JonathanRush"],"picked":"Moonworks:FullSpeedAlicianrone","floor":5},{"not_picked":["Moonworks:EvilSpyWorkPreparation","Moonworks:ScrambledEve"],"picked":"Moonworks:Dash","floor":6},{"not_picked":["Moonworks:ScrambledEve","Moonworks:x16BigRocket"],"picked":"Moonworks:StiffCrystal","floor":7},{"not_picked":["Moonworks:CloudOfSeagulls","Moonworks:EvilSpyWorkPreparation"],"picked":"Moonworks:SakisCookie","floor":11},{"not_picked":["Moonworks:Blazing","Moonworks:CloudOfSeagulls","Moonworks:DeployBits"],"picked":"SKIP","floor":14},{"not_picked":["Moonworks:Blazing","Moonworks:MeltingMemories"],"picked":"Moonworks:AccelHyper","floor":16},{"not_picked":["Moonworks:BigMagnum","Moonworks:BeyondHell"],"picked":"Moonworks:NicePresent","floor":17},{"not_picked":["Moonworks:NicePresent","Moonworks:Assault+1"],"picked":"Moonworks:WindyEnchantment+1","floor":18},{"not_picked":["Moonworks:ImOnFire","Moonworks:GoAway"],"picked":"Moonworks:FullSpeedAlicianrone+1","floor":19},{"not_picked":["Moonworks:IndiscriminateFireSupport","Moonworks:EvilSpyWorkPreparation+1"],"picked":"Moonworks:LulusLuckyEgg+1","floor":22},{"not_picked":["Moonworks:BigMagnum","Moonworks:FullSpeedAlicianrone+1"],"picked":"Moonworks:AngelHand","floor":30},{"not_picked":["Moonworks:BindingChains","Moonworks:AngelHand"],"picked":"Moonworks:IndiscriminateFireSupport+1","floor":35},{"not_picked":["Moonworks:ExtendedPhotonRifle+1","Moonworks:IntelligenceOfficer","Moonworks:BeyondHell+1"],"picked":"SKIP","floor":37}],"player_experience":239460,"relics_obtained":[{"floor":6,"key":"Shuriken"},{"floor":9,"key":"Boot"},{"floor":26,"key":"theSenshi:FeatherClipsRelic"},{"floor":30,"key":"Sundial"}],"event_choices":[{"damage_healed":0,"gold_gain":63,"player_choice":"Gained Gold","damage_taken":0,"max_hp_gain":0,"max_hp_loss":0,"event_name":"Golden Wing","floor":3,"gold_loss":0},{"damage_healed":0,"gold_gain":75,"player_choice":"Gather Gold","damage_taken":11,"max_hp_gain":0,"max_hp_loss":0,"event_name":"World of Goop","floor":4,"gold_loss":0},{"damage_healed":15,"gold_gain":0,"player_choice":"Healed and dodged fight","damage_taken":0,"max_hp_gain":0,"max_hp_loss":0,"event_name":"Mushrooms","floor":13,"gold_loss":0,"cards_obtained":["Parasite"]},{"damage_healed":0,"gold_gain":0,"player_choice":"Opened","damage_taken":0,"relics_obtained":["Juzu Bracelet"],"max_hp_gain":0,"max_hp_loss":0,"event_name":"The Mausoleum","floor":24,"gold_loss":0,"cards_obtained":["Writhe"]},{"damage_healed":0,"gold_gain":0,"player_choice":"Upgraded","damage_taken":0,"max_hp_gain":0,"max_hp_loss":0,"event_name":"Upgrade Shrine","floor":27,"gold_loss":0,"cards_upgraded":["Moonworks:Ambush"]},{"damage_healed":0,"gold_gain":0,"player_choice":"Embrace Madness","damage_taken":8,"max_hp_gain":0,"max_hp_loss":0,"event_name":"Winding Halls","floor":38,"gold_loss":0,"cards_obtained":["Madness","Madness"]}],"is_beta":false,"boss_relics":[{"not_picked":["Black Star","Coffee Dripper"],"picked":"Tiny House"},{"not_picked":["SacredBark","Runic Pyramid"],"picked":"Moonworks:SBBomb"}],"items_purged_floors":[],"is_endless":false,"potions_floor_spawned":[1,6,11,16,22,37],"killed_by":"3 Darklings","ascension_level":2}}