{"host":"snn1c4qsf0fj7fzf","time":1610721268,"event":{"mods":["AchievementEnabler","Act Like it!","Astrologer","Bard","Bartender","BaseMod","Colored Powertips","Conspire","Energized Spire","Gensokyo","Gremlin Mod","Hallownest","Hermit","HololiveMod","Hubris","Infinite Spire","Koishi","Lobotomy","LobotomyExtend","Marisa????????","Minty Spire (QoL Compilation)","Pale of the Ancients","Random Character Button","Rare Cards Sparkle","Reimu??????","Remilia??????","Replay The Spire","Shop Mod","StSLib","The Animator","The Bug Knight","The Cursed","The Gatherer","The Hierophant","The Poker Player","Wandering Minibosses","vexMod"],"gold_per_floor":[211,211,211,230,244,277,287,287,287,301,347,357,394,394,394,518,518,542,542,562,537,556,556,631,541,541,541,541,541,581,606,606,729,729,787,376,376,397,425,469,469,469,492,523,523,537,537,553,553,554],"floor_reached":51,"language":"ENG","playtime":5482,"items_purged":["HollowMod:QuickDashStart","HollowMod:NailStrikeStart","HollowMod:QuickDashStart"],"score":819,"play_id":"71e47456-bf73-45bb-856c-4f142d830ab6","local_time":"20210115223428","is_ascension_mode":false,"campfire_choices":[{"floor":15,"key":"REST"},{"data":"HollowMod:SoulEater","floor":23,"key":"SMITH"},{"data":"infinitespire:SevenWalls","floor":27,"key":"SMITH"},{"data":"HollowMod:FocusHealStart","floor":32,"key":"SMITH"},{"data":"HollowMod:SlysStrikes","floor":41,"key":"SMITH"},{"data":"hubris:InfiniteBlow+2","floor":45,"key":"SMITH"},{"data":"hubris:InfiniteBlow+3","floor":47,"key":"SMITH"},{"data":"hubris:InfiniteBlow+4","floor":49,"key":"SMITH"}],"circlet_count":0,"master_deck":["HollowMod:NailStrikeStart","HollowMod:NailStrikeStart","HollowMod:QuickDashStart","HollowMod:QuickDashStart","HollowMod:FocusHealStart+1","HollowMod:PogoStrike","HollowMod:SharpenedNail","HollowMod:MothsMistake","HollowMod:SoulEater+1","HollowMod:SoulSplash","HollowMod:DashSlash","infinitespire:SevenWalls+1","HollowMod:CycloneSlash","HollowMod:QuirrelsAssistance","HollowMod:Hiveblood","HollowMod:CycloneSlash","Hallownest:attackMasterCycloneSlash","HollowMod:DashSlash","HollowMod:PureNailStrike","infinitespire:Collect","HollowMod:DashSlash+1","HollowMod:CycloneSlash+1","HollowMod:SoulShaman+1","HollowMod:SlysStrikes+1","HollowMod:DashSlash+1","hubris:InfiniteBlow+5"],"relics":["HollowMod:VesselMask","LetterFromLob","Replay:Towering Pillar of Hats","hubris:ToyBattleship","vexMod:ConsolationPrize","infinitespire:Broken Mirror","Replay:Baseball","Golden Idol","Philosopher\u0027s Stone","Hallownest:StagBellRelic1","Replay:Accelerometer","Snack Pack","Coffee Dripper","vexMod:HeadHunter","conspire:RunicOctahedron","MerchantsRug","infinitespire:PuzzleCube","Replay:Bottled Snecko","CaptainsWheel","SlaversCollar","Boot","RedMistMask"],"acts_visited":["Exordium","Hallownest:CityofTears","Hallownest:KingdomsEdge"],"potions_floor_usage":[10,16,30,38,50,51],"damage_taken":[{"damage":2,"enemies":"2 Louse","floor":1,"turns":3},{"damage":3,"enemies":"Jaw Worm","floor":4,"turns":3},{"damage":2,"enemies":"Small Slimes","floor":5,"turns":4},{"damage":29,"enemies":"3 Sentries","floor":6,"turns":7},{"damage":17,"enemies":"3 Louse","floor":7,"turns":4},{"damage":4,"enemies":"Large Slime","floor":10,"turns":6},{"damage":21,"enemies":"Gremlin Nob","floor":11,"turns":5},{"damage":0,"enemies":"Exordium Wildlife","floor":12,"turns":3},{"damage":5,"enemies":"3 Sentries","floor":13,"turns":6},{"damage":1,"enemies":"HollowMod:FalseKnight","floor":16,"turns":10},{"damage":3,"enemies":"Hallownest:Flukemon_and_Top","floor":18,"turns":4},{"damage":0,"enemies":"Hallownest:2_Mistakes","floor":20,"turns":5},{"damage":5,"enemies":"Hallownest:2_Flukemon","floor":22,"turns":5},{"damage":12,"enemies":"Hallownest:Glutton_and_Coward","floor":24,"turns":3},{"damage":9,"enemies":"Hallownest:eliteSoulWarrior","floor":30,"turns":4},{"damage":1,"enemies":"Hallownest:monsterShrumalOgre","floor":31,"turns":3},{"damage":0,"enemies":"Hallownest:BossSoulMaster","floor":33,"turns":9},{"damage":38,"enemies":"Hallownest:Shield_Heavy","floor":35,"turns":4},{"damage":1,"enemies":"Hallownest:3_Siblings","floor":38,"turns":3},{"damage":12,"enemies":"Hallownest:2_Wandering_and_1_Horned","floor":39,"turns":5},{"damage":0,"enemies":"Hallownest:StalkingDevout","floor":40,"turns":5},{"damage":18,"enemies":"Hallownest:monsterPrimalAspid","floor":44,"turns":2},{"damage":0,"enemies":"Hallownest:Xero_Hu_Marmu","floor":46,"turns":2},{"damage":0,"enemies":"Hallownest:Slobbering_and_Violent","floor":48,"turns":4},{"damage":1,"enemies":"Hallownest:BossGreyPrinceZote","floor":50,"turns":3},{"damage":49,"enemies":"Malkuth","floor":51,"turns":7},{"damage":42,"enemies":"Yesod","floor":51,"turns":7},{"damage":73,"enemies":"Tiphereth","floor":51,"turns":13}],"seed_played":"-7676519469704583546","potions_obtained":[{"floor":6,"key":"Regen Potion"},{"floor":11,"key":"SteroidPotion"},{"floor":12,"key":"Milkshake"},{"floor":13,"key":"LiquidMemories"},{"floor":16,"key":"FearPotion"},{"floor":24,"key":"FairyPotion"},{"floor":31,"key":"DuplicationPotion"},{"floor":35,"key":"MagicPotion:ReiMu"},{"floor":39,"key":"Fire Potion"}],"is_trial":false,"path_per_floor":["M","?","T","M","M","E","M","?","T","M","E","M","E","?","R","B",null,"M","?","M","?","M","R","M","?","T","R","?","AVR","E","M","R","B",null,"M","$","?","M","M","E","R","AVR","T","M","R","M","R","M","R","B",null],"character_chosen":"THE_BUGKNIGHT","items_purchased":["HollowMod:CycloneSlash+1","MerchantsRug","infinitespire:PuzzleCube"],"campfire_rested":1,"item_purchase_floors":[36,36,36],"current_hp_per_floor":[75,75,75,72,75,52,35,18,18,34,13,13,18,18,38,37,69,66,66,69,69,69,69,57,57,57,57,57,57,60,61,61,69,69,46,46,46,64,62,64,64,64,64,55,55,63,63,64,64,64],"gold":835,"neow_bonus":"HUNDRED_GOLD","is_daily":false,"chose_seed":false,"campfire_upgraded":7,"win_rate":0.0,"timestamp":1610721268,"path_taken":["M","?","?","M","M","E","M","?","T","M","E","M","E","?","R","BOSS","M","?","M","?","M","R","?","?","T","R","?","AVR","E","M","R","BOSS","M","$","?","M","M","E","R","AVR","T","M","R","M","R","M","R","BOSS"],"items_purchased_type":["Card","Relic","Relic"],"build_version":"2020-12-22","purchased_purges":3,"victory":true,"max_hp_per_floor":[75,75,75,75,75,75,75,75,75,75,75,75,75,69,69,69,69,69,69,69,69,69,69,69,69,69,69,69,69,69,69,69,69,69,69,69,64,64,64,64,64,64,64,64,64,64,64,64,64,64],"card_choices":[{"not_picked":["HollowMod:SoulStrike","HollowMod:SoulVessel"],"picked":"HollowMod:SharpenedNail","floor":1},{"not_picked":["HollowMod:MawleksShell","HollowMod:RecoilStrike"],"picked":"HollowMod:MothsMistake","floor":4},{"not_picked":["HollowMod:ShapeofUnn","HollowMod:ChannelNail"],"picked":"HollowMod:SoulEater","floor":5},{"not_picked":["HollowMod:MonarchWings","HollowMod:ShadowDash"],"picked":"HollowMod:SoulSplash","floor":6},{"not_picked":["HollowMod:DoubleDash","HollowMod:CloakDash"],"picked":"HollowMod:DashSlash","floor":7},{"not_picked":["infinitespire:SealOfDarkness+","infinitespire:NeuralNetwork"],"picked":"infinitespire:SevenWalls","floor":8},{"not_picked":["HollowMod:Grubsong","HollowMod:ElderbugsWisdom"],"picked":"HollowMod:CycloneSlash","floor":10},{"not_picked":["HollowMod:InfectedAttack","HollowMod:CloakDash","HollowMod:SiblingsSouls"],"picked":"SKIP","floor":11},{"not_picked":["HollowMod:CornifersMapStart","HollowMod:SoulEater","HollowMod:SharpenedShadows"],"picked":"SKIP","floor":12},{"not_picked":["HollowMod:CoiledNail","HollowMod:DungDefenderAura"],"picked":"HollowMod:QuirrelsAssistance","floor":13},{"not_picked":["HollowMod:VoidDash","HollowMod:ZotesMagnificence"],"picked":"HollowMod:Hiveblood","floor":16},{"not_picked":["HollowMod:InfectionAssault","HollowMod:InfectedCysts"],"picked":"HollowMod:CycloneSlash","floor":18},{"not_picked":["HollowMod:VengefulVoid","HollowMod:MantisMark"],"picked":"HollowMod:DashSlash","floor":20},{"not_picked":["HollowMod:VengefulSpirit","HollowMod:DescendingDark"],"picked":"HollowMod:PureNailStrike","floor":22},{"not_picked":["HollowMod:LifebloodCocoon","HollowMod:GoodIntentions","HollowMod:FastStrike+1"],"picked":"SKIP","floor":24},{"not_picked":["HollowMod:VengefulSpirit","HollowMod:VoidDash","HollowMod:HeavyBlow+1"],"picked":"SKIP","floor":30},{"not_picked":["HollowMod:SoulStrike","HollowMod:HowlingWraiths+1","HollowMod:SharpenedNail+1"],"picked":"SKIP","floor":31},{"not_picked":["HollowMod:TaintedHusks","HollowMod:FastStrike"],"picked":"HollowMod:DashSlash+1","floor":35},{"not_picked":["HollowMod:DungDefenderAura+1","HollowMod:Grubsong","HollowMod:InfectedAttack+1"],"picked":"SKIP","floor":38},{"not_picked":["HollowMod:DashSlash","HollowMod:InfectedCysts+1"],"picked":"HollowMod:SoulShaman+1","floor":39},{"not_picked":["HollowMod:VoidDash","HollowMod:MidwifesHunger"],"picked":"HollowMod:SlysStrikes","floor":40},{"not_picked":["HollowMod:SoulSplash","HollowMod:TaintedHusks+1"],"picked":"HollowMod:DashSlash+1","floor":40},{"not_picked":["HollowMod:NewLittleFool+1","HollowMod:ChannelNail+1","HollowMod:SharpenedNail+1"],"picked":"SKIP","floor":44},{"not_picked":["HollowMod:HeavyBlow+1","HollowMod:BlackTendrils","HollowMod:NewLittleFool"],"picked":"SKIP","floor":46},{"not_picked":["HollowMod:ShadowDash","HollowMod:NewLittleFool","HollowMod:MothsMistake+1"],"picked":"SKIP","floor":48}],"player_experience":321255,"relics_obtained":[{"floor":1,"key":"LetterFromLob"},{"floor":3,"key":"Replay:Towering Pillar of Hats"},{"floor":6,"key":"hubris:ToyBattleship"},{"floor":9,"key":"vexMod:ConsolationPrize"},{"floor":11,"key":"infinitespire:Broken Mirror"},{"floor":13,"key":"Replay:Baseball"},{"floor":26,"key":"Replay:Accelerometer"},{"floor":30,"key":"vexMod:HeadHunter"},{"floor":40,"key":"Replay:Bottled Snecko"},{"floor":43,"key":"Boot"},{"floor":44,"key":"RedMistMask"}],"event_choices":[{"damage_healed":0,"gold_gain":0,"player_choice":"Lose Max HP","damage_taken":0,"relics_obtained":["Golden Idol"],"max_hp_gain":0,"max_hp_loss":6,"event_name":"Golden Idol","floor":14,"gold_loss":0}],"is_beta":false,"boss_relics":[{"not_picked":["hubris:BlackHole","hubris:GrandSneckoEye"],"picked":"Philosopher\u0027s Stone"},{"not_picked":["vexMod:RockOfEvil","Replay:Ancient Bell"],"picked":"conspire:RunicOctahedron"}],"items_purged_floors":[29,36,42],"is_endless":false,"potions_floor_spawned":[6,11,12,13,16,24,31,33,35,39,46],"ascension_level":0}}