{"host":"kmq7aw60w430zvtx","time":1610702447,"event":{"mods":["BaseMod","Downfall","GifTheSpireLib","Hermit","Hubris","Minty Spire (QoL Compilation)","Replay The Spire","StSLib","The Construct","The Cursed","The Hierophant","The Jungle","The Necromancer","The Runesmith"],"gold_per_floor":[110,110,80,97,110,110,137,137,163,178,178,192,256,290,290,386,386,406,406,27,42,42,42,42,74,99,110,128,128,74,168,168,168,168],"floor_reached":33,"language":"ENG","playtime":1226,"items_purged":[],"score":358,"play_id":"5b74e299-5d60-48bd-9c3a-0a3b256016bc","local_time":"20210115102047","is_ascension_mode":true,"campfire_choices":[{"data":"Venomology","floor":6,"key":"SMITH"},{"floor":8,"key":"RECALL"},{"floor":11,"key":"DIG"},{"data":"Inflame","floor":23,"key":"SMITH"},{"data":"Heavy Blade","floor":29,"key":"SMITH"},{"data":"Armaments","floor":32,"key":"SMITH"}],"circlet_count":0,"master_deck":["Venomology+1","Strike_R","Strike_R","Strike_R","Strike_R","Strike_R","Defend_R","Defend_R","Defend_R","Bash","Cleave","Heavy Blade+1","hubris:SharpeningStone","ReplayTheSpireMod:Muscle Training","Inflame+1","Clothesline","Clash","Whirlwind+1","ReplayTheSpireMod:Stacked","Limit Break+1","Flex+1","ReplayTheSpireMod:Limb From Limb","Twin Strike","Warcry","Sword Boomerang+1","hubris:CleavingFinish","Anger","Carnage+1","Armaments+1"],"relics":["Burning Blood","Happy Flower","Replay:Multitool","Replay:Baseball","Bottled Tornado","hubris:ToyBattleship","Bronze Scales","Painkiller Herb","Chemical X","Akabeko","Centennial Puzzle","Replay:Mystery Machine"],"acts_visited":["Exordium","theJungle:Jungle"],"potions_floor_usage":[4,7,7,7,12,13,13,13,14,25,27,33,33],"damage_taken":[{"damage":9,"enemies":"2 Louse","floor":1,"turns":2},{"damage":2,"enemies":"Jaw Worm","floor":4,"turns":4},{"damage":0,"enemies":"Cultist","floor":5,"turns":2},{"damage":26,"enemies":"Lagavulin","floor":7,"turns":4},{"damage":14,"enemies":"2 Fungi Beasts","floor":10,"turns":3},{"damage":7,"enemies":"Looter","floor":12,"turns":2},{"damage":6,"enemies":"3 Sentries","floor":13,"turns":3},{"damage":15,"enemies":"Replay:BlueRogue","floor":14,"turns":4},{"damage":17,"enemies":"Slime Boss","floor":16,"turns":6},{"damage":19,"enemies":"theJungle:Flameango_and_Byrd","floor":18,"turns":3},{"damage":0,"enemies":"Shell Parasite","floor":21,"turns":1},{"damage":2,"enemies":"theJungle:2_Phrogs","floor":25,"turns":4},{"damage":0,"enemies":"theJungle:JungleHuntersEncounter","floor":27,"turns":1},{"damage":0,"enemies":"theJungle:2_Snecko_Cultists","floor":28,"turns":1},{"damage":83,"enemies":"theJungle:TotemBoss","floor":33,"turns":4}],"seed_played":"5202413112277216559","potions_obtained":[{"floor":3,"key":"SpeedPotion"},{"floor":3,"key":"Weak Potion"},{"floor":5,"key":"Swift Potion"},{"floor":7,"key":"Elixir"},{"floor":10,"key":"Adrenaline Potion"},{"floor":13,"key":"Dexterity Potion"},{"floor":21,"key":"Strength Potion"},{"floor":27,"key":"Slimebound:ThreeZeroPotion"}],"is_trial":false,"path_per_floor":["M","?","?","M","M","R","E","R","T","M","R","M","?","E","R","B",null,"?","?","T","?","?","T","?","E","T","?","?","T","T","?","T","B"],"character_chosen":"IRONCLAD","items_purchased":["Chemical X","Akabeko","ReplayTheSpireMod:Limb From Limb","Anger"],"campfire_rested":0,"item_purchase_floors":[20,20,20,30],"current_hp_per_floor":[77,70,70,74,80,80,60,60,60,52,52,51,51,42,66,55,80,67,69,69,75,75,75,65,69,69,75,80,80,80,80,80,0,0],"gold":168,"neow_bonus":"THREE_CARDS","is_daily":false,"chose_seed":false,"campfire_upgraded":4,"win_rate":0.0,"timestamp":1610702447,"path_taken":["M","?","?","?","M","R","E","R","T","M","R","M","?","E","R","BOSS","?","?","T","?","?","T","?","E","T","?","?","T","T","?","T","BOSS"],"items_purchased_type":["Relic","Relic","Card","Card"],"build_version":"2020-12-22","purchased_purges":0,"victory":false,"max_hp_per_floor":[80,80,80,80,80,80,80,80,80,80,80,80,80,80,80,80,80,80,80,80,80,80,80,80,80,80,80,80,80,80,80,80,80,80],"card_choices":[{"not_picked":["Evolve","Burning Pact"],"picked":"Cleave","floor":0},{"not_picked":["Headbutt","Warcry"],"picked":"Heavy Blade","floor":1},{"not_picked":["hubris:ReadiedAction","Reckless Charge"],"picked":"hubris:SharpeningStone","floor":4},{"not_picked":["Sword Boomerang","Corruption"],"picked":"ReplayTheSpireMod:Muscle Training","floor":5},{"not_picked":["Heavy Blade","Sever Soul"],"picked":"Inflame","floor":7},{"not_picked":["Wild Strike","Headbutt"],"picked":"Clothesline","floor":10},{"not_picked":["Evolve","Combust"],"picked":"Clash","floor":12},{"not_picked":["Headbutt","Corruption"],"picked":"Whirlwind","floor":13},{"not_picked":["Whirlwind","Body Slam"],"picked":"ReplayTheSpireMod:Stacked","floor":14},{"not_picked":["Double Tap","Demonic Infusion"],"picked":"Limit Break","floor":16},{"not_picked":["Thunderclap","Replay:Undeath\u0027s Touch+1"],"picked":"Flex+1","floor":18},{"not_picked":["ReplayTheSpireMod:Corrosion Curse+1","Power Through"],"picked":"Twin Strike","floor":21},{"not_picked":["Perfected Strike","Hemogenesis"],"picked":"Warcry","floor":25},{"not_picked":["Warcry","Perfected Strike"],"picked":"Sword Boomerang+1","floor":27},{"not_picked":["Life Link","Sword Boomerang"],"picked":"hubris:CleavingFinish","floor":28},{"not_picked":["Defy Death","Replay:Undeath\u0027s Touch+1"],"picked":"Carnage+1","floor":31},{"not_picked":["Iron Wave","hubris:SharpeningStone"],"picked":"Armaments","floor":31}],"player_experience":297426,"relics_obtained":[{"floor":7,"key":"Replay:Multitool"},{"floor":9,"key":"Replay:Baseball"},{"floor":11,"key":"Bottled Tornado"},{"floor":13,"key":"hubris:ToyBattleship"},{"floor":14,"key":"Bronze Scales"},{"floor":25,"key":"Centennial Puzzle"},{"floor":31,"key":"Replay:Mystery Machine"}],"event_choices":[{"damage_healed":0,"gold_gain":0,"player_choice":"Success","damage_taken":7,"relics_obtained":["Happy Flower"],"max_hp_gain":0,"max_hp_loss":0,"event_name":"Scrap Ooze","floor":2,"gold_loss":0},{"damage_healed":0,"gold_gain":0,"player_choice":"Bought 2 Potions","damage_taken":0,"max_hp_gain":0,"max_hp_loss":0,"event_name":"The Woman in Blue","floor":3,"gold_loss":0},{"damage_healed":0,"gold_gain":0,"player_choice":"Searched \u00272\u0027 times","damage_taken":0,"max_hp_gain":0,"max_hp_loss":0,"event_name":"Dead Adventurer","floor":13,"gold_loss":0}],"is_beta":false,"boss_relics":[{"not_picked":["Mark of Pain","hubris:RunicObelisk"],"picked":"Painkiller Herb"}],"items_purged_floors":[],"is_endless":false,"potions_floor_spawned":[5,7,10,13,21,27],"killed_by":"theJungle:TotemBoss","ascension_level":4}}