{"host":"ibonnlq6s1c814xj","time":1610734599,"event":{"mods":["BaseMod","BetterRewards","Minty Spire (QoL Compilation)","Shop Mod","【功能Mod】聪明的最终Boss","【遗物卡牌】REMEMod"],"gold_per_floor":[113,124,142,217,227,227,227,237,237,252,17,17,17,28,28,28,28],"floor_reached":16,"language":"ZHS","playtime":685,"items_purged":[],"score":94,"play_id":"e5687869-9511-42d1-be9c-cdba19e5fb9f","local_time":"20210116021639","is_ascension_mode":false,"campfire_choices":[{"floor":7,"key":"REST"},{"data":"Body Slam","floor":12,"key":"SMITH"},{"floor":15,"key":"REST"}],"circlet_count":0,"master_deck":["Strike_R","Strike_R","Strike_R","Strike_R","Strike_R","Defend_R","Defend_R","Defend_R+1","Defend_R","Bash","Bullet Time+1","Dark Embrace","Feel No Pain","Body Slam+1","Armaments","Sentinel","Brutality","Body Slam","Rupture","Iron Wave"],"relics":["Burning Blood","REME_ComplimentaryCards","War Paint","Unceasing Top","REME_HourglassOfDeath","Lantern"],"acts_visited":["Exordium"],"potions_floor_usage":[16],"damage_taken":[{"damage":13,"enemies":"2 Louse","floor":1,"turns":3},{"damage":4,"enemies":"Cultist","floor":2,"turns":5},{"damage":0,"enemies":"Small Slimes","floor":3,"turns":3},{"damage":7,"enemies":"Blue Slaver","floor":5,"turns":5},{"damage":14,"enemies":"Exordium Wildlife","floor":8,"turns":6},{"damage":13,"enemies":"Red Slaver","floor":10,"turns":6},{"damage":4,"enemies":"2 Fungi Beasts","floor":14,"turns":4},{"damage":18,"enemies":"Slime Boss","floor":16,"turns":4}],"seed_played":"6204428996506841207","potions_obtained":[{"floor":3,"key":"FearPotion"}],"is_trial":false,"path_per_floor":["M","M","M","?","M","?","R","M","T","M","$","R","$","M","R","B"],"character_chosen":"IRONCLAD","items_purchased":["Dark Embrace","War Paint","Feel No Pain","Body Slam","Rupture","Lantern"],"campfire_rested":2,"item_purchase_floors":[0,0,0,0,11,11],"current_hp_per_floor":[37,39,45,34,33,33,57,49,49,42,42,42,42,44,68,50,50],"gold":28,"neow_bonus":"","is_daily":false,"chose_seed":false,"campfire_upgraded":1,"win_rate":0.0,"timestamp":1610734599,"path_taken":["M","M","M","?","M","?","R","?","T","M","?","R","$","M","R","BOSS"],"items_purchased_type":["Card","Relic","Card","Card","Card","Relic"],"build_version":"2020-12-22","purchased_purges":0,"victory":false,"max_hp_per_floor":[80,80,80,80,80,80,80,80,80,80,80,80,80,80,80,80,80],"card_choices":[{"not_picked":["Thunderclap","Iron Wave"],"picked":"Armaments","floor":1},{"not_picked":["Flex","Wild Strike","Twin Strike"],"picked":"SKIP","floor":2},{"not_picked":["Twin Strike","Warcry"],"picked":"Sentinel","floor":3},{"not_picked":["Clash","Thunderclap"],"picked":"Brutality","floor":5},{"not_picked":["Sentinel","Thunderclap","Clash"],"picked":"SKIP","floor":8},{"not_picked":["Carnage","REME_Scribble"],"picked":"Body Slam","floor":10},{"not_picked":["Body Slam","REME_FearOfPain"],"picked":"Iron Wave","floor":14}],"player_experience":238800,"relics_obtained":[{"floor":9,"key":"REME_HourglassOfDeath"}],"event_choices":[{"damage_healed":0,"gold_gain":75,"player_choice":"Gather Gold","damage_taken":11,"max_hp_gain":0,"max_hp_loss":0,"event_name":"World of Goop","floor":4,"gold_loss":0},{"damage_healed":0,"gold_gain":0,"player_choice":"Bought 0 Potions","damage_taken":0,"max_hp_gain":0,"max_hp_loss":0,"event_name":"The Woman in Blue","floor":6,"gold_loss":0}],"is_beta":false,"boss_relics":[],"items_purged_floors":[],"is_endless":false,"potions_floor_spawned":[3],"killed_by":"Slime Boss","ascension_level":0}}