{"host":"i09pxcjttd31eh4q","time":1610738468,"event":{"mods":["AchievementEnabler","BaseMod","Colored Map","Keyboard Shortcuts","Minty Spire (QoL Compilation)","StSLib","SuperFastMode"],"gold_per_floor":[115,115,127,143,143,143,153,173,196,231,243,255,255,305,305,305,305],"floor_reached":16,"language":"KOR","playtime":406,"items_purged":[],"score":212,"play_id":"48d107e3-acd6-486f-8d34-3a8260eeb218","local_time":"20210116042108","is_ascension_mode":true,"campfire_choices":[{"data":"Wallop","floor":6.0,"key":"SMITH"},{"floor":15.0,"key":"REST"}],"circlet_count":0,"master_deck":["AscendersBane","Strike_P+1","Defend_P","Defend_P","Eruption+1","Vigilance","MentalFortress+1","CrushJoints+1","Pray+1","InnerPeace","Wallop+1","FollowUp","MentalFortress"],"relics":["Astrolabe","Pen Nib","Whetstone","Toy Ornithopter"],"acts_visited":["Exordium"],"potions_floor_usage":[],"damage_taken":[{"damage":0.0,"enemies":"Small Slimes","floor":1.0,"turns":4.0},{"damage":7.0,"enemies":"Jaw Worm","floor":3.0,"turns":4.0},{"damage":0.0,"enemies":"Cultist","floor":4.0,"turns":2.0},{"damage":0.0,"enemies":"Exordium Thugs","floor":7.0,"turns":5.0},{"damage":9.0,"enemies":"3 Louse","floor":8.0,"turns":4.0},{"damage":33.0,"enemies":"3 Sentries","floor":10.0,"turns":15.0},{"damage":0.0,"enemies":"Gremlin Gang","floor":11.0,"turns":3.0},{"damage":3.0,"enemies":"Red Slaver","floor":12.0,"turns":2.0},{"damage":0.0,"enemies":"Lots of Slimes","floor":13.0,"turns":1.0},{"damage":26,"enemies":"Slime Boss","floor":16,"turns":5}],"seed_played":"3652061109035181468","potions_obtained":[{"floor":3.0,"key":"LiquidBronze"},{"floor":4.0,"key":"SkillPotion"},{"floor":7.0,"key":"Swift Potion"},{"floor":10.0,"key":"DistilledChaos"},{"floor":12.0,"key":"SmokeBomb"}],"is_trial":false,"path_per_floor":["M","?","M","M","?","R","M","M","T","E","M","M","M","T","R","B"],"character_chosen":"WATCHER","items_purchased":[],"campfire_rested":1,"item_purchase_floors":[],"current_hp_per_floor":[61,54,47,47,47,47,47,38,38,5,5,2,2,2,22,0,0],"gold":305,"neow_bonus":"BOSS_RELIC","is_daily":false,"chose_seed":false,"campfire_upgraded":1,"win_rate":0.0,"timestamp":1610738468,"path_taken":["M","?","M","M","?","R","M","M","T","E","M","M","?","?","R","BOSS"],"items_purchased_type":[],"build_version":"2020-12-22","purchased_purges":0,"victory":false,"max_hp_per_floor":[68,68,68,68,68,68,68,68,68,68,68,68,68,68,68,68,68],"card_choices":[{"not_picked":["Consecrate","Halt","FlyingSleeves"],"picked":"SKIP","floor":1.0},{"not_picked":["Fasting2","Sanctity"],"picked":"InnerPeace","floor":3.0},{"not_picked":["SignatureMove","TalkToTheHand"],"picked":"Wallop","floor":4.0},{"not_picked":["CrushJoints","EmptyBody","BowlingBash"],"picked":"SKIP","floor":7.0},{"not_picked":["DeceiveReality","CrushJoints","BowlingBash"],"picked":"SKIP","floor":8.0},{"not_picked":["DeceiveReality","CrushJoints","BowlingBash"],"picked":"SKIP","floor":8.0},{"not_picked":["Perseverance","FlyingSleeves"],"picked":"FollowUp","floor":10.0},{"not_picked":["CarveReality","Evaluate","Nirvana"],"picked":"SKIP","floor":11.0},{"not_picked":["LikeWater","JustLucky","MentalFortress"],"picked":"SKIP","floor":12.0},{"not_picked":["LikeWater","JustLucky"],"picked":"MentalFortress","floor":12.0}],"player_experience":858852,"relics_obtained":[{"floor":9.0,"key":"Pen Nib"},{"floor":10.0,"key":"Whetstone"},{"floor":14.0,"key":"Toy Ornithopter"}],"event_choices":[{"cards_removed":["Strike_P"],"damage_healed":0.0,"max_hp_gain":0.0,"max_hp_loss":0.0,"gold_gain":0.0,"event_name":"Golden Wing","player_choice":"Card Removal","floor":2.0,"gold_loss":0.0,"damage_taken":7.0},{"cards_removed":["Strike_P"],"damage_healed":0.0,"max_hp_gain":0.0,"max_hp_loss":0.0,"gold_gain":0.0,"event_name":"Purifier","player_choice":"Purged","floor":5.0,"gold_loss":0.0,"damage_taken":0.0}],"is_beta":false,"boss_relics":[],"items_purged_floors":[],"is_endless":false,"potions_floor_spawned":[3,4,7,10,12],"killed_by":"Slime Boss","ascension_level":20}}