{"host":"xkmvu47k9fdstweo","time":1610671476,"event":{"mods":["BaseMod","Colored Map","Conspire","Downfall","Hubris","Minty Spire (QoL Compilation)","Quick Restart","Railgun Mod","Shop Mod","StSLib","The Alterego","The Animator","The Servant 0.9.4","The Wild Card","TheBandit","WarShipGirlsR/??è≠èóR mod","vexMod"],"gold_per_floor":[122,41,69,96,96,143,143,165,165,165,182,33,33,56,56,174,174,193,168,168,16,32,66,66,74,74],"floor_reached":25,"language":"ENG","playtime":1276,"items_purged":[],"score":298,"play_id":"6c2b50b3-71ff-4926-acd8-79c6787f7d7e","local_time":"20210114194436","is_ascension_mode":true,"campfire_choices":[{"data":"animator:Megumin+2","floor":7,"key":"SMITH"},{"data":"animator:DolaStephanie","floor":10,"key":"SMITH"},{"data":"animator:Megumin+5","floor":13,"key":"SMITH"},{"floor":15,"key":"REST"},{"data":"animator:HigakiRinne","floor":24,"key":"SMITH"}],"circlet_count":0,"master_deck":["animator:Strike_Konosuba","animator:Defend_Konosuba","animator:Strike","animator:Strike","animator:Strike","animator:Defend","animator:Defend","animator:Defend","animator:Kazuma","animator:Aqua","animator:Chris","animator:HigakiRinne+1","animator:Megumin+9","animator:MetalKnight","animator:Verdia","animator:DolaStephanie+1","animator:Hakurou","animator:Kazuma","animator:Shizu","animator:MumenRider","animator:Shuna","animator:Nanami"],"relics":["animator:TheMissingPiece","animator:PurgingStone","Velvet Choker","hubris:SlimyHat","Blue Candle","Oddly Smooth Stone","Mark of Pain","conspire:DecoderRing","Vajra","Bag of Preparation"],"acts_visited":["Exordium","TheCity"],"potions_floor_usage":[6,22,23,25,25,25,25,25],"damage_taken":[{"damage":0,"enemies":"conspire:RoseBush","floor":1,"turns":3},{"damage":0,"enemies":"Jaw Worm","floor":3,"turns":4},{"damage":0,"enemies":"2 Louse","floor":4,"turns":1},{"damage":35,"enemies":"Gremlin Nob","floor":6,"turns":5},{"damage":7,"enemies":"Large Slime","floor":8,"turns":5},{"damage":3,"enemies":"Exordium Thugs","floor":11,"turns":3},{"damage":23,"enemies":"conspire:2 RoseBushes","floor":14,"turns":4},{"damage":0,"enemies":"Hexaghost","floor":16,"turns":11},{"damage":0,"enemies":"Chosen","floor":18,"turns":5},{"damage":0,"enemies":"Spheric Guardian","floor":22,"turns":3},{"damage":20,"enemies":"Book of Stabbing","floor":23,"turns":6},{"damage":54,"enemies":"animator:HornedBat","floor":25,"turns":7}],"seed_played":"1606275742352594077","potions_obtained":[{"floor":3,"key":"Swift Potion"},{"floor":4,"key":"FearPotion"},{"floor":5,"key":"BlessingOfTheForge"},{"floor":6,"key":"Strength Potion"},{"floor":11,"key":"AttackPotion"},{"floor":22,"key":"champ:CounterPotion"},{"floor":23,"key":"EntropicBrew"}],"is_trial":false,"path_per_floor":["M","$","M","M","?","E","R","M","T","R","M","$","R","M","R","B",null,"M","?","?","$","M","E","R","E"],"character_chosen":"THE_ANIMATOR","items_purchased":["animator:HigakiRinne","Oddly Smooth Stone","Vajra"],"campfire_rested":1,"item_purchase_floors":[2,12,21],"current_hp_per_floor":[66,66,67,67,67,32,32,27,27,27,26,26,26,5,25,27,67,68,68,68,68,68,48,48,0,0],"gold":74,"neow_bonus":"BOSS_RELIC","is_daily":false,"chose_seed":false,"campfire_upgraded":4,"win_rate":0.0,"timestamp":1610671476,"path_taken":["M","$","M","M","?","E","R","M","T","R","M","?","R","M","R","BOSS","M","?","?","$","M","E","R","E"],"items_purchased_type":["Card","Relic","Relic"],"build_version":"2020-12-22","purchased_purges":0,"victory":false,"max_hp_per_floor":[66,66,67,67,67,67,67,67,67,67,67,67,67,67,67,67,67,68,68,68,68,68,68,68,68,68],"card_choices":[{"not_picked":["animator:Azekura","animator:YuiTsuruno"],"picked":"animator:Chris","floor":1},{"not_picked":["animator:Geryuganshoop","animator:Souei"],"picked":"animator:Megumin","floor":3},{"not_picked":["animator:Kaijin","animator:Hakurou"],"picked":"animator:MetalKnight","floor":4},{"not_picked":["animator:Vanir","animator:Megumin"],"picked":"animator:Verdia","floor":6},{"not_picked":["animator:Mitsurugi","animator:Vanir"],"picked":"animator:DolaStephanie","floor":8},{"not_picked":["animator:Togame","animator:RinTohsaka"],"picked":"animator:Hakurou","floor":11},{"not_picked":["animator:Millim","animator:Tet"],"picked":"animator:Kazuma","floor":14},{"not_picked":["animator:HomuraAkemi","animator:Boros"],"picked":"animator:Shizu","floor":16},{"not_picked":["animator:MetalKnight","animator:Geryuganshoop"],"picked":"animator:MumenRider","floor":18},{"not_picked":["animator:YachiyoNanami","animator:KyokoSakura"],"picked":"animator:Shuna","floor":22},{"not_picked":["animator:DolaStephanie","animator:Demiurge"],"picked":"animator:Nanami","floor":23}],"player_experience":349234,"relics_obtained":[{"floor":6,"key":"hubris:SlimyHat"},{"floor":9,"key":"Blue Candle"},{"floor":23,"key":"Bag of Preparation"}],"event_choices":[{"damage_healed":0,"gold_gain":0,"player_choice":"Got Potions","damage_taken":0,"max_hp_gain":0,"max_hp_loss":0,"event_name":"Lab","floor":5,"gold_loss":0},{"damage_healed":0,"gold_gain":0,"player_choice":"Bought 0 Potions","damage_taken":0,"max_hp_gain":0,"max_hp_loss":0,"event_name":"The Woman in Blue","floor":20,"gold_loss":0}],"is_beta":false,"boss_relics":[{"not_picked":["vexMod:FluxCapacitor","conspire:SpecialSausage"],"picked":"Mark of Pain"}],"items_purged_floors":[],"is_endless":false,"potions_floor_spawned":[3,4,6,11,14,18,22,23],"killed_by":"animator:HornedBat","ascension_level":2}}