{"host":"vm3f1ccwgbs4oygt","time":1610742088,"event":{"mods":["BaseMod","BetterRewards","Colored Powertips","Minty Spire (QoL Compilation)","Permanent Neow","Replay The Spire","Shop Mod","StSLib"],"gold_per_floor":[112,124,124,224,250,281,316,345,345,345,345,345,363,375,375,472,472,484,503,514,212,212,237,256,256,256,256,268,288,32,32,32,127,127,138,173,188,205,205,205,205,205],"floor_reached":41,"language":"ENG","playtime":29452,"items_purged":["Corruption","Strike_R"],"score":425,"play_id":"15447743-d7c6-4349-91af-72e1c82a37a4","local_time":"20210115212128","is_ascension_mode":false,"campfire_choices":[{"data":"Barricade","floor":11,"key":"SMITH"},{"floor":15,"key":"REST"},{"data":"Demon Form","floor":25,"key":"SMITH"},{"floor":27,"key":"REST"},{"floor":32,"key":"DIG"},{"data":"Uppercut","floor":40,"key":"SMITH"}],"circlet_count":0,"master_deck":["Strike_R","Strike_R","Strike_R","Strike_R","Defend_R","Defend_R","Defend_R","Defend_R","Bash","Spot Weakness","Bloodletting","Carnage","Barricade+1","Whirlwind","Uppercut+1","ReplayTheSpireMod:LeadingStrike","Sword Boomerang","Shrug It Off","Demon Form+1","Cleave","Spot Weakness","Bloodletting","Flame Barrier+1","Magnetism","Seeing Red","Inflame","Clothesline","ReplayTheSpireMod:Muscle Training+1","Feed","ReplayTheSpireMod:Splinters","Shrug It Off+1","Flex","True Grit+1"],"relics":["Black Blood","ReplayTheSpireMod:Ring of Collecting","ReplayTheSpireMod:Ring of Challenge","Shuriken","King of Hearts","Omamori","Electric Blood","Membership Card","Blood Vial","ReplayTheSpireMod:Ninjato","ReplayTheSpireMod:Ring of Exchange","ReplayTheSpireMod:TigerMarble","HandDrill","Bottled Flame","Pantograph","Regal Pillow"],"acts_visited":["Exordium","TheCity","TheBeyond"],"potions_floor_usage":[6,16,20,20,33,33],"damage_taken":[{"damage":5,"enemies":"2 Louse","floor":1,"turns":4},{"damage":6,"enemies":"Small Slimes","floor":2,"turns":3},{"damage":4,"enemies":"Cultist","floor":5,"turns":3},{"damage":29,"enemies":"Lagavulin","floor":6,"turns":5},{"damage":16,"enemies":"Blue Slaver","floor":7,"turns":3},{"damage":35,"enemies":"3 Sentries","floor":8,"turns":8},{"damage":0,"enemies":"Large Slime","floor":13,"turns":4},{"damage":25,"enemies":"Gremlin Gang","floor":14,"turns":4},{"damage":48,"enemies":"Hexaghost","floor":16,"turns":9},{"damage":22,"enemies":"Spheric Guardian","floor":18,"turns":4},{"damage":9,"enemies":"Chosen","floor":19,"turns":4},{"damage":10,"enemies":"Centurion and Healer","floor":20,"turns":4},{"damage":28,"enemies":"Book of Stabbing","floor":23,"turns":4},{"damage":28,"enemies":"Shelled Parasite and Fungi","floor":24,"turns":5},{"damage":16,"enemies":"Snake Plant","floor":28,"turns":4},{"damage":53,"enemies":"Cultist and Chosen","floor":29,"turns":7},{"damage":45,"enemies":"Automaton","floor":33,"turns":7},{"damage":36,"enemies":"3 Darklings","floor":35,"turns":5},{"damage":9,"enemies":"Orb Walker","floor":37,"turns":3},{"damage":24,"enemies":"Sphere and 2 Shapes","floor":38,"turns":4},{"damage":61,"enemies":"Spire Growth","floor":41,"turns":7}],"seed_played":"4766814986861259427","potions_obtained":[{"floor":5,"key":"AttackPotion"},{"floor":6,"key":"Elixir"},{"floor":13,"key":"Swift Potion"},{"floor":16,"key":"FearPotion"},{"floor":18,"key":"Regen Potion"},{"floor":23,"key":"Elixir"},{"floor":28,"key":"Toxic Potion"},{"floor":29,"key":"Swift Potion"},{"floor":36,"key":"Death Potion"},{"floor":36,"key":"LiquidBronze"},{"floor":36,"key":"Flashbang"}],"is_trial":false,"path_per_floor":["M","M","?","?","M","E","M","E","T","?","R","?","M","M","R","B",null,"M","M","M","$","?","E","M","R","T","R","M","M","$","?","R","B",null,"M","?","M","M","?","R","M"],"character_chosen":"IRONCLAD","items_purchased":["Membership Card","Flame Barrier+1","Magnetism","HandDrill","Bottled Flame"],"campfire_rested":2,"item_purchase_floors":[21,21,21,30,30],"current_hp_per_floor":[88,88,88,88,88,65,55,26,26,48,48,48,54,35,61,19,88,72,69,74,74,74,54,34,34,34,60,52,7,7,36,36,24,88,64,64,69,59,59,59,0,0],"gold":205,"neow_bonus":"TEN_PERCENT_HP_BONUS","is_daily":false,"chose_seed":false,"campfire_upgraded":3,"win_rate":0.0,"timestamp":1610742088,"path_taken":["M","M","?","?","M","E","?","E","T","?","R","?","M","?","R","BOSS","M","?","M","$","?","E","M","R","T","R","M","M","$","?","R","BOSS","M","?","M","M","?","R","M"],"items_purchased_type":["Relic","Card","Card","Relic","Relic"],"build_version":"2020-12-22","purchased_purges":2,"victory":false,"max_hp_per_floor":[88,88,88,88,88,88,88,88,88,88,88,88,88,88,88,88,88,88,88,88,88,88,88,88,88,88,88,88,88,88,88,88,88,88,88,88,88,88,88,88,88,88],"card_choices":[{"not_picked":["Thunderclap","Heavy Blade"],"picked":"Spot Weakness","floor":1},{"not_picked":["Flex","Replay:Undeath\u0027s Touch"],"picked":"Bloodletting","floor":2},{"not_picked":["Body Slam","Defy Death"],"picked":"Carnage","floor":5},{"not_picked":["ReplayTheSpireMod:LeadingStrike","ReplayTheSpireMod:Stacked"],"picked":"Barricade","floor":6},{"not_picked":["Warcry","Sentinel"],"picked":"Whirlwind","floor":7},{"not_picked":["Power Through","Iron Wave"],"picked":"Uppercut","floor":8},{"not_picked":["Wild Strike","Massacre"],"picked":"Sword Boomerang","floor":13},{"not_picked":["True Grit","Berserk"],"picked":"Shrug It Off","floor":14},{"not_picked":["Double Tap","Immolate"],"picked":"Demon Form","floor":16},{"not_picked":["ReplayTheSpireMod:Strike From Hell+1","Replay:Undeath\u0027s Touch"],"picked":"Cleave","floor":18},{"not_picked":["Havoc","Headbutt"],"picked":"Spot Weakness","floor":19},{"not_picked":["Replay:Undeath\u0027s Touch","Thunderclap"],"picked":"Bloodletting","floor":20},{"not_picked":["Sword Boomerang+1","ReplayTheSpireMod:Strike From Hell"],"picked":"Seeing Red","floor":23},{"not_picked":["Entrench","Evolve"],"picked":"Inflame","floor":24},{"not_picked":["Evolve","Shrug It Off+1"],"picked":"Clothesline","floor":28},{"not_picked":["ReplayTheSpireMod:LeadingStrike","Cleave"],"picked":"ReplayTheSpireMod:Muscle Training+1","floor":29},{"not_picked":["Offering","Limit Break"],"picked":"Feed","floor":33},{"not_picked":["Wild Strike","Intimidate","Whirlwind+1"],"picked":"SKIP","floor":35},{"not_picked":["Disarm","Run Through+1"],"picked":"Shrug It Off+1","floor":36},{"not_picked":["Wild Strike","Battle Trance"],"picked":"Flex","floor":37},{"not_picked":["Intimidate+1","Run Through+1"],"picked":"True Grit+1","floor":38}],"player_experience":433740,"relics_obtained":[{"floor":3,"key":"ReplayTheSpireMod:Ring of Collecting"},{"floor":3,"key":"ReplayTheSpireMod:Ring of Challenge"},{"floor":6,"key":"Shuriken"},{"floor":8,"key":"King of Hearts"},{"floor":9,"key":"Omamori"},{"floor":23,"key":"ReplayTheSpireMod:Ninjato"},{"floor":26,"key":"ReplayTheSpireMod:Ring of Exchange"},{"floor":26,"key":"ReplayTheSpireMod:TigerMarble"},{"floor":32,"key":"Pantograph"}],"event_choices":[{"damage_healed":0,"gold_gain":100,"player_choice":"Pray","damage_taken":0,"max_hp_gain":0,"max_hp_loss":0,"event_name":"Golden Shrine","floor":4,"gold_loss":0},{"damage_healed":22,"gold_gain":0,"player_choice":"Healed and dodged fight","damage_taken":0,"max_hp_gain":0,"max_hp_loss":0,"event_name":"Mushrooms","floor":10,"gold_loss":0,"cards_obtained":["Parasite"]},{"damage_healed":0,"gold_gain":0,"player_choice":"2 cards matched","damage_taken":0,"max_hp_gain":0,"max_hp_loss":0,"event_name":"Match and Keep!","floor":12,"gold_loss":0,"cards_obtained":["ReplayTheSpireMod:LeadingStrike","Corruption"]},{"damage_healed":0,"gold_gain":0,"player_choice":"Stole Relic","damage_taken":0,"relics_obtained":["Blood Vial"],"max_hp_gain":0,"max_hp_loss":0,"event_name":"Addict","floor":22,"gold_loss":0,"cards_obtained":["Shame"]},{"damage_healed":29,"gold_gain":0,"player_choice":"Heal","damage_taken":0,"max_hp_gain":0,"max_hp_loss":0,"event_name":"The Library","floor":31,"gold_loss":0},{"damage_healed":0,"gold_gain":0,"player_choice":"Gave Potion","damage_taken":0,"relics_obtained":["Regal Pillow"],"max_hp_gain":0,"max_hp_loss":0,"event_name":"WeMeetAgain","floor":39,"gold_loss":0}],"is_beta":false,"boss_relics":[{"not_picked":["ReplayTheSpireMod:DimensionalGlitch","Runic Dome"],"picked":"Electric Blood"},{"not_picked":["Coffee Dripper","PrismaticShard"],"picked":"Black Blood"}],"items_purged_floors":[21,30],"is_endless":false,"potions_floor_spawned":[5,6,13,16,18,23,28,29,37],"killed_by":"Spire Growth","ascension_level":0}}