{"host":"c3lc60y5x60jlt1y","time":1610709820,"event":{"mods":["AchievementEnabler","BaseMod","Bestiary","Colored Map","Minty Spire (QoL Compilation)","Quick Restart","StSLib","ojb\u0027s Info Mod"],"gold_per_floor":[111,130,141,216,227,259,259,279,302,331,331,343,377,397,397,498,498,515,515,525,539,464,464,464,464,464],"floor_reached":25,"language":"ENG","playtime":6308,"items_purged":[],"score":319,"play_id":"a6d26f94-ecf4-4afe-bf65-71032e5c4d2e","local_time":"20210115132340","is_ascension_mode":true,"campfire_choices":[{"data":"Sadistic Nature","floor":11,"key":"SMITH"},{"data":"Defragment","floor":15,"key":"SMITH"},{"floor":23,"key":"REST"}],"circlet_count":0,"master_deck":["Strike_B","Strike_B","Strike_B","Defend_B","Defend_B","Defend_B","Defend_B","Zap","Dualcast","Sadistic Nature+1","Glacier","Coolheaded","Coolheaded","Doom and Gloom","Go for the Eyes","Cold Snap","Defragment+1","Tempest","Turbo","Thunder Strike","Stack+1","Go for the Eyes"],"relics":["Cracked Core","Bottled Tornado","Bronze Scales","Smiling Mask","Sozu","Nloth\u0027s Gift"],"acts_visited":["Exordium","TheCity"],"potions_floor_usage":[6,6,10,24],"damage_taken":[{"damage":7,"enemies":"Jaw Worm","floor":1,"turns":3},{"damage":0,"enemies":"2 Louse","floor":2,"turns":3},{"damage":1,"enemies":"Cultist","floor":3,"turns":4},{"damage":16,"enemies":"3 Louse","floor":5,"turns":5},{"damage":24,"enemies":"Gremlin Nob","floor":6,"turns":4},{"damage":16,"enemies":"Gremlin Gang","floor":8,"turns":5},{"damage":1,"enemies":"Lagavulin","floor":10,"turns":9},{"damage":0,"enemies":"Looter","floor":12,"turns":3},{"damage":4,"enemies":"3 Sentries","floor":13,"turns":8},{"damage":0,"enemies":"2 Fungi Beasts","floor":14,"turns":4},{"damage":9,"enemies":"Hexaghost","floor":16,"turns":8},{"damage":12,"enemies":"Spheric Guardian","floor":18,"turns":3},{"damage":29,"enemies":"3 Byrds","floor":20,"turns":3},{"damage":5,"enemies":"Snake Plant","floor":21,"turns":5},{"damage":33,"enemies":"Gremlin Leader","floor":24,"turns":8},{"damage":2,"enemies":"Snecko","floor":25,"turns":2}],"seed_played":"353744832871564384","potions_obtained":[{"floor":1,"key":"AttackPotion"},{"floor":5,"key":"FearPotion"},{"floor":8,"key":"Weak Potion"},{"floor":10,"key":"SmokeBomb"},{"floor":16,"key":"BlessingOfTheForge"}],"is_trial":false,"path_per_floor":["M","M","M","?","M","E","?","M","T","E","R","M","E","M","R","B",null,"M","?","M","M","?","R","E","M"],"character_chosen":"DEFECT","items_purchased":[],"campfire_rested":1,"item_purchase_floors":[],"current_hp_per_floor":[61,61,60,49,33,9,31,15,22,21,21,21,17,17,17,8,58,46,46,17,12,12,34,1,0,0],"gold":464,"neow_bonus":"RANDOM_COLORLESS_2","is_daily":false,"chose_seed":false,"campfire_upgraded":2,"win_rate":0.0,"timestamp":1610709820,"path_taken":["M","M","M","?","M","E","?","M","T","E","R","M","E","M","R","BOSS","M","?","M","?","?","R","E","M"],"items_purchased_type":[],"build_version":"2020-12-22","purchased_purges":0,"victory":false,"max_hp_per_floor":[68,68,68,68,68,68,68,68,75,75,75,75,75,75,75,75,75,75,75,75,75,75,75,75,75,75],"card_choices":[{"not_picked":["Master of Strategy","Chrysalis"],"picked":"Sadistic Nature","floor":0},{"not_picked":["Streamline","Beam Cell"],"picked":"Glacier","floor":1},{"not_picked":["Heatsinks","Gash"],"picked":"Coolheaded","floor":2},{"not_picked":["Barrage","Streamline"],"picked":"Coolheaded","floor":3},{"not_picked":["Turbo","Stack"],"picked":"Doom and Gloom","floor":5},{"not_picked":["Heatsinks","Scrape"],"picked":"Go for the Eyes","floor":6},{"not_picked":["Redo","Barrage","Steam"],"picked":"SKIP","floor":8},{"not_picked":["Stack","Redo"],"picked":"Cold Snap","floor":10},{"not_picked":["Melter","Leap"],"picked":"Defragment","floor":12},{"not_picked":["Double Energy","Scrape"],"picked":"Tempest","floor":13},{"not_picked":["Coolheaded","Leap"],"picked":"Turbo","floor":14},{"not_picked":["Biased Cognition","Amplify"],"picked":"Thunder Strike","floor":16},{"not_picked":["Sweeping Beam+1","Gash","Cold Snap"],"picked":"SKIP","floor":18},{"not_picked":["Scrape","Loop"],"picked":"Stack+1","floor":20},{"not_picked":["Hello World","Aggregate"],"picked":"Go for the Eyes","floor":21}],"player_experience":8074539,"relics_obtained":[{"floor":6,"key":"Bottled Tornado"},{"floor":9,"key":"Strawberry"},{"floor":10,"key":"Bronze Scales"},{"floor":13,"key":"Smiling Mask"}],"event_choices":[{"damage_healed":0,"gold_gain":75,"player_choice":"Gather Gold","damage_taken":11,"max_hp_gain":0,"max_hp_loss":0,"event_name":"World of Goop","floor":4,"gold_loss":0},{"damage_healed":22,"gold_gain":0,"player_choice":"Banana","damage_taken":0,"max_hp_gain":0,"max_hp_loss":0,"event_name":"Big Fish","floor":7,"gold_loss":0},{"damage_healed":0,"gold_gain":0,"player_choice":"Traded Relic","damage_taken":0,"relics_obtained":["Nloth\u0027s Gift"],"max_hp_gain":0,"max_hp_loss":0,"event_name":"N\u0027loth","floor":19,"relics_lost":["Strawberry"],"gold_loss":0},{"cards_removed":["Strike_B"],"damage_healed":0,"gold_gain":0,"player_choice":"Gave Gold","damage_taken":0,"max_hp_gain":0,"max_hp_loss":0,"event_name":"Beggar","floor":22,"gold_loss":75}],"is_beta":false,"boss_relics":[{"not_picked":["Runic Dome","Fusion Hammer"],"picked":"Sozu"}],"items_purged_floors":[],"is_endless":false,"potions_floor_spawned":[1,5,8,10,16,20,24],"killed_by":"Snecko","ascension_level":6}}