{"host":"pzq1vc4uuxkm5fg8","time":1610683499,"event":{"mods":["BaseMod","BetterRewards","Hermit","Minty Spire (QoL Compilation)","Replay The Spire","Shop Mod","StSLib","The Cursed","The Mystic"],"gold_per_floor":[117,136,136,151,167,193,79,79,79,106,121,121,9,21,21,125,125,135,145,71,71,71,98,109,120,169,180,192,117,128,88,88,88,88],"floor_reached":33,"language":"ENG","playtime":6346,"items_purged":[],"score":431,"play_id":"3183d6b7-991a-4d6d-a18b-cb19934b0ded","local_time":"20210114230459","is_ascension_mode":false,"campfire_choices":[{"data":"mysticmod:ComboCaster","floor":8,"key":"SMITH"},{"data":"mysticmod:MirrorEntity","floor":12,"key":"SMITH"},{"data":"mysticmod:HeavyStrike","floor":15,"key":"SMITH"},{"floor":32,"key":"REST"}],"circlet_count":0,"master_deck":["mysticmod:Strike_Mystic","mysticmod:Strike_Mystic","mysticmod:Strike_Mystic","mysticmod:Defend_Mystic","mysticmod:Defend_Mystic","mysticmod:Defend_Mystic","mysticmod:Defend_Mystic","mysticmod:ArcaneDodge","mysticmod:ShockingGrasp","mysticmod:Riposte","mysticmod:ComboCaster+1","mysticmod:Alacrity","mysticmod:VorpalThrust","mysticmod:DiviningBlow","mysticmod:HeavyStrike+1","mysticmod:MirrorStrike","mysticmod:Snowball","mysticmod:MirrorEntity+1","mysticmod:Daze","mysticmod:Spellstrike+1","mysticmod:Flurry","mysticmod:Discipline","mysticmod:LightningBolt","mysticmod:Fly","mysticmod:GeminiForm","mysticmod:GreaterInvisibility+1","mysticmod:SpellCombat","mysticmod:MagicMissile","mysticmod:EarthenWall","mysticmod:Shield+1","mysticmod:Flourish"],"relics":["mysticmod:SpellBook","PreservedInsect","Simple Rune","InkBottle","ReplayTheSpireMod:Lightbulb","Happy Flower","Velvet Choker","Chameleon Ring","Smiling Mask"],"acts_visited":["Exordium","TheCity"],"potions_floor_usage":[10,27,27,33],"damage_taken":[{"damage":1,"enemies":"Jaw Worm","floor":1,"turns":4},{"damage":1,"enemies":"Cultist","floor":2,"turns":3},{"damage":0,"enemies":"Small Slimes","floor":4,"turns":3},{"damage":9,"enemies":"Gremlin Gang","floor":5,"turns":5},{"damage":0,"enemies":"Gremlin Nob","floor":6,"turns":3},{"damage":0,"enemies":"Lagavulin","floor":10,"turns":4},{"damage":1,"enemies":"Exordium Wildlife","floor":11,"turns":5},{"damage":0,"enemies":"Looter","floor":14,"turns":2},{"damage":40,"enemies":"The Guardian","floor":16,"turns":7},{"damage":5,"enemies":"Chosen","floor":18,"turns":3},{"damage":4,"enemies":"3 Byrds","floor":19,"turns":3},{"damage":33,"enemies":"Book of Stabbing","floor":23,"turns":5},{"damage":18,"enemies":"Centurion and Healer","floor":24,"turns":6},{"damage":5,"enemies":"Snake Plant","floor":25,"turns":3},{"damage":29,"enemies":"Chosen and Byrds","floor":27,"turns":7},{"damage":0,"enemies":"Snecko","floor":28,"turns":3},{"damage":6,"enemies":"3 Cultists","floor":30,"turns":5},{"damage":54,"enemies":"Collector","floor":33,"turns":5}],"seed_played":"596838220906661877","potions_obtained":[{"floor":2,"key":"Elixir"},{"floor":4,"key":"Reflective Coating"},{"floor":6,"key":"Fruit Juice"},{"floor":11,"key":"SneckoOil"},{"floor":16,"key":"ColorlessPotion"},{"floor":18,"key":"Regen Potion"},{"floor":27,"key":"SteroidPotion"},{"floor":30,"key":"ColorlessPotion"}],"is_trial":false,"path_per_floor":["M","M","?","M","M","E","?","R","T","E","M","R","$","M","R","B",null,"M","M","$","$","?","E","M","M","T","M","M","?","M","?","R","B"],"character_chosen":"MYSTIC_CLASS","items_purchased":["PreservedInsect","mysticmod:Riposte","mysticmod:ComboCaster","mysticmod:Alacrity","mysticmod:Spellstrike+1","mysticmod:Fly"],"campfire_rested":1,"item_purchase_floors":[0,0,0,0,13,20],"current_hp_per_floor":[67,66,71,71,62,62,62,62,62,67,66,66,66,66,66,26,87,82,78,78,78,78,45,27,22,22,20,20,20,14,14,40,0,0],"gold":88,"neow_bonus":"","is_daily":false,"chose_seed":false,"campfire_upgraded":3,"win_rate":0.0,"timestamp":1610683499,"path_taken":["M","M","?","M","M","E","?","R","T","E","M","R","$","M","R","BOSS","M","M","?","$","?","E","M","?","T","?","M","?","M","?","R","BOSS"],"items_purchased_type":["Relic","Card","Card","Card","Card","Card"],"build_version":"2020-12-22","purchased_purges":0,"victory":false,"max_hp_per_floor":[77,77,82,82,82,82,82,82,82,87,87,87,87,87,87,87,87,87,87,87,87,87,87,87,87,87,87,87,87,87,87,87,87,87],"card_choices":[{"not_picked":["mysticmod:HunkerDown","mysticmod:Stoneskin"],"picked":"mysticmod:VorpalThrust","floor":1},{"not_picked":["mysticmod:EnergizedRift","mysticmod:BulkUp"],"picked":"mysticmod:DiviningBlow","floor":2},{"not_picked":["mysticmod:DiviningBlow","mysticmod:ComponentsPouch"],"picked":"mysticmod:HeavyStrike","floor":4},{"not_picked":["mysticmod:EbbAndFlow","mysticmod:Snowball"],"picked":"mysticmod:MirrorStrike","floor":5},{"not_picked":["mysticmod:DiviningBlow","mysticmod:PureInstinct"],"picked":"mysticmod:Snowball","floor":6},{"not_picked":["mysticmod:DiviningBlow","mysticmod:MagicWeapon"],"picked":"mysticmod:MirrorEntity","floor":10},{"not_picked":["mysticmod:Snowball","mysticmod:IllusionOfCalm"],"picked":"mysticmod:Daze","floor":11},{"not_picked":["mysticmod:PowerSlash","mysticmod:DiviningBlow"],"picked":"mysticmod:Flurry","floor":14},{"not_picked":["mysticmod:Lunge","mysticmod:SpontaneousCaster"],"picked":"mysticmod:Discipline","floor":16},{"not_picked":["mysticmod:SuddenClarity","mysticmod:Flurry"],"picked":"mysticmod:Dedication","floor":18},{"not_picked":["mysticmod:Disengage","mysticmod:Dedication"],"picked":"mysticmod:LightningBolt","floor":19},{"not_picked":["mysticmod:DiviningBlow","mysticmod:LightningBolt+1"],"picked":"mysticmod:GreaterInvisibility","floor":23},{"not_picked":["mysticmod:VorpalThrust","mysticmod:MirrorStrike+1"],"picked":"mysticmod:SpellCombat","floor":24},{"not_picked":["mysticmod:Alacrity+1","mysticmod:CorrosiveTouch"],"picked":"mysticmod:MagicMissile","floor":25},{"not_picked":["mysticmod:Daze","mysticmod:Disengage"],"picked":"mysticmod:EarthenWall","floor":27},{"not_picked":["mysticmod:ComponentsPouch+1","mysticmod:MirrorStrike"],"picked":"mysticmod:Shield+1","floor":28},{"not_picked":["mysticmod:DiviningBlow","mysticmod:Flurry+1"],"picked":"mysticmod:Flourish","floor":30}],"player_experience":326450,"relics_obtained":[{"floor":6,"key":"Simple Rune"},{"floor":9,"key":"ReplayTheSpireMod:Lightbulb"},{"floor":10,"key":"Happy Flower"},{"floor":23,"key":"Chameleon Ring"},{"floor":26,"key":"Smiling Mask"}],"event_choices":[{"damage_healed":0,"gold_gain":0,"player_choice":"Donut","damage_taken":0,"max_hp_gain":5,"max_hp_loss":0,"event_name":"Big Fish","floor":3,"gold_loss":0},{"damage_healed":0,"gold_gain":0,"player_choice":"Paid Gold","damage_taken":0,"relics_obtained":["InkBottle"],"max_hp_gain":0,"max_hp_loss":0,"event_name":"WeMeetAgain","floor":7,"gold_loss":114},{"damage_healed":0,"gold_gain":0,"cards_transformed":["mysticmod:Strike_Mystic"],"player_choice":"Transformed","damage_taken":0,"max_hp_gain":0,"max_hp_loss":0,"event_name":"Transmorgrifier","floor":22,"gold_loss":0,"cards_obtained":["mysticmod:GeminiForm"]},{"cards_removed":["mysticmod:Dedication"],"damage_healed":0,"gold_gain":0,"player_choice":"Gave Gold","damage_taken":0,"max_hp_gain":0,"max_hp_loss":0,"event_name":"Beggar","floor":29,"gold_loss":75},{"damage_healed":0,"gold_gain":0,"player_choice":"Upgrade","damage_taken":0,"max_hp_gain":0,"max_hp_loss":0,"event_name":"Designer","floor":31,"gold_loss":40,"cards_upgraded":["mysticmod:GreaterInvisibility"]}],"is_beta":false,"boss_relics":[{"not_picked":["Coffee Dripper","Painkiller Herb"],"picked":"Velvet Choker"}],"items_purged_floors":[],"is_endless":false,"potions_floor_spawned":[2,4,6,11,16,18,23,27,30],"killed_by":"Collector","ascension_level":0}}