{"host":"lzzv50t0ea3gz1kk","time":1610728662,"event":{"mods":["Act Like it!","BaseMod","Downfall","Gensokyo","Hallownest","Hermit","Marisa£®ÏF”Í°°ƒß¿Ì…≥£©","Minty Spire (QoL Compilation)","Replay The Spire","Robot Space Explorer","StSLib","The Animator"],"gold_per_floor":[111,111,211,211,22,52,52,52,78,403,403,403,403,422,422,527,527,541,287,313,338,338,338,358,358,358,338,338,338,367,407,407,507,507,530,552,325,334,359,359,386,386,386,386,405,3,3,13,13,13],"floor_reached":51,"language":"ZHS","playtime":2212,"items_purged":[],"score":688,"play_id":"19c05124-dfa0-4e77-b6fe-7aaf03a5b3e2","local_time":"20210116003742","is_ascension_mode":false,"campfire_choices":[{"data":"hermit:TakeAim","floor":7.0,"key":"SMITH"},{"data":"hermit:Brawl","floor":11.0,"key":"SMITH"},{"data":"hermit:RoundhouseKick","floor":15.0,"key":"SMITH"},{"data":"hermit:Roughhouse","floor":23.0,"key":"SMITH"},{"floor":25.0,"key":"REST"},{"data":"Gensokyo:SlitMouthedWoman","floor":28.0,"key":"SMITH"},{"floor":32.0,"key":"REST"},{"floor":40.0,"key":"REST"},{"data":"hermit:HeroicBravado","floor":42.0,"key":"SMITH"},{"floor":49.0,"key":"REST"}],"circlet_count":0,"master_deck":["hermit:Strike_Hermit","hermit:Strike_Hermit","hermit:Strike_Hermit","hermit:Defend_Hermit","hermit:Defend_Hermit","hermit:Defend_Hermit","hermit:Defend_Hermit","hermit:Snapshot+1","hermit:TakeAim+1","hermit:Brawl+1","hermit:Headshot","hermit:RoundhouseKick+1","hermit:Roughhouse+1","Gensokyo:SlitMouthedWoman+1","hermit:Feint+1","hermit:Dive","hermit:Horror","hermit:WideOpen+1","hermit:Gestalt+1","hermit:Horror","hermit:HeroicBravado+1","hermit:Glare+1","hermit:Ricochet+1"],"relics":["hermit:ClaspedLocket","Gensokyo:OccultBall","Gensokyo:Justice","Juzu Bracelet","Meat on the Bone","Gensokyo:LunaticRedEyes","CeramicFish","Gensokyo:ChorusOfJoy","Happy Flower","Pet Ghost","Pocketwatch","Philosopher\u0027s Stone","Medical Kit","Ancient Tea Set","Vajra","Garlic","Pondfish Scales"],"acts_visited":["Gensokyo:Gensokyo","Gensokyo:Gensokyoer","Gensokyo:Gensokyoest"],"potions_floor_usage":[50,50,50],"damage_taken":[{"damage":0.0,"enemies":"Gensokyo:2_Kodama","floor":1.0,"turns":3.0},{"damage":15.0,"enemies":"Gensokyo:Mamizou","floor":6.0,"turns":9.0},{"damage":30.0,"enemies":"Gensokyo:Python","floor":10.0,"turns":2.0},{"damage":0.0,"enemies":"Gensokyo:3_Fairies","floor":14.0,"turns":3.0},{"damage":41.0,"enemies":"Gensokyo:Reimu","floor":16.0,"turns":10.0},{"damage":24.0,"enemies":"Gensokyo:CosmicMonolith","floor":18.0,"turns":5.0},{"damage":18.0,"enemies":"Gensokyo:Chomper","floor":20.0,"turns":5.0},{"damage":0.0,"enemies":"Gensokyo:Swordslinger","floor":21.0,"turns":4.0},{"damage":44.0,"enemies":"Gensokyo:3_Gloops","floor":24.0,"turns":6.0},{"damage":7.0,"enemies":"Gensokyo:Slime_Group","floor":30.0,"turns":4.0},{"damage":22.0,"enemies":"Gensokyo:Tenshi","floor":31.0,"turns":3.0},{"damage":14.0,"enemies":"Gensokyo:Eiki","floor":33.0,"turns":9.0},{"damage":10.0,"enemies":"Gensokyo:AncientGuardian","floor":35.0,"turns":5.0},{"damage":0.0,"enemies":"Gensokyo:3_Bats","floor":36.0,"turns":3.0},{"damage":27.0,"enemies":"Gensokyo:3_Boulders","floor":39.0,"turns":3.0},{"damage":3.0,"enemies":"Gensokyo:4_Bats","floor":41.0,"turns":6.0},{"damage":0.0,"enemies":"Gensokyo:AtlasGolem","floor":45.0,"turns":4.0},{"damage":0.0,"enemies":"Gensokyo:Sharpion","floor":48.0,"turns":3.0},{"damage":2,"enemies":"Gensokyo:Scarlet_Devils","floor":50,"turns":9}],"seed_played":"801504785652718989","potions_obtained":[{"floor":6.0,"key":"Fire Potion"},{"floor":10.0,"key":"Explosive Potion"},{"floor":14.0,"key":"Weak Potion"},{"floor":20.0,"key":"champ:CounterPotion"},{"floor":24.0,"key":"Venom Potion"},{"floor":36.0,"key":"DuplicationPotion"},{"floor":41.0,"key":"CultistPotion"}],"is_trial":false,"path_per_floor":["M","?","?","?","$","E","R","?","T","M","R","?","?","M","R","B",null,"M","COS","M","M","?","R","M","R","T","?","R","?","M","E","R","B",null,"M","M","COS","?","M","R","M","R","T","?","M","$","$","M","R","B",null],"character_chosen":"HERMIT","items_purchased":["Juzu Bracelet","hermit:TakeAim","Vajra","Garlic"],"campfire_rested":4,"item_purchase_floors":[5,5,46,46],"current_hp_per_floor":[75,75,75,75,75,60,60,60,60,42,42,42,65,65,65,36,75,51,51,45,45,45,45,13,35,35,67,67,67,60,38,60,46,75,65,65,65,65,38,60,57,57,57,57,57,57,57,57,75,73],"gold":13,"neow_bonus":"UPGRADE_CARD","is_daily":false,"chose_seed":false,"campfire_upgraded":6,"win_rate":0.0,"timestamp":1610728662,"path_taken":["M","?","?","?","$","E","R","?","T","M","R","?","?","M","R","BOSS","M","COS","M","M","?","R","M","R","T","?","R","?","M","E","R","BOSS","M","M","COS","?","M","R","M","R","T","?","M","?","$","M","R","BOSS"],"items_purchased_type":["Relic","Card","Relic","Relic"],"build_version":"2020-12-22","purchased_purges":0,"victory":true,"max_hp_per_floor":[75,75,75,75,75,75,75,75,75,75,75,75,75,75,75,75,75,75,75,75,75,75,75,75,75,75,75,75,75,75,75,75,75,75,75,75,75,75,75,75,75,75,75,75,75,75,75,75,75,75],"card_choices":[{"not_picked":["hermit:SprayPray","hermit:TrackingShot"],"picked":"hermit:Horror","floor":1.0},{"not_picked":["hermit:Midnight","hermit:LowProfile"],"picked":"hermit:Brawl","floor":6.0},{"not_picked":["hermit:Scavenge","hermit:LowProfile"],"picked":"hermit:Headshot","floor":10.0},{"not_picked":["hermit:SprayPray","hermit:Horror"],"picked":"hermit:RoundhouseKick","floor":14.0},{"not_picked":["hermit:EternalForm","hermit:FatalDesire"],"picked":"hermit:Roughhouse","floor":16.0},{"not_picked":["hermit:Maintenance","hermit:Spite+1","hermit:Virtue"],"picked":"SKIP","floor":18.0},{"not_picked":["hermit:LowProfile+1","hermit:Roulette+1"],"picked":"hermit:Feint+1","floor":20.0},{"not_picked":["hermit:SprayPray+1","hermit:Desperado"],"picked":"hermit:Dive","floor":21.0},{"not_picked":["hermit:HoleUp","hermit:FullyLoaded","hermit:WideOpen"],"picked":"SKIP","floor":24.0},{"not_picked":["hermit:Deadeye","hermit:RoundhouseKick"],"picked":"hermit:Horror","floor":30.0},{"not_picked":["hermit:Snipe","hermit:Malice"],"picked":"hermit:WideOpen+1","floor":31.0},{"not_picked":["hermit:Headshot","hermit:Roulette+1"],"picked":"hermit:Gestalt+1","floor":35.0},{"not_picked":["hermit:Glare","hermit:Roulette+1"],"picked":"hermit:Horror","floor":36.0},{"not_picked":["hermit:SprayPray+1","hermit:Midnight"],"picked":"hermit:Glare+1","floor":39.0},{"not_picked":["hermit:Coalescence","hermit:LowProfile+1"],"picked":"hermit:Ricochet+1","floor":41.0},{"not_picked":["hermit:Showdown","hermit:Cheat+1","hermit:HighCaliber+1"],"picked":"SKIP","floor":45.0},{"not_picked":["hermit:HoleUp","hermit:Roulette+1","hermit:LowProfile+1"],"picked":"SKIP","floor":48.0}],"player_experience":358799,"relics_obtained":[{"floor":6.0,"key":"Meat on the Bone"},{"floor":9.0,"key":"CeramicFish"},{"floor":16.0,"key":"Gensokyo:OccultBall"},{"floor":18.0,"key":"Gensokyo:OccultBall"},{"floor":24.0,"key":"Gensokyo:OccultBall"},{"floor":26.0,"key":"Happy Flower"},{"floor":31.0,"key":"Pet Ghost"},{"floor":33.0,"key":"Gensokyo:OccultBall"},{"floor":43.0,"key":"Ancient Tea Set"}],"event_choices":[],"is_beta":false,"boss_relics":[{"not_picked":["Replay:Drink Me","ChewingGum"],"picked":"hermit:ClaspedLocket"},{"not_picked":["Replay:Bronze Core","Pandora\u0027s Box"],"picked":"Philosopher\u0027s Stone"}],"items_purged_floors":[],"is_endless":false,"potions_floor_spawned":[6,10,14,20,24,36,41,48],"ascension_level":0}}