{"host":"y6zg4wwu39otf01a","time":1610672008,"event":{"mods":["Act Like it!","Aspiration","BaseMod","Better Altar","Better Match","Better Note","Better Sensory Stone","Better Skull","Better Third Choice","Challenge The Spire","Colored Map","Colored Powertips","Conspire","GifTheSpireLib","Glutton Mod","Halation","Hermit","Highlight Path","Hubris","Infinite Spire","Mimic Mod","Minty Spire (QoL Compilation)","Quick Restart","Random Character Button","Rare Cards Sparkle","Replay The Spire","Retaliation","Shade Mod","Spicy Shops","StSLib","Stuff the Spire","The Blue Laboratory","The Jungle","TheArtist","thorton","vexMod"],"gold_per_floor":[112,112,166,166,166,191,191],"floor_reached":6,"language":"ENG","playtime":255,"items_purged":[],"score":42,"play_id":"4993faa4-0a99-43dd-9d60-c4574f010100","local_time":"20210114195328","daily_mods":["Purple Cards","Heirloom","Elite Swarm","challengethespire:Gold Difficulty"],"is_ascension_mode":false,"campfire_choices":[],"circlet_count":0,"master_deck":["hermit:Strike_Hermit","hermit:Strike_Hermit","hermit:Strike_Hermit","hermit:Strike_Hermit","hermit:Defend_Hermit","hermit:Defend_Hermit","hermit:Defend_Hermit","hermit:Defend_Hermit","hermit:Snapshot","hermit:Covet","hermit:Snipe","Dual Wield","Shame"],"relics":["hermit:Momento","halation:VictoryRuler","ReplayTheSpireMod:CursedCoin","halation:PinkSoulGem","Oddly Smooth Stone"],"acts_visited":["Exordium"],"potions_floor_usage":[6],"damage_taken":[{"damage":1,"enemies":"Jaw Worm","floor":1,"turns":4},{"damage":23,"enemies":"Gremlin Nob","floor":6,"turns":4}],"seed_played":"-5984353586376225596","potions_obtained":[{"floor":1,"key":"Fire Potion"},{"floor":6,"key":"blueLaboratory:PyrophylliteBrew"}],"is_trial":true,"path_per_floor":["M","?","$","?","?","E"],"character_chosen":"HERMIT","items_purchased":["ReplayTheSpireMod:CursedCoin","blueLaboratory:FruitPreserves"],"campfire_rested":0,"item_purchase_floors":[3,3],"current_hp_per_floor":[74,69,69,69,69,46,46],"gold":191,"neow_bonus":"","is_daily":false,"chose_seed":false,"campfire_upgraded":0,"win_rate":0.0,"timestamp":1610672008,"path_taken":["M","?","$","?","?","E"],"items_purchased_type":["Relic","Potion"],"build_version":"2020-12-22","purchased_purges":0,"victory":false,"max_hp_per_floor":[75,75,75,75,75,75,75],"card_choices":[{"not_picked":["hermit:HoleUp","hermit:Cheat"],"picked":"hermit:Snipe","floor":1}],"player_experience":710820,"relics_obtained":[{"floor":6,"key":"Oddly Smooth Stone"}],"event_choices":[{"damage_healed":0,"gold_gain":0,"player_choice":"Card ","damage_taken":5,"max_hp_gain":0,"max_hp_loss":0,"event_name":"betterThird:BetterScrap","floor":2,"gold_loss":0,"cards_obtained":["Dual Wield"]},{"damage_healed":0,"gold_gain":0,"player_choice":"Leave","damage_taken":0,"max_hp_gain":0,"max_hp_loss":0,"event_name":"conspire:Investor","floor":4,"gold_loss":0}],"is_beta":false,"boss_relics":[],"items_purged_floors":[],"is_endless":false,"potions_floor_spawned":[1,6],"killed_by":"Gremlin Nob","ascension_level":0}}