{"host":"jfbo3eu2ui08ej1u","time":1610722207,"event":{"mods":["2.2 Compatiblity","AchievementEnabler","Act Like it!","Aspiration","BaseMod","Better Altar","Better Match","Better Note","Better Sensory Stone","Better Skull","Better Third Choice","Block Reminder","Colored Map","Colored Powertips","Conspire","DeckTracker","Displayed Cursed Tome","Downfall","Energized Spire","Fox Events","GifTheSpireLib","Hubris","Infinite Spire","Marked Mod","Minty Spire (QoL Compilation)","Pale of the Ancients","Quick Restart","RRrroohrrRGHHhhh!!","Relic Filter","Reorder Act Four","Replay The Spire","Shop Mod","Spicy Shops","StSLib","Stuff the Spire","The Blue Laboratory","The Disciple","The Forsaken","The Hierophant","The Marked","Uncapped","Unceasing Turn Reminder","Wandering Minibosses"],"gold_per_floor":[109,124,136,154,170,170,205,205,228,238,271,288,288,52,52,126,126,146,146,146,157,175,204,204,234,234,159,184,30,47,47,47,120,120,131,179,194,194,194,221,221,250,250,264,264,275,275,288,288,288,288,298,312,338,77,77,96,96,96,96,96,96],"floor_reached":61,"language":"ENG","playtime":3124,"items_purged":["Strike_G","Strike_G","Crippling Poison","StuffTheSpire:Injection","Pain"],"score":2310,"play_id":"c5df180e-eb01-40e0-8b16-80dba8095a68","local_time":"20210115095007","is_ascension_mode":true,"campfire_choices":[{"data":"Choke","floor":6.0,"key":"SMITH"},{"floor":8.0,"key":"REST"},{"floor":15.0,"key":"DIG"},{"data":"Blade Dance","floor":24.0,"key":"SMITH"},{"data":"rorgmod:Storm of Steel","floor":32.0,"key":"SMITH"},{"data":"After Image","floor":41.0,"key":"SMITH"},{"data":"Neutralize","floor":45.0,"key":"SMITH"},{"data":"PiercingWail","floor":49.0,"key":"SMITH"},{"data":"Deflect","floor":56.0,"key":"SMITH"},{"floor":58.0,"key":"REST"}],"circlet_count":0,"master_deck":["AscendersBane","Defend_G","Defend_G","Defend_G","Defend_G","Survivor","Neutralize+1","Blade Dance+1","Choke+1","Deflect+1","StuffTheSpire:Repulse","Skewer","Hidden Blade","Infinite Blades","rorgmod:Tools of the Trade+1","PiercingWail+1","infinitespire:Starlight","Replay:Fractal Strike","StuffTheSpire:Sprint+1","Glass Knife+1","hubris:Sniper+1","StuffTheSpire:Shiver","rorgmod:Storm of Steel+1","After Image+1","rorgmod:Slice+1","Cloak And Dagger+1","PiercingWail+1","Terror+1","PiercingWail+1","conspire:PoisonWeapons+1"],"relics":["Ring of the Snake","infinitespire:CursedDice","hubris:SlimyHat","hubris:Icosahedron","infinitespire:Lychee Nut","energizedSpire:RedRose","energizedSpire:DeadBattery","Runic Pyramid","theForsaken:HumbleEgg","conspire:BottledYoYo","aspiration:StickyExplosives_weak","MerchantsRug","Shuriken","Pear","Pen Nib","theForsaken:ScaryMask","aspiration:TomeofQuesting","infinitespire:CheckeredPen","paleoftheancients:Timepiece","Gremlin Horn","Spirit Poop","paleoftheancients:SoulOfTheWokeBloke","Replay:Kaleidoscope","Chemical X","Blue Candle"],"acts_visited":["Exordium","TheCity","TheBeyond","paleoftheancients:PaleOfTheAncients"],"potions_floor_usage":[61,61],"damage_taken":[{"damage":14.0,"enemies":"Cultist","floor":1.0,"turns":6.0},{"damage":1.0,"enemies":"Small Slimes","floor":2.0,"turns":4.0},{"damage":0.0,"enemies":"Jaw Worm","floor":3.0,"turns":4.0},{"damage":7.0,"enemies":"Large Slime","floor":4.0,"turns":7.0},{"damage":8.0,"enemies":"Looter","floor":5.0,"turns":2.0},{"damage":14.0,"enemies":"3 Sentries","floor":7.0,"turns":10.0},{"damage":8.0,"enemies":"Gremlin Gang","floor":10.0,"turns":4.0},{"damage":6.0,"enemies":"Gremlin Nob","floor":11.0,"turns":4.0},{"damage":2.0,"enemies":"3 Louse","floor":12.0,"turns":3.0},{"damage":0.0,"enemies":"Slime Boss","floor":16.0,"turns":5.0},{"damage":25.0,"enemies":"Spheric Guardian","floor":18.0,"turns":5.0},{"damage":1.0,"enemies":"2 Thieves","floor":21.0,"turns":4.0},{"damage":9.0,"enemies":"Snake Plant","floor":22.0,"turns":3.0},{"damage":32.0,"enemies":"conspire:Head Lice","floor":23.0,"turns":4.0},{"damage":7.0,"enemies":"Gremlin Leader","floor":25.0,"turns":4.0},{"damage":3.0,"enemies":"conspire:SneckoGhost","floor":28.0,"turns":4.0},{"damage":6.0,"enemies":"Cultist and Chosen","floor":30.0,"turns":5.0},{"damage":20.0,"enemies":"hubris:MusketHawk","floor":33.0,"turns":5.0},{"damage":13.0,"enemies":"3 Darklings","floor":35.0,"turns":4.0},{"damage":16.0,"enemies":"conspire:MimicChest","floor":36.0,"turns":7.0},{"damage":2.0,"enemies":"Orb Walker","floor":37.0,"turns":3.0},{"damage":10.0,"enemies":"Giant Head","floor":40.0,"turns":5.0},{"damage":24.0,"enemies":"Nightmare","floor":42.0,"turns":8.0},{"damage":12.0,"enemies":"Spire Growth","floor":44.0,"turns":3.0},{"damage":2.0,"enemies":"4 Shapes","floor":46.0,"turns":6.0},{"damage":4.0,"enemies":"Writhing Mass","floor":48.0,"turns":4.0},{"damage":11.0,"enemies":"Awakened One","floor":50.0,"turns":7.0},{"damage":12.0,"enemies":"hubris:GrandSnecko","floor":51.0,"turns":8.0},{"damage":8.0,"enemies":"hubris:GrandSnecko","floor":52.0,"turns":8.0},{"damage":32.0,"enemies":"hubris:GrandSnecko","floor":53.0,"turns":5.0},{"damage":44.0,"enemies":"hubris:GrandSnecko","floor":57.0,"turns":6.0},{"damage":133,"enemies":"paleoftheancients:N","floor":61,"turns":18}],"seed_played":"-7993249471329354107","potions_obtained":[{"floor":2.0,"key":"LiquidBronze"},{"floor":4.0,"key":"Swift Potion"},{"floor":7.0,"key":"blueLaboratory:FrostheartPotion"},{"floor":16.0,"key":"blueLaboratory:AbyssPotion"},{"floor":21.0,"key":"Fruit Juice"},{"floor":23.0,"key":"blueLaboratory:NinjaPotion"},{"floor":37.0,"key":"Fire Potion"},{"floor":52.0,"key":"Strength Potion"}],"is_trial":false,"path_per_floor":["M","M","M","M","M","R","E","R","T","M","E","M","?","$","R_BF","B",null,"M","AVR","?","M","M","E","R","E","T","?","E","$","M","?","R","B",null,"M","?","M","?","$","E","R","NM","T","M","R","M","?","M","R","B","B","M","M","?","$","R","M","R","T","?","B"],"character_chosen":"THE_SILENT","items_purchased":["Infinite Blades","Ninja Scroll","MerchantsRug","Shuriken","Pen Nib","Chemical X"],"campfire_rested":2,"item_purchase_floors":[14,14,29,29,39,55],"current_hp_per_floor":[51,50,50,43,35,35,21,42,42,34,28,26,26,26,26,32,49,30,30,30,50,56,40,40,39,39,39,52,52,52,52,52,38,54,57,64,68,68,46,52,52,44,44,47,47,61,61,63,63,66,66,66,60,60,60,60,32,52,52,52,0,0],"gold":96,"neow_bonus":"TEN_PERCENT_HP_BONUS","is_daily":false,"chose_seed":false,"campfire_upgraded":7,"win_rate":0.0,"timestamp":1610722207,"path_taken":["M","M","?","M","M","R","E","R","T","M","E","M","?","?","R_BF","BOSS","M","AVR","?","M","?","E","R","E","T","?","E","?","M","?","R","BOSS","M","?","M","?","?","E","R","NM","T","M","R","M","?","M","R","BOSS","BOSS","M","M","?","$","R","M","R","T","?","BOSS"],"items_purchased_type":["Card","Relic","Relic","Relic","Relic","Relic"],"build_version":"2020-12-22","purchased_purges":5,"victory":false,"max_hp_per_floor":[72,72,72,72,72,72,72,72,72,72,72,72,72,72,54,54,54,54,54,54,59,59,59,59,59,59,59,59,59,59,59,59,59,59,59,69,69,69,69,69,69,69,69,69,69,69,69,69,69,69,69,69,69,69,69,69,69,69,69,69,69,69],"card_choices":[{"not_picked":["Masterful Stab","StuffTheSpire:BumpUp"],"picked":"Blade Dance","floor":1.0},{"not_picked":["Deflect","Deadly Poison"],"picked":"StuffTheSpire:Injection","floor":2.0},{"not_picked":["Calculated Gamble","Outmaneuver"],"picked":"Crippling Poison","floor":3.0},{"not_picked":["StuffTheSpire:Injection","Setup"],"picked":"Choke","floor":4.0},{"not_picked":["Blur","rorgmod:Slice"],"picked":"Deflect","floor":5.0},{"not_picked":["Doppelganger","Terror"],"picked":"StuffTheSpire:Repulse","floor":7.0},{"not_picked":["Outmaneuver","Fluid Movement"],"picked":"Skewer","floor":10.0},{"not_picked":["StuffTheSpire:Injection","hubris:SlightOfHand","Sucker Punch"],"picked":"SKIP","floor":11.0},{"not_picked":["Acrobatics","Heel Hook"],"picked":"Hidden Blade","floor":12.0},{"not_picked":["Malaise","Poison Darts"],"picked":"rorgmod:Tools of the Trade","floor":16.0},{"not_picked":["Cloak And Dagger","rorgmod:Reflex"],"picked":"PiercingWail","floor":18.0},{"not_picked":["Sucker Punch+1","rorgmod:Catalyst"],"picked":"StuffTheSpire:Shiver","floor":21.0},{"not_picked":["ReplayTheSpireMod:Speed Training","rorgmod:Tendon Slice+1","Setup"],"picked":"SKIP","floor":22.0},{"not_picked":["StuffTheSpire:BumpUp+1","Bane+1","hubris:SlightOfHand+1"],"picked":"SKIP","floor":23.0},{"not_picked":["Bane+1","Replay:Poison Smokescreen"],"picked":"rorgmod:Storm of Steel","floor":25.0},{"not_picked":["Blade Dance+1","Backflip+1"],"picked":"After Image","floor":28.0},{"not_picked":["Poisoned Stab+1","StuffTheSpire:ClusterCrunch+1","Backflip+1"],"picked":"SKIP","floor":30.0},{"not_picked":["StuffTheSpire:ReptileScales","Acrobatics+1","Bane+1"],"picked":"SKIP","floor":35.0},{"not_picked":["Footwork","Poisoned Stab+1"],"picked":"rorgmod:Slice+1","floor":36.0},{"not_picked":["Noxious Fumes","Backflip+1"],"picked":"Cloak And Dagger+1","floor":37.0},{"not_picked":["Dagger Spray+1","Sucker Punch+1"],"picked":"PiercingWail+1","floor":38.0},{"not_picked":["Masterful Stab","Sadistic Nature"],"picked":"Terror+1","floor":40.0},{"not_picked":["StuffTheSpire:ReptileScales+1","Skewer+1","StuffTheSpire:Fury"],"picked":"SKIP","floor":42.0},{"not_picked":["StuffTheSpire:ReptileScales+1","Skewer+1","StuffTheSpire:Fury"],"picked":"SKIP","floor":42.0},{"not_picked":["Deflect+1","hubris:SlightOfHand+1","rorgmod:Reflex"],"picked":"SKIP","floor":44.0},{"not_picked":["Night Terror","Sneak Up"],"picked":"PiercingWail+1","floor":46.0},{"not_picked":["Sneak Up","StuffTheSpire:Injection+1","StuffTheSpire:BrimstoneBlast"],"picked":"SKIP","floor":48.0},{"not_picked":["Hidden Blade+1","StuffTheSpire:Injection+1"],"picked":"conspire:PoisonWeapons+1","floor":52.0},{"not_picked":["Deadly Poison+1","Dagger Throw+1","Bouncing Flask"],"picked":"SKIP","floor":53.0},{"not_picked":["Hidden Blade+1","Poisoned Stab+1","Backflip+1"],"picked":"SKIP","floor":57.0}],"player_experience":1222241,"relics_obtained":[{"floor":7.0,"key":"infinitespire:CursedDice"},{"floor":9.0,"key":"aspiration:VileToxins"},{"floor":11.0,"key":"hubris:SlimyHat"},{"floor":15.0,"key":"infinitespire:Lychee Nut"},{"floor":23.0,"key":"conspire:BottledYoYo"},{"floor":26.0,"key":"aspiration:StickyExplosives_weak"},{"floor":28.0,"key":"Mercury Hourglass"},{"floor":36.0,"key":"Pear"},{"floor":40.0,"key":"theForsaken:ScaryMask"},{"floor":42.0,"key":"aspiration:TomeofQuesting"},{"floor":43.0,"key":"infinitespire:CheckeredPen"},{"floor":52.0,"key":"paleoftheancients:SoulOfTheWokeBloke"},{"floor":54.0,"key":"Replay:Kaleidoscope"},{"floor":59.0,"key":"Blue Candle"}],"event_choices":[{"damage_healed":0.0,"max_hp_gain":0.0,"max_hp_loss":0.0,"gold_gain":0.0,"event_name":"Accursed Blacksmith","player_choice":"Forge","floor":20.0,"gold_loss":0.0,"damage_taken":0.0,"cards_upgraded":["rorgmod:Tools of the Trade"]},{"cards_removed":["Defend_G"],"damage_healed":0.0,"max_hp_gain":0.0,"max_hp_loss":0.0,"gold_gain":0.0,"event_name":"Beggar","player_choice":"Gave Gold","floor":27.0,"gold_loss":75.0,"damage_taken":0.0},{"damage_healed":0.0,"max_hp_gain":0.0,"max_hp_loss":0.0,"gold_gain":0.0,"event_name":"betterMatch:BetterMatch","player_choice":"2","floor":38.0,"gold_loss":0.0,"damage_taken":0.0,"cards_obtained":["betterMatch:CommonCard"]}],"is_beta":false,"boss_relics":[{"not_picked":["Honey Jar","Fusion Hammer"],"picked":"Replay:Grab Bag"},{"not_picked":["aspiration:FutureDiary","StuffTheSpire:ModemDavis"],"picked":"energizedSpire:RedRose"},{"not_picked":["Coffee Dripper","energizedSpire:MagnifyingGlass"],"picked":"energizedSpire:DeadBattery"},{"not_picked":["Snecko Eye","Kintsugi"],"picked":"Runic Pyramid"},{"not_picked":["hubris:CrackedHourglass","Runic Dome","ReplayTheSpireMod:SealedPack"]}],"items_purged_floors":[14,19,39,39,55],"is_endless":true,"potions_floor_spawned":[2,4,7,10,16,21,23,28,37,42,48,52,53],"killed_by":"paleoftheancients:N","ascension_level":20}}