{"host":"l60rmjjsfi0fipmi","time":1610676369,"event":{"mods":["BaseMod","Colored Map","DeckTracker","Highlight Path","Minty Spire (QoL Compilation)","StSLib"],"gold_per_floor":[110,126,137,49,63,63,90,100,100,55,55,84,98,63,63,163,163,181,54,54,54,0,0,0,0],"floor_reached":24,"language":"ENG","playtime":1153,"items_purged":["Strike_B"],"score":245,"play_id":"97fff79a-320f-4490-883b-6d1385824bbf","local_time":"20210114210609","is_ascension_mode":true,"campfire_choices":[{"data":"Hologram","floor":6,"key":"SMITH"},{"floor":11,"key":"REST"},{"floor":15,"key":"REST"},{"floor":23,"key":"REST"}],"circlet_count":0,"master_deck":["Strike_B","Strike_B","Strike_B","Defend_B","Defend_B","Defend_B","Defend_B","Zap","Dualcast","Compile Driver","Conserve Battery","Hologram+1","FTL","Redo","Hello World","Sweeping Beam","Recycle","Stack","Gash","Undo","Reboot","Undo","Leap"],"relics":["Cracked Core","Strawberry","Toy Ornithopter","Mummified Hand","Ancient Tea Set","Nuclear Battery"],"acts_visited":["Exordium","TheCity"],"potions_floor_usage":[12,16,16],"damage_taken":[{"damage":8,"enemies":"2 Louse","floor":1,"turns":3},{"damage":6,"enemies":"Jaw Worm","floor":2,"turns":4},{"damage":6,"enemies":"Small Slimes","floor":3,"turns":3},{"damage":4,"enemies":"2 Fungi Beasts","floor":5,"turns":4},{"damage":21,"enemies":"3 Sentries","floor":7,"turns":6},{"damage":20,"enemies":"Large Slime","floor":8,"turns":4},{"damage":32,"enemies":"Gremlin Nob","floor":12,"turns":4},{"damage":6,"enemies":"Blue Slaver","floor":13,"turns":4},{"damage":36,"enemies":"Hexaghost","floor":16,"turns":9},{"damage":29,"enemies":"2 Thieves","floor":18,"turns":4},{"damage":74,"enemies":"Gremlin Leader","floor":24,"turns":7}],"seed_played":"6652463978981568846","potions_obtained":[{"floor":2,"key":"ColorlessPotion"},{"floor":8,"key":"DuplicationPotion"},{"floor":12,"key":"FocusPotion"}],"is_trial":false,"path_per_floor":["M","M","M","$","M","R","E","M","T","$","R","E","M","?","R","B",null,"M","$","?","?","?","R","E"],"character_chosen":"DEFECT","items_purchased":["FTL","Redo","Stack","Leap"],"campfire_rested":3,"item_purchase_floors":[4,4,10,19],"current_hp_per_floor":[74,68,62,62,58,58,37,17,17,17,41,14,8,28,52,26,82,53,53,37,37,37,63,0,0],"gold":0,"neow_bonus":"RANDOM_COMMON_RELIC","is_daily":false,"chose_seed":false,"campfire_upgraded":1,"win_rate":0.0,"timestamp":1610676369,"path_taken":["M","M","M","$","M","R","E","M","T","$","R","E","M","?","R","BOSS","M","$","?","?","?","R","E"],"items_purchased_type":["Card","Card","Card","Card"],"build_version":"2020-12-22","purchased_purges":1,"victory":false,"max_hp_per_floor":[82,82,82,82,82,82,82,82,82,82,82,82,82,82,82,82,82,82,82,87,87,87,87,87,87],"card_choices":[{"not_picked":["Stack","Hologram"],"picked":"Compile Driver","floor":1},{"not_picked":["Tempest","Gash"],"picked":"Conserve Battery","floor":2},{"not_picked":["Conserve Battery","Hello World"],"picked":"Hologram","floor":3},{"not_picked":["Steam","Conserve Battery"],"picked":"Hello World","floor":5},{"not_picked":["Rebound","Chill"],"picked":"Sweeping Beam","floor":7},{"not_picked":["Turbo","Reinforced Body"],"picked":"Recycle","floor":8},{"not_picked":["Rip and Tear","Conserve Battery"],"picked":"Gash","floor":12},{"not_picked":["Storm","Steam"],"picked":"Undo","floor":13},{"not_picked":["Meteor Strike","Amplify"],"picked":"Reboot","floor":16},{"not_picked":["Streamline","Compile Driver"],"picked":"Undo","floor":18}],"player_experience":397406,"relics_obtained":[{"floor":7,"key":"Toy Ornithopter"},{"floor":9,"key":"Mummified Hand"},{"floor":12,"key":"Ancient Tea Set"}],"event_choices":[{"damage_healed":20,"gold_gain":0,"player_choice":"Healed","damage_taken":0,"max_hp_gain":0,"max_hp_loss":0,"event_name":"The Cleric","floor":14,"gold_loss":35},{"damage_healed":0,"gold_gain":0,"player_choice":"Shed Blood","damage_taken":21,"max_hp_gain":5,"max_hp_loss":0,"event_name":"Forgotten Altar","floor":20,"gold_loss":0},{"damage_healed":0,"gold_gain":0,"player_choice":"Ignored","damage_taken":0,"max_hp_gain":0,"max_hp_loss":0,"event_name":"Ghosts","floor":21,"gold_loss":0},{"damage_healed":0,"gold_gain":0,"player_choice":"Paid Fearfully","damage_taken":0,"max_hp_gain":0,"max_hp_loss":0,"event_name":"Masked Bandits","floor":22,"gold_loss":54}],"is_beta":false,"boss_relics":[{"not_picked":["Philosopher\u0027s Stone","Astrolabe"],"picked":"Nuclear Battery"}],"items_purged_floors":[19],"is_endless":false,"potions_floor_spawned":[2,8,12],"killed_by":"Gremlin Leader","ascension_level":4}}