{"host":"6jtzbi9kl8x9w6dt","time":1610675116,"event":{"mods":["Act Like it!","Aspiration","BaseMod","BetterRewards","Colored Powertips","Defuse TimeMaze Blight","Downfall","Friendly Minions","Halation","Hallownest","Hermit","Hubris","Marisa????????","Mimic Mod","Minty Spire (QoL Compilation)","Prisma Mod","READ ME - Guardian Mod","StSLib","SuperFastMode","Td1madao Mod","The Animator","The Bladedancer","The Construct","The Cursed","The Disciple","The Hierophant","The Mystic","The Necromancer","The Senshi","The Servant 0.9.4"],"gold_per_floor":[99,113,113,133,36,50,76,76,76,88,106,134,59,0,18,118,118,118,132,150,150,60,77,148,73,58,69,69,100,200,211,224,326,326,326,344,392,405,405,420,470,470,520,536,561,574,4,4,21,21],"floor_reached":51,"language":"ENG","playtime":2975,"items_purged":["Guardian:Strike_Guardian","Guardian:Strike_Guardian"],"score":751,"play_id":"6750b8fe-a304-448f-85cb-52d6be94beaf","local_time":"20210114174516","is_ascension_mode":false,"campfire_choices":[{"data":"Guardian:TwinSlam","floor":1,"key":"SMITH"},{"floor":13,"key":"REST"},{"floor":18,"key":"RECALL"},{"data":"Guardian:BaubleBeam","floor":25,"key":"SMITH"},{"data":"Guardian:DecasProtection","floor":28,"key":"SMITH"},{"data":"Guardian:PrismaticBarrier","floor":35,"key":"SMITH"},{"data":"Guardian:Orbwalk","floor":42,"key":"SMITH"}],"circlet_count":0,"master_deck":["Guardian:Strike_Guardian","Guardian:Defend_Guardian","Guardian:Defend_Guardian","Guardian:Defend_Guardian","Guardian:Defend_Guardian","Guardian:CurlUp","Guardian:TwinSlam+1","Guardian:ShieldSpikes","Guardian:RollAttack","Guardian:ArmoredProtocol+1","Guardian:PrismaticBarrier+1","Guardian:ChargeUp","Guardian:DecasProtection+1","Guardian:PiercingHide","Guardian:Incinerate","Guardian:BaubleBeam+1","Guardian:ShieldCharger","Guardian:Planning","Guardian:AncientConstruct","Guardian:BronzeOrb","Guardian:TemporalShield+1","Guardian:ExploitGems","Guardian:ShieldCharger","Guardian:GemFire","Guardian:PiercingHide+1","Guardian:BronzeOrb+1","Guardian:Orbwalk+1","Guardian:SphericShield","Guardian:Gem_Lightblue","Guardian:PrismaticBeam","Guardian:Gem_Crimson","Guardian:Gem_Synthetic","Transmutation","Guardian:DecasProtection"],"relics":["Guardian:ModeShifter","Hallownest:DreamNailRelic","Blood Vial","Pantograph","downfall:HeartBlessingGreen","Centennial Puzzle","aspiration:SecretTechniqueScroll","InkBottle","downfall:HeartBlessingRed","Dream Catcher","halation:ForbiddenBikini","Happy Flower","TungstenRod","Eternal Feather","hubris:EmptyBottle","halation:PinkSoulGem"],"acts_visited":["Hallownest:Greenpath","TheCity","TheBeyond"],"potions_floor_usage":[11,11,15,16,23,33,46,46,47,47,50,50],"damage_taken":[{"damage":0,"enemies":"Hallownest:monsterHuskWarrior","floor":2,"turns":5},{"damage":0,"enemies":"Hallownest:2_Baldur","floor":4,"turns":3},{"damage":0,"enemies":"downfall:FleeingMerchant","floor":5,"turns":4},{"damage":0,"enemies":"Hallownest:monsterHuskGuard","floor":6,"turns":6},{"damage":3,"enemies":"Hallownest:Wandering_and_Horned","floor":10,"turns":7},{"damage":23,"enemies":"Hallownest:1_Ooma_and_2_Uuma","floor":11,"turns":10},{"damage":19,"enemies":"Hallownest:eliteCrystalGuardian","floor":12,"turns":10},{"damage":10,"enemies":"Hallownest:1_Baldur_1_Crawlid_1_Warrior","floor":15,"turns":4},{"damage":29,"enemies":"downfall:Ironclad","floor":16,"turns":12},{"damage":0,"enemies":"3 Byrds","floor":19,"turns":2},{"damage":12,"enemies":"Shell Parasite","floor":20,"turns":5},{"damage":10,"enemies":"downfall:FleeingMerchant","floor":22,"turns":4},{"damage":14,"enemies":"Centurion and Healer","floor":23,"turns":9},{"damage":0,"enemies":"downfall:FleeingMerchant","floor":26,"turns":4},{"damage":11,"enemies":"Shelled Parasite and Fungi","floor":27,"turns":5},{"damage":0,"enemies":"Book of Stabbing","floor":29,"turns":6},{"damage":4,"enemies":"Cultist and Chosen","floor":31,"turns":4},{"damage":12,"enemies":"3 Cultists","floor":32,"turns":5},{"damage":9,"enemies":"downfall:Silent","floor":33,"turns":7},{"damage":2,"enemies":"Orb Walker","floor":36,"turns":5},{"damage":9,"enemies":"2 Orb Walkers","floor":37,"turns":4},{"damage":0,"enemies":"3 Darklings","floor":38,"turns":4},{"damage":19,"enemies":"Sphere and 2 Shapes","floor":40,"turns":3},{"damage":17,"enemies":"Mind Bloom Boss Battle","floor":43,"turns":6},{"damage":0,"enemies":"Maw","floor":44,"turns":7},{"damage":2,"enemies":"Giant Head","floor":45,"turns":8},{"damage":7,"enemies":"Jaw Worm Horde","floor":46,"turns":4},{"damage":0,"enemies":"downfall:FleeingMerchant","floor":47,"turns":4},{"damage":0,"enemies":"4 Shapes","floor":49,"turns":4},{"damage":0,"enemies":"downfall:Defect","floor":50,"turns":8}],"seed_played":"848704642656014611","potions_obtained":[{"floor":0,"key":"Explosive Potion"},{"floor":0,"key":"PowerPotion"},{"floor":0,"key":"Block Potion"},{"floor":2,"key":"Fire Potion"},{"floor":6,"key":"SneckoOil"},{"floor":12,"key":"Guardian:StasisDiscoveryPotion"},{"floor":19,"key":"SteroidPotion"},{"floor":20,"key":"SmokeBomb"},{"floor":31,"key":"Guardian:DefensiveModePotion"},{"floor":32,"key":"Explosive Potion"},{"floor":33,"key":"Guardian:BlockOnCardUsePotion"},{"floor":36,"key":"Explosive Potion"},{"floor":46,"key":"hexamod:EctoCoolerPotion"},{"floor":49,"key":"sneckomod:MuddlingPotion"}],"is_trial":false,"path_per_floor":["R","M","?","M","$","M","T","?","?","M","M","E","R","?","M","B",null,"R","M","M","?","$","M","T","R","$","M","R","E","?","M","M","B",null,"R","M","?","M","?","M","T","R","?","M","E","M","$","?","M","B",null],"character_chosen":"GUARDIAN","items_purchased":["Guardian:Gem_Yellow","hubris:EmptyBottle","Fruit Juice","Transmutation"],"campfire_rested":1,"item_purchase_floors":[5,47,47,47],"current_hp_per_floor":[80,80,80,80,80,80,80,80,80,77,56,39,63,63,55,51,80,80,80,68,68,60,48,48,48,50,41,41,43,43,41,31,49,80,80,78,71,73,73,56,56,56,63,65,65,60,72,72,74,90],"gold":21,"neow_bonus":"THREE_SMALL_POTIONS","is_daily":false,"chose_seed":false,"campfire_upgraded":5,"win_rate":0.0,"timestamp":1610675116,"path_taken":["R","M","?","?","?","M","T","?","?","M","M","E","R","?","M","BOSS","R","M","M","?","$","M","T","R","?","M","R","E","?","M","M","BOSS","R","M","?","M","?","M","T","R","?","M","E","?","$","?","M","BOSS"],"items_purchased_type":["Card","Relic","Potion","Card"],"build_version":"2020-12-22","purchased_purges":2,"victory":true,"max_hp_per_floor":[80,80,80,80,80,80,80,80,80,80,80,80,80,80,80,80,80,80,80,80,80,80,80,80,80,80,80,80,80,80,80,80,80,80,80,80,80,80,80,80,80,80,80,80,80,80,90,90,90,90],"card_choices":[{"not_picked":["Guardian:RefractedBeam","Guardian:TemporalStrike"],"picked":"Guardian:ShieldSpikes","floor":2},{"not_picked":["Guardian:FloatingOrbs","Guardian:Gem_Cyan"],"picked":"Guardian:RollAttack","floor":4},{"not_picked":["Guardian:PiercingHide","Guardian:RefractedBeam"],"picked":"Guardian:ArmoredProtocol","floor":5},{"not_picked":["Guardian:SentryBeam","Guardian:Gem_Lightblue"],"picked":"Guardian:PrismaticBarrier","floor":6},{"not_picked":["Guardian:TemporalStrike","Guardian:VentSteam"],"picked":"Guardian:ChargeUp","floor":10},{"not_picked":["Guardian:VentSteam","Guardian:Emergency"],"picked":"Guardian:DecasProtection","floor":11},{"not_picked":["Guardian:Gem_Green","Guardian:Incinerate"],"picked":"Guardian:PiercingHide","floor":12},{"not_picked":["Guardian:RefractedBeam","Guardian:TemporalStrike"],"picked":"Guardian:Incinerate","floor":15},{"not_picked":["Guardian:TimeSifter","Guardian:GemFinder"],"picked":"Guardian:BaubleBeam","floor":16},{"not_picked":["Guardian:ChargeCore","Guardian:Recover"],"picked":"Guardian:Gem_Yellow","floor":19},{"not_picked":["Guardian:CrystalBeam","Guardian:TemporalShield"],"picked":"Guardian:ShieldCharger","floor":20},{"not_picked":["Guardian:WalkerClaw","Guardian:Gem_Green"],"picked":"Guardian:Planning","floor":22},{"not_picked":["Guardian:Gem_Fragmented","Guardian:Incinerate"],"picked":"Guardian:Gem_Crimson","floor":23},{"not_picked":["Guardian:Gem_Red","Guardian:GuardianWhirl"],"picked":"Guardian:AncientConstruct","floor":26},{"not_picked":["Guardian:Reroute","Guardian:Planning+1"],"picked":"Guardian:BronzeOrb","floor":27},{"not_picked":["Guardian:Gem_Red","Guardian:TemporalStrike+1"],"picked":"Guardian:TemporalShield+1","floor":29},{"not_picked":["Guardian:Gem_Red","Guardian:WalkerClaw"],"picked":"Guardian:ExploitGems","floor":31},{"not_picked":["Guardian:Suspension","Guardian:Gem_Green"],"picked":"Guardian:ShieldCharger","floor":32},{"not_picked":["Guardian:TimeSifter","Guardian:AncientConstruct"],"picked":"Guardian:GemFire","floor":33},{"not_picked":["Guardian:WalkerClaw","Guardian:Reroute+1"],"picked":"Guardian:PiercingHide+1","floor":36},{"not_picked":["Guardian:ArmoredProtocol","Guardian:TemporalStrike+1"],"picked":"Guardian:BronzeOrb+1","floor":37},{"not_picked":["Guardian:Emergency+1","Guardian:TemporalShield+1"],"picked":"Guardian:Orbwalk","floor":38},{"not_picked":["Guardian:TemporalStrike","Guardian:WalkerClaw"],"picked":"Guardian:Gem_Lightblue","floor":40},{"not_picked":["Guardian:Gem_Green","Guardian:FloatingOrbs+1"],"picked":"Guardian:SphericShield","floor":43},{"not_picked":["Guardian:RollAttack+1","Guardian:Reroute"],"picked":"Guardian:Gem_Lightblue","floor":44},{"not_picked":["Guardian:Recover","Guardian:Gem_Lightblue"],"picked":"Guardian:PrismaticBeam","floor":45},{"not_picked":["Guardian:Gem_Lightblue","Guardian:PiercingHide"],"picked":"Guardian:Gem_Crimson","floor":46},{"not_picked":["Guardian:Gem_Cyan","Guardian:TemporalShield"],"picked":"Guardian:Gem_Synthetic","floor":47},{"not_picked":["Guardian:CrystalBeam","Guardian:Gem_Green"],"picked":"Guardian:DecasProtection","floor":49}],"player_experience":81797,"relics_obtained":[{"floor":7,"key":"Blood Vial"},{"floor":12,"key":"Pantograph"},{"floor":24,"key":"InkBottle"},{"floor":29,"key":"Dream Catcher"},{"floor":41,"key":"Happy Flower"},{"floor":43,"key":"TungstenRod"},{"floor":45,"key":"Eternal Feather"}],"event_choices":[{"damage_healed":0,"gold_gain":0,"player_choice":"Fight","damage_taken":0,"max_hp_gain":0,"max_hp_loss":0,"event_name":"Mysterious Sphere","floor":37,"gold_loss":0}],"is_beta":false,"boss_relics":[{"not_picked":["SlaversCollar","halation:Risk"],"picked":"aspiration:SecretTechniqueScroll"},{"not_picked":["halation:PlatinumPhoenix","halation:CatFaceCupcake"],"picked":"halation:ForbiddenBikini"}],"items_purged_floors":[22,47],"is_endless":false,"potions_floor_spawned":[2,6,12,19,20,31,32,33,36,43,46,49],"ascension_level":0}}