{"host":"bq4pt811tk9yrmjl","time":1610670504,"event":{"mods":["AchievementEnabler","BaseMod","Colored Map","Colored Powertips","Defuse TimeMaze Blight","Hermit","Minty Spire (QoL Compilation)","StSLib","SuperFastMode"],"gold_per_floor":[112,112,112,126,126,157,157,186,210,210,230,230,85,116,116,245,245,264,282,282,332,347,391,391,391,415,429,429,48,48,79,79,198,198,217,217,280,46,70,70,113,126,126,126,126,140,140,159,159,159,159],"floor_reached":50,"language":"ENG","playtime":1289,"items_purged":["Strike_R"],"score":591,"play_id":"e1b67aff-6fab-4e5b-887c-aab3e52ceb1a","local_time":"20210114222824","is_ascension_mode":true,"campfire_choices":[{"data":"Spot Weakness","floor":7.0,"key":"SMITH"},{"data":"Bash","floor":12.0,"key":"SMITH"},{"data":"Anger","floor":15.0,"key":"SMITH"},{"floor":24,"key":"RECALL"},{"data":"Limit Break","floor":28,"key":"SMITH"},{"floor":32,"key":"REST"},{"data":"Whirlwind","floor":40,"key":"SMITH"},{"data":"Defend_R","floor":45,"key":"SMITH"},{"floor":47,"key":"REST"},{"data":"Defend_R","floor":49,"key":"SMITH"}],"circlet_count":0,"master_deck":["Defend_R","Defend_R","Defend_R+1","Defend_R+1","Bash+1","Metallicize+1","Spot Weakness+1","Flame Barrier+1","Anger+1","Iron Wave+1","Armaments+1","Limit Break+1","Bite","Bite","Bite","Bite","Bite","Anger+1","Whirlwind+1","Metallicize+1"],"relics":["Burning Blood","NeowsBlessing","Golden Idol","Happy Flower","Odd Mushroom","Ornamental Fan","Sozu","Omamori","Orichalcum","PreservedInsect","Medical Kit","Turnip","Calling Bell","Bag of Preparation","Sundial","Ice Cream","Peace Pipe","Ancient Tea Set","HornCleat","Dream Catcher"],"acts_visited":["Exordium","TheCity","TheBeyond"],"potions_floor_usage":[23,23],"damage_taken":[{"damage":0.0,"enemies":"Small Slimes","floor":1.0,"turns":1.0},{"damage":0.0,"enemies":"2 Louse","floor":4.0,"turns":1.0},{"damage":0.0,"enemies":"Gremlin Nob","floor":6.0,"turns":1.0},{"damage":8.0,"enemies":"The Mushroom Lair","floor":8.0,"turns":5.0},{"damage":0.0,"enemies":"Cultist","floor":11.0,"turns":4.0},{"damage":6.0,"enemies":"3 Sentries","floor":14.0,"turns":12.0},{"damage":34.0,"enemies":"Slime Boss","floor":16.0,"turns":7.0},{"damage":13.0,"enemies":"2 Thieves","floor":18.0,"turns":4.0},{"damage":13.0,"enemies":"Spheric Guardian","floor":19.0,"turns":5.0},{"damage":6,"enemies":"Snecko","floor":22,"turns":7},{"damage":22,"enemies":"Gremlin Leader","floor":23,"turns":7},{"damage":22,"enemies":"Snake Plant","floor":27,"turns":5},{"damage":24,"enemies":"Book of Stabbing","floor":31,"turns":5},{"damage":6,"enemies":"Champ","floor":33,"turns":13},{"damage":16,"enemies":"3 Darklings","floor":35,"turns":8},{"damage":18,"enemies":"Mind Bloom Boss Battle","floor":37,"turns":10},{"damage":13,"enemies":"3 Shapes","floor":39,"turns":5},{"damage":39,"enemies":"Nemesis","floor":41,"turns":7},{"damage":4,"enemies":"Transient","floor":42,"turns":5},{"damage":5,"enemies":"Writhing Mass","floor":46,"turns":8},{"damage":0,"enemies":"4 Shapes","floor":48,"turns":1},{"damage":95,"enemies":"Donu and Deca","floor":50,"turns":9}],"seed_played":"-7544775673666174220","potions_obtained":[{"floor":1.0,"key":"FearPotion"},{"floor":6.0,"key":"HeartOfIron"},{"floor":11.0,"key":"GamblersBrew"},{"floor":14.0,"key":"PowerPotion"},{"floor":16.0,"key":"ColorlessPotion"}],"is_trial":false,"path_per_floor":["M","?","?","M","$","E","R","?","T","?","M","R","$","E","R","B",null,"M","M","?","?","M","E","R","?","T","M","R","$","?","E","R","B",null,"M","?","?","$","M","R","E","M","T","$","R","M","R","M","R","B"],"character_chosen":"IRONCLAD","items_purchased":["Blood Vial","PreservedInsect","Medical Kit","Ancient Tea Set","Whirlwind"],"campfire_rested":2,"item_purchase_floors":[13,29,29,38,38],"current_hp_per_floor":[80,60,60,66,66,72,72,70,70,70,76,76,76,78,78,52,80,73,68,68,68,70,56,56,56,56,42,42,42,42,38,62,80,80,80,80,75,75,76,76,60,79,79,79,79,80,80,80,80,0,0],"gold":159,"neow_bonus":"THREE_ENEMY_KILL","is_daily":false,"chose_seed":false,"campfire_upgraded":7,"win_rate":0.0,"timestamp":1610670504,"path_taken":["M","?","?","M","$","E","R","?","T","?","?","R","$","E","R","BOSS","M","M","?","?","?","E","R","?","T","?","R","$","?","E","R","BOSS","M","?","?","$","M","R","E","M","T","$","R","M","R","M","R","BOSS"],"items_purchased_type":["Relic","Relic","Relic","Relic","Card"],"build_version":"2020-12-22","purchased_purges":1,"victory":false,"max_hp_per_floor":[80,80,80,80,80,80,80,80,80,80,80,80,80,80,80,80,80,80,80,80,80,80,80,80,80,80,80,80,80,80,80,80,80,80,80,80,80,80,80,80,80,80,80,80,80,80,80,80,80,80,80],"card_choices":[{"not_picked":["Evolve","Feel No Pain"],"picked":"Metallicize","floor":1.0},{"not_picked":["Twin Strike","Sever Soul"],"picked":"Spot Weakness","floor":4.0},{"not_picked":["Brutality","Feel No Pain","Sentinel"],"picked":"SKIP","floor":6.0},{"not_picked":["Burning Pact","Sever Soul"],"picked":"Flame Barrier","floor":8.0},{"not_picked":["Flex","Sword Boomerang","Bloodletting"],"picked":"SKIP","floor":11.0},{"not_picked":["Heavy Blade","Blood for Blood"],"picked":"Anger","floor":14.0},{"not_picked":["Warcry+1","True Grit"],"picked":"Iron Wave+1","floor":18.0},{"not_picked":["Anger","Spot Weakness","Shockwave"],"picked":"SKIP","floor":19.0},{"not_picked":["Sword Boomerang","Iron Wave"],"picked":"Armaments+1","floor":22},{"not_picked":["Pommel Strike","Dark Embrace","Second Wind"],"picked":"SKIP","floor":23},{"not_picked":["Headbutt","Body Slam"],"picked":"Limit Break","floor":27},{"not_picked":["Armaments","Carnage+1"],"picked":"Metallicize+1","floor":31},{"not_picked":["Clothesline","Headbutt"],"picked":"Anger+1","floor":35},{"not_picked":["Evolve","Feed","Entrench"],"picked":"SKIP","floor":39},{"not_picked":["Dropkick","Wild Strike","Body Slam"],"picked":"SKIP","floor":41},{"not_picked":["Headbutt+1","Clothesline","Flame Barrier"],"picked":"SKIP","floor":42},{"not_picked":["Twin Strike+1","Headbutt+1","Rampage"],"picked":"SKIP","floor":46},{"not_picked":["Battle Trance","Rupture+1"],"picked":"Metallicize+1","floor":48}],"player_experience":161287,"relics_obtained":[{"floor":6.0,"key":"Happy Flower"},{"floor":8.0,"key":"Odd Mushroom"},{"floor":14.0,"key":"Ornamental Fan"},{"floor":23,"key":"Omamori"},{"floor":26,"key":"Orichalcum"},{"floor":31,"key":"Turnip"},{"floor":34,"key":"Bag of Preparation"},{"floor":34,"key":"Sundial"},{"floor":34,"key":"Ice Cream"},{"floor":37,"key":"Peace Pipe"},{"floor":41,"key":"HornCleat"},{"floor":43,"key":"Dream Catcher"}],"event_choices":[{"damage_healed":0.0,"max_hp_gain":0.0,"max_hp_loss":0.0,"gold_gain":0.0,"event_name":"Golden Idol","player_choice":"Take Damage","floor":2.0,"gold_loss":0.0,"damage_taken":20.0,"relics_obtained":["Golden Idol"]},{"damage_healed":0.0,"max_hp_gain":0.0,"max_hp_loss":0.0,"gold_gain":0.0,"event_name":"Living Wall","player_choice":"Grow","floor":3.0,"gold_loss":0.0,"damage_taken":0.0,"cards_upgraded":["Metallicize"]},{"damage_healed":0.0,"max_hp_gain":0.0,"max_hp_loss":0.0,"gold_gain":0.0,"event_name":"Mushrooms","player_choice":"Fought Mushrooms","floor":8.0,"gold_loss":0.0,"damage_taken":0.0},{"damage_healed":0.0,"max_hp_gain":0.0,"max_hp_loss":0.0,"gold_gain":0.0,"event_name":"Upgrade Shrine","player_choice":"Upgraded","floor":10.0,"gold_loss":0.0,"damage_taken":0.0,"cards_upgraded":["Flame Barrier"]},{"damage_healed":0.0,"max_hp_gain":0.0,"max_hp_loss":0.0,"gold_gain":0.0,"event_name":"Beggar","player_choice":"Ignored","floor":20.0,"gold_loss":0.0,"damage_taken":0.0},{"damage_healed":0,"gold_gain":100,"player_choice":"Bet on Murderer","damage_taken":0,"max_hp_gain":0,"max_hp_loss":0,"event_name":"The Joust","floor":21,"gold_loss":50},{"damage_healed":0,"gold_gain":0,"player_choice":"Bought 0 Potions","damage_taken":0,"max_hp_gain":0,"max_hp_loss":0,"event_name":"The Woman in Blue","floor":25,"gold_loss":0},{"damage_healed":0,"gold_gain":0,"player_choice":"Became a vampire (Vial)","damage_taken":0,"max_hp_gain":0,"max_hp_loss":0,"event_name":"Vampires","floor":30,"relics_lost":["Blood Vial"],"gold_loss":0,"cards_obtained":["Bite","Bite","Bite","Bite","Bite"]},{"cards_removed":["Metallicize"],"damage_healed":0,"gold_gain":0,"player_choice":"Removed Power","damage_taken":0,"max_hp_gain":0,"max_hp_loss":0,"event_name":"Falling","floor":36,"gold_loss":0},{"damage_healed":0,"gold_gain":0,"player_choice":"Fight","damage_taken":0,"max_hp_gain":0,"max_hp_loss":0,"event_name":"MindBloom","floor":37,"gold_loss":0}],"is_beta":false,"boss_relics":[{"not_picked":["Runic Pyramid","Cursed Key"],"picked":"Sozu"},{"not_picked":["Coffee Dripper","SacredBark"],"picked":"Calling Bell"}],"items_purged_floors":[29],"is_endless":false,"potions_floor_spawned":[1,6,11,14,16,18,31,35,41,42,46],"killed_by":"Donu and Deca","ascension_level":1}}