{"host":"moon9xuhyn08cqjw","time":1610704162,"event":{"mods":["2.2 Compatiblity","AchievementEnabler","BaseMod","Better Third Choice","Downfall","GungeonMod","Infinite Spire","Jedi Mod","Minty Spire (QoL Compilation)","StSLib","Td1madao Mod","The Blackbeard","The Necromancer","The Saiyan","The Senshi","TheBandit","Transform Curses","[IsaacMod]????"],"gold_per_floor":[116,116,126,143,143,143,153,172,172,172,172,205,216,1,1,1,1],"floor_reached":16,"language":"RUS","playtime":713,"items_purged":[],"score":102,"play_id":"24d73701-ddbd-4b2f-bd2a-5870246e374a","local_time":"20210115174922","is_ascension_mode":false,"campfire_choices":[{"data":"DemoMod:PotionOfGunFriendShip","floor":6,"key":"SMITH"},{"data":"Jack Of All Trades","floor":11,"key":"SMITH"},{"floor":15,"key":"REST"}],"circlet_count":0,"master_deck":["DemoMod:Strike_Huntress","DemoMod:Strike_Huntress","DemoMod:Strike_Huntress","DemoMod:Defend_Huntress","DemoMod:Defend_Huntress","DemoMod:Defend_Huntress","DemoMod:Defend_Huntress","DemoMod:Roll","DemoMod:ManualReload","DemoMod:RustySidearm","DemoMod:CrossBow","BloodyBrimstone","Jack Of All Trades+1","DemoMod:AbyssalTentacle","Shame","infinitespire:UltimateForm","DemoMod:PotionOfGunFriendShip+1","DemoMod:BoxingGlove","Defend_R","DemoMod:LifeOrb","DemoMod:Unmoved","DemoMod:BlackHoleGun","DemoMod:HungryBullets","DemoMod:ZorGun"],"relics":["DemoMod:Dog","HushsDoor","MoneyPower","DemoMod:MemoryAlloy","Matryoshka","Boot","Toolbox"],"acts_visited":["Exordium"],"potions_floor_usage":[16,16,16],"damage_taken":[{"damage":1,"enemies":"Cultist","floor":1,"turns":4},{"damage":6,"enemies":"Jaw Worm","floor":3,"turns":4},{"damage":6,"enemies":"2 Louse","floor":4,"turns":2},{"damage":9,"enemies":"Exordium Thugs","floor":7,"turns":5},{"damage":5,"enemies":"Large Slime","floor":8,"turns":4},{"damage":51,"enemies":"Lagavulin","floor":12,"turns":9},{"damage":12,"enemies":"Blue Slaver","floor":13,"turns":3},{"damage":21,"enemies":"The Guardian","floor":16,"turns":4}],"seed_played":"8064896635423016487","potions_obtained":[{"floor":3,"key":"champ:CounterPotion"},{"floor":12,"key":"BlessingOfTheForge"},{"floor":13,"key":"jedi:StrikingPotion"}],"is_trial":false,"path_per_floor":["M","?","M","M","?","R","M","M","T","?","R","E","M","$","R","B"],"character_chosen":"HUNTRESS","items_purchased":["Toolbox","DemoMod:ZorGun"],"campfire_rested":1,"item_purchase_floors":[14,14],"current_hp_per_floor":[69,69,63,57,57,57,48,43,43,64,64,13,1,1,21,0,0],"gold":1,"neow_bonus":"RANDOM_COLORLESS","is_daily":false,"chose_seed":false,"campfire_upgraded":2,"win_rate":0.0,"timestamp":1610704162,"path_taken":["M","?","M","M","?","R","M","M","T","?","R","E","M","?","R","BOSS"],"items_purchased_type":["Relic","Card"],"build_version":"2020-12-22","purchased_purges":0,"victory":false,"max_hp_per_floor":[70,70,70,70,70,70,70,70,70,70,70,70,67,67,67,67,67],"card_choices":[{"not_picked":[],"picked":"BloodyBrimstone","floor":0},{"not_picked":["expansioncontent:GoopSpray","expansioncontent:DarkVoid"],"picked":"Jack Of All Trades","floor":0},{"not_picked":["DemoMod:HardPowerCard","DemoMod:GunShield"],"picked":"DemoMod:AbyssalTentacle","floor":1},{"not_picked":["infinitespire:Oblivion","infinitespire:Execution"],"picked":"infinitespire:UltimateForm","floor":2},{"not_picked":["DemoMod:Unmoved","DemoMod:Rummage"],"picked":"DemoMod:PotionOfGunFriendShip","floor":3},{"not_picked":["Bomb","DemoMod:Rummage"],"picked":"DemoMod:BoxingGlove","floor":4},{"not_picked":["DemoMod:ConditionalReflex","DemoMod:Ejector"],"picked":"DemoMod:LifeOrb","floor":7},{"not_picked":["DemoMod:DirectionalPad","DemoMod:DoubleSwitch"],"picked":"DemoMod:Unmoved","floor":8},{"not_picked":["DemoMod:Ejector","DemoMod:Camera"],"picked":"DemoMod:BlackHoleGun","floor":12},{"not_picked":["DemoMod:GunstockTap","DemoMod:BoxingGlove"],"picked":"DemoMod:HungryBullets","floor":13}],"player_experience":1126660,"relics_obtained":[{"floor":7,"key":"DemoMod:MemoryAlloy"},{"floor":9,"key":"Matryoshka"},{"floor":12,"key":"Boot"}],"event_choices":[{"cards_removed":["Decay"],"damage_healed":0,"gold_gain":0,"player_choice":"Took Card","damage_taken":0,"max_hp_gain":0,"max_hp_loss":0,"event_name":"NoteForYourself","floor":5,"gold_loss":0,"cards_obtained":["Defend_R"]}],"is_beta":false,"boss_relics":[],"items_purged_floors":[],"is_endless":false,"potions_floor_spawned":[3,12,13],"killed_by":"The Guardian","ascension_level":0}}