{"host":"xkmvu47k9fdstweo","time":1610732776,"event":{"mods":["BaseMod","Colored Map","Conspire","Hubris","Minty Spire (QoL Compilation)","Quick Restart","Railgun Mod","Shop Mod","StSLib","The Alterego","The Animator","The Servant 0.9.4","The Wild Card","TheBandit","WarShipGirlsR/??è≠èóR mod","vexMod"],"gold_per_floor":[122,122,142,117,97,128,143,143,143,30,41,78,78,107,107,203,203,247,247,247,247],"floor_reached":20,"language":"ENG","playtime":1125,"items_purged":[],"score":237,"play_id":"8bb110d2-ad71-4efb-b389-ddb3cbb0aba2","local_time":"20210115124616","is_ascension_mode":true,"campfire_choices":[{"data":"animator:Tatsumaki","floor":8.0,"key":"SMITH"},{"data":"animator:Envy","floor":13.0,"key":"SMITH"},{"data":"animator:Nanami","floor":15.0,"key":"SMITH"}],"circlet_count":0,"master_deck":["animator:Strike_Katanagatari","animator:Defend_Katanagatari","animator:Strike","animator:Strike","animator:Strike","animator:Defend","animator:Defend","animator:Defend","animator:Azekura","animator:Emonzaemon","animator:ZankiKiguchi","animator:Shuna","animator:Tatsumaki+1","animator:Konayuki","animator:Envy+1","animator:Cocytus","animator:Nanami+1","animator:Konayuki","animator:Biyorigo","animator:Shichika","animator:Father"],"relics":["animator:LivingPicture","animator:TheMissingPiece","animator:PurgingStone","NeowsBlessing","CloakClasp","Boot","The Courier","conspire:GlowingRock","Matryoshka","animator:HolyGrailRelic"],"acts_visited":["Exordium","TheCity"],"potions_floor_usage":[],"damage_taken":[{"damage":0.0,"enemies":"Cultist","floor":1.0,"turns":1.0},{"damage":0.0,"enemies":"Jaw Worm","floor":3.0,"turns":1.0},{"damage":0.0,"enemies":"Gremlin Nob","floor":6.0,"turns":1.0},{"damage":4.0,"enemies":"Small Slimes","floor":7.0,"turns":4.0},{"damage":0.0,"enemies":"Exordium Thugs","floor":11.0,"turns":6.0},{"damage":19.0,"enemies":"Lagavulin","floor":12.0,"turns":7.0},{"damage":10.0,"enemies":"3 Sentries","floor":14.0,"turns":7.0},{"damage":19.0,"enemies":"The Guardian","floor":16.0,"turns":15.0},{"damage":34,"enemies":"2 Thieves","floor":18,"turns":5},{"damage":5,"enemies":"Shell Parasite","floor":20,"turns":5}],"seed_played":"-4264870718665924284","potions_obtained":[{"floor":5.0,"key":"Swift Potion"},{"floor":6.0,"key":"Strength Potion"},{"floor":11.0,"key":"Ancient Potion"}],"is_trial":false,"path_per_floor":["M","T","M","?","?","E","M","R","T","$","M","E","R","E","R","B",null,"M","?","M"],"character_chosen":"THE_ANIMATOR","items_purchased":["animator:Envy"],"campfire_rested":0,"item_purchase_floors":[10],"current_hp_per_floor":[66,66,66,66,66,66,63,63,63,63,63,44,44,34,34,16,76,39,39,34,34],"gold":247,"neow_bonus":"THREE_ENEMY_KILL","is_daily":false,"chose_seed":false,"campfire_upgraded":3,"win_rate":0.0,"timestamp":1610732776,"path_taken":["M","?","?","?","?","E","?","R","T","$","M","E","R","E","R","BOSS","M","?","M"],"items_purchased_type":["Card"],"build_version":"2020-12-22","purchased_purges":0,"victory":false,"max_hp_per_floor":[66,66,66,66,66,66,67,67,67,67,67,67,67,67,67,68,76,73,73,70,70],"card_choices":[{"not_picked":["animator:DwarfShaman","animator:ElricAlphonse"],"picked":"animator:ZankiKiguchi","floor":1.0},{"not_picked":["animator:OrikoMikuni","animator:MumenRider"],"picked":"animator:Shuna","floor":3.0},{"not_picked":["animator:MamiTomoe","animator:WinryRockbell"],"picked":"animator:Tatsumaki","floor":6.0},{"not_picked":["animator:ZankiKiguchi","animator:Azekura"],"picked":"animator:Konayuki","floor":7.0},{"not_picked":["animator:CowGirl","animator:AcuraTooru"],"picked":"animator:Cocytus","floor":11.0},{"not_picked":["animator:Elsword","animator:Ciel"],"picked":"animator:Nanami","floor":12.0},{"not_picked":["animator:Viivi","animator:Azekura"],"picked":"animator:Konayuki","floor":14.0},{"not_picked":["animator:Albedo","animator:Boros"],"picked":"animator:Biyorigo","floor":16.0},{"not_picked":["animator:Emonzaemon","animator:Azekura"],"picked":"animator:Shichika","floor":18},{"not_picked":[],"picked":"animator:Father","floor":19}],"player_experience":345453,"relics_obtained":[{"floor":2.0,"key":"CloakClasp"},{"floor":9.0,"key":"The Courier"},{"floor":12.0,"key":"conspire:GlowingRock"},{"floor":14.0,"key":"Matryoshka"}],"event_choices":[{"damage_healed":0.0,"max_hp_gain":0.0,"max_hp_loss":0.0,"gold_gain":0.0,"event_name":"The Woman in Blue","player_choice":"Bought 1 Potion","floor":5.0,"gold_loss":0.0,"damage_taken":0.0}],"is_beta":false,"boss_relics":[{"not_picked":["Runic Dome","Velvet Choker"],"picked":"animator:HolyGrailRelic"}],"items_purged_floors":[],"is_endless":false,"potions_floor_spawned":[6,11,12,14],"killed_by":"Shell Parasite","ascension_level":2}}