{"host":"5waj3nq586zfb9qv","time":1610685564,"event":{"mods":["BaseMod","Better Vampires","Colored Map","Colored Powertips","GifTheSpireLib","Highlight Path","Marisa£®ÏF”Í°°ƒß¿Ì…≥£©","Minty Spire (QoL Compilation)","Quick Restart","Shop Mod","StSLib","SuperFastMode","The Servant 0.9.4","Waifu the Spire"],"gold_per_floor":[117,192,192,206,219,247,1,11,11,11,32,32,45,45,45,173,173,187,211,61,77,98,121,134,168,247,247,247],"floor_reached":27,"language":"ZHS","playtime":2489,"items_purged":["Regret"],"score":264,"play_id":"979d9c05-93a2-40d0-a4af-c1ca76e9721f","local_time":"20210115123924","is_ascension_mode":false,"campfire_choices":[{"floor":12.0,"key":"REST"},{"data":"SilverBlades","floor":15.0,"key":"SMITH"}],"circlet_count":0,"master_deck":["Strike_S","Strike_S","Strike_S","Defend_S","Defend_S","Defend_S","Defend_S","KidneyShot","Exchange","Misdirection","MoonPhase","BestPractice","Gouge","Alleviate+1","Injury","Rewind+1","SilverBlades+1","FlawlessForm","InstantArmor+1","TimeWarp","DoubleEdge","Rewind+1","FastForward+1","ShiftingGears+1","Misdirection+1","Rearm+1","DualDimension+1"],"relics":["SplendidAttire","NeowsBlessing","Kunai","Toxic Egg 2","HornCleat","Golden Idol","Darkstone Periapt","Smiling Mask","Pantograph"],"acts_visited":["Exordium","TheCity"],"potions_floor_usage":[25,27],"damage_taken":[{"damage":0.0,"enemies":"2 Louse","floor":1.0,"turns":1.0},{"damage":0.0,"enemies":"Small Slimes","floor":4.0,"turns":1.0},{"damage":0.0,"enemies":"Cultist","floor":5.0,"turns":1.0},{"damage":24.0,"enemies":"3 Sentries","floor":6.0,"turns":13.0},{"damage":3.0,"enemies":"Lots of Slimes","floor":8.0,"turns":7.0},{"damage":2.0,"enemies":"Large Slime","floor":11.0,"turns":8.0},{"damage":4.0,"enemies":"2 Fungi Beasts","floor":13.0,"turns":5.0},{"damage":17.0,"enemies":"Slime Boss","floor":16.0,"turns":16.0},{"damage":20.0,"enemies":"3 Byrds","floor":18.0,"turns":11.0},{"damage":2.0,"enemies":"2 Thieves","floor":19.0,"turns":4.0},{"damage":0.0,"enemies":"Cultist and Chosen","floor":21.0,"turns":8.0},{"damage":0.0,"enemies":"3 Cultists","floor":22.0,"turns":7.0},{"damage":0.0,"enemies":"Centurion and Healer","floor":23.0,"turns":7.0},{"damage":0.0,"enemies":"Snecko","floor":24.0,"turns":7.0},{"damage":0,"enemies":"Slavers","floor":25,"turns":11},{"damage":58,"enemies":"3 Cultists","floor":27,"turns":7}],"seed_played":"5784402809479794563","potions_obtained":[{"floor":5.0,"key":"LiquidBronze"},{"floor":6.0,"key":"Block Potion"},{"floor":8.0,"key":"PowerPotion"},{"floor":11.0,"key":"FearPotion"},{"floor":13.0,"key":"Fire Potion"},{"floor":19.0,"key":"LiquidBronze"},{"floor":22.0,"key":"SkillPotion"}],"is_trial":false,"path_per_floor":["M","?","?","M","M","E","$","M","T","?","M","R","M","?","R","B",null,"M","M","$","M","M","M","M","E","T","M"],"character_chosen":"THE_SERVANT","items_purchased":["Toxic Egg 2","DoubleEdge","Rewind+1"],"campfire_rested":1,"item_purchase_floors":[7,20,20],"current_hp_per_floor":[65,54,54,54,54,30,30,27,27,27,25,44,40,46,46,29,71,51,49,49,49,49,49,49,49,49,0,0],"gold":247,"neow_bonus":"THREE_ENEMY_KILL","is_daily":false,"chose_seed":false,"campfire_upgraded":1,"win_rate":0.0,"timestamp":1610685564,"path_taken":["M","?","?","?","?","E","$","M","T","?","M","R","M","?","R","BOSS","M","M","$","M","M","M","M","E","T","M"],"items_purchased_type":["Relic","Card","Card"],"build_version":"2020-12-22","purchased_purges":1,"victory":false,"max_hp_per_floor":[65,65,65,65,65,65,65,65,65,65,65,65,65,71,71,71,71,71,71,71,71,71,71,71,71,71,71,71],"card_choices":[{"not_picked":["Potential","Replace"],"picked":"Misdirection","floor":1.0},{"not_picked":["Contraction","Replace"],"picked":"MoonPhase","floor":4.0},{"not_picked":["Foresight","Advance"],"picked":"BestPractice","floor":5.0},{"not_picked":["PendulumOfEternity","GearUp"],"picked":"Gouge","floor":6.0},{"not_picked":["Defy+1","RealityMarble"],"picked":"Alleviate+1","floor":8.0},{"not_picked":["Revamp+1","Defy+1"],"picked":"Rewind+1","floor":11.0},{"not_picked":["ShatteredReality","Replace+1"],"picked":"SilverBlades","floor":13.0},{"not_picked":["FloweringNight","LightFlow"],"picked":"FlawlessForm","floor":16.0},{"not_picked":["BottledTime+1","Ricochet+1"],"picked":"InstantArmor+1","floor":18.0},{"not_picked":["Alleviate+1","Misdirection+1"],"picked":"TimeWarp","floor":19.0},{"not_picked":["TimeWarp","Potential"],"picked":"FastForward+1","floor":21.0},{"not_picked":["Alleviate+1","Dilation+1"],"picked":"ShiftingGears+1","floor":22.0},{"not_picked":["Defy+1","BestPractice"],"picked":"Misdirection+1","floor":23.0},{"not_picked":["Barrier+1","Moondial+1"],"picked":"Rearm+1","floor":24.0},{"not_picked":["Rewind+1","Ricochet+1"],"picked":"DualDimension+1","floor":25}],"player_experience":54557,"relics_obtained":[{"floor":6.0,"key":"Kunai"},{"floor":9.0,"key":"HornCleat"},{"floor":25,"key":"Smiling Mask"},{"floor":26,"key":"Pantograph"}],"event_choices":[{"damage_healed":0.0,"max_hp_gain":0.0,"max_hp_loss":0.0,"gold_gain":75.0,"event_name":"World of Goop","player_choice":"Gather Gold","floor":2.0,"gold_loss":0.0,"damage_taken":11.0},{"cards_removed":["Strike_S"],"damage_healed":0.0,"max_hp_gain":0.0,"max_hp_loss":0.0,"gold_gain":0.0,"event_name":"Bonfire Elementals","player_choice":"Offered Basic","floor":3.0,"gold_loss":0.0,"damage_taken":0.0},{"damage_healed":0.0,"max_hp_gain":0.0,"max_hp_loss":0.0,"gold_gain":0.0,"event_name":"Golden Idol","player_choice":"Take Wound","floor":10.0,"gold_loss":0.0,"damage_taken":0.0,"relics_obtained":["Golden Idol"],"cards_obtained":["Injury"]},{"damage_healed":0.0,"max_hp_gain":0.0,"max_hp_loss":0.0,"gold_gain":0.0,"event_name":"Big Fish","player_choice":"Box","floor":14.0,"gold_loss":0.0,"damage_taken":0.0,"relics_obtained":["Darkstone Periapt"],"cards_obtained":["Regret"]}],"is_beta":false,"boss_relics":[{"not_picked":["Pandora\u0027s Box","StoneMask"],"picked":"SplendidAttire"}],"items_purged_floors":[20],"is_endless":false,"potions_floor_spawned":[5,6,8,11,13,19,22],"killed_by":"3 Cultists","ascension_level":0}}