{"host":"qjv9b7mze4c73keh","time":1610691198,"event":{"mods":["BaseMod","Minty Spire (QoL Compilation)"],"gold_per_floor":[110,125,141,66,66,80,80,99,99,99,79,79,94,94,94,190,190,203,169,185,85,85,85,110,110,110,120,134,134,134],"floor_reached":29,"language":"RUS","playtime":3504,"items_purged":["Defend_R","Strike_R"],"score":237,"play_id":"58380ab3-e48a-4da4-b064-a6c5a9488e83","local_time":"20210115111318","is_ascension_mode":false,"campfire_choices":[{"floor":7,"key":"REST"},{"data":"Defend_R","floor":10,"key":"SMITH"},{"data":"Defend_R","floor":12,"key":"SMITH"},{"data":"Armaments","floor":15,"key":"SMITH"},{"floor":23,"key":"REST"},{"floor":25,"key":"REST"}],"circlet_count":0,"master_deck":["Strike_R","Strike_R","Strike_R","Strike_R","Defend_R","Defend_R+1","Defend_R+1","Bash","Shrug It Off+1","Sentinel","Infernal Blade","Armaments+1","Juggernaut"],"relics":["Burning Blood","Ancient Tea Set","PreservedInsect","Bag of Marbles","Darkstone Periapt"],"acts_visited":["Exordium","TheCity"],"potions_floor_usage":[16,16,16,16,16,16,24,24,29],"damage_taken":[{"damage":10,"enemies":"Small Slimes","floor":1,"turns":7},{"damage":16,"enemies":"Cultist","floor":2,"turns":7},{"damage":1,"enemies":"2 Louse","floor":3,"turns":4},{"damage":33,"enemies":"Exordium Thugs","floor":6,"turns":8},{"damage":3,"enemies":"Red Slaver","floor":8,"turns":6},{"damage":1,"enemies":"Exordium Wildlife","floor":13,"turns":4},{"damage":74,"enemies":"Slime Boss","floor":16,"turns":24},{"damage":23,"enemies":"Chosen","floor":18,"turns":6},{"damage":19,"enemies":"2 Thieves","floor":19,"turns":5},{"damage":0,"enemies":"Snecko","floor":20,"turns":4},{"damage":46,"enemies":"Book of Stabbing","floor":24,"turns":7},{"damage":29,"enemies":"Centurion and Healer","floor":27,"turns":25},{"damage":22,"enemies":"Snake Plant","floor":28,"turns":7},{"damage":30,"enemies":"Shelled Parasite and Fungi","floor":29,"turns":8}],"seed_played":"3410328707730641142","potions_obtained":[{"floor":2,"key":"Dexterity Potion"},{"floor":3,"key":"Energy Potion"},{"floor":11,"key":"EntropicBrew"},{"floor":16,"key":"LiquidBronze"},{"floor":20,"key":"Weak Potion"},{"floor":28,"key":"PowerPotion"}],"is_trial":false,"path_per_floor":["M","M","M","$","?","M","R","M","T","R","?","R","M","$","R","B",null,"M","M","M","$","?","R","E","R","T","M","M","M"],"character_chosen":"IRONCLAD","items_purchased":[],"campfire_rested":3,"item_purchase_floors":[],"current_hp_per_floor":[76,66,71,71,71,44,68,71,71,71,71,71,76,76,76,8,80,63,50,56,56,56,80,40,64,64,41,25,0,0],"gold":134,"neow_bonus":"RANDOM_COMMON_RELIC","is_daily":false,"chose_seed":false,"campfire_upgraded":3,"win_rate":0.0,"timestamp":1610691198,"path_taken":["M","M","M","$","?","?","R","M","T","R","?","R","M","$","R","BOSS","M","M","M","$","?","R","E","R","T","M","?","M"],"items_purchased_type":[],"build_version":"2020-12-22","purchased_purges":2,"victory":false,"max_hp_per_floor":[80,80,80,80,80,80,80,80,80,80,80,80,80,80,80,80,80,80,80,80,80,80,80,80,80,80,80,80,80,80],"card_choices":[{"not_picked":["True Grit","Warcry","Dropkick"],"picked":"SKIP","floor":1},{"not_picked":["Battle Trance","Headbutt","Uppercut"],"picked":"SKIP","floor":2},{"not_picked":["Battle Trance","Headbutt","Uppercut"],"picked":"SKIP","floor":2},{"not_picked":["Cleave","Infernal Blade"],"picked":"Shrug It Off","floor":3},{"not_picked":["Bloodletting","Sever Soul"],"picked":"Sentinel","floor":6},{"not_picked":["Iron Wave","Thunderclap"],"picked":"Infernal Blade","floor":8},{"not_picked":["Perfected Strike","Uppercut"],"picked":"Armaments","floor":13},{"not_picked":["Double Tap","Brutality"],"picked":"Juggernaut","floor":16},{"not_picked":["Intimidate","Cleave+1","Perfected Strike"],"picked":"SKIP","floor":18},{"not_picked":["Warcry","Heavy Blade","Dual Wield"],"picked":"SKIP","floor":19},{"not_picked":["Pommel Strike","Rupture","Iron Wave"],"picked":"SKIP","floor":20},{"not_picked":["Armaments","Dual Wield","Rupture"],"picked":"SKIP","floor":24},{"not_picked":["Iron Wave+1","Evolve","Thunderclap"],"picked":"SKIP","floor":27},{"not_picked":["Cleave+1","Iron Wave+1","Uppercut+1"],"picked":"SKIP","floor":28}],"player_experience":65517,"relics_obtained":[{"floor":9,"key":"PreservedInsect"},{"floor":24,"key":"Bag of Marbles"},{"floor":26,"key":"Darkstone Periapt"}],"event_choices":[{"damage_healed":0,"gold_gain":0,"player_choice":"Forge","damage_taken":0,"max_hp_gain":0,"max_hp_loss":0,"event_name":"Accursed Blacksmith","floor":5,"gold_loss":0,"cards_upgraded":["Shrug It Off"]},{"damage_healed":0,"gold_gain":0,"player_choice":"Bought 1 Potion","damage_taken":0,"max_hp_gain":0,"max_hp_loss":0,"event_name":"The Woman in Blue","floor":11,"gold_loss":0},{"damage_healed":0,"gold_gain":0,"player_choice":"Ignored","damage_taken":0,"max_hp_gain":0,"max_hp_loss":0,"event_name":"Transmorgrifier","floor":22,"gold_loss":0}],"is_beta":false,"boss_relics":[{"not_picked":["Astrolabe","Coffee Dripper","Ectoplasm"]}],"items_purged_floors":[4,21],"is_endless":false,"potions_floor_spawned":[2,3,16,20,28],"killed_by":"Shelled Parasite and Fungi","ascension_level":0}}