{"host":"ydg0vn0pu4pubmdt","time":1610743768,"event":{"mods":["AchievementEnabler","BaseMod","Colored Map","Gold Saver","Minty Spire (QoL Compilation)","Quick Restart","SuperFastMode"],"gold_per_floor":[531,531,456,456,287,319,339,339,390,403,422,434,434,459,459,585,585,604,604,100,124,124,124,124],"floor_reached":23,"language":"KOR","playtime":517,"items_purged":["Defend_B","Defend_B","Strike_B"],"score":239,"play_id":"837afddb-9182-4923-8c7a-eaae9eb97321","local_time":"20210116054928","is_ascension_mode":true,"campfire_choices":[{"floor":8.0,"key":"REST"},{"data":"Chaos","floor":15.0,"key":"SMITH"}],"circlet_count":0,"master_deck":["Strike_B","Strike_B","Defend_B","Zap","Dualcast","Loop","Streamline","Capacitor","Genetic Algorithm","Self Repair","Chaos+1","Compile Driver","Buffer","White Noise+1","Finesse+1","Conserve Battery+1","Steam Power+1"],"relics":["Cracked Core","Blood Vial","Bottled Tornado","Smiling Mask","Golden Idol","Nuclear Battery","Toxic Egg 2"],"acts_visited":["Exordium","TheCity"],"potions_floor_usage":[],"damage_taken":[{"damage":0.0,"enemies":"2 Louse","floor":1.0,"turns":2.0},{"damage":50.0,"enemies":"3 Sentries","floor":6.0,"turns":5.0},{"damage":5.0,"enemies":"Cultist","floor":7.0,"turns":3.0},{"damage":7.0,"enemies":"Small Slimes","floor":10.0,"turns":3.0},{"damage":21.0,"enemies":"3 Louse","floor":11.0,"turns":4.0},{"damage":10.0,"enemies":"Looter","floor":12.0,"turns":3.0},{"damage":21.0,"enemies":"Blue Slaver","floor":14.0,"turns":3.0},{"damage":21.0,"enemies":"Hexaghost","floor":16.0,"turns":6.0},{"damage":9.0,"enemies":"Spheric Guardian","floor":18.0,"turns":4.0},{"damage":27.0,"enemies":"2 Thieves","floor":21.0,"turns":4.0},{"damage":41,"enemies":"Slavers","floor":23,"turns":3}],"seed_played":"8698818090703526372","potions_obtained":[{"floor":1.0,"key":"LiquidBronze"},{"floor":7.0,"key":"PowerPotion"},{"floor":10.0,"key":"SpeedPotion"},{"floor":21.0,"key":"GamblersBrew"}],"is_trial":false,"path_per_floor":["M","?","$","?","$","E","M","R","T","M","M","M","?","M","R","B",null,"M","?","$","M","?","E"],"character_chosen":"DEFECT","items_purchased":["Capacitor","Toxic Egg 2","Finesse+1","Conserve Battery+1","Steam Power+1"],"campfire_rested":1,"item_purchase_floors":[5,20,20,20,20],"current_hp_per_floor":[75,75,75,75,75,25,22,44,44,46,34,33,33,21,21,2,52,52,52,52,34,34,0,0],"gold":124,"neow_bonus":"TRANSFORM_TWO_CARDS","is_daily":false,"chose_seed":false,"campfire_upgraded":1,"win_rate":0.0,"timestamp":1610743768,"path_taken":["M","?","$","?","$","E","M","R","T","?","M","M","?","M","R","BOSS","M","?","$","M","?","E"],"items_purchased_type":["Card","Relic","Card","Card","Card"],"build_version":"2020-12-22","purchased_purges":3,"victory":false,"max_hp_per_floor":[75,75,75,75,75,75,75,75,75,75,75,75,69,69,69,69,69,69,69,69,69,69,69,69],"card_choices":[{"not_picked":["Stack","Barrage","Reprogram"],"picked":"SKIP","floor":1.0},{"not_picked":["Coolheaded","Conserve Battery"],"picked":"Genetic Algorithm","floor":6.0},{"not_picked":["Doom and Gloom","Steam"],"picked":"Self Repair","floor":7.0},{"not_picked":["Static Discharge","Gash"],"picked":"Chaos","floor":10.0},{"not_picked":["Fission","Loop","Stack"],"picked":"SKIP","floor":11.0},{"not_picked":["Heatsinks","Sweeping Beam"],"picked":"Compile Driver","floor":12.0},{"not_picked":["Reinforced Body","Compile Driver","Streamline"],"picked":"SKIP","floor":14.0},{"not_picked":["Seek","Fission"],"picked":"Buffer","floor":16.0},{"not_picked":["Aggregate","Reprogram+1"],"picked":"White Noise+1","floor":18.0},{"not_picked":["Go for the Eyes","Streamline","Beam Cell"],"picked":"SKIP","floor":21.0}],"player_experience":375201,"relics_obtained":[{"floor":6.0,"key":"Bottled Tornado"},{"floor":9.0,"key":"Smiling Mask"}],"event_choices":[{"cards_removed":["Doubt"],"damage_healed":0.0,"max_hp_gain":0.0,"max_hp_loss":0.0,"gold_gain":0.0,"event_name":"Living Wall","player_choice":"Forget","floor":2.0,"gold_loss":0.0,"damage_taken":0.0},{"damage_healed":0.0,"max_hp_gain":0.0,"max_hp_loss":0.0,"gold_gain":0.0,"event_name":"WeMeetAgain","player_choice":"Gave Potion","floor":4.0,"gold_loss":0.0,"damage_taken":0.0,"relics_obtained":["Blood Vial"]},{"damage_healed":0.0,"max_hp_gain":0.0,"max_hp_loss":6.0,"gold_gain":0.0,"event_name":"Golden Idol","player_choice":"Lose Max HP","floor":13.0,"gold_loss":0.0,"damage_taken":0.0,"relics_obtained":["Golden Idol"]},{"damage_healed":0.0,"max_hp_gain":0.0,"max_hp_loss":0.0,"gold_gain":0.0,"event_name":"Cursed Tome","player_choice":"Ignored","floor":19.0,"gold_loss":0.0,"damage_taken":0.0},{"damage_healed":0,"gold_gain":0,"player_choice":"Ignored","damage_taken":0,"max_hp_gain":0,"max_hp_loss":0,"event_name":"The Mausoleum","floor":22,"gold_loss":0}],"is_beta":false,"boss_relics":[{"not_picked":["Snecko Eye","Fusion Hammer"],"picked":"Nuclear Battery"}],"items_purged_floors":[3,5,20],"is_endless":false,"potions_floor_spawned":[1,7,10,21],"killed_by":"Slavers","ascension_level":5}}