{"host":"tqat8h9oealf2qov","time":1610713817,"event":{"mods":["Aspiration","BaseMod","Downfall","Hermit","Minty Spire (QoL Compilation)","Quick Restart","READ ME - Guardian Mod","Remilia£®¿Ÿ√◊¿Ú—«£©","Replay The Spire","StSLib","The Cursed","Youmu£®ªÍ∆«—˝√Œ£©"],"gold_per_floor":[115,115,126,126,51,51,76,76,76,29,43,78,108,123,123,224,224,239,255,266,286,36,36,36],"floor_reached":23,"language":"ZHS","playtime":1329,"items_purged":["Strike_B","Strike_B"],"score":330,"play_id":"fb918da0-c635-4f75-9b10-b80ec4dd66d0","local_time":"20210115203017","is_ascension_mode":true,"campfire_choices":[{"data":"Coolheaded","floor":6.0,"key":"SMITH"},{"data":"Defragment","floor":8.0,"key":"SMITH"},{"floor":15.0,"key":"REST"}],"circlet_count":0,"master_deck":["Strike_B","Strike_B+1","Defend_B","Defend_B+1","Defend_B","Defend_B","Zap","Dualcast","Defragment+1","Coolheaded+1","Reboot","Turbo","FIFO Queue","ReplayTheSpireMod:Calculation Training","Thunder Strike","ReplaySort","ReplayTheSpireMod:System Scan","BasicCrystalCard+1","Time Bomb"],"relics":["Cracked Core","NeowsBlessing","aspiration:DSix","Cables","Strawberry","Odd Mushroom","aspiration:SecretTechniqueScroll","Prayer Wheel","Replay:Antivirus Software"],"acts_visited":["Exordium","TheCity"],"potions_floor_usage":[],"damage_taken":[{"damage":0.0,"enemies":"Cultist","floor":1.0,"turns":1.0},{"damage":0.0,"enemies":"2 Louse","floor":3.0,"turns":1.0},{"damage":0.0,"enemies":"Lagavulin","floor":7.0,"turns":1.0},{"damage":7.0,"enemies":"Jaw Worm","floor":11.0,"turns":3.0},{"damage":15.0,"enemies":"Gremlin Nob","floor":12.0,"turns":4.0},{"damage":23.0,"enemies":"The Mushroom Lair","floor":13.0,"turns":4.0},{"damage":0.0,"enemies":"3 Louse","floor":14.0,"turns":4.0},{"damage":5.0,"enemies":"The Guardian","floor":16.0,"turns":10.0},{"damage":12.0,"enemies":"Chosen","floor":18.0,"turns":4.0},{"damage":14.0,"enemies":"2 Thieves","floor":19.0,"turns":4.0},{"damage":14.0,"enemies":"Snecko","floor":20.0,"turns":6.0},{"damage":24.0,"enemies":"Snake Plant","floor":21.0,"turns":4.0},{"damage":29,"enemies":"Slavers","floor":23,"turns":1}],"seed_played":"3656445348819288161","potions_obtained":[{"floor":1.0,"key":"Fruit Juice"},{"floor":7.0,"key":"Block Potion"},{"floor":12.0,"key":"PowerPotion"},{"floor":14.0,"key":"Swift Potion"},{"floor":19.0,"key":"Fire Potion"}],"is_trial":false,"path_per_floor":["M","?","M","?","$","R","E","R","T","$","M","E","?","M","R","B",null,"M","M","M","M","$","E"],"character_chosen":"DEFECT","items_purchased":["Turbo","Replay:Antivirus Software"],"campfire_rested":1,"item_purchase_floors":[10,22],"current_hp_per_floor":[68,53,53,58,58,58,58,58,58,58,56,48,25,25,52,47,81,69,55,41,17,17,0,0],"gold":36,"neow_bonus":"THREE_ENEMY_KILL","is_daily":false,"chose_seed":false,"campfire_upgraded":2,"win_rate":0.0,"timestamp":1610713817,"path_taken":["M","?","M","?","$","R","E","R","T","$","M","E","?","M","R","BOSS","M","M","M","M","$","E"],"items_purchased_type":["Card","Relic"],"build_version":"2020-12-22","purchased_purges":2,"victory":false,"max_hp_per_floor":[75,75,75,80,80,80,80,80,80,80,85,92,92,92,92,92,92,92,92,92,92,92,92,92],"card_choices":[{"not_picked":["Stack","Turbo"],"picked":"Defragment","floor":1.0},{"not_picked":["Turbo","Scrape"],"picked":"Coolheaded","floor":3.0},{"not_picked":["Ball Lightning","Loop"],"picked":"Reboot","floor":7.0},{"not_picked":["Sunder","Redo","Steam"],"picked":"SKIP","floor":11.0},{"not_picked":["Gash","Sweeping Beam"],"picked":"FIFO Queue","floor":12.0},{"not_picked":["FIFO Queue","Go for the Eyes"],"picked":"ReplayTheSpireMod:Calculation Training","floor":14.0},{"not_picked":["Electrodynamics","Core Surge"],"picked":"Thunder Strike","floor":16.0},{"not_picked":["Stack+1","Defragment"],"picked":"ReplaySort","floor":18.0},{"not_picked":["Stack","ReplaySolidLightProjector"],"picked":"ReplayTheSpireMod:System Scan","floor":19.0},{"not_picked":["Cold Snap+1","Sweeping Beam","ReplaySort"],"picked":"SKIP","floor":19.0},{"not_picked":["White Noise","Chaos+1"],"picked":"BasicCrystalCard+1","floor":20.0},{"not_picked":["Storm+1","Conserve Battery","Compile Driver"],"picked":"SKIP","floor":20.0},{"not_picked":["Leap","Cold Snap"],"picked":"Time Bomb","floor":21.0},{"not_picked":["Gash","Hyperbeam","Cold Snap+1"],"picked":"SKIP","floor":21.0}],"player_experience":310407,"relics_obtained":[{"floor":7.0,"key":"aspiration:DSix"},{"floor":9.0,"key":"Cables"},{"floor":12.0,"key":"Strawberry"},{"floor":13.0,"key":"Odd Mushroom"}],"event_choices":[{"damage_healed":0.0,"max_hp_gain":0.0,"max_hp_loss":0.0,"gold_gain":0.0,"event_name":"Shining Light","player_choice":"Entered Light","floor":2.0,"gold_loss":0.0,"damage_taken":15.0,"cards_upgraded":["Strike_B","Defend_B"]},{"damage_healed":0.0,"max_hp_gain":5.0,"max_hp_loss":0.0,"gold_gain":0.0,"event_name":"Big Fish","player_choice":"Donut","floor":4.0,"gold_loss":0.0,"damage_taken":0.0},{"damage_healed":0.0,"max_hp_gain":0.0,"max_hp_loss":0.0,"gold_gain":0.0,"event_name":"Mushrooms","player_choice":"Fought Mushrooms","floor":13.0,"gold_loss":0.0,"damage_taken":0.0}],"is_beta":false,"boss_relics":[{"not_picked":["Busted Crown","Calling Bell"],"picked":"aspiration:SecretTechniqueScroll"}],"items_purged_floors":[5,22],"is_endless":false,"potions_floor_spawned":[1,7,12,14,19],"killed_by":"Slavers","ascension_level":7}}