{"host":"z9gi090fcly3daq0","time":1610677973,"event":{"mods":["AchievementEnabler","BaseMod","Minty Spire (QoL Compilation)","Permanent Neow","Quick Restart"],"gold_per_floor":[117,192,142,157,157,192,192,204,204,238,17,34,51,51,51,150,150,165,178,198,198,211,211,211,242,295,295,395,410,72,102,102,204,204,223,234,581,188,238,271,130,130,208,222,257,257,23,43,43,43],"floor_reached":51,"language":"ENG","playtime":6490,"items_purged":["Bash","Defend_R","Strike_R","Strike_R"],"score":803,"play_id":"7fa7a816-c084-45ed-b6c4-86024c2bbf7b","local_time":"20210115023253","is_ascension_mode":false,"campfire_choices":[{"floor":7,"key":"REST"},{"data":"Inflame","floor":15,"key":"SMITH"},{"floor":23,"key":"REST"},{"floor":32,"key":"REST"},{"floor":42,"key":"REST"},{"floor":46,"key":"REST"},{"floor":49,"key":"RECALL"}],"circlet_count":0,"master_deck":["Strike_R","Strike_R","Defend_R","Defend_R","Shrug It Off","Inflame+1","Limit Break","Limit Break","Limit Break","J.A.X.","Heavy Blade","Feed+1","Sword Boomerang+1","Shrug It Off+1","Bloodletting+1","Shrug It Off+1","Spot Weakness+1","Thinking Ahead+1"],"relics":["Burning Blood","Kunai","Meat on the Bone","TungstenRod","TheAbacus","SlaversCollar","Paper Frog","Toy Ornithopter","Incense Burner","Toxic Egg 2","Membership Card","Strawberry","Oddly Smooth Stone","Molten Egg 2","Runic Cube","Old Coin","Sundial","Bottled Tornado","StoneCalendar","Pen Nib","Regal Pillow","Pear","Shuriken"],"acts_visited":["Exordium","TheCity","TheBeyond"],"potions_floor_usage":[14,16,16,19,20,20,20,28,37,37,45,45],"damage_taken":[{"damage":1,"enemies":"Jaw Worm","floor":1,"turns":6},{"damage":0,"enemies":"Small Slimes","floor":4,"turns":3},{"damage":52,"enemies":"3 Sentries","floor":6,"turns":11},{"damage":0,"enemies":"2 Louse","floor":8,"turns":3},{"damage":34,"enemies":"Gremlin Nob","floor":10,"turns":5},{"damage":7,"enemies":"Red Slaver","floor":12,"turns":4},{"damage":1,"enemies":"Exordium Wildlife","floor":13,"turns":4},{"damage":20,"enemies":"Hexaghost","floor":16,"turns":9},{"damage":33,"enemies":"2 Thieves","floor":18,"turns":5},{"damage":9,"enemies":"Shell Parasite","floor":19,"turns":6},{"damage":11,"enemies":"Snake Plant","floor":20,"turns":7},{"damage":25,"enemies":"Centurion and Healer","floor":22,"turns":7},{"damage":37,"enemies":"Book of Stabbing","floor":25,"turns":5},{"damage":31,"enemies":"Colosseum Slavers","floor":28,"turns":4},{"damage":26,"enemies":"Colosseum Nobs","floor":28,"turns":5},{"damage":24,"enemies":"Cultist and Chosen","floor":29,"turns":7},{"damage":29,"enemies":"Slavers","floor":31,"turns":4},{"damage":6,"enemies":"Automaton","floor":33,"turns":4},{"damage":24,"enemies":"Orb Walker","floor":35,"turns":3},{"damage":12,"enemies":"3 Shapes","floor":36,"turns":6},{"damage":61,"enemies":"2 Orb Walkers","floor":37,"turns":4},{"damage":4,"enemies":"Mind Bloom Boss Battle","floor":39,"turns":3},{"damage":7,"enemies":"Giant Head","floor":40,"turns":3},{"damage":74,"enemies":"Sphere and 2 Shapes","floor":44,"turns":4},{"damage":9,"enemies":"Reptomancer","floor":45,"turns":3},{"damage":2,"enemies":"3 Darklings","floor":48,"turns":4},{"damage":18,"enemies":"Time Eater","floor":50,"turns":4}],"seed_played":"-5849289908363112413","potions_obtained":[{"floor":4,"key":"SkillPotion"},{"floor":12,"key":"Fruit Juice"},{"floor":14,"key":"AttackPotion"},{"floor":14,"key":"EntropicBrew"},{"floor":19,"key":"Ancient Potion"},{"floor":25,"key":"Explosive Potion"},{"floor":29,"key":"LiquidMemories"},{"floor":33,"key":"Strength Potion"},{"floor":35,"key":"Regen Potion"},{"floor":37,"key":"Block Potion"}],"is_trial":false,"path_per_floor":["M","?","?","M","?","E","R","M","T","E","$","M","M","?","R","B",null,"M","M","M","?","M","R","?","E","T","?","?","M","$","E","R","B",null,"M","M","?","$","?","E","$","R","T","M","E","R","$","M","R","B",null],"character_chosen":"IRONCLAD","items_purchased":["TheAbacus","Inflame","Membership Card","Strawberry","Oddly Smooth Stone","Sundial","Bloodletting+1","EntropicBrew","Bottled Tornado","Regal Pillow","FairyPotion","ColorlessPotion","Thinking Ahead+1"],"campfire_rested":5,"item_purchase_floors":[11,11,30,30,30,38,38,38,38,41,47,47,47],"current_hp_per_floor":[88,77,77,83,76,30,56,62,62,46,46,57,62,67,67,53,93,66,63,58,58,51,78,78,59,59,59,43,37,44,33,63,63,100,82,80,63,63,69,68,68,112,122,66,73,122,122,122,122,114],"gold":43,"neow_bonus":"TEN_PERCENT_HP_BONUS","is_daily":false,"chose_seed":false,"campfire_upgraded":1,"win_rate":0.0,"timestamp":1610677973,"path_taken":["M","?","?","M","?","E","R","M","T","E","$","M","M","?","R","BOSS","M","M","M","?","?","R","?","E","T","?","?","M","$","E","R","BOSS","M","M","?","?","?","E","$","R","T","M","E","R","$","M","R","BOSS"],"items_purchased_type":["Relic","Card","Relic","Relic","Relic","Relic","Card","Potion","Relic","Relic","Potion","Potion","Card"],"build_version":"2020-12-22","purchased_purges":4,"victory":true,"max_hp_per_floor":[88,88,88,88,88,88,88,88,88,88,88,88,88,93,93,93,93,93,93,93,93,93,93,93,93,93,93,93,93,100,100,100,100,100,100,104,108,108,112,112,112,112,122,122,122,122,122,122,122,126],"card_choices":[{"not_picked":["Warcry","Cleave","Armaments"],"picked":"SKIP","floor":1},{"not_picked":["Disarm","Warcry","Pummel"],"picked":"SKIP","floor":4},{"not_picked":["Heavy Blade","Body Slam"],"picked":"Shrug It Off","floor":6},{"not_picked":["True Grit","Iron Wave","Flex"],"picked":"SKIP","floor":8},{"not_picked":["Heavy Blade","Anger","Fire Breathing"],"picked":"SKIP","floor":10},{"not_picked":["Clothesline","Brutality","Iron Wave"],"picked":"SKIP","floor":12},{"not_picked":["Ghostly Armor","Wild Strike","Heavy Blade"],"picked":"SKIP","floor":13},{"not_picked":["Berserk","Immolate"],"picked":"Limit Break","floor":16},{"not_picked":["Headbutt+1","Perfected Strike","Clothesline"],"picked":"SKIP","floor":18},{"not_picked":["Warcry","Rage+1","Anger+1"],"picked":"SKIP","floor":19},{"not_picked":["Body Slam","Bloodletting","Iron Wave"],"picked":"SKIP","floor":20},{"not_picked":["Headbutt","Body Slam+1"],"picked":"Limit Break","floor":22},{"not_picked":["Entrench","Anger","Body Slam+1"],"picked":"SKIP","floor":25},{"not_picked":["Warcry+1","Thunderclap+1"],"picked":"Heavy Blade","floor":29},{"not_picked":["Pommel Strike+1","Havoc+1","Second Wind+1"],"picked":"SKIP","floor":31},{"not_picked":["Berserk","Double Tap+1"],"picked":"Feed+1","floor":33},{"not_picked":["Rupture+1","Battle Trance+1","Armaments+1"],"picked":"SKIP","floor":35},{"not_picked":["Pommel Strike+1","Rupture+1"],"picked":"Sword Boomerang+1","floor":36},{"not_picked":["Shockwave+1","Cleave+1"],"picked":"Shrug It Off+1","floor":37},{"not_picked":["Burning Pact+1","Headbutt+1"],"picked":"Shrug It Off+1","floor":40},{"not_picked":["Twin Strike+1","Flex+1","True Grit+1"],"picked":"SKIP","floor":44},{"not_picked":["Clash+1","Rampage+1"],"picked":"Spot Weakness+1","floor":45},{"not_picked":["Pommel Strike+1","Thunderclap+1","Warcry+1"],"picked":"SKIP","floor":48}],"player_experience":165852,"relics_obtained":[{"floor":6,"key":"Kunai"},{"floor":9,"key":"Meat on the Bone"},{"floor":10,"key":"TungstenRod"},{"floor":25,"key":"Paper Frog"},{"floor":26,"key":"Toy Ornithopter"},{"floor":28,"key":"Incense Burner"},{"floor":28,"key":"Toxic Egg 2"},{"floor":31,"key":"Molten Egg 2"},{"floor":37,"key":"Old Coin"},{"floor":39,"key":"StoneCalendar"},{"floor":40,"key":"Pen Nib"},{"floor":43,"key":"Pear"},{"floor":45,"key":"Shuriken"}],"event_choices":[{"damage_healed":0,"gold_gain":75,"player_choice":"Gather Gold","damage_taken":11,"max_hp_gain":0,"max_hp_loss":0,"event_name":"World of Goop","floor":2,"gold_loss":0},{"cards_removed":["Strike_R"],"damage_healed":0,"gold_gain":0,"player_choice":"Card Removal","damage_taken":0,"max_hp_gain":0,"max_hp_loss":0,"event_name":"The Cleric","floor":3,"gold_loss":50},{"cards_removed":["Defend_R"],"damage_healed":0,"gold_gain":0,"player_choice":"Card Removal","damage_taken":7,"max_hp_gain":0,"max_hp_loss":0,"event_name":"Golden Wing","floor":5,"gold_loss":0},{"damage_healed":0,"gold_gain":0,"player_choice":"Got Potions","damage_taken":0,"max_hp_gain":0,"max_hp_loss":0,"event_name":"Lab","floor":14,"gold_loss":0},{"damage_healed":0,"gold_gain":0,"player_choice":"1 cards matched","damage_taken":0,"max_hp_gain":0,"max_hp_loss":0,"event_name":"Match and Keep!","floor":21,"gold_loss":0,"cards_obtained":["Limit Break"]},{"damage_healed":0,"gold_gain":0,"player_choice":"Ignored","damage_taken":0,"max_hp_gain":0,"max_hp_loss":0,"event_name":"Ghosts","floor":24,"gold_loss":0},{"damage_healed":0,"gold_gain":0,"player_choice":"Obtain J.A.X.","damage_taken":0,"max_hp_gain":0,"max_hp_loss":0,"event_name":"Drug Dealer","floor":27,"gold_loss":0,"cards_obtained":["J.A.X."]},{"damage_healed":0,"gold_gain":0,"player_choice":"Fight","damage_taken":0,"max_hp_gain":0,"max_hp_loss":0,"event_name":"Colosseum","floor":28,"gold_loss":0},{"damage_healed":0,"gold_gain":0,"player_choice":"Fought Nobs","damage_taken":0,"max_hp_gain":0,"max_hp_loss":0,"event_name":"Colosseum","floor":28,"gold_loss":0},{"damage_healed":0,"gold_gain":0,"player_choice":"Fight","damage_taken":0,"max_hp_gain":0,"max_hp_loss":0,"event_name":"Mysterious Sphere","floor":37,"gold_loss":0},{"damage_healed":0,"gold_gain":0,"player_choice":"Fight","damage_taken":0,"max_hp_gain":0,"max_hp_loss":0,"event_name":"MindBloom","floor":39,"gold_loss":0}],"is_beta":false,"boss_relics":[{"not_picked":["Runic Dome","SacredBark"],"picked":"SlaversCollar"},{"not_picked":["Busted Crown","Snecko Eye"],"picked":"Runic Cube"}],"items_purged_floors":[30,38,41,47],"is_endless":false,"potions_floor_spawned":[4,12,19,25,28,29,33,35,37,39],"ascension_level":0}}