{"host":"omsykib0woddca32","time":1610688217,"event":{"mods":["BaseMod","Colored Powertips","Lobotomy","Minty Spire (QoL Compilation)","Random Character Button","Shop Mod","StSLib"],"gold_per_floor":[109,123,139,89,109,109,109,109,109,109,141,155,155,167,167,269,269,283,198,74,74,173,193,193,211,211,222,257,257,287,305,305,402,402,416,429,445,445,458,492,503,513,513,513,529,542,553,473,473,473,473,473,111,137,137,137],"floor_reached":55,"language":"ZHS","playtime":3933,"items_purged":["Defend_G","Defend_G"],"score":1020,"play_id":"1eaf0861-f68f-43a7-a9a5-1f099bcfeab9","local_time":"20210115132337","is_ascension_mode":false,"campfire_choices":[{"data":"Backflip","floor":8.0,"key":"SMITH"},{"floor":10.0,"key":"REST"},{"data":"Storm of Steel","floor":13.0,"key":"SMITH"},{"floor":15.0,"key":"REST"},{"data":"Blade Dance","floor":24.0,"key":"SMITH"},{"floor":32.0,"key":"REST"},{"data":"Accuracy","floor":44.0,"key":"SMITH"},{"floor":49.0,"key":"RECALL"},{"data":"Calculated Gamble","floor":52.0,"key":"SMITH"}],"circlet_count":0,"master_deck":["Strike_G+1","Strike_G","Strike_G","Defend_G","Defend_G","Survivor","Neutralize+1","HeroicMonk","Riddle With Holes","Blade Dance+1","Acrobatics","Cloak And Dagger","Backflip+1","BlackSwan","Storm of Steel+1","Terror","Choke","SnowQueen","Adrenaline","Accuracy+1","After Image","Footwork+1","Escape Plan+1","Calculated Gamble+1","Escape Plan+1"],"relics":["Ring of the Snake","CogitoBucket","SlaversCollar","MerchantsRug","Kunai","Pantograph","Runic Pyramid","Nunchaku","Mummified Hand","Oddly Smooth Stone","Sundial","Anchor"],"acts_visited":["Exordium","TheCity","TheBeyond","TheEnding"],"potions_floor_usage":[55],"damage_taken":[{"damage":1.0,"enemies":"Jaw Worm","floor":1.0,"turns":7.0},{"damage":0.0,"enemies":"2 Louse","floor":2.0,"turns":3.0},{"damage":5.0,"enemies":"Small Slimes","floor":3.0,"turns":3.0},{"damage":18.0,"enemies":"Exordium Wildlife","floor":5.0,"turns":5.0},{"damage":31.0,"enemies":"Lagavulin","floor":11.0,"turns":11.0},{"damage":0.0,"enemies":"2 Fungi Beasts","floor":12.0,"turns":2.0},{"damage":1.0,"enemies":"Looter","floor":14.0,"turns":2.0},{"damage":0.0,"enemies":"Slime Boss","floor":16.0,"turns":6.0},{"damage":0.0,"enemies":"Spheric Guardian","floor":18.0,"turns":1.0},{"damage":0.0,"enemies":"Shell Parasite","floor":23.0,"turns":3.0},{"damage":4.0,"enemies":"Cultist and Chosen","floor":25.0,"turns":4.0},{"damage":25.0,"enemies":"Chosen and Byrds","floor":27.0,"turns":2.0},{"damage":0.0,"enemies":"Gremlin Leader","floor":28.0,"turns":1.0},{"damage":0.0,"enemies":"Slavers","floor":30.0,"turns":2.0},{"damage":0.0,"enemies":"3 Cultists","floor":31.0,"turns":2.0},{"damage":0.0,"enemies":"Automaton","floor":33.0,"turns":2.0},{"damage":0.0,"enemies":"Orb Walker","floor":35.0,"turns":1.0},{"damage":0.0,"enemies":"3 Darklings","floor":36.0,"turns":3.0},{"damage":17.0,"enemies":"Transient","floor":37.0,"turns":4.0},{"damage":3.0,"enemies":"Spire Growth","floor":39.0,"turns":3.0},{"damage":3.0,"enemies":"Giant Head","floor":40.0,"turns":5.0},{"damage":0.0,"enemies":"Jaw Worm Horde","floor":41.0,"turns":4.0},{"damage":0.0,"enemies":"4 Shapes","floor":42.0,"turns":4.0},{"damage":0.0,"enemies":"Spire Growth","floor":45.0,"turns":2.0},{"damage":0.0,"enemies":"3 Darklings","floor":46.0,"turns":2.0},{"damage":0.0,"enemies":"Maw","floor":47.0,"turns":2.0},{"damage":0.0,"enemies":"Donu and Deca","floor":50.0,"turns":3.0},{"damage":0.0,"enemies":"Shield and Spear","floor":54.0,"turns":2.0},{"damage":86,"enemies":"The Heart","floor":55,"turns":3}],"seed_played":"1797351895100847380","potions_obtained":[{"floor":5.0,"key":"BlessingOfTheForge"},{"floor":12.0,"key":"Weak Potion"},{"floor":16.0,"key":"FairyPotion"},{"floor":25.0,"key":"SpeedPotion"},{"floor":36.0,"key":"EssenceOfSteel"},{"floor":37.0,"key":"ColorlessPotion"},{"floor":45.0,"key":"Strength Potion"},{"floor":54.0,"key":"GamblersBrew"}],"is_trial":false,"path_per_floor":["M","M","M","?","M","?","?","R","T","R","E","M","R","M","R","B",null,"M","?","$","?","?","M","R","M","T","M","E","?","E","M","R","B",null,"M","M","M","?","M","E","M","M","T","R","M","M","M","$","R","B",null,"R","$","E","B"],"character_chosen":"THE_SILENT","items_purchased":["MerchantsRug","Oddly Smooth Stone","Sundial"],"campfire_rested":3,"item_purchase_floors":[20,48,53],"current_hp_per_floor":[69,69,64,64,46,32,32,32,32,53,22,22,22,21,42,42,70,70,80,80,65,65,65,65,61,61,36,36,36,36,36,61,85,85,85,85,71,71,68,65,65,65,65,65,65,65,65,65,65,85,85,85,85,85,0,0],"gold":137,"neow_bonus":"","is_daily":false,"chose_seed":false,"campfire_upgraded":5,"win_rate":0.0,"timestamp":1610688217,"path_taken":["M","M","M","?","M","?","?","R","T","R","E","M","R","M","R","BOSS","M","?","$","?","?","M","R","M","T","M","E","?","E","M","R","BOSS","M","?","M","?","M","E","M","?","T","R","M","M","M","$","R","BOSS","R","$","E","BOSS"],"items_purchased_type":["Relic","Relic","Relic"],"build_version":"2020-12-22","purchased_purges":2,"victory":false,"max_hp_per_floor":[70,70,70,70,70,70,70,70,70,70,70,70,70,70,70,70,70,70,80,80,85,85,85,85,85,85,85,85,85,85,85,85,85,85,85,85,85,85,85,85,85,85,85,85,85,85,85,85,85,85,85,85,85,85,85,85],"card_choices":[{"not_picked":["QueenBee","WallGazer"],"picked":"HeroicMonk","floor":1.0},{"not_picked":["Prepared","Deflect"],"picked":"Riddle With Holes","floor":1.0},{"not_picked":["Dagger Throw","Caltrops"],"picked":"Blade Dance","floor":2.0},{"not_picked":["Dagger Spray","PiercingWail"],"picked":"Acrobatics","floor":3.0},{"not_picked":["Slice","Distraction"],"picked":"Cloak And Dagger","floor":5.0},{"not_picked":["Scorched","Porccubus"],"picked":"BlackSwan","floor":11.0},{"not_picked":["Bane","Bouncing Flask","Sucker Punch"],"picked":"Storm of Steel","floor":11.0},{"not_picked":["Dagger Throw","Prepared","Tactician"],"picked":"Terror","floor":12.0},{"not_picked":["Deadly Poison","Sucker Punch","Acrobatics"],"picked":"Choke","floor":14.0},{"not_picked":["CrumblingArmor","WallGazer"],"picked":"SnowQueen","floor":16.0},{"not_picked":["Glass Knife","Bullet Time","Malaise"],"picked":"Adrenaline","floor":16.0},{"not_picked":["Crippling Poison","Backflip","Sucker Punch","Acrobatics"],"picked":"SKIP","floor":18.0},{"not_picked":["Underhanded Strike","Outmaneuver","Backflip+1","Sucker Punch+1"],"picked":"SKIP","floor":23.0},{"not_picked":["Underhanded Strike","Outmaneuver","Backflip+1","Sucker Punch+1"],"picked":"SKIP","floor":23.0},{"not_picked":["Underhanded Strike","Outmaneuver","Backflip+1","Sucker Punch+1"],"picked":"SKIP","floor":23.0},{"not_picked":["Dagger Spray","Deflect","Backflip","Heel Hook"],"picked":"SKIP","floor":25.0},{"not_picked":["Bouncing Flask","Bane","Flying Knee+1","Deflect"],"picked":"SKIP","floor":27.0},{"not_picked":["Predator","Eviscerate+1","Outmaneuver","Deflect+1"],"picked":"SKIP","floor":28.0},{"not_picked":["Tactician","Endless Agony+1","Sucker Punch","Backflip"],"picked":"SKIP","floor":30.0},{"not_picked":["Tactician","Endless Agony+1","Sucker Punch","Backflip"],"picked":"SKIP","floor":30.0},{"not_picked":["Backflip","Dagger Spray+1","Outmaneuver"],"picked":"Accuracy","floor":31.0},{"not_picked":["A Thousand Cuts","Doppelganger","Night Terror"],"picked":"After Image","floor":33.0},{"not_picked":["Cloak And Dagger+1","Sucker Punch","Expertise"],"picked":"Footwork+1","floor":35.0},{"not_picked":["Quick Slash","Deadly Poison+1","Catalyst","Endless Agony+1"],"picked":"SKIP","floor":36.0},{"not_picked":["Bane+1","All Out Attack","Dagger Throw"],"picked":"Escape Plan+1","floor":37.0},{"not_picked":["Slice","Quick Slash+1","Terror+1","Dodge and Roll+1"],"picked":"SKIP","floor":39.0},{"not_picked":["PiercingWail","Sucker Punch","Flechettes+1","Backflip"],"picked":"SKIP","floor":40.0},{"not_picked":["Well Laid Plans+1","Noxious Fumes+1","Riddle With Holes","Skewer+1"],"picked":"SKIP","floor":41.0},{"not_picked":["Backflip","Slice+1","Sucker Punch","Dagger Throw"],"picked":"SKIP","floor":42.0},{"not_picked":["Underhanded Strike+1","Crippling Poison","Corpse Explosion"],"picked":"Calculated Gamble","floor":45.0},{"not_picked":["Terror","Dodge and Roll+1","Deadly Poison","Dagger Spray"],"picked":"SKIP","floor":46.0},{"not_picked":["Underhanded Strike","Quick Slash+1","Prepared"],"picked":"Escape Plan+1","floor":47.0},{"not_picked":["Dodge and Roll+1","All Out Attack+1","Flying Knee"],"picked":"SKIP","floor":54.0}],"player_experience":83444,"relics_obtained":[{"floor":9.0,"key":"Question Card"},{"floor":11.0,"key":"Unceasing Top"},{"floor":28.0,"key":"Kunai"},{"floor":30.0,"key":"Pantograph"},{"floor":40.0,"key":"Nunchaku"},{"floor":43.0,"key":"Mummified Hand"},{"floor":54.0,"key":"Anchor"}],"event_choices":[{"cards_removed":["Strike_G"],"damage_healed":0.0,"max_hp_gain":0.0,"max_hp_loss":0.0,"gold_gain":0.0,"event_name":"The Cleric","player_choice":"Card Removal","floor":4.0,"gold_loss":50.0,"damage_taken":0.0},{"damage_healed":0.0,"max_hp_gain":0.0,"max_hp_loss":0.0,"gold_gain":0.0,"event_name":"Shining Light","player_choice":"Entered Light","floor":6.0,"gold_loss":0.0,"damage_taken":14.0,"cards_upgraded":["Neutralize","Strike_G"]},{"damage_healed":0.0,"max_hp_gain":0.0,"max_hp_loss":0.0,"gold_gain":0.0,"cards_transformed":["Strike_G"],"event_name":"Living Wall","player_choice":"Change","floor":7.0,"gold_loss":0.0,"damage_taken":0.0,"cards_obtained":["Backflip"]},{"damage_healed":0.0,"max_hp_gain":0.0,"max_hp_loss":0.0,"gold_gain":0.0,"event_name":"Addict","player_choice":"Obtained Relic","floor":19.0,"gold_loss":85.0,"damage_taken":0.0,"relics_obtained":["Pear"]},{"damage_healed":0.0,"max_hp_gain":5.0,"max_hp_loss":0.0,"gold_gain":0.0,"event_name":"Forgotten Altar","player_choice":"Shed Blood","floor":21.0,"gold_loss":0.0,"damage_taken":20.0},{"damage_healed":0.0,"max_hp_gain":0.0,"max_hp_loss":0.0,"gold_gain":99.0,"event_name":"Nest","player_choice":"Stole From Cult","floor":22.0,"gold_loss":0.0,"damage_taken":0.0},{"cards_removed":["Defend_G"],"damage_healed":0.0,"max_hp_gain":0.0,"max_hp_loss":0.0,"gold_gain":0.0,"event_name":"Purifier","player_choice":"Purged","floor":29.0,"gold_loss":0.0,"damage_taken":0.0},{"damage_healed":0.0,"max_hp_gain":0.0,"max_hp_loss":0.0,"gold_gain":0.0,"event_name":"NoteForYourself","player_choice":"Ignored","floor":38.0,"gold_loss":0.0,"damage_taken":0.0}],"is_beta":false,"boss_relics":[{"not_picked":["SacredBark","Philosopher\u0027s Stone"],"picked":"SlaversCollar"},{"not_picked":["Busted Crown","HoveringKite"],"picked":"Runic Pyramid"}],"items_purged_floors":[48,53],"is_endless":false,"potions_floor_spawned":[5,12,16,25,27,30,36,37,39,45,47,54],"killed_by":"The Heart","ascension_level":0}}