{"host":"cjhtzh7tp54jdfyv","time":1610693697,"event":{"mods":["AchievementEnabler","BaseMod","Colored Map","Colored Powertips","Curses Come First","DeckTracker","Filter the Spire","Minty Spire (QoL Compilation)","RNG Fix","Relic Sorter","Relic Stats","StSLib","UnlockEverythingMod","ojb\u0027s Better Paths Mod","ojb\u0027s Info Mod"],"gold_per_floor":[166,185,260,17,37,37,68,68,68,109,109,123,166,66,66,162,162,176,197,197,214,89,116,134,169,194,644,325,341,376,402,402,473,473,486,486,311,331,351,379,379,396,396,396,431,231,231,260,260,260,260,260,260,41,67,67],"floor_reached":57,"language":"ENG","playtime":5305,"items_purged":["Defend_P","Defend_P","SignatureMove","Establishment","BattleHymn","EmptyFist"],"score":3382,"play_id":"68b38073-cfc8-40c2-b04d-7ed25f19c510","local_time":"20210115015457","is_ascension_mode":true,"campfire_choices":[{"data":"Eruption","floor":6.0,"key":"SMITH"},{"data":"Scrawl","floor":11.0,"key":"SMITH"},{"data":"Vault","floor":15.0,"key":"SMITH"},{"data":"TalkToTheHand","floor":32.0,"key":"SMITH"},{"floor":41.0,"key":"RECALL"},{"data":"EmptyMind","floor":44.0,"key":"SMITH"},{"data":"Vigilance","floor":49.0,"key":"SMITH"},{"data":"Wallop","floor":53,"key":"SMITH"}],"circlet_count":0,"master_deck":["AscendersBane","Eruption+1","Vigilance+1","FlurryOfBlows","Vault+1","Scrawl+1","Wallop+1","Weave","JustLucky","EmptyMind+1","Scrawl+1","Scrawl+1","Scrawl+1","ForeignInfluence+1","Halt+1","DevaForm","TalkToTheHand+1","ClearTheMind+1","Omniscience+1","Crescendo+1","Madness+1","Madness+1","Omniscience+1","Adaptation"],"relics":["Tiny House","Orrery","Bloody Idol","Toxic Egg 2","Calipers","PreservedInsect","Pandora\u0027s Box","Vajra","Strawberry","Sling","Du-Vu Doll","Bag of Preparation","Coffee Dripper","Toy Ornithopter","Nunchaku","Potion Belt","Ornamental Fan","Kunai"],"acts_visited":["Exordium","TheCity","TheBeyond","TheEnding"],"potions_floor_usage":[50,56],"damage_taken":[{"damage":0.0,"enemies":"2 Louse","floor":1.0,"turns":4.0},{"damage":0.0,"enemies":"Cultist","floor":2.0,"turns":3.0},{"damage":7.0,"enemies":"Jaw Worm","floor":5.0,"turns":3.0},{"damage":11.0,"enemies":"Lagavulin","floor":7.0,"turns":6.0},{"damage":0.0,"enemies":"Gremlin Nob","floor":10.0,"turns":2.0},{"damage":0.0,"enemies":"Large Slime","floor":12.0,"turns":3.0},{"damage":0.0,"enemies":"Lagavulin","floor":13.0,"turns":4.0},{"damage":22.0,"enemies":"Slime Boss","floor":16.0,"turns":8.0},{"damage":0.0,"enemies":"Spheric Guardian","floor":18.0,"turns":1.0},{"damage":21.0,"enemies":"Shell Parasite","floor":19.0,"turns":3.0},{"damage":0.0,"enemies":"Chosen and Byrds","floor":21.0,"turns":2.0},{"damage":0.0,"enemies":"Gremlin Leader","floor":23.0,"turns":2.0},{"damage":8.0,"enemies":"Snake Plant","floor":24.0,"turns":3.0},{"damage":13.0,"enemies":"Slavers","floor":25.0,"turns":2.0},{"damage":0.0,"enemies":"Snecko","floor":29.0,"turns":4.0},{"damage":2.0,"enemies":"Book of Stabbing","floor":30.0,"turns":2.0},{"damage":0.0,"enemies":"Collector","floor":33.0,"turns":3.0},{"damage":0.0,"enemies":"3 Darklings","floor":35.0,"turns":2.0},{"damage":0.0,"enemies":"Orb Walker","floor":38.0,"turns":1.0},{"damage":0.0,"enemies":"Maw","floor":39.0,"turns":4.0},{"damage":0.0,"enemies":"Giant Head","floor":40.0,"turns":3.0},{"damage":0.0,"enemies":"Jaw Worm Horde","floor":42.0,"turns":2.0},{"damage":0.0,"enemies":"Nemesis","floor":45.0,"turns":1.0},{"damage":0.0,"enemies":"Giant Head","floor":48.0,"turns":1.0},{"damage":19,"enemies":"Time Eater","floor":50,"turns":8},{"damage":0,"enemies":"Awakened One","floor":51,"turns":15},{"damage":0,"enemies":"Shield and Spear","floor":55,"turns":2},{"damage":12,"enemies":"The Heart","floor":56,"turns":6}],"seed_played":"-866123894448419114","potions_obtained":[{"floor":0.0,"key":"AttackPotion"},{"floor":5.0,"key":"Swift Potion"},{"floor":7.0,"key":"LiquidMemories"},{"floor":18.0,"key":"LiquidBronze"},{"floor":23.0,"key":"BlessingOfTheForge"},{"floor":30.0,"key":"FairyPotion"},{"floor":33.0,"key":"Ambrosia"},{"floor":35.0,"key":"Strength Potion"},{"floor":42.0,"key":"Swift Potion"},{"floor":48.0,"key":"BlessingOfTheForge"}],"is_trial":false,"path_per_floor":["M","M","?","$","M","R","E","?","T","E","R","M","E","$","R","B",null,"M","M","?","M","$","E","M","E","T","?","$","M","E","T","R","B",null,"M","?","$","M","M","E","R","M","T","R","E","$","?","E","R","B","B",null,"R","$","E","B",null],"character_chosen":"WATCHER","items_purchased":["Orrery","Sling","Adaptation","GamblersBrew","Energy Potion"],"campfire_rested":0,"item_purchase_floors":[4,28,54,54,54],"current_hp_per_floor":[66,66,55,55,48,48,37,37,37,37,37,37,37,37,37,15,53,53,32,32,37,37,42,39,38,43,16,16,21,24,29,29,34,63,68,68,68,73,73,73,73,73,73,73,73,73,60,65,65,51,51,68,68,68,73,65],"gold":67,"neow_bonus":"BOSS_RELIC","is_daily":false,"chose_seed":false,"campfire_upgraded":7,"win_rate":0.0,"timestamp":1610693697,"path_taken":["M","M","?","$","M","R","E","?","T","E","R","M","E","$","R","BOSS","M","M","?","M","$","E","M","E","T","?","$","?","E","?","R","BOSS","M","?","$","M","M","E","R","M","T","R","E","$","?","E","R","BOSS","BOSS","R","$","E","BOSS"],"items_purchased_type":["Relic","Relic","Card","Potion","Potion"],"build_version":"2020-12-22","purchased_purges":6,"victory":true,"max_hp_per_floor":[73,73,73,73,73,73,73,66,66,66,66,66,66,66,66,66,66,66,66,66,66,66,66,66,73,73,73,73,73,73,73,73,73,73,73,73,73,73,73,73,73,73,73,73,73,73,73,73,73,73,73,73,73,73,73,73],"relic_stats":{"Nunchaku":[23],"counters":[28,100],"Ornamental Fan":[252],"Bloody Idol":90,"Pandora\u0027s Box":["Establishment","ForeignInfluence","BattleHymn","Halt","DevaForm","SignatureMove"],"PreservedInsect":520,"Bag of Preparation":[24],"Kunai":[31],"obtain_stats":[{"Potion Belt":45,"Tiny House":0,"Calipers":10,"Golden Idol":8,"Vajra":23,"PreservedInsect":13,"Bag of Preparation":31,"Sling":28,"Du-Vu Doll":30,"Nunchaku":43,"Ornamental Fan":48,"Bloody Idol":20,"Strawberry":25,"Orrery":4,"Pandora\u0027s Box":17,"Coffee Dripper":34,"Kunai":55,"PureWater":0,"Toxic Egg 2":9,"Toy Ornithopter":40},{"Potion Belt":23,"Tiny House":0,"Calipers":5,"Golden Idol":4,"Vajra":12,"PreservedInsect":7,"Bag of Preparation":16,"Sling":14,"Du-Vu Doll":16,"Nunchaku":22,"Ornamental Fan":24,"Bloody Idol":10,"Strawberry":14,"Orrery":2,"Pandora\u0027s Box":8,"Coffee Dripper":17,"Kunai":27,"PureWater":0,"Toxic Egg 2":4,"Toy Ornithopter":21},{"Potion Belt":68,"Tiny House":0,"Calipers":18,"Golden Idol":16,"Vajra":41,"PreservedInsect":25,"Bag of Preparation":52,"Sling":46,"Du-Vu Doll":52,"Nunchaku":67,"Ornamental Fan":69,"Bloody Idol":37,"Strawberry":46,"Orrery":7,"Pandora\u0027s Box":33,"Coffee Dripper":55,"Kunai":94,"PureWater":0,"Toxic Egg 2":16,"Toy Ornithopter":65}],"Toy Ornithopter":9},"card_choices":[{"not_picked":["EmptyBody","SashWhip"],"picked":"EmptyFist","floor":0.0},{"not_picked":["EmptyMind","Nirvana"],"picked":"FlurryOfBlows","floor":1.0},{"not_picked":["Worship","CutThroughFate"],"picked":"Vault","floor":2.0},{"not_picked":["Study","Protect"],"picked":"Scrawl","floor":4.0},{"not_picked":["ClearTheMind","FollowUp"],"picked":"Wallop","floor":4.0},{"not_picked":["Consecrate","ReachHeaven"],"picked":"Weave","floor":4.0},{"not_picked":["ThirdEye","Collect"],"picked":"JustLucky","floor":4.0},{"not_picked":["EmptyBody","PathToVictory","Study"],"picked":"SKIP","floor":5.0},{"not_picked":["DeceiveReality","SignatureMove"],"picked":"EmptyMind","floor":7.0},{"not_picked":["Fasting2","ForeignInfluence+1"],"picked":"Scrawl+1","floor":10.0},{"not_picked":["EmptyFist","Collect+1","ClearTheMind+1"],"picked":"SKIP","floor":12.0},{"not_picked":["ThirdEye+1","Consecrate"],"picked":"Scrawl+1","floor":13.0},{"not_picked":["Ragnarok","MasterReality"],"picked":"Scrawl+1","floor":16.0},{"not_picked":["Wireheading","SignatureMove","EmptyFist"],"picked":"SKIP","floor":18.0},{"not_picked":["Prostrate+1","FollowUp","CrushJoints"],"picked":"SKIP","floor":19.0},{"not_picked":["DeceiveReality+1","LikeWater","ThirdEye+1"],"picked":"SKIP","floor":21.0},{"not_picked":["Wallop","Ragnarok"],"picked":"TalkToTheHand","floor":23.0},{"not_picked":["SashWhip","Weave","PathToVictory+1"],"picked":"SKIP","floor":24.0},{"not_picked":["JustLucky","DeceiveReality+1","SignatureMove"],"picked":"SKIP","floor":25.0},{"not_picked":["EmptyBody+1","BowlingBash+1"],"picked":"ClearTheMind+1","floor":29.0},{"not_picked":["EmptyFist","Protect+1","Prostrate+1"],"picked":"SKIP","floor":30.0},{"not_picked":["Ragnarok","Wish+1"],"picked":"Omniscience+1","floor":33.0},{"not_picked":["WaveOfTheHand+1","BowlingBash+1","Nirvana"],"picked":"SKIP","floor":35.0},{"not_picked":["PathToVictory+1","FlurryOfBlows","Halt+1"],"picked":"SKIP","floor":38.0},{"not_picked":["JustLucky","Evaluate+1"],"picked":"Crescendo+1","floor":39.0},{"not_picked":["Ragnarok","Brilliance","Swivel+1"],"picked":"SKIP","floor":40.0},{"not_picked":["FollowUp","Crescendo+1","SashWhip"],"picked":"SKIP","floor":42.0},{"not_picked":["Pray+1","EmptyFist","Swivel+1"],"picked":"SKIP","floor":45.0},{"not_picked":["ThirdEye+1","FlurryOfBlows"],"picked":"Omniscience+1","floor":48.0},{"not_picked":["JustLucky","DevaForm","WaveOfTheHand+1"],"picked":"SKIP","floor":55}],"player_experience":4535649,"relics_obtained":[{"floor":9.0,"key":"Toxic Egg 2"},{"floor":10.0,"key":"Calipers"},{"floor":13.0,"key":"PreservedInsect"},{"floor":23.0,"key":"Vajra"},{"floor":25.0,"key":"Strawberry"},{"floor":30.0,"key":"Du-Vu Doll"},{"floor":31.0,"key":"Bag of Preparation"},{"floor":40.0,"key":"Toy Ornithopter"},{"floor":43.0,"key":"Nunchaku"},{"floor":45.0,"key":"Potion Belt"},{"floor":48.0,"key":"Ornamental Fan"},{"floor":55,"key":"Kunai"}],"event_choices":[{"damage_healed":0.0,"max_hp_gain":0.0,"max_hp_loss":0.0,"gold_gain":75.0,"event_name":"World of Goop","player_choice":"Gather Gold","floor":3.0,"gold_loss":0.0,"damage_taken":11.0},{"damage_healed":0.0,"max_hp_gain":0.0,"max_hp_loss":7.0,"gold_gain":0.0,"event_name":"Golden Idol","player_choice":"Lose Max HP","floor":8.0,"gold_loss":0.0,"damage_taken":0.0,"relics_obtained":["Golden Idol"]},{"damage_healed":0.0,"max_hp_gain":0.0,"max_hp_loss":0.0,"gold_gain":0.0,"event_name":"Forgotten Altar","player_choice":"Gave Idol","floor":20.0,"relics_lost":["Golden Idol"],"gold_loss":0.0,"damage_taken":0.0,"relics_obtained":["Bloody Idol"]},{"damage_healed":0.0,"max_hp_gain":0.0,"max_hp_loss":0.0,"gold_gain":450.0,"event_name":"Knowing Skull","player_choice":"POTION GOLD GOLD GOLD GOLD GOLD ","floor":27.0,"potions_obtained":["Explosive Potion"],"gold_loss":0.0,"damage_taken":52.0,"cards_obtained":[]},{"damage_healed":0.0,"max_hp_gain":0.0,"max_hp_loss":0.0,"gold_gain":0.0,"event_name":"Lab","player_choice":"Got Potions","floor":36.0,"gold_loss":0.0,"damage_taken":0.0},{"damage_healed":0.0,"max_hp_gain":0.0,"max_hp_loss":0.0,"gold_gain":0.0,"event_name":"Winding Halls","player_choice":"Embrace Madness","floor":47.0,"gold_loss":0.0,"damage_taken":13.0,"cards_obtained":["Madness","Madness"]}],"is_beta":false,"boss_relics":[{"not_picked":["Astrolabe","SlaversCollar"],"picked":"Pandora\u0027s Box"},{"not_picked":["Snecko Eye","Runic Dome"],"picked":"Coffee Dripper"}],"items_purged_floors":[4,14,22,28,37,46],"is_endless":false,"potions_floor_spawned":[5,7,18,23,30,33,35,39,42,48,55],"ascension_level":20}}