{"host":"s2ap0bnrs90y0f0j","time":1610749609,"event":{"mods":["BaseMod","Minty Spire (QoL Compilation)","StSLib","TheArtist","TheBandit"],"gold_per_floor":[111,111,128,128,128,163,181,224,248,25,25,44,75,90,90,220,220,236,92,110,35,35,74,88,104,128,128,148,109,109,109,109],"floor_reached":30,"language":"ENG","playtime":1805,"items_purged":["wariomod:Strike"],"score":325,"play_id":"48855706-96b2-473e-a660-26cb4d1b725a","local_time":"20210115172649","is_ascension_mode":true,"campfire_choices":[{"data":"wariomod:WipeClean","floor":15.0,"key":"SMITH"},{"floor":27,"key":"REST"}],"circlet_count":0,"master_deck":["wariomod:Strike","wariomod:Defend","wariomod:Defend","wariomod:Defend","wariomod:Step","wariomod:Leap","wariomod:Bombshield","wariomod:WipeClean+1","wariomod:DonateDraw","wariomod:Game","wariomod:BoomBoom","wariomod:DoubleDip","wariomod:ChargeForth","wariomod:DoubleDash","wariomod:BoomForm+1","CurseOfTheBell","wariomod:DonateDraw+1","wariomod:KeyFinisher+1","wariomod:EndlessBlast","Writhe","wariomod:BigUpgrade+1","wariomod:EndlessBlast","wariomod:ChargeForth","wariomod:TreasureDig"],"relics":["wariomod:TheHat","NeowsBlessing","Golden Idol","TungstenRod","Girya","Frozen Egg 2","MealTicket","Lantern","Anchor","Calling Bell","Nunchaku","Pantograph","Mango","Bronze Scales","Ancient Tea Set","Dream Catcher"],"acts_visited":["Exordium","TheCity"],"potions_floor_usage":[16,18,23,25,25,30,30,30],"damage_taken":[{"damage":0.0,"enemies":"Jaw Worm","floor":1.0,"turns":1.0},{"damage":0.0,"enemies":"Cultist","floor":3.0,"turns":1.0},{"damage":0.0,"enemies":"Gremlin Nob","floor":6.0,"turns":1.0},{"damage":4.0,"enemies":"Small Slimes","floor":7.0,"turns":2.0},{"damage":32.0,"enemies":"Lagavulin","floor":8.0,"turns":8.0},{"damage":6.0,"enemies":"Exordium Wildlife","floor":12.0,"turns":3.0},{"damage":10.0,"enemies":"3 Sentries","floor":13.0,"turns":6.0},{"damage":0.0,"enemies":"Exordium Thugs","floor":14.0,"turns":4.0},{"damage":31,"enemies":"Slime Boss","floor":16,"turns":11},{"damage":32,"enemies":"Spheric Guardian","floor":18,"turns":4},{"damage":4,"enemies":"3 Byrds","floor":20,"turns":5},{"damage":29,"enemies":"Slavers","floor":23,"turns":3},{"damage":32,"enemies":"3 Cultists","floor":24,"turns":4},{"damage":5,"enemies":"Snake Plant","floor":25,"turns":4},{"damage":26,"enemies":"Centurion and Healer","floor":28,"turns":8},{"damage":16,"enemies":"Chosen and Byrds","floor":30,"turns":4}],"seed_played":"3303295686351393308","potions_obtained":[{"floor":8.0,"key":"LiquidMemories"},{"floor":12.0,"key":"Explosive Potion"},{"floor":13.0,"key":"Block Potion"},{"floor":16,"key":"DuplicationPotion"},{"floor":18,"key":"Strength Potion"},{"floor":23,"key":"Dexterity Potion"},{"floor":24,"key":"AttackPotion"},{"floor":28,"key":"EntropicBrew"}],"is_trial":false,"path_per_floor":["M","?","M","?","T","E","M","E","T","$","?","M","E","M","R","B",null,"M","$","M","?","?","E","M","M","T","R","M","$","M"],"character_chosen":"THE_BANDIT","items_purchased":["Lantern","wariomod:KeyFinisher+1","wariomod:TreasureDig"],"campfire_rested":1,"item_purchase_floors":[10,19,29],"current_hp_per_floor":[80,80,80,74,74,74,70,38,38,53,53,47,37,37,37,6,88,56,71,67,67,67,38,6,1,1,27,1,16,0,0,0],"gold":109,"neow_bonus":"THREE_ENEMY_KILL","is_daily":false,"chose_seed":false,"campfire_upgraded":1,"win_rate":0.0,"timestamp":1610749609,"path_taken":["M","?","?","?","?","E","?","E","T","$","?","M","E","M","R","BOSS","M","$","M","?","?","E","M","?","T","R","M","$","M"],"items_purchased_type":["Relic","Card","Card"],"build_version":"2020-12-22","purchased_purges":1,"victory":false,"max_hp_per_floor":[80,80,80,74,74,74,74,74,74,74,74,74,74,74,74,74,88,88,88,88,88,88,88,88,88,88,88,88,88,88,88,88],"card_choices":[{"not_picked":["wariomod:DisarmingMoves","wariomod:SilenceBombs"],"picked":"wariomod:Bombshield","floor":1.0},{"not_picked":["wariomod:SpaceSwap","wariomod:GreaterGuard"],"picked":"wariomod:DonateDraw","floor":3.0},{"not_picked":["wariomod:DoubleDash","wariomod:DeepDig"],"picked":"wariomod:Game","floor":6.0},{"not_picked":["wariomod:SelfImprison","wariomod:CursedSpaces"],"picked":"wariomod:BoomBoom","floor":7.0},{"not_picked":["wariomod:HastyRush","wariomod:TempestBlasts+1"],"picked":"wariomod:DoubleDip","floor":8.0},{"not_picked":["wariomod:f","wariomod:SpikeSlash"],"picked":"wariomod:ChargeForth","floor":12.0},{"not_picked":["wariomod:GodlyGift","wariomod:SpikeSlash"],"picked":"wariomod:DoubleDash","floor":13.0},{"not_picked":["wariomod:ThatsNotAll","wariomod:PayItForwards","wariomod:AwfulLook"],"picked":"SKIP","floor":14.0},{"not_picked":["wariomod:Sidestep","wariomod:WipeClean"],"picked":"wariomod:BoomForm+1","floor":16},{"not_picked":["wariomod:Purify","wariomod:SmackSlam"],"picked":"wariomod:DonateDraw+1","floor":18},{"not_picked":["wariomod:DisarmingMoves","wariomod:Game+1"],"picked":"wariomod:EndlessBlast","floor":20},{"not_picked":["wariomod:BoomAndDoom","wariomod:Leapslam"],"picked":"wariomod:BigUpgrade+1","floor":23},{"not_picked":["wariomod:EmptyMind+1","wariomod:Boomsmack"],"picked":"wariomod:EndlessBlast","floor":24},{"not_picked":["wariomod:DeepDig+1","wariomod:CursedSpaces","wariomod:BlastDash"],"picked":"SKIP","floor":25},{"not_picked":["wariomod:SpikeSlash","wariomod:BoomBoom"],"picked":"wariomod:ChargeForth","floor":28}],"player_experience":663851,"relics_obtained":[{"floor":5.0,"key":"TungstenRod"},{"floor":6.0,"key":"Girya"},{"floor":8.0,"key":"Frozen Egg 2"},{"floor":9.0,"key":"MealTicket"},{"floor":13.0,"key":"Anchor"},{"floor":17,"key":"Nunchaku"},{"floor":17,"key":"Pantograph"},{"floor":17,"key":"Mango"},{"floor":23,"key":"Ancient Tea Set"},{"floor":26,"key":"Dream Catcher"}],"event_choices":[{"damage_healed":0.0,"max_hp_gain":0.0,"max_hp_loss":0.0,"gold_gain":0.0,"cards_transformed":["wariomod:Defend"],"event_name":"Transmorgrifier","player_choice":"Transformed","floor":2.0,"gold_loss":0.0,"damage_taken":0.0,"cards_obtained":["wariomod:WipeClean"]},{"damage_healed":0.0,"max_hp_gain":0.0,"max_hp_loss":6.0,"gold_gain":0.0,"event_name":"Golden Idol","player_choice":"Lose Max HP","floor":4.0,"gold_loss":0.0,"damage_taken":0.0,"relics_obtained":["Golden Idol"]},{"cards_removed":["wariomod:Strike"],"damage_healed":0.0,"max_hp_gain":0.0,"max_hp_loss":0.0,"gold_gain":0.0,"event_name":"Living Wall","player_choice":"Forget","floor":11.0,"gold_loss":0.0,"damage_taken":0.0},{"cards_removed":["wariomod:Strike"],"damage_healed":0,"gold_gain":0,"player_choice":"Gave Gold","damage_taken":0,"max_hp_gain":0,"max_hp_loss":0,"event_name":"Beggar","floor":21,"gold_loss":75},{"damage_healed":0,"gold_gain":0,"player_choice":"Opened","damage_taken":0,"relics_obtained":["Bronze Scales"],"max_hp_gain":0,"max_hp_loss":0,"event_name":"The Mausoleum","floor":22,"gold_loss":0,"cards_obtained":["Writhe"]}],"is_beta":false,"boss_relics":[{"not_picked":["Ectoplasm","Empty Cage"],"picked":"Calling Bell"}],"items_purged_floors":[10],"is_endless":false,"potions_floor_spawned":[8,12,13,16,18,23,24,28],"killed_by":"Chosen and Byrds","ascension_level":2}}