{"host":"m3qxensetu6036ua","time":1610741649,"event":{"mods":["2.2 Compatiblity","AchievementEnabler","BaseMod","Better Altar","Better Match","Better Sensory Stone","Better Skull","Better Third Choice","Better Vampires","Block Reminder","Colored Powertips","Displayed Cursed Tome","Good Game Mod","GungeonMod","Hubris","Minty Spire (QoL Compilation)","Rare Cards Sparkle","Remove Card Discount Mod","Replay The Spire","Robot Space Explorer","Spicy Shops","StSLib"],"gold_per_floor":[118,118,42,61,80,80,114,114,165,165,184,215,215,215,215,316,316,327,345,116,126,126,126,126,126,126,126,146,43,143,162,162,262,262,272,272,283,299,295,295,314,314,314,348,362,373,115,125,125,125,125,125,125,157,157,157],"floor_reached":55,"language":"ENG","playtime":5597,"items_purged":["Strike_G","Voices","Heel Hook","Parasite","Setup"],"score":769,"play_id":"079cef68-ac2f-49f9-992b-319fbd257046","local_time":"20210115211409","is_ascension_mode":true,"campfire_choices":[{"data":"RobotSpaceExplorer:ShockMissile","floor":6,"key":"SMITH"},{"data":"Neutralize","floor":8,"key":"SMITH"},{"data":"Dagger Spray","floor":10,"key":"SMITH"},{"floor":13,"key":"REST"},{"floor":15,"key":"REST"},{"data":"ReplayTheSpireMod:Scrap Shanks","floor":23,"key":"SMITH"},{"data":"Prepared","floor":25,"key":"SMITH"},{"data":"Acrobatics","floor":27,"key":"SMITH"},{"data":"Storm of Steel","floor":32,"key":"SMITH"},{"floor":40,"key":"RECALL"},{"floor":42,"key":"REST"},{"floor":49,"key":"REST"},{"floor":52,"key":"REST"}],"circlet_count":0,"master_deck":["Strike_G","Strike_G","Strike_G+1","Defend_G","Defend_G","Defend_G","Defend_G","Survivor","Neutralize+1","RobotSpaceExplorer:ShockMissile+1","Acrobatics+1","ReplayTheSpireMod:Speed Training","Dagger Spray+1","Predator+1","PiercingWail","Riddle With Holes","Footwork","ReplayTheSpireMod:Scrap Shanks+1","Prepared+1","Storm of Steel+1","Expertise","Backflip","Accuracy","hubris:SlightOfHand+1","Flying Knee","Sneak Up"],"relics":["REME:ComplimentaryCards","Sizzling Blood","Replay:PocketPolymizer","Whetstone","Garlic","WarpedTongs","Ring of Chaos","Orichalcum","Fusion Hammer","DemoMod:Metronome","Meat on the Bone","DemoMod:GlassGuonStoneRelic","hubris:TenFootPole"],"acts_visited":["Exordium","TheCity","TheBeyond","TheEnding"],"potions_floor_usage":[16,16,21,33,33,38,41,44,44,46,50,54,55,55,55],"damage_taken":[{"damage":2,"enemies":"2 Louse","floor":1,"turns":3},{"damage":0,"enemies":"Small Slimes","floor":4,"turns":5},{"damage":2,"enemies":"Cultist","floor":5,"turns":5},{"damage":38,"enemies":"Gremlin Nob","floor":7,"turns":6},{"damage":12,"enemies":"Blue Slaver","floor":11,"turns":3},{"damage":22,"enemies":"3 Sentries","floor":12,"turns":7},{"damage":31,"enemies":"Hexaghost","floor":16,"turns":12},{"damage":30,"enemies":"Spheric Guardian","floor":18,"turns":6},{"damage":0,"enemies":"3 Byrds","floor":19,"turns":8},{"damage":0,"enemies":"Shelled Parasite and Fungi","floor":21,"turns":8},{"damage":3,"enemies":"3 Cultists","floor":28,"turns":6},{"damage":1,"enemies":"Snake Plant","floor":31,"turns":5},{"damage":12,"enemies":"hubris:MusketHawk","floor":33,"turns":6},{"damage":0,"enemies":"3 Darklings","floor":35,"turns":5},{"damage":0,"enemies":"Orb Walker","floor":37,"turns":2},{"damage":1,"enemies":"Writhing Mass","floor":38,"turns":6},{"damage":2,"enemies":"Spire Growth","floor":41,"turns":2},{"damage":25,"enemies":"Reptomancer","floor":44,"turns":6},{"damage":20,"enemies":"Transient","floor":45,"turns":5},{"damage":22,"enemies":"Sphere and 2 Shapes","floor":46,"turns":3},{"damage":5,"enemies":"Spire Growth","floor":48,"turns":3},{"damage":20,"enemies":"hubris:GrandSnecko","floor":50,"turns":15},{"damage":66,"enemies":"Shield and Spear","floor":54,"turns":7},{"damage":52,"enemies":"The Heart","floor":55,"turns":3}],"seed_played":"-5633922675884826919","potions_obtained":[{"floor":7,"key":"Dexterity Potion"},{"floor":11,"key":"Weak Potion"},{"floor":12,"key":"SteroidPotion"},{"floor":19,"key":"SkillPotion"},{"floor":28,"key":"Fire Potion"},{"floor":35,"key":"Fire Potion"},{"floor":44,"key":"PowerPotion"},{"floor":54,"key":"Weak Potion"}],"is_trial":false,"path_per_floor":["M","?","$","M","M","R","E","R","T","R","M","E","R","?","R","B",null,"M","M","$","M","?","R","?","R","T","R","M","$","?","M","R","B",null,"M","$","M","M","$","R","M","R","T","E","M","M","$","M","R","B",null,"R","$","E","B"],"character_chosen":"THE_SILENT","items_purchased":["ReplayTheSpireMod:Speed Training","ReplayTheSpireMod:Scrap Shanks","Concentrate","Accuracy","Meat on the Bone"],"campfire_rested":5,"item_purchase_floors":[3,20,20,29,47],"current_hp_per_floor":[75,79,79,81,81,81,47,47,47,47,39,21,45,45,69,42,81,55,59,59,63,63,63,63,63,63,63,64,64,64,67,67,59,81,81,81,81,81,78,78,78,78,78,57,41,32,32,43,66,50,78,78,78,28,0,0],"gold":157,"neow_bonus":"TEN_PERCENT_HP_BONUS","is_daily":false,"chose_seed":false,"campfire_upgraded":7,"win_rate":0.0,"timestamp":1610741649,"path_taken":["M","?","$","M","M","R","E","R","T","R","M","E","R","?","R","BOSS","M","M","$","M","?","R","?","R","T","R","M","?","?","M","R","BOSS","M","$","M","M","$","R","M","R","T","E","M","M","$","?","R","BOSS","R","$","E","BOSS"],"items_purchased_type":["Card","Card","Card","Card","Relic"],"build_version":"2020-12-22","purchased_purges":5,"victory":false,"max_hp_per_floor":[77,81,81,81,81,81,81,81,81,81,81,81,81,81,81,81,81,81,81,81,81,81,81,81,81,81,81,81,81,81,81,81,81,81,81,81,81,81,78,78,78,78,78,78,78,78,78,78,78,78,78,78,78,78,78,78],"card_choices":[{"not_picked":["ReplayTheSpireMod:The Works","Underhanded Strike"],"picked":"Acrobatics","floor":1},{"not_picked":["Choke","ReplayTheSpireMod:Tripwire"],"picked":"Deflect","floor":4},{"not_picked":["Expertise","Slice"],"picked":"Dagger Spray","floor":5},{"not_picked":["Slice","Accuracy"],"picked":"Predator","floor":7},{"not_picked":["Dagger Throw","Sneak Up"],"picked":"PiercingWail","floor":11},{"not_picked":["Fluid Movement","Dagger Spray"],"picked":"Riddle With Holes","floor":12},{"not_picked":["Toxin Wave","Flying Knee"],"picked":"Footwork","floor":18},{"not_picked":["Outmaneuver","Acrobatics","Tactician+1"],"picked":"SKIP","floor":19},{"not_picked":["Outmaneuver+1","PiercingWail"],"picked":"Deadly Poison","floor":21},{"not_picked":["Prepared","Underhanded Strike"],"picked":"Backflip","floor":28},{"not_picked":["Outmaneuver","PiercingWail","Hidden Blade+1"],"picked":"SKIP","floor":31},{"not_picked":["Malaise","Poison Darts"],"picked":"Venomology","floor":33},{"not_picked":["Skewer+1","Poisoned Stab+1","Blade Dance+1"],"picked":"SKIP","floor":35},{"not_picked":["Blade Dance+1","Deflect+1","Tactician+1"],"picked":"SKIP","floor":37},{"not_picked":["PiercingWail","Predator+1"],"picked":"hubris:SlightOfHand+1","floor":38},{"not_picked":["Deflect","Draining Mist+1","Prepared"],"picked":"SKIP","floor":41},{"not_picked":["hubris:TrickCloak","Deflect","Unload"],"picked":"SKIP","floor":44},{"not_picked":["Reflex+1","Footwork+1","Dodge and Roll+1"],"picked":"SKIP","floor":45},{"not_picked":["Sucker Punch","Flying Knee+1","Hidden Blade"],"picked":"SKIP","floor":46},{"not_picked":["Poisoned Stab","All Out Attack","Quick Slash+1"],"picked":"SKIP","floor":48},{"not_picked":["Sucker Punch","Underhanded Strike","Dagger Spray"],"picked":"SKIP","floor":54}],"player_experience":177489,"relics_obtained":[{"floor":7,"key":"Replay:PocketPolymizer"},{"floor":9,"key":"Whetstone"},{"floor":12,"key":"Garlic"},{"floor":26,"key":"Orichalcum"},{"floor":44,"key":"DemoMod:Metronome"},{"floor":54,"key":"hubris:TenFootPole"}],"event_choices":[{"damage_healed":0,"gold_gain":0,"player_choice":"Rummage","damage_taken":0,"relics_obtained":["WarpedTongs"],"max_hp_gain":0,"max_hp_loss":0,"event_name":"Accursed Blacksmith","floor":14,"gold_loss":0,"cards_obtained":["Pain"]},{"damage_healed":0,"gold_gain":2,"player_choice":"1","damage_taken":0,"max_hp_gain":0,"max_hp_loss":0,"event_name":"betterStone:BetterStone","floor":24,"gold_loss":0},{"damage_healed":0,"gold_gain":100,"player_choice":"Pray","damage_taken":0,"max_hp_gain":0,"max_hp_loss":0,"event_name":"Golden Shrine","floor":30,"gold_loss":0}],"is_beta":false,"boss_relics":[{"not_picked":["Replay:Wanted Poster","Ectoplasm"],"picked":"Ring of Chaos"},{"not_picked":["hubris:Stopwatch","ReplayTheSpireMod:DimensionalGlitch"],"picked":"Fusion Hammer"}],"items_purged_floors":[3,20,20,39,39],"is_endless":false,"potions_floor_spawned":[7,11,12,19,28,35,44,46,48,54],"killed_by":"The Heart","ascension_level":1}}