{"host":"i0dcpa89fcfo7o2v","time":1610721241,"event":{"mods":["2.2 Compatiblity","AchievementEnabler","AlwaysNeverKeys","BaseMod","BetterRewards","Block Reminder","Colored Map","Colored Powertips","Conspire","Displayed Cursed Tome","Downfall","Energized Spire","Gold Saver","Halation","Highlight Path","Hubris","Infinite Spire","Minty Spire (QoL Compilation)","Quick Restart","Relic Stats","Replay The Spire","Shop Mod","Spicy Shops","StSLib","Synergy Search","The Factory","The Jungle","Transform Curses","Uncapped","Wandering Minibosses","vexMod"],"gold_per_floor":[109,109,33,33,48,73,73,98,98,109,142,158,158,158,158,234,234,253,253,253,66,66,94,104,104,104],"floor_reached":25,"language":"ENG","playtime":809,"items_purged":["Body Slam"],"score":504,"play_id":"0a8c314c-96ff-48cb-9e52-6e4447f8b6c7","local_time":"20210115153401","is_ascension_mode":true,"campfire_choices":[{"data":"Intimidate","floor":7.0,"key":"SMITH"},{"data":"Carnage","floor":13,"key":"SMITH"},{"data":"Spot Weakness","floor":15,"key":"SMITH"}],"circlet_count":0,"master_deck":["AscendersBane","Strike_R","Strike_R","Strike_R","Strike_R","Strike_R","Defend_R","Defend_R","Defend_R","Defend_R+1","Bash+1","Iron Wave","Spot Weakness+1","Carnage+1","Intimidate+1","Shockwave","hubris:CleavingFinish","Flex","Limit Break+1","Inflame","Shame","Life Link","Thunderclap"],"relics":["Burning Blood","NeowsBlessing","Art of War","vexMod:FocusSash","halation:SelfBoilingWater","hubris:IronBody","Busted Crown","hubris:Icosahedron","theJungle:WildPear","theJungle:SneckoAutograph","Replay:Bottled Eggs"],"acts_visited":["Exordium","Exordium"],"potions_floor_usage":[11,16,16],"damage_taken":[{"damage":0.0,"enemies":"2 Louse","floor":1.0,"turns":1.0},{"damage":0.0,"enemies":"Jaw Worm","floor":5.0,"turns":1.0},{"damage":0.0,"enemies":"3 Sentries","floor":6.0,"turns":2.0},{"damage":12.0,"enemies":"Small Slimes","floor":10.0,"turns":3.0},{"damage":42,"enemies":"Lagavulin","floor":11,"turns":7},{"damage":6,"enemies":"3 Louse","floor":12,"turns":2},{"damage":26,"enemies":"Slime Boss","floor":16,"turns":7},{"damage":1,"enemies":"theJungle:MUSHROOMGANG","floor":18,"turns":3},{"damage":68,"enemies":"theJungle:Cassacara","floor":23,"turns":8},{"damage":0,"enemies":"theJungle:Flameango_and_Byrd","floor":24,"turns":4},{"damage":30,"enemies":"theJungle:2_Phrogs","floor":25,"turns":5}],"seed_played":"8236669141378746179","potions_obtained":[{"floor":6.0,"key":"Weak Potion"},{"floor":10.0,"key":"Explosive Potion"},{"floor":11,"key":"SteroidPotion"}],"is_trial":false,"path_per_floor":["M","?","$","?","M","E","R","T","T","M","E","M","R","?","R","B",null,"M","?","?","$","?","E","M","E"],"character_chosen":"IRONCLAD","items_purchased":["Spot Weakness","Inflame"],"campfire_rested":0,"item_purchase_floors":[3,21],"current_hp_per_floor":[74,51,51,75,75,75,75,75,75,69,33,33,33,33,33,13,60,65,65,75,75,75,13,19,0,0],"gold":104,"neow_bonus":"THREE_ENEMY_KILL","is_daily":false,"chose_seed":false,"campfire_upgraded":3,"win_rate":0.0,"timestamp":1610721241,"path_taken":["M","?","$","?","?","E","R","?","T","M","E","M","R","?","R","BOSS","M","?","?","$","?","E","M","E"],"items_purchased_type":["Card","Card"],"build_version":"2020-12-22","purchased_purges":1,"victory":false,"max_hp_per_floor":[75,75,75,75,75,75,75,75,75,75,75,75,75,75,75,75,75,75,75,85,85,85,85,85,85,85],"relic_stats":{"Busted Crown":6,"counters":[11,43],"Art of War":[4],"obtain_stats":[{"theJungle:SneckoAutograph":22,"Busted Crown":17,"hubris:Icosahedron":19,"NeowsBlessing":0,"hubris:IronBody":11,"Art of War":6,"theJungle:WildPear":20,"vexMod:FocusSash":8,"Replay:Bottled Eggs":23,"halation:SelfBoilingWater":9,"Burning Blood":0},{"theJungle:SneckoAutograph":8,"Busted Crown":7,"hubris:Icosahedron":8,"NeowsBlessing":0,"hubris:IronBody":5,"Art of War":3,"theJungle:WildPear":8,"vexMod:FocusSash":3,"Replay:Bottled Eggs":9,"halation:SelfBoilingWater":3,"Burning Blood":0},{"theJungle:SneckoAutograph":26,"Busted Crown":23,"hubris:Icosahedron":26,"NeowsBlessing":0,"hubris:IronBody":14,"Art of War":4,"theJungle:WildPear":26,"vexMod:FocusSash":4,"Replay:Bottled Eggs":34,"halation:SelfBoilingWater":4,"Burning Blood":0}],"Burning Blood":48},"card_choices":[{"not_picked":["Anger","Run Through"],"picked":"Iron Wave","floor":1.0},{"not_picked":["Armaments","Run Through"],"picked":"Carnage","floor":5.0},{"not_picked":["ReplayTheSpireMod:Strike From Hell","Uppercut"],"picked":"Intimidate","floor":6.0},{"not_picked":["Hemokinesis","Pommel Strike"],"picked":"Shockwave","floor":10.0},{"not_picked":["Run Through","Replay:Undeath\u0027s Touch"],"picked":"hubris:CleavingFinish","floor":11},{"not_picked":["Sentinel","Rupture"],"picked":"Flex","floor":12},{"not_picked":["Fiend Fire","Bludgeon"],"picked":"Limit Break","floor":16},{"not_picked":[],"picked":"Body Slam","floor":18},{"not_picked":[],"picked":"Life Link","floor":23},{"not_picked":[],"picked":"Thunderclap","floor":24}],"player_experience":197138,"relics_obtained":[{"floor":6.0,"key":"Art of War"},{"floor":8.0,"key":"vexMod:FocusSash"},{"floor":9.0,"key":"halation:SelfBoilingWater"},{"floor":11,"key":"hubris:IronBody"},{"floor":23,"key":"Replay:Bottled Eggs"}],"event_choices":[{"damage_healed":0.0,"max_hp_gain":0.0,"max_hp_loss":0.0,"gold_gain":0.0,"event_name":"Shining Light","player_choice":"Entered Light","floor":2.0,"gold_loss":0.0,"damage_taken":23.0,"cards_upgraded":["Bash","Defend_R"]},{"damage_healed":25.0,"max_hp_gain":0.0,"max_hp_loss":0.0,"gold_gain":0.0,"event_name":"Big Fish","player_choice":"Banana","floor":4.0,"gold_loss":0.0,"damage_taken":0.0},{"damage_healed":0,"gold_gain":0,"player_choice":"Ignored","damage_taken":0,"max_hp_gain":0,"max_hp_loss":0,"event_name":"Liars Game","floor":14,"gold_loss":0}],"is_beta":false,"boss_relics":[{"not_picked":["energizedSpire:CursedPentagram","halation:Risk"],"picked":"Busted Crown"}],"items_purged_floors":[21],"is_endless":false,"potions_floor_spawned":[6,10,11],"killed_by":"theJungle:2_Phrogs","ascension_level":20}}