{"host":"lcnwkjlokfwcnxxu","time":1610704196,"event":{"mods":["BaseMod","Colored Map","Downfall","GifTheSpireLib","Infinite Spire","Koishi","Marisa（霧雨　魔理沙）","Minty Spire (QoL Compilation)","Quick Restart","Replay The Spire","StSLib","The Disciple","The Hierophant","The Senshi","The Servant 0.9.4"],"gold_per_floor":[99,117,136,24,41,41,41,41,60,80,92,92,92,92,92],"floor_reached":13,"language":"ENG","playtime":756,"items_purged":["Slimebound:Strike_Slimebound"],"score":75,"play_id":"ee1fb184-5e9d-4935-863c-6be9c274c211","local_time":"20210115014956","is_ascension_mode":false,"campfire_choices":[{"data":"Slimebound:Split","floor":1,"key":"SMITH"},{"data":"Slimebound:FinishingTackle","floor":8,"key":"SMITH"},{"floor":12,"key":"RECALL"}],"circlet_count":0,"master_deck":["Slimebound:Strike_Slimebound","Slimebound:Tackle","Slimebound:Defend_Slimebound","Slimebound:Defend_Slimebound","Slimebound:Defend_Slimebound","Slimebound:Defend_Slimebound","Slimebound:Split+1","Slimebound:CorrosiveSpit","Dark Shackles","Slimebound:SlimeBarrage","Slimebound:FinishingTackle+1","Slimebound:LeechEnergy","Slimebound:SlimeSpikes","Slimebound:MassFeed","Slimebound:SplitBruiser"],"relics":["Slimebound:AbsorbEndCombat","infinitespire:Broken Mirror","Odd Mushroom"],"acts_visited":["Exordium"],"potions_floor_usage":[],"damage_taken":[{"damage":10,"enemies":"2 Louse","floor":2,"turns":3},{"damage":18,"enemies":"Jaw Worm","floor":3,"turns":3},{"damage":17,"enemies":"downfall:FleeingMerchant","floor":4,"turns":4},{"damage":14,"enemies":"Cultist","floor":5,"turns":2},{"damage":22,"enemies":"Gremlin Gang","floor":9,"turns":4},{"damage":32,"enemies":"The Mushroom Lair","floor":10,"turns":4},{"damage":7,"enemies":"Blue Slaver","floor":11,"turns":3},{"damage":48,"enemies":"3 Sentries","floor":13,"turns":6}],"seed_played":"7232835634092552167","potions_obtained":[{"floor":2,"key":"Weak Potion"},{"floor":9,"key":"Weak Potion"},{"floor":10,"key":"Dexterity Potion"},{"floor":11,"key":"Energy Potion"}],"is_trial":false,"path_per_floor":["R","M","M","$","M","?","T","R","M","?","M","R","E"],"character_chosen":"SLIMEBOUND","items_purchased":["Slimebound:SlimeSpikes"],"campfire_rested":0,"item_purchase_floors":[4],"current_hp_per_floor":[60,60,58,57,59,59,59,59,59,47,48,48,18,18,18],"gold":92,"neow_bonus":"RANDOM_COLORLESS","is_daily":false,"chose_seed":false,"campfire_upgraded":2,"win_rate":0.0,"timestamp":1610704196,"path_taken":["R","M","M","$","M","?","T","R","M","?","M","R","E"],"items_purchased_type":["Card"],"build_version":"2020-12-22","purchased_purges":1,"victory":false,"max_hp_per_floor":[60,60,60,60,60,60,60,60,63,63,63,63,69,69,69],"card_choices":[{"not_picked":["Deep Breath","Jack Of All Trades"],"picked":"Dark Shackles","floor":0},{"not_picked":["Slimebound:Dissolve","Slimebound:FirmFortitude"],"picked":"Slimebound:SlimeBarrage","floor":2},{"not_picked":["Slimebound:SplitBruiser","Slimebound:DivideAndConquer"],"picked":"Slimebound:FinishingTackle","floor":3},{"not_picked":["Slimebound:LeadByExample","Slimebound:Equalize"],"picked":"Slimebound:LeechEnergy","floor":4},{"not_picked":["Slimebound:TongueLash","Slimebound:FirmFortitude"],"picked":"Slimebound:MassFeed","floor":5},{"not_picked":["Slimebound:ViciousTackle","Slimebound:TongueLash"],"picked":"Slimebound:SplitBruiser","floor":9},{"not_picked":["Slimebound:LeadByExample","Slimebound:GrowthPunch","Slimebound:Equalize"],"picked":"SKIP","floor":11}],"player_experience":89928,"relics_obtained":[{"floor":7,"key":"infinitespire:Broken Mirror"},{"floor":10,"key":"Odd Mushroom"}],"event_choices":[{"damage_healed":0,"gold_gain":0,"player_choice":"Fought Mushrooms","damage_taken":0,"max_hp_gain":0,"max_hp_loss":0,"event_name":"Mushrooms","floor":10,"gold_loss":0}],"is_beta":false,"boss_relics":[],"items_purged_floors":[4],"is_endless":false,"potions_floor_spawned":[2,9,10,11],"killed_by":"3 Sentries","ascension_level":0}}