{"host":"qxeepl7ydvsgmfdb","time":1610719232,"event":{"mods":["AchievementEnabler","BaseMod","Colored Powertips","Minty Spire (QoL Compilation)","Quick Restart","slay the spire mod where everything is the same but ironclad has a cowboy hat"],"gold_per_floor":[114,129,148,3,3,30,30,59,59,69,69,69,87,101,101,101,101],"floor_reached":16,"language":"ENG","playtime":698,"items_purged":[],"score":151,"play_id":"f92bc110-35b8-4aea-bcf3-5204f5722865","local_time":"20210115090032","is_ascension_mode":true,"campfire_choices":[{"floor":7,"key":"REST"},{"floor":11,"key":"REST"},{"floor":15,"key":"REST"}],"circlet_count":0,"master_deck":["Survivor","Neutralize","Underhanded Strike","Slice","Storm of Steel","Sucker Punch","Underhanded Strike","Bullet Time","Distraction","Night Terror","Envenom+1","Finisher","Deflect","Backstab","Regret","Poisoned Stab","Noxious Fumes","Slice"],"relics":["Pandora\u0027s Box","Membership Card","Dream Catcher","Pear","Question Card","Bottled Tornado"],"acts_visited":["Exordium"],"potions_floor_usage":[],"damage_taken":[{"damage":1.0,"enemies":"Jaw Worm","floor":1.0,"turns":4.0},{"damage":2.0,"enemies":"Small Slimes","floor":2.0,"turns":3.0},{"damage":3.0,"enemies":"2 Louse","floor":3.0,"turns":2.0},{"damage":38,"enemies":"3 Sentries","floor":6,"turns":7},{"damage":9,"enemies":"Lagavulin","floor":8,"turns":5},{"damage":24,"enemies":"Gremlin Gang","floor":10,"turns":8},{"damage":10,"enemies":"2 Fungi Beasts","floor":13,"turns":3},{"damage":11,"enemies":"Looter","floor":14,"turns":3},{"damage":47,"enemies":"The Guardian","floor":16,"turns":6}],"seed_played":"6812945340099855820","potions_obtained":[{"floor":1.0,"key":"SmokeBomb"},{"floor":2.0,"key":"DuplicationPotion"},{"floor":6,"key":"Strength Potion"},{"floor":10,"key":"Regen Potion"}],"is_trial":false,"path_per_floor":["M","M","M","$","?","E","R","E","T","M","R","?","M","M","R","B"],"character_chosen":"THE_SILENT","items_purchased":["Membership Card"],"campfire_rested":3,"item_purchase_floors":[4],"current_hp_per_floor":[62,60,57,57,57,29,53,44,44,20,44,44,34,23,47,0,0],"gold":101,"neow_bonus":"BOSS_RELIC","is_daily":false,"chose_seed":false,"campfire_upgraded":0,"win_rate":0.0,"timestamp":1610719232,"path_taken":["M","M","M","$","?","E","R","E","T","M","R","?","M","M","R","BOSS"],"items_purchased_type":["Relic"],"build_version":"2020-12-22","purchased_purges":0,"victory":false,"max_hp_per_floor":[70,70,70,70,70,80,80,80,80,80,80,80,80,80,80,80,80],"card_choices":[{"not_picked":["Choke","Sucker Punch","Flying Knee"],"picked":"SKIP","floor":1.0},{"not_picked":["Prepared","Finisher"],"picked":"Deflect","floor":2.0},{"not_picked":["Venomology","Calculated Gamble"],"picked":"Backstab","floor":3.0},{"not_picked":["Doppelganger","Endless Agony","Flying Knee"],"picked":"SKIP","floor":6},{"not_picked":["Reflex","PiercingWail","Dagger Spray"],"picked":"SKIP","floor":8},{"not_picked":["Dagger Spray","Dagger Throw","Outmaneuver"],"picked":"Poisoned Stab","floor":10},{"not_picked":["Finisher","Tactician","Slice"],"picked":"Noxious Fumes","floor":11},{"not_picked":["Cloak And Dagger","Quick Slash","Bane"],"picked":"Slice","floor":13},{"not_picked":["Crippling Poison","Dagger Throw","Skewer","Outmaneuver"],"picked":"SKIP","floor":14}],"player_experience":143932,"relics_obtained":[{"floor":6,"key":"Pear"},{"floor":8,"key":"Question Card"},{"floor":9,"key":"Bottled Tornado"}],"event_choices":[{"damage_healed":0.0,"max_hp_gain":0.0,"max_hp_loss":0.0,"gold_gain":0.0,"event_name":"Big Fish","player_choice":"Box","floor":5.0,"gold_loss":0.0,"damage_taken":0.0,"relics_obtained":["Dream Catcher"],"cards_obtained":["Regret"]},{"damage_healed":0,"gold_gain":0,"player_choice":"Grow","damage_taken":0,"max_hp_gain":0,"max_hp_loss":0,"event_name":"Living Wall","floor":12,"gold_loss":0,"cards_upgraded":["Envenom"]}],"is_beta":false,"boss_relics":[],"items_purged_floors":[],"is_endless":false,"potions_floor_spawned":[1,2,6,8,10],"killed_by":"The Guardian","ascension_level":7}}