{"host":"rupmf8lnk599ormj","time":1610687306,"event":{"mods":["2.2 Compatiblity","AchievementEnabler","BaseMod","Better Match","Better Third Choice","BetterRewards","Colored Map","Colored Powertips","Conspire","Downfall","Evolution","Gold Saver","Googly Eyes","Hermit","Hubris","Minty Spire (QoL Compilation)","Quick Restart","Rare Cards Sparkle","Replay The Spire","Shade Mod","Spicy Shops","StSLib","The Cursed","The Jungle"],"gold_per_floor":[980,980,998,1015,1031,1062,1079,778,778,798,816,816,833,845,845,948,948,966,805,824,883,917,917,917,917,943,963,994,994,771,794,794,794,794],"floor_reached":33,"language":"ENG","playtime":2058,"items_purged":[],"score":321,"play_id":"c7e96aa9-2612-4173-b3f2-d4bc600eab30","local_time":"20210115000826","is_ascension_mode":false,"campfire_choices":[{"floor":12,"key":"DIG"},{"floor":15,"key":"DIG"},{"floor":23,"key":"REST"},{"floor":25,"key":"DIG"},{"floor":29,"key":"DIG"},{"floor":32,"key":"DIG"}],"circlet_count":0,"master_deck":["hermit:Strike_Hermit","hermit:Strike_Hermit","hermit:Strike_Hermit","hermit:Strike_Hermit","hermit:Defend_Hermit","hermit:Defend_Hermit","hermit:Defend_Hermit","hermit:Defend_Hermit","hermit:Snapshot","hermit:Covet","hermit:Horror","hermit:Headshot","hermit:GhostlyPresence","hermit:TrackingShot","hermit:Cheat","hermit:Midnight","hermit:Quickdraw","hermit:Enervate","hermit:Gestalt","hermit:TakeAim","hermit:LowProfile","hermit:PistolWhip","hermit:Dive","hermit:Vantage","hermit:Purgatory","hermit:Brawl+1","hermit:Manifest","hermit:Determination","hermit:Grudge","ReplayTheSpireMod:Splinters","hermit:HighCaliber+1","hermit:Glare","hermit:SprayPray","hermit:Scavenge","hermit:FinalCanter+1","hermit:Dissolve"],"relics":["hermit:Momento","EVO:Axolotl","Snack Pack","Membership Card","Shovel","Replay:Mystery Machine","hubris:PeanutButter","hermit:RyeStalk","Eternal Feather","hubris:TerracottaHorce","MealTicket","Happy Flower","Art of War","Red Mask","hubris:Towel","Gremlin Horn","Lantern","Mercury Hourglass","conspire:TopHat","Potion Belt","Mirror","hubris:SlimyHat"],"acts_visited":["Exordium","TheCity"],"potions_floor_usage":[28,33],"damage_taken":[{"damage":5,"enemies":"Jaw Worm","floor":1,"turns":4},{"damage":0,"enemies":"Cultist","floor":3,"turns":3},{"damage":0,"enemies":"2 Louse","floor":4,"turns":1},{"damage":0,"enemies":"Looter","floor":5,"turns":3},{"damage":20,"enemies":"3 Sentries","floor":6,"turns":10},{"damage":7,"enemies":"Blue Slaver","floor":7,"turns":2},{"damage":0,"enemies":"Red Slaver","floor":10,"turns":3},{"damage":0,"enemies":"conspire:2 RoseBushes","floor":11,"turns":4},{"damage":1,"enemies":"2 Fungi Beasts","floor":13,"turns":2},{"damage":0,"enemies":"Blue Slaver","floor":14,"turns":2},{"damage":11,"enemies":"Fading Forest","floor":16,"turns":11},{"damage":18,"enemies":"Spheric Guardian","floor":18,"turns":4},{"damage":18,"enemies":"Shell Parasite","floor":20,"turns":4},{"damage":0,"enemies":"Masked Bandits","floor":22,"turns":3},{"damage":18,"enemies":"3 Cultists","floor":27,"turns":6},{"damage":18,"enemies":"Gremlin Leader","floor":28,"turns":5},{"damage":12,"enemies":"Snecko","floor":31,"turns":6},{"damage":111,"enemies":"Automaton","floor":33,"turns":10}],"seed_played":"-5883735678650670580","potions_obtained":[{"floor":3,"key":"LiquidBronze"},{"floor":5,"key":"Toxic Potion"},{"floor":21,"key":"Guardian:BlockOnCardUsePotion"},{"floor":28,"key":"hexamod:EctoCoolerPotion"}],"is_trial":false,"path_per_floor":["M","?","M","M","M","E","M","$","T","M","M","R","M","M","R","B",null,"M","$","M","?","?","R","?","R","T","M","E","R","$","M","R","B"],"character_chosen":"HERMIT","items_purchased":["Membership Card","Shovel","Replay:Mystery Machine","hermit:Quickdraw","hermit:Enervate","hermit:Gestalt","hermit:TakeAim","MealTicket","Happy Flower","hermit:Manifest","hermit:Determination","Potion Belt","Mirror","hermit:FinalCanter+1"],"campfire_rested":1,"item_purchase_floors":[8,8,8,8,8,8,8,19,19,19,19,30,30,30],"current_hp_per_floor":[77,92,92,92,92,72,65,65,65,67,67,67,68,72,72,77,88,72,72,58,58,62,92,92,92,92,76,62,80,92,80,92,0,0],"gold":794,"neow_bonus":"TEN_PERCENT_HP_BONUS","is_daily":false,"chose_seed":false,"campfire_upgraded":0,"win_rate":0.0,"timestamp":1610687306,"path_taken":["M","?","M","M","?","E","M","$","T","M","M","R","?","M","R","BOSS","M","$","?","?","?","R","?","R","T","M","E","R","$","M","R","BOSS"],"items_purchased_type":["Relic","Relic","Relic","Card","Card","Card","Card","Relic","Relic","Card","Card","Relic","Relic","Card"],"build_version":"2020-12-22","purchased_purges":0,"victory":false,"max_hp_per_floor":[82,92,92,92,92,92,92,92,92,92,92,92,92,92,92,92,92,92,92,92,92,92,92,92,92,92,92,92,92,92,92,92,92,92],"card_choices":[{"not_picked":["hermit:Vantage","hermit:TrackingShot"],"picked":"hermit:Horror","floor":1},{"not_picked":["hermit:Feint","hermit:GhostlyPresence"],"picked":"hermit:Headshot","floor":3},{"not_picked":["hermit:Glare","hermit:LuckOfTheDraw"],"picked":"hermit:GhostlyPresence","floor":4},{"not_picked":["hermit:Combo","hermit:Quickdraw"],"picked":"hermit:TrackingShot","floor":5},{"not_picked":["hermit:Vantage","hermit:HoleUp"],"picked":"hermit:Cheat","floor":6},{"not_picked":["hermit:Feint","hermit:Adapt"],"picked":"hermit:Midnight","floor":7},{"not_picked":["hermit:Manifest","hermit:TrackingShot"],"picked":"hermit:LowProfile","floor":10},{"not_picked":["hermit:Misfire","hermit:Quickdraw"],"picked":"hermit:PistolWhip","floor":11},{"not_picked":["hermit:Manifest","hermit:Coalescence"],"picked":"hermit:Dive","floor":13},{"not_picked":["hermit:Dive","hermit:Ricochet"],"picked":"hermit:Vantage","floor":14},{"not_picked":["hermit:OverwhelmingPower","hermit:FatalDesire"],"picked":"hermit:Purgatory","floor":16},{"not_picked":["hermit:Midnight","hermit:Headshot"],"picked":"hermit:Brawl+1","floor":18},{"not_picked":["hermit:Desperado","hermit:Coalescence"],"picked":"hermit:Grudge","floor":20},{"not_picked":["hermit:ItchyTrigger","hermit:Headshot"],"picked":"hermit:HighCaliber+1","floor":21},{"not_picked":["hermit:Vantage","hermit:Enervate"],"picked":"hermit:Glare","floor":22},{"not_picked":["hermit:Quickdraw","hermit:Vantage"],"picked":"hermit:SprayPray","floor":27},{"not_picked":["hermit:Deadeye","hermit:Manifest+1"],"picked":"hermit:Scavenge","floor":28},{"not_picked":["hermit:LowProfile","hermit:Desperado+1"],"picked":"hermit:Dissolve","floor":31}],"player_experience":202233,"relics_obtained":[{"floor":6,"key":"Snack Pack"},{"floor":9,"key":"hubris:PeanutButter"},{"floor":12,"key":"hermit:RyeStalk"},{"floor":15,"key":"Eternal Feather"},{"floor":21,"key":"Art of War"},{"floor":22,"key":"Red Mask"},{"floor":25,"key":"Gremlin Horn"},{"floor":26,"key":"Lantern"},{"floor":28,"key":"Mercury Hourglass"},{"floor":29,"key":"conspire:TopHat"},{"floor":32,"key":"hubris:SlimyHat"}],"event_choices":[{"cards_removed":["Shade:LichForm"],"damage_healed":5,"gold_gain":0,"player_choice":"Offered Rare","damage_taken":0,"max_hp_gain":10,"max_hp_loss":0,"event_name":"Bonfire Elementals","floor":2,"gold_loss":0},{"damage_healed":0,"gold_gain":0,"player_choice":"Fought Bandits","damage_taken":0,"max_hp_gain":0,"max_hp_loss":0,"event_name":"Masked Bandits","floor":22,"gold_loss":0}],"is_beta":false,"boss_relics":[{"not_picked":["Runic Dome","Pandora\u0027s Box"],"picked":"hubris:TerracottaHorce"}],"items_purged_floors":[],"is_endless":false,"potions_floor_spawned":[3,5,10,11,14,16,28],"killed_by":"Automaton","ascension_level":0}}