{"host":"m5bsg12zcyqnofur","time":1610743444,"event":{"mods":["AchievementEnabler","BaseMod","BetterRewards","Colored Powertips","Downfall","Hermit","Highlight Path","Minty Spire (QoL Compilation)","Quick Restart","Replay The Spire","Shop Mod","StSLib","The Bug Knight"],"gold_per_floor":[114,128,128,128,148,148,173,173,198,198,221,234,264,283,283,378,378,390,410,427,440,440,467,467,497,497,513,539,557,557,570,657,762,762,779,797,815,832,732,766,816,847,847,847,847,847,880,930,930,930,930,930,476,509,509],"floor_reached":56,"language":"ENG","playtime":2828,"items_purged":["Strike_B","Strike_B","Strike_B","Strike_B","Defend_B","Defend_B","Defend_B","Defend_B","Beam Cell","FTL+1"],"score":1767,"play_id":"2217e783-f6c4-4bf4-99c4-dc2cdc7247b5","local_time":"20210115144404","is_ascension_mode":true,"campfire_choices":[{"data":"Zap","floor":6,"key":"SMITH"},{"data":"Dualcast","floor":8,"key":"SMITH"},{"data":"1","floor":10,"key":"LIFT"},{"data":"2","floor":15,"key":"LIFT"},{"data":"3","floor":24,"key":"LIFT"},{"data":"Skim","floor":30,"key":"SMITH"},{"data":"Scrape","floor":45,"key":"SMITH"},{"floor":49,"key":"RECALL"},{"data":"FTL","floor":52,"key":"SMITH"},{"data":"Gash","floor":52,"key":"SMITH"}],"circlet_count":0,"master_deck":["Zap+1","Dualcast+1","Gash","Gash+1","Beam Cell+1","Mayhem+1","Good Instincts","Scrape+1","Panache+1","Coolheaded+1","Go for the Eyes+1","Coolheaded+1","Bandage Up","Gash+1","Skim+1","All For One+1","Mayhem+1"],"relics":["Cracked Core","Shuriken","Sling","Membership Card","Cables","Meat on the Bone","Bottled Tornado","Snack Pack","DataDisk","Lantern","Golden Egg","Replay:Rubber Ducky","Bronze Scales","War Paint","Vajra","MerchantsRug","Ice Cream","Coffee Dripper","Mirror","Divine Protection","Blue Doll","StoneCalendar","Philosopher\u0027s Stone","Medical Kit","Strawberry","Replay:Ringing Soul","Kunai","TungstenRod","Gremlin Horn","HollowMod:LifeEnderRelic","Frozen Egg 2","Replay:Arrowhead","DollysMirror","Lizard Tail","Art of War","Bottled Lightning"],"acts_visited":["Exordium","TheCity","TheBeyond","TheEnding"],"potions_floor_usage":[55],"damage_taken":[{"damage":0,"enemies":"Small Slimes","floor":1,"turns":2},{"damage":3,"enemies":"2 Louse","floor":2,"turns":2},{"damage":0,"enemies":"Cultist","floor":5,"turns":1},{"damage":9,"enemies":"Lagavulin","floor":7,"turns":3},{"damage":0,"enemies":"Gremlin Gang","floor":12,"turns":2},{"damage":0,"enemies":"Replay:BlueRogue","floor":13,"turns":2},{"damage":0,"enemies":"Blue Slaver","floor":14,"turns":1},{"damage":0,"enemies":"Hexaghost","floor":16,"turns":2},{"damage":0,"enemies":"3 Byrds","floor":18,"turns":2},{"damage":0,"enemies":"Spheric Guardian","floor":19,"turns":2},{"damage":0,"enemies":"Snake Plant","floor":20,"turns":1},{"damage":0,"enemies":"Sentry and Sphere","floor":21,"turns":2},{"damage":11,"enemies":"Slavers","floor":23,"turns":2},{"damage":2,"enemies":"Book of Stabbing","floor":25,"turns":2},{"damage":0,"enemies":"Snecko","floor":27,"turns":2},{"damage":0,"enemies":"Gremlin Leader","floor":28,"turns":3},{"damage":7,"enemies":"Snake Plant","floor":29,"turns":2},{"damage":0,"enemies":"Sentry and Sphere","floor":31,"turns":1},{"damage":0,"enemies":"Champ","floor":33,"turns":2},{"damage":5,"enemies":"3 Shapes","floor":35,"turns":2},{"damage":0,"enemies":"Orb Walker","floor":36,"turns":1},{"damage":7,"enemies":"Sphere and 2 Shapes","floor":37,"turns":2},{"damage":5,"enemies":"3 Darklings","floor":38,"turns":2},{"damage":0,"enemies":"Giant Head","floor":40,"turns":2},{"damage":0,"enemies":"Mind Bloom Boss Battle","floor":41,"turns":2},{"damage":0,"enemies":"HollowMod:StalkingDevout","floor":42,"turns":2},{"damage":0,"enemies":"R_Hoarder","floor":47,"turns":3},{"damage":0,"enemies":"2 Orb Walkers","floor":48,"turns":2},{"damage":3,"enemies":"Replay:Hell Engine","floor":50,"turns":2},{"damage":16,"enemies":"Shield and Spear","floor":54,"turns":2},{"damage":45,"enemies":"The Heart","floor":55,"turns":4}],"seed_played":"4597556996677221154","potions_obtained":[{"floor":4,"key":"CultistPotion"},{"floor":4,"key":"LiquidMemories"},{"floor":4,"key":"Regen Potion"},{"floor":27,"key":"FairyPotion"}],"is_trial":false,"path_per_floor":["M","M","?","?","M","R","E","R","T","R","$","M","E","M","R","B",null,"M","M","M","M","?","E","R","E","T","M","E","M","R","M","R","B",null,"M","M","M","M","$","E","?","E","T","?","R","?","E","?","R","B",null,"R","$","E","B",null],"character_chosen":"DEFECT","items_purchased":["BargainBundle","Gash","Beam Cell","Mayhem","Good Instincts","Matryoshka","LifebloodPotion","SpeedPotion","champ:CounterPotion","MealTicket","Shuriken","Sling","Beam Cell","Membership Card","Cables","Meat on the Bone","Whetstone","Girya","Bottled Tornado","Scrape","Panache","Snack Pack","FTL","Coolheaded","Go for the Eyes+1","Coolheaded","DataDisk","Bandage Up","Lantern","Gash","Golden Egg","Guide Book","MerchantsRug","Medical Kit","Strawberry","Replay:Ringing Soul","DollysMirror","Lizard Tail","Art of War"],"campfire_rested":0,"item_purchase_floors":[0,0,0,0,0,0,0,0,0,0,0,0,0,0,0,0,0,0,0,0,0,0,0,0,0,0,0,0,0,0,0,0,11,39,39,39,53,53,53],"current_hp_per_floor":[46,49,24,24,40,40,39,39,39,39,54,62,70,72,72,75,75,75,75,75,75,75,70,70,75,75,75,75,70,70,75,75,75,75,72,75,71,70,82,82,82,82,82,82,82,82,82,82,82,82,82,82,85,75,50],"gold":509,"neow_bonus":"","is_daily":false,"chose_seed":false,"campfire_upgraded":6,"win_rate":0.0,"timestamp":1610743444,"path_taken":["M","M","?","?","M","R","E","R","T","R","$","M","E","M","R","BOSS","M","?","M","?","?","E","R","E","T","M","E","M","R","?","R","BOSS","M","M","M","M","$","E","?","E","T","?","R","?","E","?","R","BOSS","R","$","E","BOSS"],"items_purchased_type":["Relic","Card","Card","Card","Card","Relic","Potion","Potion","Potion","Relic","Relic","Relic","Card","Relic","Relic","Relic","Relic","Relic","Relic","Card","Card","Relic","Card","Card","Card","Card","Relic","Card","Relic","Card","Relic","Relic","Relic","Relic","Relic","Relic","Relic","Relic","Relic"],"build_version":"2020-12-22","purchased_purges":10,"victory":true,"max_hp_per_floor":[75,75,75,75,75,75,75,75,75,75,75,75,75,75,75,75,75,75,75,75,75,75,75,75,75,75,75,75,75,75,75,75,75,75,75,75,75,75,82,82,82,82,82,82,82,82,82,82,82,82,82,82,85,85,85],"card_choices":[{"not_picked":["BasicCrystalCard","Turbo"],"picked":"Skim","floor":1},{"not_picked":["Force Field","Chaos","Rebound"],"picked":"SKIP","floor":2},{"not_picked":["Storm","Fusion","Gash"],"picked":"SKIP","floor":5},{"not_picked":["Chill","Turbo","FIFO Queue"],"picked":"SKIP","floor":7},{"not_picked":["Self Repair","Panic Button","Auto Shields"],"picked":"SKIP","floor":12},{"not_picked":["Sunder","Go for the Eyes","Crystallizer"],"picked":"SKIP","floor":13},{"not_picked":["Rebound","Reprogram","Gash"],"picked":"SKIP","floor":14},{"not_picked":["Rainbow","Seek"],"picked":"All For One","floor":16},{"not_picked":["ReplayGash","Hologram+1","Double Energy"],"picked":"SKIP","floor":18},{"not_picked":["Consume+1","BasicCrystalCard","Capacitor+1"],"picked":"SKIP","floor":19},{"not_picked":["Rebound","Leap+1","Streamline"],"picked":"SKIP","floor":20},{"not_picked":["FTL+1","Barrage+1","Conserve Battery"],"picked":"SKIP","floor":21},{"not_picked":["Cold Snap","Chill+1","Skim+1"],"picked":"SKIP","floor":23},{"not_picked":["Beam Cell","Ball Lightning","ReplaySolidLightProjector+1"],"picked":"SKIP","floor":25},{"not_picked":["Cold Snap","Ball Lightning","Steam+1"],"picked":"SKIP","floor":27},{"not_picked":["Reprogram","Core Surge","Genetic Algorithm+1"],"picked":"SKIP","floor":28},{"not_picked":["BasicCrystalCard","ReplayGash","Cold Snap"],"picked":"SKIP","floor":29},{"not_picked":["Panic Button","Turbo+1","Compile Driver"],"picked":"SKIP","floor":31},{"not_picked":["Auto Shields+1","Sweeping Beam","BasicCrystalCard"],"picked":"SKIP","floor":35},{"not_picked":["Hologram+1","Go for the Eyes","Reinforced Body+1"],"picked":"SKIP","floor":36},{"not_picked":["Hologram","ReplayTheSpireMod:Reroute Power","Turbo+1"],"picked":"SKIP","floor":37},{"not_picked":["Rebound","Aggregate+1","Time Bomb+1"],"picked":"SKIP","floor":38},{"not_picked":["Stack","Conserve Battery+1","Storm"],"picked":"SKIP","floor":40},{"not_picked":["Redo","Go for the Eyes","Gash+1"],"picked":"SKIP","floor":42},{"not_picked":["Blizzard+1","Heatsinks+1","Chill"],"picked":"SKIP","floor":47},{"not_picked":["BootSequence","Go for the Eyes","Turbo+1"],"picked":"SKIP","floor":54}],"player_experience":236910,"relics_obtained":[{"floor":7,"key":"Bronze Scales"},{"floor":9,"key":"War Paint"},{"floor":9,"key":"Vajra"},{"floor":13,"key":"Ice Cream"},{"floor":23,"key":"Mirror"},{"floor":25,"key":"Divine Protection"},{"floor":26,"key":"Blue Doll"},{"floor":28,"key":"StoneCalendar"},{"floor":40,"key":"Kunai"},{"floor":41,"key":"TungstenRod"},{"floor":42,"key":"Gremlin Horn"},{"floor":43,"key":"HollowMod:LifeEnderRelic"},{"floor":47,"key":"Frozen Egg 2"},{"floor":48,"key":"Replay:Arrowhead"},{"floor":54,"key":"Bottled Lightning"}],"event_choices":[{"damage_healed":0,"gold_gain":0,"player_choice":"Success","damage_taken":25,"relics_obtained":["Replay:Rubber Ducky"],"max_hp_gain":0,"max_hp_loss":0,"event_name":"Scrap Ooze","floor":3,"gold_loss":0},{"damage_healed":0,"gold_gain":0,"player_choice":"Got Potions","damage_taken":0,"max_hp_gain":0,"max_hp_loss":0,"event_name":"Lab","floor":4,"gold_loss":0},{"damage_healed":0,"gold_gain":0,"player_choice":"0 cards matched","damage_taken":0,"max_hp_gain":0,"max_hp_loss":0,"event_name":"Match and Keep!","floor":22,"gold_loss":0,"cards_obtained":[]},{"damage_healed":0,"gold_gain":0,"player_choice":"Fight","damage_taken":0,"max_hp_gain":0,"max_hp_loss":0,"event_name":"MindBloom","floor":41,"gold_loss":0},{"damage_healed":0,"gold_gain":0,"player_choice":"Memory 1","damage_taken":0,"max_hp_gain":0,"max_hp_loss":0,"event_name":"SensoryStone","floor":44,"gold_loss":0},{"damage_healed":0,"gold_gain":0,"player_choice":"Fight","damage_taken":0,"max_hp_gain":0,"max_hp_loss":0,"event_name":"Mysterious Sphere","floor":48,"gold_loss":0}],"is_beta":false,"boss_relics":[{"not_picked":["Fusion Hammer","ChewingGum"],"picked":"Coffee Dripper"},{"not_picked":["Cursed Key","Velvet Choker"],"picked":"Philosopher\u0027s Stone"}],"items_purged_floors":[0,0,0,0,0,0,0,0,0,53],"is_endless":false,"potions_floor_spawned":[5,7,12,16,19,21,23,27,28,36,41,42,47],"ascension_level":3}}