{"host":"ws1rigs6jhqnf67d","time":1610715000,"event":{"mods":["BaseMod","Friendly Minions","KinomotoSakuraMod(ƒæ÷Æ±æ”£)","Kiyohime£®«Âºß£©","Lobotomy","LobotomyExtend","Marisa£®ÏF”Í°°ƒß¿Ì…≥£©","Minty Spire (QoL Compilation)","Remilia£®¿Ÿ√◊¿Ú—«£©","StSLib","The Bug Knight","Youmu£®ªÍ∆«—˝√Œ£©","[IsaacMod]“‘»ˆº‚À˛"],"gold_per_floor":[112,112,128,139,153,186,205,235,235,235,247,281,299,316,331,347,347,364,398,30,63,63,81,81,97,108,136,136,239,239,250,94,94,148,168,198,198,226,526,526,538,549,324,324,324,421,421,432,452,465,465,138,165,181,199,270,281,296,296,296],"floor_reached":59,"language":"ZHS","playtime":1998,"items_purged":["Writhe","Pride"],"score":857,"play_id":"6e987c67-2078-455a-9efd-686a83968861","local_time":"20210115205000","is_ascension_mode":true,"campfire_choices":[{"data":"Catalyst","floor":24.0,"key":"SMITH"},{"data":"Neutralize","floor":28.0,"key":"SMITH"},{"floor":37.0,"key":"REST"},{"data":"After Image","floor":40.0,"key":"SMITH"},{"data":"After Image","floor":45.0,"key":"SMITH"}],"circlet_count":0,"master_deck":["Strike_G+1","Strike_G","Strike_G","Strike_G","Strike_G","Defend_G","Defend_G","Defend_G","Defend_G","Defend_G","Survivor","Neutralize+1","Corpse Explosion","Poisoned Stab+1","Poisoned Stab","Deadly Poison","Bouncing Flask","Leg Sweep","Noxious Fumes","Deadly Poison","Backstab","Catalyst+1","After Image+1","After Image+1","Adrenaline","CurseOfTheBell","Madness","Madness","Clumsy"],"relics":["Ring of the Snake","HushsDoor","NeowsBlessing","TheBean","LetterFromLob","HollowMod:QueensCombRelic","TuHaoJin","ForgetMeNow","Whetstone","NeowsBlessing","HollowMod:LifeEnderRelic","GuppysTail","Bottled Flame","BloodDonationMachine","Cursed Key","TheBean","HandDrill","Art of War","White Beast Statue","Old Coin","GreatHeart","Calling Bell","Lantern","Paper Crane","Shovel","SteamSale","Pantograph","Bronze Scales","DeadEye"],"acts_visited":["Exordium","TheCity","TheBeyond"],"potions_floor_usage":[],"damage_taken":[{"damage":0.0,"enemies":"Small Slimes","floor":1.0,"turns":1.0},{"damage":0.0,"enemies":"2 Louse","floor":3.0,"turns":1.0},{"damage":0.0,"enemies":"Cultist","floor":4.0,"turns":1.0},{"damage":11.0,"enemies":"Exordium Thugs","floor":5.0,"turns":3.0},{"damage":5.0,"enemies":"HollowMod:MossKnight","floor":6.0,"turns":5.0},{"damage":0.0,"enemies":"Blue Slaver","floor":7.0,"turns":3.0},{"damage":7.0,"enemies":"Lagavulin","floor":8.0,"turns":5.0},{"damage":0.0,"enemies":"Gremlin Gang","floor":11.0,"turns":1.0},{"damage":12.0,"enemies":"3 Sentries","floor":12.0,"turns":3.0},{"damage":2.0,"enemies":"Large Slime","floor":13.0,"turns":5.0},{"damage":0.0,"enemies":"Cultist","floor":14.0,"turns":1.0},{"damage":0.0,"enemies":"Jaw Worm","floor":15.0,"turns":1.0},{"damage":0.0,"enemies":"Small Slimes","floor":16.0,"turns":1.0},{"damage":0.0,"enemies":"Looter","floor":18.0,"turns":4.0},{"damage":5.0,"enemies":"Gremlin Nob","floor":19.0,"turns":3.0},{"damage":16.0,"enemies":"Lagavulin","floor":21.0,"turns":4.0},{"damage":6.0,"enemies":"Exordium Thugs","floor":23.0,"turns":2.0},{"damage":0.0,"enemies":"2 Fungi Beasts","floor":25.0,"turns":2.0},{"damage":3.0,"enemies":"Lots of Slimes","floor":26.0,"turns":2.0},{"damage":13.0,"enemies":"3 Sentries","floor":27.0,"turns":5.0},{"damage":10.0,"enemies":"Hexaghost","floor":29.0,"turns":7.0},{"damage":0.0,"enemies":"Chosen","floor":31.0,"turns":3.0},{"damage":0.0,"enemies":"Spheric Guardian","floor":34.0,"turns":2.0},{"damage":23.0,"enemies":"Snake Plant","floor":35.0,"turns":3.0},{"damage":1.0,"enemies":"Gremlin Leader","floor":36.0,"turns":3.0},{"damage":9.0,"enemies":"Book of Stabbing","floor":38.0,"turns":4.0},{"damage":3.0,"enemies":"Cultist and Chosen","floor":41.0,"turns":4.0},{"damage":9.0,"enemies":"Shelled Parasite and Fungi","floor":42.0,"turns":4.0},{"damage":11.0,"enemies":"Champ","floor":46.0,"turns":6.0},{"damage":7.0,"enemies":"3 Darklings","floor":48.0,"turns":4.0},{"damage":0.0,"enemies":"Orb Walker","floor":49.0,"turns":3.0},{"damage":4.0,"enemies":"Maw","floor":50.0,"turns":6.0},{"damage":14.0,"enemies":"Nemesis","floor":53.0,"turns":5.0},{"damage":1.0,"enemies":"Jaw Worm Horde","floor":54.0,"turns":2.0},{"damage":0.0,"enemies":"Sphere and 2 Shapes","floor":55.0,"turns":3.0},{"damage":10.0,"enemies":"Transient","floor":57.0,"turns":5.0},{"damage":22.0,"enemies":"3 Darklings","floor":58.0,"turns":3.0},{"damage":54,"enemies":"Giant Head","floor":59,"turns":6}],"seed_played":"165572025162918638","potions_obtained":[{"floor":3.0,"key":"SteroidPotion"},{"floor":7.0,"key":"Energy Potion"},{"floor":8.0,"key":"Explosive Potion"},{"floor":16.0,"key":"Energy Potion"},{"floor":18.0,"key":"Dexterity Potion"},{"floor":21.0,"key":"Strength Potion"},{"floor":46.0,"key":"Swift Potion"},{"floor":48.0,"key":"Energy Potion"},{"floor":49.0,"key":"Ancient Potion"}],"is_trial":false,"path_per_floor":["M","?","M","M","M","E","M","E","T","?","M","E","M","M","M","M","?","M","E","$","E","T","M","R","M","M","E","R","B",null,"M","$","M","M","M","E","R","E","T","R","M","M","$","?","R","B",null,"M","M","M","?","$","E","M","M","T","M","M","E"],"character_chosen":"THE_SILENT","items_purchased":["GuppysTail","Catalyst","HandDrill","After Image","SteamSale","Pantograph"],"campfire_rested":1,"item_purchase_floors":[20,20,32,43,52,52],"current_hp_per_floor":[70,70,70,70,59,46,46,39,39,39,43,34,46,46,46,46,46,46,41,41,30,30,28,28,36,37,28,28,26,46,46,46,46,42,23,26,39,34,34,34,35,37,37,37,37,35,46,39,46,42,36,36,32,35,46,46,36,22,0,0],"gold":296,"neow_bonus":"THREE_ENEMY_KILL","is_daily":false,"chose_seed":false,"campfire_upgraded":4,"win_rate":0.0,"timestamp":1610715000,"path_taken":["M","?","M","M","M","E","M","E","T","?","M","E","?","M","M","M","?","M","E","$","E","T","M","R","M","M","E","R","BOSS","M","$","M","M","M","E","R","E","T","R","?","M","$","?","R","BOSS","M","?","M","?","$","E","M","M","T","M","M","E"],"items_purchased_type":["Relic","Card","Relic","Card","Relic","Relic"],"build_version":"2020-12-22","purchased_purges":2,"victory":false,"max_hp_per_floor":[70,70,70,70,70,46,46,46,46,46,46,46,46,46,46,46,46,46,46,46,46,46,46,46,46,46,46,46,46,46,46,46,46,46,46,46,46,46,46,46,46,46,46,46,46,46,46,46,46,46,46,46,46,46,46,46,46,46,46,46],"card_choices":[{"not_picked":["Underhanded Strike","Dodge and Roll","Sucker Punch"],"picked":"SKIP","floor":1.0},{"not_picked":["Escape Plan","Quick Slash"],"picked":"Corpse Explosion","floor":3.0},{"not_picked":["Accuracy","PiercingWail"],"picked":"Poisoned Stab","floor":4.0},{"not_picked":["Blur","Flying Knee","Riddle With Holes"],"picked":"SKIP","floor":5.0},{"not_picked":["Phantasmal Killer","Sucker Punch","Slice"],"picked":"SKIP","floor":6.0},{"not_picked":["Prepared","Quick Slash"],"picked":"Poisoned Stab","floor":7.0},{"not_picked":["Deflect","Acrobatics"],"picked":"Deadly Poison","floor":8.0},{"not_picked":["Sucker Punch","Quick Slash"],"picked":"Bouncing Flask","floor":11.0},{"not_picked":["Wraith Form v2","PiercingWail"],"picked":"Leg Sweep","floor":12.0},{"not_picked":["Deflect","Blur"],"picked":"Noxious Fumes","floor":13.0},{"not_picked":["Bane","Escape Plan","Dagger Throw"],"picked":"SKIP","floor":14.0},{"not_picked":["Sucker Punch","Dash","Backflip"],"picked":"SKIP","floor":15.0},{"not_picked":["Backflip","Phantasmal Killer"],"picked":"Deadly Poison","floor":16.0},{"not_picked":["Outmaneuver","Dagger Throw"],"picked":"Backstab","floor":18.0},{"not_picked":["Caltrops","Slice","Backflip"],"picked":"SKIP","floor":19.0},{"not_picked":["Flying Knee","Accuracy","Reflex"],"picked":"SKIP","floor":21.0},{"not_picked":["Concentrate","Dagger Spray","Bane"],"picked":"SKIP","floor":23.0},{"not_picked":["Escape Plan","Dagger Throw","Poisoned Stab"],"picked":"SKIP","floor":25.0},{"not_picked":["Dash","Underhanded Strike","Accuracy"],"picked":"SKIP","floor":26.0},{"not_picked":["Outmaneuver","Grand Finale","Backflip"],"picked":"SKIP","floor":27.0},{"not_picked":["Unload","Night Terror"],"picked":"After Image","floor":29.0},{"not_picked":["Flying Knee","Flechettes","Footwork"],"picked":"SKIP","floor":31.0},{"not_picked":["Cloak And Dagger","Bane","Quick Slash"],"picked":"SKIP","floor":34.0},{"not_picked":["Deflect+1","Blade Dance+1","Predator"],"picked":"SKIP","floor":35.0},{"not_picked":["Tactician+1","All Out Attack","Calculated Gamble"],"picked":"SKIP","floor":36.0},{"not_picked":["Flying Knee+1","Tactician","Poisoned Stab+1"],"picked":"SKIP","floor":38.0},{"not_picked":["Deadly Poison","Terror","Caltrops"],"picked":"SKIP","floor":41.0},{"not_picked":["Cloak And Dagger","Sucker Punch+1","Unload"],"picked":"SKIP","floor":42.0},{"not_picked":["Malaise","Storm of Steel"],"picked":"Adrenaline","floor":46.0},{"not_picked":["Distraction","Heel Hook","Prepared+1"],"picked":"SKIP","floor":48.0},{"not_picked":["Outmaneuver+1","Terror+1","Underhanded Strike+1"],"picked":"SKIP","floor":49.0},{"not_picked":["Underhanded Strike","Prepared","Acrobatics+1"],"picked":"SKIP","floor":50.0},{"not_picked":["Bane+1","Outmaneuver","Unload"],"picked":"SKIP","floor":53.0},{"not_picked":["Dodge and Roll","Dagger Spray","Quick Slash+1"],"picked":"SKIP","floor":54.0},{"not_picked":["Blade Dance+1","Wraith Form v2","Quick Slash+1"],"picked":"SKIP","floor":55.0},{"not_picked":["Dash+1","Escape Plan+1","Underhanded Strike"],"picked":"SKIP","floor":57.0},{"not_picked":["Flying Knee+1","Sucker Punch","All Out Attack+1"],"picked":"SKIP","floor":58.0}],"player_experience":818588,"relics_obtained":[{"floor":1.0,"key":"LetterFromLob"},{"floor":6.0,"key":"HollowMod:QueensCombRelic"},{"floor":8.0,"key":"TuHaoJin"},{"floor":9.0,"key":"ForgetMeNow"},{"floor":12.0,"key":"Whetstone"},{"floor":19.0,"key":"HollowMod:LifeEnderRelic"},{"floor":21.0,"key":"Bottled Flame"},{"floor":22.0,"key":"Diplopia"},{"floor":27.0,"key":"BloodDonationMachine"},{"floor":36.0,"key":"Art of War"},{"floor":38.0,"key":"White Beast Statue"},{"floor":39.0,"key":"Old Coin"},{"floor":47.0,"key":"Lantern"},{"floor":47.0,"key":"Paper Crane"},{"floor":47.0,"key":"Shovel"},{"floor":53.0,"key":"Bronze Scales"},{"floor":56.0,"key":"DeadEye"}],"event_choices":[{"damage_healed":0.0,"max_hp_gain":0.0,"max_hp_loss":0.0,"gold_gain":0.0,"event_name":"The Cleric","player_choice":"Leave","floor":2.0,"gold_loss":0.0,"damage_taken":0.0},{"damage_healed":0.0,"max_hp_gain":0.0,"max_hp_loss":0.0,"gold_gain":0.0,"event_name":"Golden Wing","player_choice":"Ignored","floor":17.0,"gold_loss":0.0,"damage_taken":0.0},{"damage_healed":0.0,"max_hp_gain":0.0,"max_hp_loss":0.0,"gold_gain":0.0,"event_name":"Winding Halls","player_choice":"Embrace Madness","floor":51.0,"gold_loss":0.0,"damage_taken":6.0,"cards_obtained":["Madness","Madness"]}],"is_beta":false,"boss_relics":[{"not_picked":["Busted Crown","SacredBark"],"picked":"Cursed Key"},{"not_picked":[]},{"not_picked":["ChampionBelt","Snecko Eye"],"picked":"Calling Bell"},{"not_picked":[]}],"items_purged_floors":[43,52],"is_endless":false,"potions_floor_spawned":[3,7,8,16,18,21,25,29,35,36,41,42,46,48,49,50,53,54,55,57,58],"killed_by":"Giant Head","ascension_level":4}}