{"host":"18wi9kpcl4eah7pe","time":1610743841,"event":{"mods":["BaseMod","Colored Powertips","Downfall","Minty Spire (QoL Compilation)","StSLib"],"gold_per_floor":[99,99,99,99,274,286,286,136,156,190,210,235,160,176,176,276,276,276,289,289,301,317,333,380,380,410,410,422,113,113,139,157,157,157,157],"floor_reached":33,"language":"ENG","playtime":1527,"items_purged":["Doubt"],"score":342,"play_id":"6475a0f5-7b7f-4553-a410-587e14d4daec","local_time":"20210115145041","is_ascension_mode":true,"campfire_choices":[{"floor":1,"key":"RECALL"},{"data":"Slimebound:SplitMire","floor":8,"key":"SMITH"},{"floor":13,"key":"REST"},{"data":"Slimebound:Split","floor":18,"key":"SMITH"},{"floor":25,"key":"REST"},{"floor":30,"key":"REST"}],"circlet_count":0,"master_deck":["Slimebound:Strike_Slimebound","Slimebound:Strike_Slimebound","Slimebound:Strike_Slimebound","Slimebound:Tackle","Slimebound:Defend_Slimebound","Slimebound:Defend_Slimebound","Slimebound:Defend_Slimebound","Slimebound:Defend_Slimebound","Slimebound:Split+1","Slimebound:CorrosiveSpit","Slimebound:SplitMire+1","Slimebound:GrowthPunch+1","Slimebound:RollThrough","Slimebound:HauntingLick","Slimebound:FirmFortitude","Slimebound:SlimeSlap","Slimebound:LeadByExample","Slimebound:Nibble","Slimebound:LeechEnergy","Slimebound:OneTwoCombo","Slimebound:GrowthPunch","Slimebound:LeechingTouch","Slimebound:FlameTackle+1","Slimebound:DivideAndConquer+1","Slimebound:Chomp","Slimebound:SplitSpecialist","Slimebound:Replication+1","Slimebound:SlimeBarrage","Slimebound:RainOfGoop"],"relics":["Slimebound:AbsorbEndCombat","downfall:HeartsMalice","downfall:HeartBlessingBlue","downfall:HeartBlessingRed","Bottled Lightning","Nunchaku","downfall:HeartBlessingGreen","Slimebound:TarBlob","Potion Belt","Lantern","downfall:KnowingSkull","Matryoshka","The Courier"],"acts_visited":["Exordium","TheCity"],"potions_floor_usage":[10,11,12,14,15,21,28,31,33],"damage_taken":[{"damage":0,"enemies":"2 Louse","floor":2,"turns":1},{"damage":0,"enemies":"Small Slimes","floor":3,"turns":1},{"damage":0,"enemies":"Cultist","floor":4,"turns":1},{"damage":14,"enemies":"3 Louse","floor":6,"turns":3},{"damage":12,"enemies":"Red Slaver","floor":9,"turns":3},{"damage":35,"enemies":"3 Sentries","floor":10,"turns":6},{"damage":12,"enemies":"Blue Slaver","floor":11,"turns":3},{"damage":44,"enemies":"Lagavulin","floor":12,"turns":7},{"damage":17,"enemies":"Large Slime","floor":14,"turns":4},{"damage":0,"enemies":"2 Fungi Beasts","floor":15,"turns":1},{"damage":45,"enemies":"downfall:Ironclad","floor":16,"turns":8},{"damage":26,"enemies":"Shell Parasite","floor":19,"turns":3},{"damage":21,"enemies":"Spheric Guardian","floor":21,"turns":2},{"damage":26,"enemies":"3 Cultists","floor":22,"turns":4},{"damage":42,"enemies":"Shelled Parasite and Fungi","floor":23,"turns":4},{"damage":51,"enemies":"Gremlin Leader","floor":26,"turns":6},{"damage":22,"enemies":"Snake Plant","floor":28,"turns":2},{"damage":32,"enemies":"downfall:FleeingMerchant","floor":29,"turns":4},{"damage":28,"enemies":"Slavers","floor":31,"turns":2},{"damage":33,"enemies":"3 Cultists","floor":32,"turns":4},{"damage":82,"enemies":"downfall:Watcher","floor":33,"turns":4}],"seed_played":"-323786960222918490","potions_obtained":[{"floor":6,"key":"Energy Potion"},{"floor":9,"key":"FearPotion"},{"floor":10,"key":"SkillPotion"},{"floor":12,"key":"Regen Potion"},{"floor":14,"key":"SmokeBomb"},{"floor":19,"key":"DistilledChaos"},{"floor":26,"key":"AttackPotion"},{"floor":28,"key":"Block Potion"}],"is_trial":false,"path_per_floor":["R","M","M","M","?","M","T","R","M","E","M","E","R","M","M","B",null,"R","M","?","M","M","M","T","R","E","?","M","$","R","E","M","B"],"character_chosen":"SLIMEBOUND","items_purchased":["Matryoshka"],"campfire_rested":3,"item_purchase_floors":[29],"current_hp_per_floor":[60,60,60,60,60,60,60,70,64,45,43,21,42,53,53,32,70,70,62,62,67,60,46,46,67,51,45,51,55,70,67,62,0,0,0],"gold":157,"neow_bonus":"THREE_ENEMY_KILL","is_daily":false,"chose_seed":false,"campfire_upgraded":2,"win_rate":0.0,"timestamp":1610743841,"path_taken":["R","M","M","M","?","M","T","R","M","E","M","E","R","M","M","BOSS","R","M","?","M","?","M","T","R","E","?","?","$","R","E","M","BOSS"],"items_purchased_type":["Relic"],"build_version":"2020-12-22","purchased_purges":1,"victory":false,"max_hp_per_floor":[60,60,60,60,60,60,60,70,70,70,70,70,70,70,70,70,70,70,70,70,70,70,70,70,70,70,70,70,70,70,70,70,70,70,70],"card_choices":[{"not_picked":["Slimebound:RainOfGoop","Slimebound:LeechingTouch"],"picked":"Slimebound:SplitMire","floor":2},{"not_picked":["Slimebound:FirmFortitude","Slimebound:DivideAndConquer"],"picked":"Slimebound:GrowthPunch","floor":3},{"not_picked":["Slimebound:LevelUp","Slimebound:SpikyOuterGoop"],"picked":"Slimebound:RollThrough","floor":4},{"not_picked":["Slimebound:RollThrough","Slimebound:GrowthPunch"],"picked":"Slimebound:HauntingLick","floor":6},{"not_picked":["Slimebound:RollThrough","Slimebound:SplitMire"],"picked":"Slimebound:FirmFortitude","floor":9},{"not_picked":["Slimebound:DivideAndConquer","Slimebound:Schlurp"],"picked":"Slimebound:SlimeSlap","floor":10},{"not_picked":["Slimebound:TongueLash","Slimebound:SplitAcid"],"picked":"Slimebound:LeadByExample","floor":11},{"not_picked":["Slimebound:ProtectTheBoss","Slimebound:SlimeBarrage"],"picked":"Slimebound:Nibble","floor":12},{"not_picked":["Slimebound:PressTheAttack","Slimebound:ServeAndProtect"],"picked":"Slimebound:LeechEnergy","floor":14},{"not_picked":["Slimebound:Teamwork","Slimebound:DuplicatedForm"],"picked":"Slimebound:OneTwoCombo","floor":16},{"not_picked":["Slimebound:SplitBruiser","Slimebound:DivideAndConquer+1"],"picked":"Slimebound:GrowthPunch","floor":19},{"not_picked":["Slimebound:SplitAcid","Slimebound:SamplingLick"],"picked":"Slimebound:LeechingTouch","floor":21},{"not_picked":["Slimebound:Nibble","Slimebound:DivideAndConquer+1"],"picked":"Slimebound:FlameTackle+1","floor":22},{"not_picked":["Slimebound:SplitAcid+1","Slimebound:LeechingTouch"],"picked":"Slimebound:DivideAndConquer+1","floor":23},{"not_picked":["Slimebound:LeechingTouch+1","Slimebound:Schlurp"],"picked":"Slimebound:Chomp","floor":26},{"not_picked":["Slimebound:Schlurp","Slimebound:Overexert"],"picked":"Slimebound:SplitSpecialist","floor":28},{"not_picked":["Slimebound:SplitAcid","Slimebound:ServeAndProtect+1"],"picked":"Slimebound:Replication+1","floor":29},{"not_picked":["Slimebound:LeadByExample","Slimebound:FormOfPuddle+1"],"picked":"Slimebound:SlimeBarrage","floor":31},{"not_picked":["Slimebound:ForwardTackle","Slimebound:Grow"],"picked":"Slimebound:RainOfGoop","floor":32}],"player_experience":912836,"relics_obtained":[{"floor":10,"key":"Bottled Lightning"},{"floor":12,"key":"Nunchaku"},{"floor":24,"key":"Potion Belt"},{"floor":26,"key":"Lantern"},{"floor":31,"key":"The Courier"}],"event_choices":[{"damage_healed":0,"gold_gain":0,"player_choice":"Upgraded","damage_taken":0,"max_hp_gain":0,"max_hp_loss":0,"event_name":"Upgrade Shrine","floor":20,"gold_loss":0,"cards_upgraded":["Slimebound:GrowthPunch"]}],"is_beta":false,"boss_relics":[{"not_picked":["Runic Dome","Velvet Choker"],"picked":"Slimebound:TarBlob"}],"items_purged_floors":[29],"is_endless":false,"potions_floor_spawned":[6,9,10,12,14,15,19,26,28],"killed_by":"downfall:Watcher","ascension_level":3}}