{"host":"ufl0k2so27eic2iy","time":1610718710,"event":{"mods":["BaseMod","Minty Spire (QoL Compilation)","StSLib","The Animator"],"gold_per_floor":[118,133,148,148,172,201,201,63,63,81,11,11,11,23,23,109,136,165,99,116,137,149,178,139,139,139,139,179,229,165,191,191,262,262,288,303,329,17,35,73,73,73,128,148,180,190,190,225,225,225,225],"floor_reached":50,"language":"ENG","playtime":2511,"items_purged":["Strike_G"],"score":1201,"play_id":"ae49f628-70ad-4eec-aebd-325a3f048f10","local_time":"20210115135150","is_ascension_mode":true,"campfire_choices":[{"data":"Blade Dance","floor":7.0,"key":"SMITH"},{"data":"Neutralize","floor":12.0,"key":"SMITH"},{"data":"Finisher","floor":15.0,"key":"SMITH"},{"floor":25,"key":"REST"},{"floor":27,"key":"REST"},{"data":"Leg Sweep","floor":32,"key":"SMITH"},{"floor":41,"key":"REST"},{"floor":47,"key":"REST"},{"floor":49,"key":"RECALL"}],"circlet_count":0,"master_deck":["AscendersBane","Defend_G","Defend_G","Defend_G","Defend_G","Defend_G","Survivor","Neutralize+1","Blade Dance+1","Infinite Blades","Finisher+1","Blade Dance+1","Infinite Blades","Well Laid Plans+1","Envenom+1","All Out Attack+1","Bane+1","Flying Knee+1","Leg Sweep+1","Footwork+1","Dodge and Roll","PiercingWail","Accuracy+1","Accuracy+1","Deflect+1","Deflect","Backflip+1","Cloak And Dagger+1","PiercingWail+1"],"relics":["Ring of the Snake","CeramicFish","Kunai","Frozen Egg 2","Astrolabe","Gremlin Horn","Question Card","Singing Bowl","SlaversCollar","Mango","Pantograph","Snake Skull","Smiling Mask"],"acts_visited":["Exordium","TheCity","TheBeyond"],"potions_floor_usage":[23,28,31,36,50],"damage_taken":[{"damage":0.0,"enemies":"Small Slimes","floor":1.0,"turns":4.0},{"damage":0.0,"enemies":"Jaw Worm","floor":2.0,"turns":5.0},{"damage":6.0,"enemies":"Cultist","floor":3.0,"turns":4.0},{"damage":5.0,"enemies":"Lagavulin","floor":6.0,"turns":4.0},{"damage":4.0,"enemies":"Lots of Slimes","floor":10.0,"turns":4.0},{"damage":12.0,"enemies":"Exordium Wildlife","floor":14.0,"turns":3.0},{"damage":0.0,"enemies":"Slime Boss","floor":16.0,"turns":4.0},{"damage":0.0,"enemies":"Shell Parasite","floor":18.0,"turns":1.0},{"damage":0.0,"enemies":"3 Byrds","floor":20.0,"turns":5.0},{"damage":5.0,"enemies":"Shelled Parasite and Fungi","floor":21.0,"turns":5.0},{"damage":6.0,"enemies":"Centurion and Healer","floor":22.0,"turns":7.0},{"damage":43,"enemies":"Slavers","floor":23,"turns":6},{"damage":5,"enemies":"Gremlin Leader","floor":28,"turns":9},{"damage":6,"enemies":"Cultist and Chosen","floor":31,"turns":6},{"damage":11,"enemies":"Collector","floor":33,"turns":9},{"damage":16,"enemies":"Orb Walker","floor":35,"turns":4},{"damage":9,"enemies":"3 Shapes","floor":36,"turns":8},{"damage":18,"enemies":"Jaw Worm Horde","floor":37,"turns":5},{"damage":18,"enemies":"3 Darklings","floor":39,"turns":5},{"damage":0,"enemies":"Reptomancer","floor":40,"turns":6},{"damage":0,"enemies":"Sphere and 2 Shapes","floor":44,"turns":8},{"damage":0,"enemies":"Giant Head","floor":45,"turns":7},{"damage":14,"enemies":"Writhing Mass","floor":46,"turns":10},{"damage":3,"enemies":"Reptomancer","floor":48,"turns":5},{"damage":89,"enemies":"Awakened One","floor":50,"turns":14}],"seed_played":"-5070754531502558104","potions_obtained":[{"floor":2.0,"key":"Explosive Potion"},{"floor":3.0,"key":"Weak Potion"},{"floor":6.0,"key":"Strength Potion"},{"floor":23,"key":"SkillPotion"},{"floor":28,"key":"SkillPotion"},{"floor":35,"key":"Block Potion"},{"floor":40,"key":"BlessingOfTheForge"},{"floor":46,"key":"DistilledChaos"}],"is_trial":false,"path_per_floor":["M","M","M","?","T","E","R","$","T","M","$","R","?","M","R","B",null,"M","$","M","M","M","E","$","R","T","R","E","?","$","M","R","B",null,"M","M","M","$","M","E","R","?","T","M","E","M","R","E","R","B"],"character_chosen":"THE_SILENT","items_purchased":["Infinite Blades","Well Laid Plans+1","Footwork+1","PiercingWail","Accuracy+1","Mango","Cloak And Dagger"],"campfire_rested":4,"item_purchase_floors":[8,11,19,24,30,38,38],"current_hp_per_floor":[59,59,53,53,53,48,48,48,48,44,44,44,44,32,32,32,58,58,58,58,53,47,4,4,23,23,42,37,37,37,31,31,22,57,41,34,16,30,14,14,39,39,39,41,43,31,58,57,57,0,0],"gold":225,"neow_bonus":"TRANSFORM_CARD","is_daily":false,"chose_seed":false,"campfire_upgraded":4,"win_rate":0.0,"timestamp":1610718710,"path_taken":["M","M","M","?","?","E","R","$","T","?","?","R","?","M","R","BOSS","M","$","M","M","M","E","$","R","T","R","E","?","$","M","R","BOSS","M","M","M","$","?","E","R","?","T","?","E","?","R","E","R","BOSS"],"items_purchased_type":["Card","Card","Card","Card","Card","Relic","Card"],"build_version":"2020-12-22","purchased_purges":1,"victory":false,"max_hp_per_floor":[66,66,66,66,66,66,66,66,66,66,66,66,66,66,66,66,66,66,66,66,66,66,66,66,66,66,66,66,66,66,66,66,68,68,68,70,70,84,86,86,86,86,86,88,90,92,92,94,94,94,94],"card_choices":[{"not_picked":["Quick Slash","Crippling Poison"],"picked":"Infinite Blades","floor":1.0},{"not_picked":["Blur","Deadly Poison"],"picked":"Finisher","floor":2.0},{"not_picked":["Reflex","Outmaneuver"],"picked":"Blade Dance","floor":3.0},{"not_picked":["Acrobatics","Wraith Form v2","Dagger Throw"],"picked":"SKIP","floor":6.0},{"not_picked":["Dagger Throw","Masterful Stab","Acrobatics"],"picked":"SKIP","floor":10.0},{"not_picked":["Underhanded Strike","Prepared","Bane"],"picked":"SKIP","floor":14.0},{"not_picked":["After Image+1","Doppelganger"],"picked":"Envenom+1","floor":16.0},{"not_picked":["Dash","Backstab+1"],"picked":"Leg Sweep","floor":18.0},{"not_picked":["Flying Knee","Deadly Poison+1","Concentrate+1"],"picked":"SKIP","floor":20.0},{"not_picked":["Flying Knee","Deadly Poison+1","Concentrate+1"],"picked":"SKIP","floor":20.0},{"not_picked":["Dagger Spray","Flying Knee"],"picked":"Dodge and Roll","floor":21.0},{"not_picked":["Quick Slash+1","Poisoned Stab","Setup"],"picked":"SKIP","floor":22.0},{"not_picked":["Glass Knife","Bouncing Flask+1","Prepared+1"],"picked":"SKIP","floor":23},{"not_picked":["All Out Attack","Cloak And Dagger","Blade Dance"],"picked":"Accuracy+1","floor":28},{"not_picked":["Outmaneuver+1","Catalyst","Acrobatics"],"picked":"Deflect+1","floor":31},{"not_picked":["Envenom+1","Doppelganger","Corpse Explosion","Venomology"],"picked":"Singing Bowl","floor":33},{"not_picked":["PiercingWail","Sucker Punch+1","Dagger Spray"],"picked":"Deflect","floor":35},{"not_picked":["Tactician","Dagger Spray","Cloak And Dagger","Dash+1"],"picked":"Singing Bowl","floor":36},{"not_picked":["Heel Hook","Sucker Punch+1","Dagger Spray+1"],"picked":"Backflip+1","floor":37},{"not_picked":["Infinite Blades+1","Slice","Outmaneuver","Footwork+1"],"picked":"Singing Bowl","floor":39},{"not_picked":["Die Die Die","Glass Knife","Deadly Poison"],"picked":"PiercingWail+1","floor":40},{"not_picked":["Dagger Throw","Outmaneuver","Expertise","Slice"],"picked":"Singing Bowl","floor":44},{"not_picked":["Quick Slash","Doppelganger","Acrobatics","PiercingWail"],"picked":"Singing Bowl","floor":45},{"not_picked":["Noxious Fumes+1","Dash","Dagger Spray","Prepared"],"picked":"Singing Bowl","floor":46},{"not_picked":["Backflip","Burst","PiercingWail","Slice"],"picked":"Singing Bowl","floor":48}],"player_experience":2456458,"relics_obtained":[{"floor":5.0,"key":"CeramicFish"},{"floor":6.0,"key":"Kunai"},{"floor":9.0,"key":"Frozen Egg 2"},{"floor":23,"key":"Gremlin Horn"},{"floor":26,"key":"Question Card"},{"floor":28,"key":"Singing Bowl"},{"floor":40,"key":"Pantograph"},{"floor":45,"key":"Snake Skull"},{"floor":48,"key":"Smiling Mask"}],"event_choices":[{"damage_healed":0.0,"max_hp_gain":0.0,"max_hp_loss":0.0,"gold_gain":0.0,"event_name":"Living Wall","player_choice":"Grow","floor":4.0,"gold_loss":0.0,"damage_taken":0.0,"cards_upgraded":["Blade Dance"]},{"damage_healed":0.0,"max_hp_gain":0.0,"max_hp_loss":0.0,"gold_gain":0.0,"event_name":"Liars Game","player_choice":"Ignored","floor":13.0,"gold_loss":0.0,"damage_taken":0.0},{"damage_healed":0,"gold_gain":50,"player_choice":"Pray","damage_taken":0,"max_hp_gain":0,"max_hp_loss":0,"event_name":"Golden Shrine","floor":29,"gold_loss":0},{"damage_healed":0,"gold_gain":0,"player_choice":"Forge","damage_taken":0,"max_hp_gain":0,"max_hp_loss":0,"event_name":"Accursed Blacksmith","floor":42,"gold_loss":0,"cards_upgraded":["Cloak And Dagger"]}],"is_beta":false,"boss_relics":[{"not_picked":["Pandora\u0027s Box","Runic Pyramid"],"picked":"Astrolabe"},{"not_picked":["Tiny House","Empty Cage"],"picked":"SlaversCollar"}],"items_purged_floors":[8],"is_endless":false,"potions_floor_spawned":[2,3,6,22,23,28,35,40,44,46,48],"killed_by":"Awakened One","ascension_level":15}}