{"host":"2brg86hfzr3u5cix","time":1610715256,"event":{"mods":["AchievementEnabler","Ascension Unlocker","BaseMod","CapriCore","DeckTracker","Highlight Path","Keyboard Shortcuts","Minty Spire (QoL Compilation)","Permanent Neow","Relic Stats","StSLib","Twitch Utils","Uncapped","UnlockEverythingMod"],"gold_per_floor":[112,127,52,66,66,66,84,112,112,124,124,124],"floor_reached":11,"language":"KOR","playtime":231,"items_purged":["Strike_R"],"score":150,"play_id":"e6d5b48b-4c10-4bd6-ae1f-eb15c5a76b60","local_time":"20210115215416","is_ascension_mode":true,"campfire_choices":[{"data":"Whirlwind","floor":6,"key":"SMITH"}],"circlet_count":0,"master_deck":["AscendersBane","Strike_R","Strike_R","Strike_R","Defend_R","Defend_R","Defend_R","Defend_R","Bash","Shockwave","Whirlwind+1","Sword Boomerang","Seeing Red","Armaments","Sentinel"],"relics":["Burning Blood","NeowsBlessing","Pantograph","Calipers"],"acts_visited":["Exordium"],"potions_floor_usage":[7,8],"damage_taken":[{"damage":0,"enemies":"Cultist","floor":1,"turns":1},{"damage":0,"enemies":"Jaw Worm","floor":2,"turns":1},{"damage":0,"enemies":"2 Louse","floor":4,"turns":1},{"damage":13,"enemies":"Large Slime","floor":7,"turns":3},{"damage":30,"enemies":"Lagavulin","floor":8,"turns":4},{"damage":2,"enemies":"Looter","floor":10,"turns":3},{"damage":15,"enemies":"3 Sentries","floor":11,"turns":3}],"seed_played":"-5383514436251980711","potions_obtained":[{"floor":1,"key":"LiquidMemories"},{"floor":7,"key":"Strength Potion"},{"floor":10,"key":"Ancient Potion"}],"is_trial":false,"path_per_floor":["M","M","$","M","?","R","M","E","T","M","E"],"character_chosen":"IRONCLAD","items_purchased":[],"campfire_rested":0,"item_purchase_floors":[],"current_hp_per_floor":[74,75,75,75,75,75,68,44,44,48,33,33],"gold":124,"neow_bonus":"THREE_ENEMY_KILL","is_daily":false,"chose_seed":false,"campfire_upgraded":1,"win_rate":0.0,"timestamp":1610715256,"path_taken":["M","?","$","M","?","R","M","E","T","M","E"],"items_purchased_type":[],"build_version":"2020-12-22","purchased_purges":1,"victory":false,"max_hp_per_floor":[75,75,75,75,75,75,75,75,75,75,75,75],"relic_stats":{"counters":[7,16],"Pantograph":0,"obtain_stats":[{"Calipers":9,"NeowsBlessing":0,"Pantograph":8,"Burning Blood":0},{"Calipers":5,"NeowsBlessing":0,"Pantograph":5,"Burning Blood":0},{"Calipers":10,"NeowsBlessing":0,"Pantograph":10,"Burning Blood":0}],"Burning Blood":25},"card_choices":[{"not_picked":["Dual Wield","Ghostly Armor"],"picked":"Shockwave","floor":1},{"not_picked":["Iron Wave","Warcry"],"picked":"Whirlwind","floor":2},{"not_picked":["Second Wind","Anger"],"picked":"Sword Boomerang","floor":4},{"not_picked":["Warcry","Iron Wave"],"picked":"Seeing Red","floor":7},{"not_picked":["Cleave","Shrug It Off"],"picked":"Armaments","floor":8},{"not_picked":["Rupture","Body Slam"],"picked":"Sentinel","floor":10}],"player_experience":319374,"relics_obtained":[{"floor":8,"key":"Pantograph"},{"floor":9,"key":"Calipers"}],"event_choices":[{"cards_removed":["Strike_R"],"damage_healed":0,"gold_gain":0,"player_choice":"Purged","damage_taken":0,"max_hp_gain":0,"max_hp_loss":0,"event_name":"Purifier","floor":5,"gold_loss":0}],"is_beta":false,"boss_relics":[],"items_purged_floors":[3],"is_endless":false,"potions_floor_spawned":[1,7,10],"killed_by":"3 Sentries","ascension_level":20}}