{"host":"0r9ojvl99b3119ch","time":1610741656,"event":{"mods":["Act Like it!","BaseMod","Better Third Choice","BetterRewards","Downfall","Friendly Minions","Gensokyo","Hubris","Infinite Spire","Kiyohime????","Koishi","Marisa????????","Minty Spire (QoL Compilation)","Reimu??????","Remilia??????","Replay The Spire","Robot Space Explorer","Shop Mod","Spicy Shops","StSLib","Td1madao Mod","The Administrix","The Animator","The Judge","The Marked","The Servant 0.9.4","Waifu the Spire","WarShipGirlsR/????R mod","Youmu??????","Yuri Mod"],"gold_per_floor":[117,117,77,42,62,96,96,46,99,119,119,119,119,138,138,236,236,250,250,250,250,265,281,312,329,329,329,6,6,25,25,25,122,906,906],"floor_reached":34,"language":"ENG","playtime":1179,"items_purged":["Strike_G"],"score":454,"play_id":"034588ec-581f-4d59-9959-8c6e3c678ebd","local_time":"20210115141416","is_ascension_mode":true,"campfire_choices":[{"data":"Riddle With Holes","floor":7.0,"key":"SMITH"},{"data":"Neutralize","floor":11.0,"key":"SMITH"},{"floor":15.0,"key":"REST"},{"floor":27.0,"key":"REST"},{"floor":32.0,"key":"REST"}],"circlet_count":0,"master_deck":["Strike_G","Defend_G","Defend_G","Defend_G","Defend_G","Survivor","Neutralize+1","Riddle With Holes+1","Catalyst","Catalyst","Catalyst","Slice","Adrenaline","Heel Hook","Corpse Explosion","PiercingWail","Catalyst+1","Night Terror","Panacea","Writhe","Calculated Gamble+1","After Image"],"relics":["Ring of the Snake","Centennial Puzzle","Orichalcum","White Beast Statue","SacredBark","Bottled Lightning","Sundial","Strange Spoon","Paper Crane","Nloth\u0027s Gift","Busted Crown","MerchantsRug","Strawberry"],"acts_visited":["Exordium"],"potions_floor_usage":[],"damage_taken":[{"damage":0.0,"enemies":"Small Slimes","floor":1.0,"turns":1.0},{"damage":0.0,"enemies":"Cultist","floor":5.0,"turns":1.0},{"damage":0.0,"enemies":"Lagavulin","floor":6.0,"turns":1.0},{"damage":4.0,"enemies":"Jaw Worm","floor":10.0,"turns":3.0},{"damage":3.0,"enemies":"Looter","floor":14.0,"turns":2.0},{"damage":7.0,"enemies":"The Guardian","floor":16.0,"turns":9.0},{"damage":0.0,"enemies":"Chosen","floor":18.0,"turns":2.0},{"damage":6.0,"enemies":"Shell Parasite","floor":22.0,"turns":3.0},{"damage":5.0,"enemies":"Snecko","floor":23.0,"turns":3.0},{"damage":14.0,"enemies":"Book of Stabbing","floor":24.0,"turns":4.0},{"damage":10.0,"enemies":"Shelled Parasite and Fungi","floor":25.0,"turns":3.0},{"damage":2.0,"enemies":"Centurion and Healer","floor":30.0,"turns":2.0},{"damage":7.0,"enemies":"Champ","floor":33.0,"turns":4.0}],"seed_played":"4487571849424320560","potions_obtained":[{"floor":3.0,"key":"LiquidBronze"},{"floor":3.0,"key":"Swift Potion"},{"floor":3.0,"key":"PowerPotion"},{"floor":6.0,"key":"Fire Potion"},{"floor":14.0,"key":"Fire Potion"},{"floor":16.0,"key":"Strength Potion"},{"floor":18.0,"key":"BlessingOfTheForge"},{"floor":22.0,"key":"FearPotion"},{"floor":23.0,"key":"SpeedPotion"},{"floor":24.0,"key":"AttackPotion"},{"floor":25.0,"key":"SneckoOil"},{"floor":30.0,"key":"PowerPotion"},{"floor":33.0,"key":"BlessingOfTheForge"}],"is_trial":false,"path_per_floor":["M","?","?","$","M","E","R","?","T","M","R","?","?","M","R","B",null,"M","?","?","?","M","M","E","M","T","R","$","?","M","?","R","B",null],"character_chosen":"THE_SILENT","items_purchased":["Catalyst","Strange Spoon","Panacea","MerchantsRug","Strawberry"],"campfire_rested":3,"item_purchase_floors":[4,28,28,34,34],"current_hp_per_floor":[63,56,56,56,56,56,56,56,56,52,52,34,34,31,52,45,64,64,64,51,51,45,40,26,16,16,38,38,38,36,36,58,51,35,35],"gold":906,"neow_bonus":"THREE_ENEMY_KILL","is_daily":false,"chose_seed":false,"campfire_upgraded":2,"win_rate":0.0,"timestamp":1610741656,"path_taken":["M","?","?","$","?","E","R","?","T","M","R","?","?","M","R","BOSS","M","?","?","?","?","M","E","M","T","R","$","?","M","?","R","BOSS"],"items_purchased_type":["Card","Relic","Card","Relic","Relic"],"build_version":"2020-12-22","purchased_purges":1,"victory":false,"max_hp_per_floor":[70,70,70,70,70,70,70,70,70,70,70,70,70,70,70,70,70,70,70,75,75,75,75,75,75,75,75,75,75,75,75,75,75,82,82],"card_choices":[{"not_picked":["Deadly Poison","Backflip"],"picked":"Riddle With Holes","floor":1.0},{"not_picked":["Blur","Poisoned Stab"],"picked":"Catalyst","floor":5.0},{"not_picked":["Poisoned Stab","Setup"],"picked":"Catalyst","floor":6.0},{"not_picked":["Dodge and Roll","Bane"],"picked":"Slice","floor":10.0},{"not_picked":["Predator","Finisher"],"picked":"Heel Hook","floor":14.0},{"not_picked":["Burst","Envenom"],"picked":"Corpse Explosion","floor":16.0},{"not_picked":["Setup+1","Dagger Throw"],"picked":"PiercingWail","floor":18.0},{"not_picked":["Dagger Spray","Sucker Punch+1"],"picked":"Catalyst+1","floor":22.0},{"not_picked":["Dagger Spray","Endless Agony+1","Expertise"],"picked":"SKIP","floor":23.0},{"not_picked":["Cloak And Dagger","Underhanded Strike+1","Masterful Stab"],"picked":"SKIP","floor":24.0},{"not_picked":["Underhanded Strike+1","Acrobatics"],"picked":"Night Terror","floor":25.0},{"not_picked":["Dagger Throw+1","Eviscerate"],"picked":"Calculated Gamble+1","floor":30.0},{"not_picked":["Phantasmal Killer","Die Die Die"],"picked":"After Image","floor":33.0}],"player_experience":322164,"relics_obtained":[{"floor":6.0,"key":"Centennial Puzzle"},{"floor":9.0,"key":"Orichalcum"},{"floor":24.0,"key":"Bottled Lightning"},{"floor":26.0,"key":"Sundial"}],"event_choices":[{"cards_removed":["Defend_G"],"damage_healed":0.0,"max_hp_gain":0.0,"max_hp_loss":0.0,"gold_gain":0.0,"event_name":"Golden Wing","player_choice":"Card Removal","floor":2.0,"gold_loss":0.0,"damage_taken":7.0},{"damage_healed":0.0,"max_hp_gain":0.0,"max_hp_loss":0.0,"gold_gain":0.0,"event_name":"The Woman in Blue","player_choice":"Bought 3 Potions","floor":3.0,"gold_loss":0.0,"damage_taken":0.0},{"cards_removed":["Strike_G"],"damage_healed":0.0,"max_hp_gain":0.0,"max_hp_loss":0.0,"gold_gain":0.0,"event_name":"The Cleric","player_choice":"Card Removal","floor":8.0,"gold_loss":50.0,"damage_taken":0.0},{"damage_healed":0.0,"max_hp_gain":0.0,"max_hp_loss":0.0,"gold_gain":0.0,"event_name":"Scrap Ooze","player_choice":"Success","floor":12.0,"gold_loss":0.0,"damage_taken":18.0,"relics_obtained":["White Beast Statue"]},{"damage_healed":0.0,"max_hp_gain":0.0,"max_hp_loss":0.0,"gold_gain":0.0,"cards_transformed":["Strike_G"],"event_name":"Living Wall","player_choice":"Change","floor":13.0,"gold_loss":0.0,"damage_taken":0.0,"cards_obtained":["Adrenaline"]},{"damage_healed":0.0,"max_hp_gain":0.0,"max_hp_loss":0.0,"gold_gain":0.0,"event_name":"Ghosts","player_choice":"Ignored","floor":19.0,"gold_loss":0.0,"damage_taken":0.0},{"damage_healed":0.0,"max_hp_gain":5.0,"max_hp_loss":0.0,"gold_gain":0.0,"event_name":"Forgotten Altar","player_choice":"Shed Blood","floor":20.0,"gold_loss":0.0,"damage_taken":18.0},{"cards_removed":["Strike_G"],"damage_healed":0.0,"max_hp_gain":0.0,"max_hp_loss":0.0,"gold_gain":0.0,"event_name":"Purifier","player_choice":"Purged","floor":21.0,"gold_loss":0.0,"damage_taken":0.0},{"damage_healed":0.0,"max_hp_gain":0.0,"max_hp_loss":0.0,"gold_gain":0.0,"event_name":"The Mausoleum","player_choice":"Opened","floor":29.0,"gold_loss":0.0,"damage_taken":0.0,"relics_obtained":["Paper Crane"],"cards_obtained":["Writhe"]},{"damage_healed":0.0,"max_hp_gain":0.0,"max_hp_loss":0.0,"gold_gain":0.0,"event_name":"N\u0027loth","player_choice":"Traded Relic","floor":31.0,"relics_lost":["NeowsBlessing"],"gold_loss":0.0,"damage_taken":0.0,"relics_obtained":["Nloth\u0027s Gift"]}],"is_beta":false,"boss_relics":[{"not_picked":["Ring of the Serpent","Velvet Choker"],"picked":"SacredBark"},{"not_picked":["Runic Pyramid","HoveringKite"],"picked":"Busted Crown"}],"items_purged_floors":[28],"is_endless":false,"potions_floor_spawned":[6,14,16,18,22,23,24,25,30,33],"ascension_level":7}}