{"host":"9l1knhxfturzliqa","time":1610676919,"event":{"mods":["BaseMod","Colored Map","Colored Powertips","DeckTracker","Highlight Path","Keyboard Shortcuts","Minty Spire (QoL Compilation)","Random Character Button"],"gold_per_floor":[118,129,146,161,172,172,188,188,242,255,14,14,28,42,42,42,42],"floor_reached":16,"language":"KOR","playtime":812,"items_purged":["Doubt"],"score":181,"play_id":"dbc5d1e5-8502-483f-8fd1-afdb2ea70ee1","local_time":"20210115111519","is_ascension_mode":true,"campfire_choices":[{"data":"Blur","floor":6.0,"key":"SMITH"},{"data":"Burst","floor":8.0,"key":"SMITH"},{"data":"Neutralize","floor":12.0,"key":"SMITH"},{"floor":15.0,"key":"REST"}],"circlet_count":0,"master_deck":["AscendersBane","Strike_G","Strike_G","Strike_G","Strike_G","Strike_G","Defend_G","Defend_G","Defend_G","Defend_G","Defend_G","Survivor","Neutralize+1","Blade Dance","Deflect","Poisoned Stab","Backflip","Blur+1","Burst+1","Acrobatics","Dodge and Roll","Bullet Time"],"relics":["Ring of the Snake","Turnip","Bag of Marbles","Bag of Preparation"],"acts_visited":["Exordium"],"potions_floor_usage":[16],"damage_taken":[{"damage":7.0,"enemies":"Jaw Worm","floor":1.0,"turns":7.0},{"damage":7.0,"enemies":"Cultist","floor":2.0,"turns":5.0},{"damage":5.0,"enemies":"Small Slimes","floor":3.0,"turns":4.0},{"damage":14.0,"enemies":"Exordium Thugs","floor":4.0,"turns":7.0},{"damage":4.0,"enemies":"2 Fungi Beasts","floor":5.0,"turns":5.0},{"damage":0.0,"enemies":"Looter","floor":7.0,"turns":4.0},{"damage":0.0,"enemies":"Lots of Slimes","floor":10.0,"turns":3.0},{"damage":11.0,"enemies":"Exordium Thugs","floor":13.0,"turns":7.0},{"damage":0.0,"enemies":"Looter","floor":14.0,"turns":1.0},{"damage":39,"enemies":"Slime Boss","floor":16,"turns":11}],"seed_played":"-5103565978655340185","potions_obtained":[{"floor":4.0,"key":"SpeedPotion"},{"floor":7.0,"key":"PowerPotion"},{"floor":10.0,"key":"SkillPotion"},{"floor":14.0,"key":"DistilledChaos"}],"is_trial":false,"path_per_floor":["M","M","M","M","M","R","M","R","T","M","$","R","M","M","R","B"],"character_chosen":"THE_SILENT","items_purchased":["Bag of Preparation"],"campfire_rested":1,"item_purchase_floors":[11],"current_hp_per_floor":[52,45,40,26,22,22,22,22,22,22,22,22,11,11,30,0,0],"gold":42,"neow_bonus":"ONE_RARE_RELIC","is_daily":false,"chose_seed":false,"campfire_upgraded":3,"win_rate":0.0,"timestamp":1610676919,"path_taken":["M","M","M","M","M","R","M","R","T","M","$","R","M","M","R","BOSS"],"items_purchased_type":["Relic"],"build_version":"2020-12-22","purchased_purges":1,"victory":false,"max_hp_per_floor":[66,66,66,66,66,66,66,66,66,66,66,66,66,66,66,66,66],"card_choices":[{"not_picked":["Prepared","Bane"],"picked":"Blade Dance","floor":1.0},{"not_picked":["Dodge and Roll","Expertise"],"picked":"Deflect","floor":2.0},{"not_picked":["Acrobatics","Choke"],"picked":"Poisoned Stab","floor":3.0},{"not_picked":["Distraction","Cloak And Dagger"],"picked":"Backflip","floor":4.0},{"not_picked":["Quick Slash","Deadly Poison"],"picked":"Blur","floor":5.0},{"not_picked":["Masterful Stab","Deflect"],"picked":"Burst","floor":7.0},{"not_picked":["Backflip","Blade Dance"],"picked":"Acrobatics","floor":10.0},{"not_picked":["Cloak And Dagger","Slice"],"picked":"Dodge and Roll","floor":13.0},{"not_picked":["Endless Agony","Deadly Poison"],"picked":"Bullet Time","floor":14.0}],"player_experience":445267,"relics_obtained":[{"floor":9.0,"key":"Bag of Marbles"}],"event_choices":[],"is_beta":false,"boss_relics":[],"items_purged_floors":[11],"is_endless":false,"potions_floor_spawned":[4,7,10,14],"killed_by":"Slime Boss","ascension_level":17}}