{"host":"gf6ih3azu8xi0kst","time":1610751509,"event":{"mods":["AchievementEnabler","BaseMod","Bestiary","Colored Map","Colored Powertips","Dark Map","Marisa????????","Minty Spire (QoL Compilation)","StSLib","The Cursed","The Senshi","The Servant 0.9.4","??????REMEMod"],"gold_per_floor":[362,362,377,393,408,433,433,433,457,473,508,29,4,20,20,125,125,137,155,155,169,180,180,105,125,175,125,0,13,13,33,33,133,133,147,166,166,176,0,0,0,19,43,43,53,63,74,87,87,87,87],"floor_reached":50,"language":"ENG","playtime":6979,"items_purged":["Strike_R","Strike_R"],"score":487,"play_id":"26aa492e-5d25-40f5-a019-a9a6ee902383","local_time":"20210115205829","is_ascension_mode":false,"campfire_choices":[{"floor":7.0,"key":"RECALL"},{"data":"Sadistic Nature","floor":15.0,"key":"SMITH"},{"floor":23.0,"key":"REST"},{"floor":30.0,"key":"REST"},{"data":"Flex","floor":32.0,"key":"SMITH"},{"floor":40.0,"key":"REST"},{"floor":44.0,"key":"REST"},{"floor":49,"key":"REST"}],"circlet_count":0,"master_deck":["Strike_R+1","Defend_R","Defend_R","Defend_R","Defend_R","Bash","Sadistic Nature+1","Twin Strike+1","Flex+1","Twin Strike","Clash","Inflame","Anger","Dropkick","Havoc","Infernal Blade","Demon Form","Thunderclap","Shrug It Off","Thunderclap","Sword Boomerang","Flash of Steel","True Grit+1","REME_TheLastStrike","Feed","Shrug It Off+1","Cleave","REME_AllRoundStrike","Anger+1","Wraith","Heavy Blade","Body Slam","Rage+1","Iron Wave+1","Perfected Strike"],"relics":["Burning Blood","REME_ComplimentaryCards","Red Skull","MealTicket","Shuriken","Bag of Marbles","REME_LowDesire","PreservedInsect","Smiling Mask","Whetstone","Runic Cube","Red Mask","Anchor"],"acts_visited":["Exordium","TheCity","TheBeyond"],"potions_floor_usage":[47,50],"damage_taken":[{"damage":0.0,"enemies":"Jaw Worm","floor":1.0,"turns":5.0},{"damage":1.0,"enemies":"Cultist","floor":3.0,"turns":3.0},{"damage":2.0,"enemies":"Small Slimes","floor":4.0,"turns":4.0},{"damage":1.0,"enemies":"Exordium Thugs","floor":5.0,"turns":3.0},{"damage":8.0,"enemies":"Gremlin Nob","floor":6.0,"turns":4.0},{"damage":4.0,"enemies":"Blue Slaver","floor":10.0,"turns":3.0},{"damage":31.0,"enemies":"Lagavulin","floor":11.0,"turns":6.0},{"damage":0.0,"enemies":"Looter","floor":14.0,"turns":2.0},{"damage":34.0,"enemies":"The Guardian","floor":16.0,"turns":7.0},{"damage":5.0,"enemies":"Chosen","floor":18.0,"turns":3.0},{"damage":22.0,"enemies":"3 Byrds","floor":19.0,"turns":4.0},{"damage":28.0,"enemies":"Centurion and Healer","floor":21.0,"turns":4.0},{"damage":10.0,"enemies":"Snecko","floor":22.0,"turns":3.0},{"damage":15.0,"enemies":"Snake Plant","floor":25.0,"turns":3.0},{"damage":13.0,"enemies":"Centurion and Healer","floor":29.0,"turns":4.0},{"damage":0.0,"enemies":"Cultist and Chosen","floor":31.0,"turns":4.0},{"damage":60.0,"enemies":"Champ","floor":33.0,"turns":8.0},{"damage":14.0,"enemies":"Orb Walker","floor":35.0,"turns":3.0},{"damage":33.0,"enemies":"3 Darklings","floor":36.0,"turns":4.0},{"damage":13.0,"enemies":"Jaw Worm Horde","floor":38.0,"turns":4.0},{"damage":40.0,"enemies":"Sphere and 2 Shapes","floor":42.0,"turns":4.0},{"damage":43.0,"enemies":"Spire Growth","floor":45.0,"turns":4.0},{"damage":13.0,"enemies":"4 Shapes","floor":46.0,"turns":3.0},{"damage":4,"enemies":"Transient","floor":47,"turns":5},{"damage":27,"enemies":"Spire Growth","floor":48,"turns":3},{"damage":57,"enemies":"Time Eater","floor":50,"turns":5}],"seed_played":"-8280811481681087494","potions_obtained":[{"floor":3.0,"key":"HeartOfIron"},{"floor":5.0,"key":"PowerPotion"},{"floor":10.0,"key":"Block Potion"},{"floor":11.0,"key":"Block Potion"},{"floor":22.0,"key":"ElixirPotion"},{"floor":29.0,"key":"SkillPotion"},{"floor":33.0,"key":"FairyPotion"},{"floor":38.0,"key":"Explosive Potion"},{"floor":45.0,"key":"DuplicationPotion"},{"floor":46.0,"key":"SteroidPotion"},{"floor":48,"key":"SteroidPotion"}],"is_trial":false,"path_per_floor":["M","?","M","M","M","E","R","?","T","M","E","$","$","M","R","B",null,"M","M","?","M","M","R","?","M","T","$","?","M","R","M","R","B",null,"M","M","?","M","?","R","?","M","T","R","M","M","M","M","R","B"],"character_chosen":"IRONCLAD","items_purchased":["Shuriken","Bag of Marbles","Havoc"],"campfire_rested":5,"item_purchase_floors":[12,12,13],"current_hp_per_floor":[72,72,72,72,72,70,70,70,70,72,47,62,72,72,72,44,72,72,56,43,21,17,40,40,31,31,46,46,39,62,68,68,14,77,69,45,45,38,38,62,62,28,28,52,15,8,10,30,54,0,0],"gold":87,"neow_bonus":"TWO_FIFTY_GOLD","is_daily":false,"chose_seed":false,"campfire_upgraded":2,"win_rate":0.0,"timestamp":1610751509,"path_taken":["M","?","?","M","M","E","R","?","T","M","E","?","$","M","R","BOSS","M","M","?","M","M","R","?","M","T","$","?","M","R","?","R","BOSS","M","M","?","M","?","R","?","M","T","R","M","M","?","M","R","BOSS"],"items_purchased_type":["Relic","Relic","Card"],"build_version":"2020-12-22","purchased_purges":2,"victory":false,"max_hp_per_floor":[72,72,72,72,72,72,72,72,72,72,72,72,72,72,72,72,72,72,72,77,77,77,77,77,77,77,77,77,77,77,77,77,77,77,77,80,80,80,80,80,80,80,80,80,80,80,80,80,80,80,80],"card_choices":[{"not_picked":["Hemokinesis","Sentinel"],"picked":"Twin Strike","floor":1.0},{"not_picked":["REME_FearOfPain","Wild Strike"],"picked":"Flex","floor":3.0},{"not_picked":["Headbutt","Dual Wield"],"picked":"Twin Strike","floor":4.0},{"not_picked":["Ghostly Armor","True Grit"],"picked":"Clash","floor":5.0},{"not_picked":["Twin Strike","Shrug It Off"],"picked":"Inflame","floor":6.0},{"not_picked":["Armaments","Carnage"],"picked":"Anger","floor":10.0},{"not_picked":["Bludgeon","REME_FearOfPain"],"picked":"Dropkick","floor":11.0},{"not_picked":["Perfected Strike","Headbutt"],"picked":"Infernal Blade","floor":14.0},{"not_picked":["Barricade","Impervious"],"picked":"Demon Form","floor":16.0},{"not_picked":["REME_FearOfPain","Heavy Blade+1","Enlightenment"],"picked":"Thunderclap","floor":18.0},{"not_picked":["Uppercut","Sword Boomerang","Panache"],"picked":"Shrug It Off","floor":19.0},{"not_picked":["Shockwave","Evolve","Impatience+1"],"picked":"Thunderclap","floor":21.0},{"not_picked":["REME_Fury","Twin Strike","REME_BuildACard"],"picked":"Sword Boomerang","floor":22.0},{"not_picked":["Flame Barrier","Armaments","Searing Blow"],"picked":"Flash of Steel","floor":25.0},{"not_picked":["Warcry","Cleave","Deep Breath"],"picked":"True Grit+1","floor":29.0},{"not_picked":["Metallicize+1","Heavy Blade","PanicButton"],"picked":"REME_TheLastStrike","floor":31.0},{"not_picked":["Reaper","Berserk","Swift Strike"],"picked":"Feed","floor":33.0},{"not_picked":["Dual Wield","True Grit+1","Metamorphosis"],"picked":"Shrug It Off+1","floor":35.0},{"not_picked":["Headbutt","Hemokinesis+1","REME_AllRoundStrike"],"picked":"Cleave","floor":36.0},{"not_picked":["REME_WheelOfFate","Metamorphosis"],"picked":"REME_AllRoundStrike","floor":37.0},{"not_picked":["Shrug It Off+1","Fire Breathing+1","REME_HeartOfCthun"],"picked":"Anger+1","floor":38.0},{"not_picked":["Cleave","REME_FearOfPain+1","REME_ShortnessOfBreath"],"picked":"Heavy Blade","floor":42.0},{"not_picked":["Seeing Red","Fire Breathing+1","Master of Strategy"],"picked":"Body Slam","floor":45.0},{"not_picked":["REME_TheLastStrike","Clothesline+1","Finesse+1"],"picked":"Rage+1","floor":46.0},{"not_picked":["Wild Strike+1","Sword Boomerang+1","Forethought"],"picked":"Iron Wave+1","floor":47},{"not_picked":["Rupture+1","Headbutt","Jack Of All Trades+1"],"picked":"Perfected Strike","floor":48}],"player_experience":226385,"relics_obtained":[{"floor":6.0,"key":"Red Skull"},{"floor":11.0,"key":"MealTicket"},{"floor":17.0,"key":"PreservedInsect"},{"floor":17.0,"key":"Smiling Mask"},{"floor":26.0,"key":"Whetstone"},{"floor":43.0,"key":"Anchor"}],"event_choices":[{"cards_removed":["Strike_R"],"damage_healed":0.0,"max_hp_gain":0.0,"max_hp_loss":0.0,"gold_gain":0.0,"event_name":"NoteForYourself","player_choice":"Took Card","floor":2.0,"gold_loss":0.0,"damage_taken":0.0,"cards_obtained":["Strike_G"]},{"cards_removed":["Strike_G"],"damage_healed":0.0,"max_hp_gain":0.0,"max_hp_loss":0.0,"gold_gain":0.0,"event_name":"Bonfire Elementals","player_choice":"Offered Basic","floor":8.0,"gold_loss":0.0,"damage_taken":0.0},{"damage_healed":0.0,"max_hp_gain":5.0,"max_hp_loss":0.0,"gold_gain":0.0,"event_name":"Forgotten Altar","player_choice":"Shed Blood","floor":20.0,"gold_loss":0.0,"damage_taken":18.0},{"cards_removed":["Strike_R"],"damage_healed":0.0,"max_hp_gain":0.0,"max_hp_loss":0.0,"gold_gain":0.0,"event_name":"Beggar","player_choice":"Gave Gold","floor":24.0,"gold_loss":75.0,"damage_taken":0.0},{"damage_healed":0.0,"max_hp_gain":0.0,"max_hp_loss":0.0,"gold_gain":0.0,"event_name":"Masked Bandits","player_choice":"Paid Fearfully","floor":28.0,"gold_loss":125.0,"damage_taken":0.0},{"damage_healed":0.0,"max_hp_gain":0.0,"max_hp_loss":0.0,"gold_gain":0.0,"event_name":"SensoryStone","player_choice":"Memory 1","floor":37.0,"gold_loss":0.0,"damage_taken":0.0},{"damage_healed":0.0,"max_hp_gain":0.0,"max_hp_loss":0.0,"gold_gain":0.0,"event_name":"Tomb of Lord Red Mask","player_choice":"Paid","floor":39.0,"gold_loss":176.0,"damage_taken":0.0,"relics_obtained":["Red Mask"]},{"damage_healed":0.0,"max_hp_gain":0.0,"max_hp_loss":0.0,"gold_gain":0.0,"event_name":"OrinTheCat","player_choice":"Ignored","floor":41.0,"gold_loss":0.0,"damage_taken":0.0}],"is_beta":false,"boss_relics":[{"not_picked":["Pandora\u0027s Box","Philosopher\u0027s Stone"],"picked":"REME_LowDesire"},{"not_picked":["Runic Dome","Busted Crown"],"picked":"Runic Cube"}],"items_purged_floors":[12,27],"is_endless":false,"potions_floor_spawned":[3,5,10,11,22,29,31,33,38,45,46,48],"killed_by":"Time Eater","ascension_level":0}}