{"host":"0z8p0l3aig5hhlq1","time":1610719300,"event":{"mods":["Aspiration","BaseMod","Beaked The Cultist","BetterRewards","Conspire","Custom Start","Downfall","Friendly Minions","Googly Eyes","Hero for Fun","HololiveMod","Hubris","Infinite Spire","Jorbs\u0027s Wanderer Trilogy","Kiyohime????","Mad Scientist","Marisa????????","Minty Spire (QoL Compilation)","Remilia??????","Replay The Spire","SOS???????","Shop Mod","StSLib","Td1madao Mod","The Administrix","The Animator","The Bladedancer","The Construct","The Cursed","The Disciple","The Gatherer","The Jungle","The Mystic","The Necromancer","The Poker Player","The Runesmith","The Saiyan","The Servant 0.9.4","The Wild Card","vexMod","???Mod??????Boss"],"gold_per_floor":[99,117,136,199,199,199,199,212,212,229,229,240,240,251,266,366,366,366,366,366,366],"floor_reached":19,"language":"ENG","playtime":1480,"items_purged":[],"score":159,"play_id":"12a14b88-e750-4df7-b91b-33c464560a2c","local_time":"20210115070140","is_ascension_mode":false,"campfire_choices":[{"floor":1,"key":"RECALL"},{"data":"Guardian:RollAttack","floor":6,"key":"SMITH"},{"floor":13,"key":"REST"},{"floor":18,"key":"DIG"}],"circlet_count":0,"master_deck":["Guardian:Strike_Guardian","Guardian:Strike_Guardian","Guardian:Strike_Guardian","Guardian:Strike_Guardian","Guardian:Defend_Guardian","Guardian:Defend_Guardian","Guardian:Defend_Guardian","Guardian:Defend_Guardian","Guardian:CurlUp","Guardian:TwinSlam","Guardian:RollAttack+1","Guardian:TemporalStrike","Guardian:Clone","Pain","Guardian:Gem_Crimson","Guardian:DonusPower","Guardian:Preprogram","Guardian:FloatingOrbs","Guardian:Reroute","Guardian:ConstructionForm"],"relics":["Guardian:ModeShifter","vexMod:BarristanHead","WarpedTongs","downfall:BrokenWingStatue","Sozu","infinitespire:PuzzleCube"],"acts_visited":["Exordium","TheCity"],"potions_floor_usage":[],"damage_taken":[{"damage":3,"enemies":"Small Slimes","floor":2,"turns":4},{"damage":6,"enemies":"Jaw Worm","floor":3,"turns":4},{"damage":26,"enemies":"3 Sentries","floor":4,"turns":8},{"damage":2,"enemies":"Cultist","floor":8,"turns":4},{"damage":9,"enemies":"3 Louse","floor":10,"turns":3},{"damage":14,"enemies":"Exordium Thugs","floor":12,"turns":3},{"damage":8,"enemies":"Red Slaver","floor":14,"turns":2},{"damage":9,"enemies":"Exordium Wildlife","floor":15,"turns":5},{"damage":29,"enemies":"downfall:Silent","floor":16,"turns":9},{"damage":0,"enemies":"Spheric Guardian","floor":19,"turns":1}],"seed_played":"2045340446490812429","potions_obtained":[{"floor":2,"key":"Dexterity Potion"},{"floor":3,"key":"SteroidPotion"},{"floor":10,"key":"SpeedPotion"},{"floor":11,"key":"downfall:CursedFountainPotion"}],"is_trial":false,"path_per_floor":["R","M","M","?","?","R","T","M","?","M","?","M","R","M","M","B",null,"R","M"],"character_chosen":"GUARDIAN","items_purchased":[],"campfire_rested":1,"item_purchase_floors":[],"current_hp_per_floor":[88,85,79,53,53,53,53,51,51,42,42,28,54,46,37,8,88,88,88,88,88],"gold":366,"neow_bonus":"TEN_PERCENT_HP_BONUS","is_daily":false,"chose_seed":false,"campfire_upgraded":1,"win_rate":0.0,"timestamp":1610719300,"path_taken":["R","M","M","?","?","R","T","?","?","M","?","?","R","M","M","BOSS","R","M"],"items_purchased_type":[],"build_version":"2020-12-22","purchased_purges":0,"victory":false,"max_hp_per_floor":[88,88,88,88,88,88,88,88,88,88,88,88,88,88,88,88,88,88,88,88,88],"card_choices":[{"not_picked":["Guardian:TemporalShield","Guardian:Gem_Green"],"picked":"Guardian:RollAttack","floor":2},{"not_picked":["Guardian:VentSteam","Guardian:TimeCapacitor"],"picked":"Guardian:TemporalStrike","floor":3},{"not_picked":["Guardian:Gem_Green","Guardian:CrystalBeam"],"picked":"Guardian:Clone","floor":4},{"not_picked":["Guardian:Gem_Green","Guardian:Recover"],"picked":"Guardian:Gem_Crimson","floor":8},{"not_picked":["Guardian:Gem_Blue","Guardian:RollAttack"],"picked":"Guardian:DonusPower","floor":10},{"not_picked":["Guardian:Gem_Red","Guardian:MultiBeam"],"picked":"Guardian:Preprogram","floor":12},{"not_picked":["Guardian:PiercingHide","Guardian:Gem_Blue"],"picked":"Guardian:FloatingOrbs","floor":14},{"not_picked":["Guardian:RollAttack","Guardian:Suspension"],"picked":"Guardian:Reroute","floor":15},{"not_picked":["Guardian:ExploitGems","Guardian:StasisField"],"picked":"Guardian:ConstructionForm","floor":16}],"player_experience":22340,"relics_obtained":[{"floor":18,"key":"infinitespire:PuzzleCube"}],"event_choices":[],"is_beta":false,"boss_relics":[{"not_picked":["vexMod:RockOfEvil","downfall:Hecktoplasm"],"picked":"Sozu"}],"items_purged_floors":[],"is_endless":false,"potions_floor_spawned":[2,3,10,14],"killed_by":"Spheric Guardian","ascension_level":0}}