{"host":"svwqvw2il1zfkkg0","time":1610702392,"event":{"mods":["AchievementEnabler","BaseMod","BetterRewards","Colored Map","Colored Powertips","Custom Start","Downfall","GifTheSpireLib","Highlight Path","Hubris","Infinite Spire","Minty Spire (QoL Compilation)","Quick Restart","Replay The Spire","Shop Mod","StSLib","SuperFastMode"],"gold_per_floor":[110,124,136,101,115,141,141,170,217,251,251,263,263,282,282,379,379,395,33,45,62,76,102,102,115,115,128,56,56,56,69,69,174,174,185,185,199,4,14,46,60,110,110,110,110,144,161,178,178,178,178],"floor_reached":50,"language":"ENG","playtime":1922,"items_purged":[],"score":623,"play_id":"71b077b0-0451-4b79-ac4c-9b85f40893cf","local_time":"20210115011952","is_ascension_mode":false,"campfire_choices":[{"data":"Replay:Bag of Tricks","floor":7,"key":"SMITH"},{"data":"Backstab","floor":15,"key":"SMITH"},{"data":"Die Die Die","floor":24,"key":"SMITH"},{"data":"Blade Dance","floor":29,"key":"SMITH"},{"floor":32,"key":"REST"},{"data":"Bullet Time","floor":49,"key":"SMITH"}],"circlet_count":0,"master_deck":["Strike_G+1","Strike_G","Strike_G","Strike_G","Strike_G","Defend_G","Defend_G","Defend_G","Defend_G","Defend_G+1","Survivor","Neutralize","Cloak And Dagger","Endless Agony","PiercingWail","Replay:Bag of Tricks+1","Backstab+1","Prepared","Die Die Die+1","Flying Knee+1","Poisoned Stab+1","Blade Dance","Blade Dance","After Image+1","Flying Knee+1","Blade Dance+1","Accuracy+1","Tools of the Trade+1","Corpse Explosion","Slice+1","Poisoned Stab+1","Cloak And Dagger","Dash+1","Dash+1","Dagger Spray","Bullet Time+1","Dagger Throw+1","Parasite"],"relics":["Ring of the Snake","Vampiric Spirits","Replay:Baseball","hubris:SlimyHat","Orichalcum","Frozen Egg 2","Black Star","Bag of Marbles","TwistedFunnel","Bronze Scales","Pantograph","Smiling Mask","hubris:ScarierMask","ClockworkSouvenir","ReplayFunnel","hubris:BundleOfHerbs","CaptainsWheel","infinitespire:CheckeredPen","Replay:Rubber Ducky","Whetstone","The Courier"],"acts_visited":["Exordium","TheCity","TheBeyond"],"potions_floor_usage":[8,8,8,10,10,16,16,22,33,33,33,39,40,40,40],"damage_taken":[{"damage":1,"enemies":"Jaw Worm","floor":1,"turns":5},{"damage":2,"enemies":"2 Louse","floor":2,"turns":3},{"damage":9,"enemies":"Small Slimes","floor":3,"turns":3},{"damage":0,"enemies":"2 Fungi Beasts","floor":5,"turns":4},{"damage":26,"enemies":"Replay:BlueRogue","floor":6,"turns":9},{"damage":9,"enemies":"Lagavulin","floor":8,"turns":5},{"damage":0,"enemies":"3 Sentries","floor":10,"turns":7},{"damage":1,"enemies":"3 Louse","floor":12,"turns":3},{"damage":0,"enemies":"Exordium Thugs","floor":14,"turns":3},{"damage":27,"enemies":"Hexaghost","floor":16,"turns":10},{"damage":10,"enemies":"2 Thieves","floor":18,"turns":4},{"damage":0,"enemies":"Chosen","floor":20,"turns":3},{"damage":9,"enemies":"Snecko","floor":21,"turns":4},{"damage":6,"enemies":"Centurion and Healer","floor":22,"turns":3},{"damage":0,"enemies":"Replay:Snechameleon","floor":23,"turns":5},{"damage":4,"enemies":"Sentry and Sphere","floor":25,"turns":4},{"damage":0,"enemies":"Snecko","floor":27,"turns":3},{"damage":14,"enemies":"Snake Plant","floor":31,"turns":3},{"damage":49,"enemies":"Automaton","floor":33,"turns":7},{"damage":3,"enemies":"3 Darklings","floor":35,"turns":2},{"damage":5,"enemies":"Orb Walker","floor":37,"turns":2},{"damage":20,"enemies":"Maw","floor":39,"turns":6},{"damage":4,"enemies":"Nemesis","floor":40,"turns":5},{"damage":11,"enemies":"Spire Growth","floor":41,"turns":4},{"damage":4,"enemies":"Mind Bloom Boss Battle","floor":42,"turns":7},{"damage":7,"enemies":"R_Hoarder","floor":46,"turns":6},{"damage":1,"enemies":"Jaw Worm Horde","floor":47,"turns":2},{"damage":0,"enemies":"Writhing Mass","floor":48,"turns":4},{"damage":122,"enemies":"Awakened One","floor":50,"turns":12}],"seed_played":"8120251310103839195","potions_obtained":[{"floor":3,"key":"EntropicBrew"},{"floor":5,"key":"ColorlessPotion"},{"floor":6,"key":"Explosive Potion"},{"floor":12,"key":"SpeedPotion"},{"floor":16,"key":"SkillPotion"},{"floor":21,"key":"Poison Potion"},{"floor":22,"key":"Swift Potion"},{"floor":35,"key":"Guardian:BlockOnCardUsePotion"},{"floor":37,"key":"Poison Potion"},{"floor":39,"key":"Swift Potion"}],"is_trial":false,"path_per_floor":["M","M","M","?","M","E","R","E","T","E","?","M","T","M","R","B",null,"M","$","M","M","M","E","R","M","T","M","$","R","?","M","R","B",null,"M","?","M","$","M","E","M","?","T","?","AVR","E","M","M","R","B"],"character_chosen":"THE_SILENT","items_purchased":["Bag of Marbles","TwistedFunnel","Flying Knee","ColorlessPotion","Accuracy+1","ClockworkSouvenir","Energy Potion"],"campfire_rested":1,"item_purchase_floors":[19,19,19,19,28,38,38],"current_hp_per_floor":[69,67,58,70,70,44,44,39,39,44,67,69,69,70,70,43,70,60,60,70,61,64,70,70,66,66,70,70,70,70,56,70,21,70,67,67,65,65,50,54,54,66,66,66,66,63,66,70,70,0,0],"gold":178,"neow_bonus":"RANDOM_EVENT","is_daily":false,"chose_seed":false,"campfire_upgraded":5,"win_rate":0.0,"timestamp":1610702392,"path_taken":["M","M","M","?","M","E","R","E","T","E","?","M","?","M","R","BOSS","M","$","M","M","M","E","R","M","T","M","$","R","?","?","R","BOSS","M","?","M","$","M","E","M","?","T","?","AVR","E","M","M","R","BOSS"],"items_purchased_type":["Relic","Relic","Card","Potion","Card","Relic","Potion"],"build_version":"2020-12-22","purchased_purges":0,"victory":false,"max_hp_per_floor":[70,70,70,70,70,70,70,70,70,70,70,70,70,70,70,70,70,70,70,70,70,70,70,70,70,70,70,70,70,70,70,70,70,70,70,70,70,70,70,70,70,70,70,70,70,70,70,70,70,70,70],"card_choices":[{"not_picked":["Calculated Gamble","Bane"],"picked":"Cloak And Dagger","floor":1},{"not_picked":["Terror","Draining Mist"],"picked":"Endless Agony","floor":2},{"not_picked":["Acrobatics","Tactician"],"picked":"PiercingWail","floor":3},{"not_picked":["Expertise","Acrobatics","Predator"],"picked":"SKIP","floor":5},{"not_picked":["Hidden Blade","Footwork"],"picked":"Replay:Bag of Tricks","floor":6},{"not_picked":["Wraith Form v2","Poisoned Stab"],"picked":"Backstab","floor":8},{"not_picked":["Bane","PiercingWail"],"picked":"Prepared","floor":10},{"not_picked":["hubris:SlightOfHand","PiercingWail","Sneak Up"],"picked":"SKIP","floor":12},{"not_picked":["Deadly Poison","Bane","Crippling Poison"],"picked":"SKIP","floor":14},{"not_picked":["Venomology","Poison Darts"],"picked":"Die Die Die","floor":16},{"not_picked":["PiercingWail+1","ReplayTheSpireMod:Exploit Weakness","Underhanded Strike+1"],"picked":"SKIP","floor":18},{"not_picked":["Deadly Poison","Sucker Punch"],"picked":"Poisoned Stab+1","floor":20},{"not_picked":["Dagger Spray","Cloak And Dagger"],"picked":"Blade Dance","floor":21},{"not_picked":["Hidden Blade","hubris:TrickCloak+1"],"picked":"Blade Dance","floor":22},{"not_picked":["Hidden Blade","Concentrate"],"picked":"After Image+1","floor":23},{"not_picked":["Outmaneuver+1","hubris:Sniper+1"],"picked":"Flying Knee+1","floor":25},{"not_picked":["Slice","Deflect+1"],"picked":"Blade Dance","floor":27},{"not_picked":["PiercingWail","Flying Knee+1"],"picked":"Tools of the Trade+1","floor":31},{"not_picked":["Poison Darts","Malaise"],"picked":"Corpse Explosion","floor":33},{"not_picked":["Quick Slash+1","Dagger Spray"],"picked":"Slice+1","floor":35},{"not_picked":["hubris:Counter+1","Sneak Up+1"],"picked":"Poisoned Stab+1","floor":37},{"not_picked":["Infinite Blades+1","PiercingWail"],"picked":"Cloak And Dagger","floor":39},{"not_picked":["Infinite Blades+1","Underhanded Strike"],"picked":"Dash+1","floor":40},{"not_picked":["Catalyst+1","Escape Plan"],"picked":"Dash+1","floor":41},{"not_picked":["Underhanded Strike","hubris:Counter"],"picked":"Dagger Spray","floor":42},{"not_picked":["Sucker Punch","Predator"],"picked":"Bullet Time","floor":46},{"not_picked":["Flechettes+1","Outmaneuver"],"picked":"Dagger Throw+1","floor":47},{"not_picked":["Sucker Punch","Quick Slash","Riddle With Holes"],"picked":"SKIP","floor":48}],"player_experience":483654,"relics_obtained":[{"floor":6,"key":"Vampiric Spirits"},{"floor":8,"key":"Replay:Baseball"},{"floor":9,"key":"hubris:SlimyHat"},{"floor":10,"key":"Orichalcum"},{"floor":13,"key":"Frozen Egg 2"},{"floor":23,"key":"Bronze Scales"},{"floor":23,"key":"Pantograph"},{"floor":26,"key":"Smiling Mask"},{"floor":40,"key":"ReplayFunnel"},{"floor":40,"key":"hubris:BundleOfHerbs"},{"floor":42,"key":"CaptainsWheel"},{"floor":43,"key":"infinitespire:CheckeredPen"},{"floor":46,"key":"Whetstone"},{"floor":46,"key":"The Courier"}],"event_choices":[{"damage_healed":17,"gold_gain":0,"player_choice":"Healed","damage_taken":0,"max_hp_gain":0,"max_hp_loss":0,"event_name":"The Cleric","floor":4,"gold_loss":35},{"damage_healed":23,"gold_gain":0,"player_choice":"Banana","damage_taken":0,"max_hp_gain":0,"max_hp_loss":0,"event_name":"Big Fish","floor":11,"gold_loss":0},{"damage_healed":0,"gold_gain":0,"player_choice":"Bought 0 Potions","damage_taken":0,"max_hp_gain":0,"max_hp_loss":0,"event_name":"The Woman in Blue","floor":30,"gold_loss":0},{"damage_healed":0,"gold_gain":0,"player_choice":"Ignored","damage_taken":0,"max_hp_gain":0,"max_hp_loss":0,"event_name":"Tomb of Lord Red Mask","floor":36,"gold_loss":0},{"damage_healed":0,"gold_gain":0,"player_choice":"Fight","damage_taken":0,"max_hp_gain":0,"max_hp_loss":0,"event_name":"MindBloom","floor":42,"gold_loss":0},{"damage_healed":0,"gold_gain":0,"player_choice":"0 cards matched","damage_taken":0,"max_hp_gain":0,"max_hp_loss":0,"event_name":"Match and Keep!","floor":44,"gold_loss":0,"cards_obtained":[]}],"is_beta":false,"boss_relics":[{"not_picked":["Tiny House","Snecko Eye"],"picked":"Black Star"},{"not_picked":["hubris:Stopwatch","Empty Cage"],"picked":"hubris:ScarierMask"}],"items_purged_floors":[],"is_endless":false,"potions_floor_spawned":[3,5,6,12,16,21,22,31,35,37,39],"killed_by":"Awakened One","ascension_level":0}}