{"host":"a2lvm7nbw6nkrc91","time":1610714437,"event":{"mods":["BaseMod","Friendly Minions","Hermit","Lobotomy","Minty Spire (QoL Compilation)","Replay The Spire","StSLib"],"gold_per_floor":[110,124,199,250,260,260,260],"floor_reached":6,"language":"KOR","playtime":169,"items_purged":[],"score":36,"play_id":"43cca89d-0a46-4513-b0d7-da1359002cff","local_time":"20210115214037","is_ascension_mode":false,"campfire_choices":[],"circlet_count":0,"master_deck":["hermit:Strike_Hermit","hermit:Strike_Hermit","hermit:Strike_Hermit","hermit:Strike_Hermit","hermit:Defend_Hermit","hermit:Defend_Hermit","hermit:Defend_Hermit","hermit:Defend_Hermit","hermit:Snapshot","hermit:Covet","CrumblingArmor","hermit:Snipe","hermit:Determination","hermit:SprayPray"],"relics":["hermit:Momento","CogitoBucket","Blue Doll"],"acts_visited":["Exordium"],"potions_floor_usage":[],"damage_taken":[{"damage":3,"enemies":"Jaw Worm","floor":1,"turns":3},{"damage":10,"enemies":"2 Louse","floor":2,"turns":3},{"damage":0,"enemies":"Small Slimes","floor":5,"turns":3},{"damage":66,"enemies":"Lagavulin","floor":6,"turns":5}],"seed_played":"2461917303436742611","potions_obtained":[],"is_trial":false,"path_per_floor":["M","M","?","T","M","E"],"character_chosen":"HERMIT","items_purchased":[],"campfire_rested":0,"item_purchase_floors":[],"current_hp_per_floor":[72,62,51,51,51,0,0],"gold":260,"neow_bonus":"","is_daily":false,"chose_seed":false,"campfire_upgraded":0,"win_rate":0.0,"timestamp":1610714437,"path_taken":["M","M","?","?","M","E"],"items_purchased_type":[],"build_version":"2020-12-22","purchased_purges":0,"victory":false,"max_hp_per_floor":[75,75,75,75,75,75,75],"card_choices":[{"not_picked":["OSAHOGD","QueenOfHatred","MHz"],"picked":"Singing Bowl","floor":1},{"not_picked":["Murderer","Wellcheers"],"picked":"CrumblingArmor","floor":1},{"not_picked":["hermit:Quickdraw","hermit:Shortfuse"],"picked":"hermit:Snipe","floor":1},{"not_picked":["Laetitia","Bloodbath","PunishingBird"],"picked":"Singing Bowl","floor":2},{"not_picked":["hermit:TrackingShot","hermit:CalledShot"],"picked":"hermit:Determination","floor":2},{"not_picked":["Scorched","Murderer","BeautyBeast"],"picked":"Singing Bowl","floor":5},{"not_picked":["hermit:Headshot","hermit:Misfire"],"picked":"hermit:SprayPray","floor":5}],"player_experience":506566,"relics_obtained":[{"floor":4,"key":"Blue Doll"}],"event_choices":[{"damage_healed":0,"gold_gain":75,"player_choice":"Gather Gold","damage_taken":11,"max_hp_gain":0,"max_hp_loss":0,"event_name":"World of Goop","floor":3,"gold_loss":0}],"is_beta":false,"boss_relics":[],"items_purged_floors":[],"is_endless":false,"potions_floor_spawned":[],"killed_by":"Lagavulin","ascension_level":0}}