{"host":"utcbn1j9ebmpc40m","time":1610740994,"event":{"mods":["BaseMod","Better Altar","Better Match","GifTheSpireLib","Minty Spire (QoL Compilation)","Poor People Problems","StSLib","SuperFastMode","The IronCluck","The Servant 0.9.4"],"gold_per_floor":[115,215,226,239,66,66,92,92,92,92,92,18,18,43,43,142,142,166,191,191,33,33,33],"floor_reached":22,"language":"ENG","playtime":358,"items_purged":[],"score":300,"play_id":"1d81a132-0000-43dc-905b-a6eb290b3cdb","local_time":"20210115150314","is_ascension_mode":true,"campfire_choices":[{"data":"Flex","floor":6,"key":"SMITH"},{"floor":11,"key":"REST"},{"floor":13,"key":"REST"},{"floor":15,"key":"REST"}],"circlet_count":0,"master_deck":["AscendersBane","Strike_R+1","Strike_R+1","Strike_R+1","Strike_R+1","Strike_R+1","Defend_R+1","Defend_R+1","Defend_R+1","Defend_R+1","Bash","Flex+1","Flex","Heavy Blade","Corruption","Shrug It Off","Injury","Inflame+1","Heavy Blade","Juggernaut+1","CurseOfTheBell","Rage+1","Demon Form+1"],"relics":["Burning Blood","War Paint","Frozen Egg 2","Golden Idol","Sundial","Calling Bell","Centennial Puzzle","Self Forming Clay","Girya"],"acts_visited":["Exordium","TheCity"],"potions_floor_usage":[16],"damage_taken":[{"damage":8,"enemies":"Jaw Worm","floor":1,"turns":4},{"damage":11,"enemies":"Cultist","floor":3,"turns":5},{"damage":4,"enemies":"Small Slimes","floor":4,"turns":4},{"damage":66,"enemies":"3 Sentries","floor":7,"turns":12},{"damage":16,"enemies":"Blue Slaver","floor":14,"turns":4},{"damage":61,"enemies":"The Guardian","floor":16,"turns":12},{"damage":18,"enemies":"Spheric Guardian","floor":18,"turns":4},{"damage":38,"enemies":"Shell Parasite","floor":19,"turns":6},{"damage":33,"enemies":"3 Cultists","floor":22,"turns":4}],"seed_played":"5138464412922397269","potions_obtained":[{"floor":1,"key":"Block Potion"},{"floor":14,"key":"GamblersBrew"},{"floor":19,"key":"SteroidPotion"}],"is_trial":false,"path_per_floor":["M","?","M","M","$","R","E","?","T","$","R","$","R","M","R","B",null,"M","M","?","$","M"],"character_chosen":"IRONCLAD","items_purchased":["Heavy Blade","Corruption","Inflame+1","Demon Form+1"],"campfire_rested":3,"item_purchase_floors":[5,5,12,21],"current_hp_per_floor":[70,70,65,67,67,67,7,7,7,7,31,31,55,45,69,14,64,52,20,20,20,0,0],"gold":33,"neow_bonus":"RANDOM_COMMON_RELIC","is_daily":false,"chose_seed":false,"campfire_upgraded":1,"win_rate":0.0,"timestamp":1610740994,"path_taken":["M","?","?","M","$","R","E","?","T","?","R","$","R","M","R","BOSS","M","M","?","$","M"],"items_purchased_type":["Card","Card","Card","Card"],"build_version":"2020-12-22","purchased_purges":0,"victory":false,"max_hp_per_floor":[80,80,80,80,80,80,80,80,80,80,80,80,80,80,80,80,80,80,80,80,80,80,80],"card_choices":[{"not_picked":["Pommel Strike","Searing Blow","Thunderclap"],"picked":"SKIP","floor":1},{"not_picked":["Clash","True Grit"],"picked":"Flex","floor":3},{"not_picked":["Clash","Warcry"],"picked":"Flex","floor":4},{"not_picked":["Wild Strike","Combust+1"],"picked":"Shrug It Off","floor":7},{"not_picked":["Rampage","Clothesline"],"picked":"Heavy Blade","floor":14},{"not_picked":["Exhume","Bludgeon"],"picked":"Juggernaut+1","floor":16},{"not_picked":["Warcry","Flame Barrier"],"picked":"Rage+1","floor":18},{"not_picked":["True Grit","Shrug It Off","Clash"],"picked":"SKIP","floor":19}],"player_experience":494876,"relics_obtained":[{"floor":7,"key":"Frozen Egg 2"},{"floor":9,"key":"Sundial"},{"floor":17,"key":"Centennial Puzzle"},{"floor":17,"key":"Self Forming Clay"},{"floor":17,"key":"Girya"}],"event_choices":[{"damage_healed":0,"gold_gain":100,"player_choice":"Pray","damage_taken":0,"max_hp_gain":0,"max_hp_loss":0,"event_name":"Golden Shrine","floor":2,"gold_loss":0},{"damage_healed":0,"gold_gain":0,"player_choice":"Take Wound","damage_taken":0,"relics_obtained":["Golden Idol"],"max_hp_gain":0,"max_hp_loss":0,"event_name":"Golden Idol","floor":8,"gold_loss":0,"cards_obtained":["Injury"]},{"damage_healed":0,"gold_gain":0,"player_choice":"Simplicity","damage_taken":0,"max_hp_gain":0,"max_hp_loss":0,"event_name":"Back to Basics","floor":20,"gold_loss":0,"cards_upgraded":["Strike_R","Strike_R","Strike_R","Strike_R","Strike_R","Defend_R","Defend_R"]}],"is_beta":false,"boss_relics":[{"not_picked":["Astrolabe","Ectoplasm"],"picked":"Calling Bell"}],"items_purged_floors":[],"is_endless":false,"potions_floor_spawned":[1,14,19],"killed_by":"3 Cultists","ascension_level":13}}