{"host":"k7udt7atmcuzf6l0","time":1610697433,"event":{"mods":["AchievementEnabler","BaseMod","Colored Map","Colored Powertips","Highlight Path","Minty Spire (QoL Compilation)","Quick Restart","Rare Cards Sparkle","StSLib","UnlockEverythingMod"],"gold_per_floor":[119,119,142,142,161,161,177,209,232,265,265,278,278,290,290,387,387,407,76,76,175,190,190,204,204,204,215,215,227,244,262,262,357,357,374,390,390,409,420,420,420,450,477,69,81,81,0,25,25,25],"floor_reached":51,"language":"ZHT","playtime":1295,"items_purged":[],"score":769,"play_id":"c04cbb6a-05f2-4465-9911-66ce7ca7c708","local_time":"20210115155713","is_ascension_mode":false,"campfire_choices":[{"data":"Flex","floor":6.0,"key":"SMITH"},{"data":"Pommel Strike","floor":11.0,"key":"SMITH"},{"data":"Armaments","floor":13.0,"key":"SMITH"},{"data":"Whirlwind","floor":15.0,"key":"SMITH"},{"data":"Corruption","floor":23,"key":"SMITH"},{"data":"Dual Wield","floor":25,"key":"SMITH"},{"data":"Inflame","floor":28,"key":"SMITH"},{"data":"Clash","floor":32,"key":"SMITH"},{"floor":40,"key":"RECALL"},{"data":"Sword Boomerang","floor":46,"key":"SMITH"},{"data":"Brutality","floor":49,"key":"SMITH"}],"circlet_count":0,"master_deck":["Strike_R","Strike_R+1","Strike_R+1","Strike_R","Defend_R+1","Defend_R+1","Defend_R","Bash","Clash+1","Flex+1","Clash+1","Pommel Strike+1","Reaper","Armaments+1","Whirlwind+1","Corruption+1","Pommel Strike+1","Inflame+1","Dual Wield+1","Clash+1","Flex+1","Warcry+1","Armaments+1","Reaper","Flame Barrier+1","Thunderclap+1","Good Instincts+1","Battle Trance+1","Sword Boomerang+1","Apotheosis+1","Flex+1","Sentinel+1","Brutality+1"],"relics":["Burning Blood","NeowsBlessing","Happy Flower","Whetstone","Nunchaku","Toy Ornithopter","Philosopher\u0027s Stone","Vajra","Medical Kit","Toxic Egg 2","Coffee Dripper","Orichalcum","Akabeko","Lantern","Red Mask","War Paint"],"acts_visited":["Exordium","TheCity","TheBeyond"],"potions_floor_usage":[16,29,33,33,38,42,45,50],"damage_taken":[{"damage":0.0,"enemies":"Cultist","floor":1.0,"turns":1.0},{"damage":0.0,"enemies":"Jaw Worm","floor":5.0,"turns":1.0},{"damage":0.0,"enemies":"Small Slimes","floor":7.0,"turns":1.0},{"damage":18.0,"enemies":"Lagavulin","floor":8.0,"turns":3.0},{"damage":0.0,"enemies":"Gremlin Nob","floor":10.0,"turns":1.0},{"damage":8.0,"enemies":"Red Slaver","floor":12.0,"turns":2.0},{"damage":0.0,"enemies":"Large Slime","floor":14.0,"turns":3.0},{"damage":25,"enemies":"Hexaghost","floor":16,"turns":6},{"damage":0,"enemies":"Spheric Guardian","floor":18,"turns":2},{"damage":16,"enemies":"3 Byrds","floor":22,"turns":4},{"damage":13,"enemies":"Centurion and Healer","floor":24,"turns":2},{"damage":9,"enemies":"3 Cultists","floor":27,"turns":3},{"damage":15,"enemies":"Shelled Parasite and Fungi","floor":29,"turns":3},{"damage":0,"enemies":"Snecko","floor":30,"turns":2},{"damage":0,"enemies":"Centurion and Healer","floor":31,"turns":3},{"damage":39,"enemies":"Collector","floor":33,"turns":4},{"damage":12,"enemies":"3 Shapes","floor":35,"turns":2},{"damage":0,"enemies":"Orb Walker","floor":36,"turns":1},{"damage":18,"enemies":"Spire Growth","floor":38,"turns":3},{"damage":14,"enemies":"4 Shapes","floor":39,"turns":3},{"damage":0,"enemies":"Giant Head","floor":42,"turns":5},{"damage":14,"enemies":"Maw","floor":45,"turns":5},{"damage":27,"enemies":"Reptomancer","floor":48,"turns":4},{"damage":134,"enemies":"Awakened One","floor":50,"turns":8}],"seed_played":"-6081135411923420615","potions_obtained":[{"floor":5.0,"key":"SpeedPotion"},{"floor":7.0,"key":"ColorlessPotion"},{"floor":8.0,"key":"SteroidPotion"},{"floor":16,"key":"BlessingOfTheForge"},{"floor":22,"key":"LiquidBronze"},{"floor":27,"key":"Strength Potion"},{"floor":31,"key":"Explosive Potion"},{"floor":35,"key":"AttackPotion"},{"floor":36,"key":"Block Potion"},{"floor":39,"key":"PowerPotion"},{"floor":48,"key":"FairyPotion"}],"is_trial":false,"path_per_floor":["M","?","T","?","M","R","M","E","T","E","R","M","R","M","R","B",null,"M","$","?","?","M","R","M","R","T","M","R","M","M","M","R","B",null,"M","M","?","M","M","R","?","E","T","$","M","R","?","E","R","B",null],"character_chosen":"IRONCLAD","items_purchased":["Vajra","Inflame","Medical Kit","Lantern","Apotheosis+1","Flex+1","Strength Potion"],"campfire_rested":0,"item_purchase_floors":[19,19,19,44,44,44,44],"current_hp_per_floor":[80,80,80,80,80,80,80,68,68,74,74,76,76,80,80,61,80,80,80,65,65,55,55,55,55,55,69,69,65,71,81,81,76,85,85,85,85,73,68,68,68,79,79,79,85,85,85,74,74,11],"gold":25,"neow_bonus":"THREE_ENEMY_KILL","is_daily":false,"chose_seed":false,"campfire_upgraded":10,"win_rate":0.0,"timestamp":1610697433,"path_taken":["M","?","?","?","M","R","M","E","T","E","R","M","R","M","R","BOSS","M","$","?","?","M","R","M","R","T","M","R","M","M","M","R","BOSS","M","M","?","M","M","R","?","E","T","$","M","R","?","E","R","BOSS"],"items_purchased_type":["Relic","Card","Relic","Relic","Card","Card","Potion"],"build_version":"2020-12-22","purchased_purges":0,"victory":true,"max_hp_per_floor":[80,80,80,80,80,80,80,80,80,80,80,80,80,80,80,80,80,80,80,85,85,85,85,85,85,85,85,85,85,85,85,85,85,85,85,85,85,85,85,85,85,85,85,85,85,85,85,85,85,85],"card_choices":[{"not_picked":["Evolve","Armaments"],"picked":"Clash","floor":1.0},{"not_picked":["Feel No Pain","Twin Strike"],"picked":"Flex","floor":5.0},{"not_picked":["Rupture","Wild Strike"],"picked":"Clash","floor":7.0},{"not_picked":["Evolve","Anger"],"picked":"Pommel Strike","floor":8.0},{"not_picked":["Heavy Blade","Wild Strike"],"picked":"Reaper","floor":10.0},{"not_picked":["Heavy Blade","Shrug It Off"],"picked":"Armaments","floor":12.0},{"not_picked":["Fiend Fire","Twin Strike"],"picked":"Whirlwind","floor":14.0},{"not_picked":["Exhume","Brutality"],"picked":"Corruption","floor":16},{"not_picked":["Cleave","Armaments+1"],"picked":"Pommel Strike+1","floor":18},{"not_picked":["Hemokinesis","Rupture"],"picked":"Dual Wield","floor":22},{"not_picked":["Disarm","Cleave"],"picked":"Clash+1","floor":24},{"not_picked":["Heavy Blade","Second Wind+1"],"picked":"Flex+1","floor":27},{"not_picked":["Havoc+1","Carnage"],"picked":"Warcry+1","floor":29},{"not_picked":["Twin Strike","Wild Strike","Clothesline+1"],"picked":"SKIP","floor":30},{"not_picked":["Power Through+1","Carnage"],"picked":"Armaments+1","floor":31},{"not_picked":["Fiend Fire","Demon Form"],"picked":"Reaper","floor":33},{"not_picked":["Wild Strike+1","Clash+1"],"picked":"Flame Barrier+1","floor":35},{"not_picked":["Blood for Blood","Dropkick"],"picked":"Thunderclap+1","floor":36},{"not_picked":["Purity+1","Mind Blast"],"picked":"Good Instincts+1","floor":37},{"not_picked":["Rampage+1","Iron Wave+1"],"picked":"Battle Trance+1","floor":38},{"not_picked":["Corruption","Clash","Searing Blow"],"picked":"SKIP","floor":39},{"not_picked":["Hemokinesis","Combust"],"picked":"Sword Boomerang","floor":42},{"not_picked":["Reckless Charge+1","Clothesline"],"picked":"Sentinel+1","floor":45},{"not_picked":["Power Through+1","Cleave+1"],"picked":"Brutality","floor":48}],"player_experience":71143,"relics_obtained":[{"floor":3.0,"key":"Happy Flower"},{"floor":8.0,"key":"Whetstone"},{"floor":9.0,"key":"Nunchaku"},{"floor":10.0,"key":"Toy Ornithopter"},{"floor":26,"key":"Toxic Egg 2"},{"floor":42,"key":"Orichalcum"},{"floor":43,"key":"Akabeko"},{"floor":48,"key":"War Paint"}],"event_choices":[{"damage_healed":0.0,"max_hp_gain":0.0,"max_hp_loss":0.0,"gold_gain":0.0,"event_name":"Living Wall","player_choice":"Grow","floor":2.0,"gold_loss":0.0,"damage_taken":0.0,"cards_upgraded":["Clash"]},{"cards_removed":["Defend_R"],"damage_healed":0.0,"max_hp_gain":0.0,"max_hp_loss":0.0,"gold_gain":0.0,"event_name":"Bonfire Elementals","player_choice":"Offered Basic","floor":4.0,"gold_loss":0.0,"damage_taken":0.0},{"damage_healed":0,"gold_gain":0,"player_choice":"Shed Blood","damage_taken":20,"max_hp_gain":5,"max_hp_loss":0,"event_name":"Forgotten Altar","floor":20,"gold_loss":0},{"damage_healed":0,"gold_gain":99,"player_choice":"Stole From Cult","damage_taken":0,"max_hp_gain":0,"max_hp_loss":0,"event_name":"Nest","floor":21,"gold_loss":0},{"damage_healed":0,"gold_gain":0,"player_choice":"Memory 1","damage_taken":0,"max_hp_gain":0,"max_hp_loss":0,"event_name":"SensoryStone","floor":37,"gold_loss":0},{"cards_removed":["Strike_R"],"damage_healed":0,"gold_gain":0,"player_choice":"Removed Attack","damage_taken":0,"max_hp_gain":0,"max_hp_loss":0,"event_name":"Falling","floor":41,"gold_loss":0},{"damage_healed":0,"gold_gain":0,"player_choice":"Paid","damage_taken":0,"relics_obtained":["Red Mask"],"max_hp_gain":0,"max_hp_loss":0,"event_name":"Tomb of Lord Red Mask","floor":47,"gold_loss":81}],"is_beta":false,"boss_relics":[{"not_picked":["Ectoplasm","Astrolabe"],"picked":"Philosopher\u0027s Stone"},{"not_picked":["Mark of Pain","Snecko Eye"],"picked":"Coffee Dripper"}],"items_purged_floors":[],"is_endless":false,"potions_floor_spawned":[5,7,8,16,22,27,31,35,36,39,48],"ascension_level":0}}