{"host":"lxtc5dws2zoiy0qv","time":1610690473,"event":{"mods":["Act Like it!","Aspiration","BaseMod","BetterRewards","Conspire","Downfall","Gensokyo","Hallownest","Minty Spire (QoL Compilation)","Remilia（蕾米莉亚）","Replay The Spire","RumiaBox-露米娅的神秘盒子","Shop Mod","StSLib","The Bug Knight","The Construct","The Cursed","The Servant 0.9.4","[IsaacMod]以撒尖塔","vexMod"],"gold_per_floor":[399,414,429,444,459,489,514,104,104,27,57,57,57,132,147,247,247,22,37,62,77,77,77,127,157,157,257,287,12,12,27,42,142,142,142,157,207,207,182,182,257,307,307,17,32,62,93,93,108,108,108,138,34,34,34,34],"floor_reached":55,"language":"ZHS","playtime":11571,"items_purged":["HollowMod:WraithStrike","HollowMod:QuickDashStart","HollowMod:NailStrikeStart","Lust_TH","HollowMod:LordofShades+1","HollowMod:WraithStrike"],"score":989,"play_id":"0820f92b-eda6-45fa-800a-2418149295eb","local_time":"20210115140113","daily_mods":["Heirloom","Vintage","Elite Swarm"],"is_ascension_mode":false,"campfire_choices":[{"data":"HollowMod:PogoStrike","floor":1.0,"key":"SMITH"},{"floor":9.0,"key":"RECALL"},{"data":"HollowMod:SlysStrikes","floor":13.0,"key":"SMITH"},{"data":"HollowMod:LordofShades","floor":18.0,"key":"SMITH"},{"data":"HollowMod:MothsMistake","floor":26.0,"key":"SMITH"},{"data":"HollowMod:Weaversong","floor":30,"key":"SMITH"},{"data":"HollowMod:VengefulSpirit","floor":35,"key":"SMITH"},{"data":"HollowMod:NailStrikeStart","floor":40,"key":"SMITH"},{"data":"HollowMod:QuickDashStart","floor":43,"key":"SMITH"},{"data":"HollowMod:Weaversong","floor":54,"key":"SMITH"}],"circlet_count":0,"master_deck":["HollowMod:NailStrikeStart+1","HollowMod:NailStrikeStart+1","HollowMod:NailStrikeStart","HollowMod:QuickDashStart+1","HollowMod:QuickDashStart+1","HollowMod:QuickDashStart","HollowMod:FocusHealStart+1","HollowMod:PogoStrike+1","BloodyBrimstone+1","HollowMod:Weaversong+1","HollowMod:DesolateDive+1","HollowMod:MantisMark+1","HollowMod:SlysStrikes+1","HollowMod:MothsMistake+1","HollowMod:HerrahsAnger+1","HollowMod:CloakDash+1","HollowMod:Weaversong+1","HollowMod:DungDefenderAura+1","HollowMod:HerrahsAnger+1","HollowMod:GrimmsGift+1","HollowMod:VengefulSpirit+1","HollowMod:GreatSlash+1","HollowMod:CloakDash+1","HollowMod:CycloneSlash+1","HollowMod:SoulEater+1","HollowMod:Weaversong+1","HollowMod:HuntersJournal+1","HollowMod:Weaversong"],"relics":["HollowMod:VesselMask","HushsDoor","BookOfRevelations","Replay:Mystery Machine","aspiration:FrozenJewel","vexMod:InvisibilityCloak","HollowMod:KingsBrand","MerchantsRug","construct:RocketBooster","Toxic Egg 2","Coffee Dripper","downfall:HeartBlessingRed","downfall:HeartBlessingGreen","downfall:HeartBlessingBlue","aspiration:HummingbirdHeart","Blue Doll","Happy Flower","Blood Vial","vexMod:RedPlottingStone","The Courier","GodSword4","Coffee Dripper","BelialBook","Counterbalance","ZombieArmy","vexMod:BigBerry","GuppysHairball","GuppysTail","Ice Cream","vexMod:CardConverter","Matryoshka","Replay:Ringing Soul","HollowMod:LifeEnderRelic","HollowMod:MantisClawRelic","Bronze Scales","PreservedInsect","Leech","construct:FoamFinger","Gambling Chip","aspiration:VileToxins","vexMod:ScavengeHelm","aspiration:Lifesprig","Replay:Baseball"],"acts_visited":["Exordium","TheCity","TheBeyond","TheEnding"],"potions_floor_usage":[33,33,50,50,55],"damage_taken":[{"damage":0.0,"enemies":"Cultist","floor":2.0,"turns":3.0},{"damage":4.0,"enemies":"2 Louse","floor":3.0,"turns":3.0},{"damage":0.0,"enemies":"Small Slimes","floor":4.0,"turns":4.0},{"damage":0.0,"enemies":"Blue Slaver","floor":5.0,"turns":3.0},{"damage":10.0,"enemies":"Lagavulin","floor":6.0,"turns":4.0},{"damage":0.0,"enemies":"downfall:FleeingMerchant","floor":8.0,"turns":4.0},{"damage":3.0,"enemies":"downfall:FleeingMerchant","floor":10.0,"turns":4.0},{"damage":0.0,"enemies":"3 Sentries","floor":11.0,"turns":3.0},{"damage":0.0,"enemies":"3 Louse","floor":15.0,"turns":4.0},{"damage":27.0,"enemies":"HollowMod:FalseKnight","floor":16.0,"turns":5.0},{"damage":6.0,"enemies":"3 Byrds","floor":19.0,"turns":4.0},{"damage":8.0,"enemies":"Snake Plant","floor":21.0,"turns":4.0},{"damage":17.0,"enemies":"Book of Stabbing","floor":25.0,"turns":5.0},{"damage":19.0,"enemies":"downfall:Defect","floor":27.0,"turns":4.0},{"damage":3.0,"enemies":"Slavers","floor":28.0,"turns":3.0},{"damage":0.0,"enemies":"downfall:FleeingMerchant","floor":29.0,"turns":1.0},{"damage":0,"enemies":"Cultist and Chosen","floor":31,"turns":2},{"damage":0,"enemies":"Snecko","floor":32,"turns":4},{"damage":0,"enemies":"downfall:Silent","floor":33,"turns":4},{"damage":2,"enemies":"3 Darklings","floor":36,"turns":3},{"damage":0,"enemies":"Mind Bloom Boss Battle","floor":37,"turns":4},{"damage":0,"enemies":"Hiden Room Battle","floor":42,"turns":2},{"damage":0,"enemies":"3 Shapes","floor":45,"turns":3},{"damage":10,"enemies":"Reptomancer","floor":46,"turns":3},{"damage":0,"enemies":"2 Orb Walkers","floor":47,"turns":2},{"damage":0,"enemies":"Spire Growth","floor":49,"turns":2},{"damage":0,"enemies":"downfall:Ironclad","floor":50,"turns":3},{"damage":0,"enemies":"downfall:CharBossMerchant","floor":52,"turns":3},{"damage":146,"enemies":"Delirium","floor":55,"turns":10}],"seed_played":"-4891952413640654339","potions_obtained":[{"floor":2.0,"key":"Strength Potion"},{"floor":3.0,"key":"Strength Potion"},{"floor":6.0,"key":"BlessingOfTheForge"},{"floor":11.0,"key":"DuplicationPotion"},{"floor":15.0,"key":"champ:CounterPotion"},{"floor":16.0,"key":"BlessingOfTheForge"},{"floor":19.0,"key":"PowerPotion"},{"floor":25.0,"key":"AttackPotion"},{"floor":27.0,"key":"Milkshake"},{"floor":33,"key":"GamblersBrew"},{"floor":37,"key":"Weak Potion"},{"floor":45,"key":"Energy Potion"}],"is_trial":false,"path_per_floor":["R","M","M","M","M","E","T","$","R","$","E","?","R","?","M","B",null,"R","M","T","M","?","?","T","E","R","?","E","$","R","M","M","B",null,"R","M","?","?","?","R","T","?","R","$","M","E","?","?","M","B",null,"E","$","R","B"],"character_chosen":"THE_BUGKNIGHT","items_purchased":["MerchantsRug","HollowMod:WraithStrike","HollowMod:DesolateDive","Reflective Coating","BelialBook","FairyPotion","Counterbalance","HollowMod:DungDefenderAura+1","HollowMod:GrimmsGift+1","GuppysHairball","GuppysTail","HollowMod:VengefulSpirit","HollowMod:CycloneSlash+1","HollowMod:SoulEater","PreservedInsect","SpeedPotion","Block Potion","Energy Potion"],"campfire_rested":0,"item_purchase_floors":[8,8,8,8,29,29,29,29,34,34,34,34,44,44,44,53,53,53],"current_hp_per_floor":[75,75,75,75,75,65,65,71,71,69,66,71,71,60,60,33,63,73,67,67,59,59,59,59,44,44,27,26,28,28,36,44,52,66,66,64,68,68,68,68,68,60,60,67,75,78,86,86,87,84,84,89,89,89,0,0],"gold":34,"neow_bonus":"","is_daily":true,"chose_seed":false,"campfire_upgraded":9,"win_rate":0.0,"timestamp":1610690473,"path_taken":["R","M","M","M","?","E","T","$","R","?","E","?","R","?","M","BOSS","R","?","?","M","?","?","T","E","R","?","E","$","R","?","M","BOSS","R","M","?","?","?","R","T","?","R","$","?","E","?","?","M","BOSS","E","$","R","BOSS"],"items_purchased_type":["Relic","Card","Card","Potion","Relic","Potion","Relic","Card","Card","Relic","Relic","Card","Card","Card","Relic","Potion","Potion","Potion"],"build_version":"2020-12-22","purchased_purges":6,"victory":false,"max_hp_per_floor":[75,75,75,75,75,75,75,72,72,69,66,71,71,71,71,68,63,73,73,73,73,73,73,73,73,73,70,70,70,70,70,70,67,66,66,66,68,68,68,68,68,70,70,77,77,82,87,87,87,84,84,89,89,89,86,86],"card_choices":[{"not_picked":[],"picked":"BloodyBrimstone","floor":0.0},{"not_picked":["HollowMod:MidwifesHunger","HollowMod:PaleKingsBlessing","HollowMod:AwokenDreamNail"],"picked":"SKIP","floor":6.0},{"not_picked":["HollowMod:LifebloodCocoon","HollowMod:FallenFury"],"picked":"HollowMod:Weaversong","floor":8.0},{"not_picked":["HollowMod:NewLittleFool","HollowMod:NewJinnsSoul"],"picked":"HollowMod:MantisMark","floor":10.0},{"not_picked":["HollowMod:theNailsmith","HollowMod:WhiteLadysBlessing"],"picked":"HollowMod:SlysStrikes","floor":11.0},{"not_picked":["HollowMod:PureVessel","HollowMod:HornetsHelp"],"picked":"HollowMod:LordofShades","floor":16.0},{"not_picked":["HollowMod:Weaversong","HollowMod:WhiteLadysBlessing"],"picked":"HollowMod:HerrahsAnger+1","floor":25.0},{"not_picked":["HollowMod:HowlingWraiths","HollowMod:CoiledNail"],"picked":"HollowMod:CloakDash+1","floor":27.0},{"not_picked":["HollowMod:HornetsHelp","HollowMod:AwokenDreamNail"],"picked":"HollowMod:Weaversong","floor":28.0},{"not_picked":["HollowMod:LordofShades","HollowMod:WhiteLadysBlessing"],"picked":"HollowMod:HerrahsAnger+1","floor":33},{"not_picked":["HollowMod:SharpenedNail","HollowMod:NewLittleFool+1"],"picked":"HollowMod:GreatSlash+1","floor":37},{"not_picked":["HollowMod:MothsMistake","HollowMod:NewLittleFool+1"],"picked":"HollowMod:CloakDash+1","floor":42},{"not_picked":["HollowMod:HornetsHelp","HollowMod:PaleKingsBlessing+1"],"picked":"HollowMod:Weaversong","floor":46},{"not_picked":["HollowMod:DashSlash","HollowMod:SoulSplash+1"],"picked":"HollowMod:HuntersJournal+1","floor":47},{"not_picked":["HollowMod:LifebloodCore+1","HollowMod:SoulMaster"],"picked":"HollowMod:Weaversong","floor":52}],"player_experience":51064,"relics_obtained":[{"floor":2.0,"key":"Replay:Mystery Machine"},{"floor":3.0,"key":"aspiration:FrozenJewel"},{"floor":4.0,"key":"Pet Ghost"},{"floor":5.0,"key":"vexMod:InvisibilityCloak"},{"floor":6.0,"key":"HollowMod:KingsBrand"},{"floor":11.0,"key":"construct:RocketBooster"},{"floor":15.0,"key":"Toxic Egg 2"},{"floor":19.0,"key":"aspiration:HummingbirdHeart"},{"floor":20.0,"key":"Blue Doll"},{"floor":21.0,"key":"Happy Flower"},{"floor":24.0,"key":"Blood Vial"},{"floor":25.0,"key":"vexMod:RedPlottingStone"},{"floor":27.0,"key":"Diplopia"},{"floor":27.0,"key":"The Courier"},{"floor":28.0,"key":"GodSword4"},{"floor":32,"key":"ZombieArmy"},{"floor":36,"key":"Ice Cream"},{"floor":37,"key":"vexMod:CardConverter"},{"floor":41,"key":"Replay:Ringing Soul"},{"floor":41,"key":"HollowMod:LifeEnderRelic"},{"floor":42,"key":"HollowMod:MantisClawRelic"},{"floor":42,"key":"Bronze Scales"},{"floor":45,"key":"Leech"},{"floor":46,"key":"construct:FoamFinger"},{"floor":47,"key":"Gambling Chip"},{"floor":48,"key":"aspiration:VileToxins"},{"floor":48,"key":"vexMod:ScavengeHelm"},{"floor":49,"key":"aspiration:Lifesprig"},{"floor":52,"key":"Replay:Baseball"}],"event_choices":[{"damage_healed":0.0,"max_hp_gain":5.0,"max_hp_loss":0.0,"gold_gain":0.0,"event_name":"Big Fish","player_choice":"Donut","floor":12.0,"gold_loss":0.0,"damage_taken":0.0},{"damage_healed":0.0,"max_hp_gain":0.0,"max_hp_loss":0.0,"gold_gain":75.0,"event_name":"World of Goop","player_choice":"Gather Gold","floor":14.0,"gold_loss":0.0,"damage_taken":11.0},{"damage_healed":0.0,"max_hp_gain":0.0,"max_hp_loss":0.0,"gold_gain":0.0,"event_name":"The Library","player_choice":"Read","floor":23.0,"gold_loss":0.0,"damage_taken":0.0,"cards_obtained":["HollowMod:MothsMistake"]},{"damage_healed":0,"gold_gain":0,"player_choice":"Leave","damage_taken":0,"max_hp_gain":0,"max_hp_loss":0,"event_name":"conspire:Investor","floor":38,"gold_loss":0},{"damage_healed":0,"gold_gain":0,"player_choice":"Fight","damage_taken":0,"max_hp_gain":0,"max_hp_loss":0,"event_name":"HidenRoomEvent","floor":42,"gold_loss":0},{"damage_healed":0,"gold_gain":0,"player_choice":"Fight","damage_taken":0,"max_hp_gain":0,"max_hp_loss":0,"event_name":"Mysterious Sphere","floor":47,"gold_loss":0}],"is_beta":false,"boss_relics":[{"not_picked":["aspiration:RunicSpoon","SacredBark"],"picked":"Coffee Dripper"},{"not_picked":[]},{"not_picked":["Runic Dome","aspiration:SilentSkillbook"],"picked":"vexMod:BigBerry"},{"not_picked":[]}],"items_purged_floors":[8,10,17,29,34,44],"is_endless":false,"potions_floor_spawned":[2,3,6,11,15,16,19,25,27,33,37,45],"killed_by":"Delirium","ascension_level":0}}