{"host":"ee5exjejqz6r5zx9","time":1610694641,"event":{"mods":["Act Like it!","BaseMod","Card Forge","Colored Powertips","Custom Start","Gensokyo","HololiveMod","Minty Spire (QoL Compilation)","MostiFishMod","Pale of the Ancients","Quick Restart","Rare Cards Sparkle","Remove Card Discount Mod","Replay The Spire","RumiaBox-露米娅的神秘盒子","Ryuuou龙王","Shop Mod","StSLib","TestMod","Yakumo Yukari mod","【功能Mod】混沌之环修复补丁","【遗物卡牌】REMEMod"],"gold_per_floor":[3333,3066,3086,3099,3116,3148,3148,3164,3219,3249,3262,3272,3299,3310,3310,3387,3387,3406,3406,3417,3417,3429,3429,3459,3459,3486,3048,3048,3068,3068,2640,2640,2713,2713,2727,2727,2727,2741,2741,2772,2785,2817,2817,2836,2868,2894,2734,2767,2767,2771,2774,2774,2774,2432,2461,2467],"floor_reached":57,"language":"ZHS","playtime":1825,"items_purged":["Strike_R","Defend_R"],"score":3654,"play_id":"469860ca-925f-4590-9884-f068d087277f","local_time":"20210115151041","is_ascension_mode":true,"campfire_choices":[{"floor":15.0,"key":"RECALL"},{"floor":23.0,"key":"REST"},{"floor":25.0,"key":"REST"},{"floor":32.0,"key":"REST"},{"floor":49,"key":"REST"},{"floor":53,"key":"REST"}],"circlet_count":0,"master_deck":["AscendersBane","Defend_R+1","Defend_R+1","Defend_R+1","Bash+1","Gensokyo:LifeSpringInfinity+1","Body Slam+1","Dark Embrace+1","Power Through+1","Gensokyo:CrescentMoonSlash+1","Shrug It Off+1","Feel No Pain+1","Burning Pact+1","MostiFishMod:KnuckleDown+1","Disarm+1","Second Wind+1","Juggernaut+1"],"relics":["Burning Blood","Hammer of Thor","Seething Fire","Anvil of the Gods","testmod-TestBox","REME_ComplimentaryCards","testmod-TimeTraveler","BirthdayGift-Tetrahedron","Boot","SynthV:TestCard","Lee\u0027s Waffle","Potion Belt","testmod-ArcanaOfDestiny","MealTicket","testmod-SaigiyounoYou","Gensokyo:ConquerorOfFear","Letter Opener","MostiFishMod:AdaptiveDefenses","Ornamental Fan","testmod-Alchemist","testmod-DeterminationOfClimber","DaveBox","HereWithMe","testmod-Laevatain","testmod-IndustrialRevolution","MagicDraw4","Vajra","Lantern","Bag of Preparation","OrangePellets","Oddly Smooth Stone","ThornShield","GodSword5"],"acts_visited":["Gensokyo:Gensokyo","Gensokyo:Gensokyoer","Gensokyo:Gensokyoest","TheEnding"],"potions_floor_usage":[37,56],"damage_taken":[{"damage":2.0,"enemies":"Gensokyo:2_Kodama","floor":1.0,"turns":2.0},{"damage":1.0,"enemies":"Gensokyo:Python","floor":3.0,"turns":1.0},{"damage":2.0,"enemies":"Gensokyo:3_Fairies","floor":4.0,"turns":2.0},{"damage":2.0,"enemies":"Gensokyo:LivingMonolith","floor":5.0,"turns":2.0},{"damage":7.0,"enemies":"Gensokyo:Cirno","floor":6.0,"turns":4.0},{"damage":4.0,"enemies":"Gensokyo:5_Fairies","floor":8.0,"turns":3.0},{"damage":4.0,"enemies":"Gensokyo:Aya","floor":10.0,"turns":3.0},{"damage":2.0,"enemies":"Gensokyo:VengefulSpirit","floor":11.0,"turns":2.0},{"damage":6.0,"enemies":"Gensokyo:2_Rabbits","floor":12.0,"turns":2.0},{"damage":7.0,"enemies":"Gensokyo:Cirno","floor":13.0,"turns":4.0},{"damage":0.0,"enemies":"Gensokyo:3_Kodama","floor":14.0,"turns":1.0},{"damage":4.0,"enemies":"Gensokyo:Reimu","floor":16.0,"turns":3.0},{"damage":0.0,"enemies":"Gensokyo:3_Dogs","floor":18.0,"turns":1.0},{"damage":2.0,"enemies":"Gensokyo:Chomper","floor":20.0,"turns":2.0},{"damage":4.0,"enemies":"Gensokyo:Slime_Group","floor":22.0,"turns":3.0},{"damage":4.0,"enemies":"Gensokyo:Koishi","floor":24.0,"turns":3.0},{"damage":0.0,"enemies":"Gensokyo:3_Gloops","floor":29.0,"turns":1.0},{"damage":8.0,"enemies":"Gensokyo:Kaguya","floor":33.0,"turns":5.0},{"damage":2.0,"enemies":"Gensokyo:3_Bats","floor":35.0,"turns":2.0},{"damage":4,"enemies":"Gensokyo:3_Boulders","floor":38,"turns":3},{"damage":2,"enemies":"Gensokyo:Kasen","floor":40,"turns":2},{"damage":2,"enemies":"Gensokyo:Rafflesia","floor":41,"turns":2},{"damage":2,"enemies":"Gensokyo:Doremy","floor":42,"turns":2},{"damage":2,"enemies":"Gensokyo:AtlasGolem","floor":44,"turns":2},{"damage":0,"enemies":"Gensokyo:Kasen","floor":45,"turns":1},{"damage":0,"enemies":"Gensokyo:Marisa","floor":48,"turns":1},{"damage":4,"enemies":"Gensokyo:Shinki","floor":50,"turns":3},{"damage":2,"enemies":"Gensokyo:Yuyuko","floor":51,"turns":2},{"damage":2,"enemies":"Shield and Spear","floor":55,"turns":2},{"damage":4,"enemies":"The Heart","floor":56,"turns":3}],"seed_played":"-5479919294530715325","potions_obtained":[{"floor":1.0,"key":"FearPotion"},{"floor":6.0,"key":"FairyPotion"},{"floor":8.0,"key":"Explosive Potion"},{"floor":11.0,"key":"Dexterity Potion"},{"floor":16.0,"key":"SpeedPotion"},{"floor":22.0,"key":"PowerPotion"},{"floor":29.0,"key":"REME_GoldPotion"},{"floor":37,"key":"Fruit Juice"},{"floor":37,"key":"Weak Potion"}],"is_trial":false,"path_per_floor":["M","$","M","M","M","E","?","M","T","E","M","M","E","M","R","B",null,"M","?","M","?","M","R","E","R","T","$","?","M","?","$","R","B",null,"M","?","?","M","?","E","M","E","T","M","E","T","$","E","R","B","B",null,"R","$","E","B",null],"character_chosen":"IRONCLAD","items_purchased":["Body Slam","REME_Cut","Lee\u0027s Waffle","MostiFishMod:AdaptiveDefenses","Ornamental Fan","testmod-Alchemist","Ancient Potion","OrangePellets","ThornShield"],"campfire_rested":5,"item_purchase_floors":[2,2,2,27,27,31,31,47,54],"current_hp_per_floor":[72,82,82,82,82,81,65,67,67,69,73,73,72,78,78,80,82,82,82,82,82,82,82,82,82,82,82,82,82,82,82,82,82,82,82,82,87,87,44,61,86,87,87,87,87,87,87,87,87,87,87,87,87,87,87,87],"gold":2467,"neow_bonus":"RANDOM_COMMON_RELIC","is_daily":false,"chose_seed":false,"campfire_upgraded":0,"win_rate":0.0,"timestamp":1610694641,"path_taken":["M","$","M","M","M","E","?","M","T","E","?","M","E","M","R","BOSS","M","?","?","?","M","R","E","R","T","?","?","M","?","$","R","BOSS","M","?","?","M","?","E","M","E","T","M","E","?","$","E","R","BOSS","BOSS","R","$","E","BOSS"],"items_purchased_type":["Card","Card","Relic","Relic","Relic","Relic","Potion","Relic","Relic"],"build_version":"2020-12-22","purchased_purges":2,"victory":true,"max_hp_per_floor":[75,82,82,82,82,82,82,82,82,82,82,82,82,82,82,82,82,82,82,82,82,82,82,82,82,82,82,82,82,82,82,82,82,82,82,82,87,87,87,87,87,87,87,87,87,87,87,87,87,87,87,87,87,87,87,87],"card_choices":[{"not_picked":["Anger","Havoc"],"picked":"Evolve","floor":1.0},{"not_picked":["Clash","Twin Strike","Iron Wave","Headbutt","Cleave"],"picked":"SKIP","floor":3.0},{"not_picked":["Metallicize","Reckless Charge","Cleave","Headbutt"],"picked":"Dark Embrace","floor":4.0},{"not_picked":["Evolve","Pommel Strike","Warcry","Clothesline"],"picked":"MostiFishMod:HellRitual","floor":5.0},{"not_picked":["Pommel Strike","MostiFishMod:PerfectStrikeMKII","Sword Boomerang","ReplayTheSpireMod:LeadingStrike"],"picked":"Power Through","floor":6.0},{"not_picked":["Perfected Strike","Anger","Flex","Havoc"],"picked":"Shrug It Off","floor":8.0},{"not_picked":["Pommel Strike","Run Through","Sword Boomerang","ReplayTheSpireMod:LeadingStrike"],"picked":"Feel No Pain","floor":10.0},{"not_picked":["Armaments","ReplayReversal","Bludgeon","Replay:Undeath\u0027s Touch","Sever Soul"],"picked":"SKIP","floor":11.0},{"not_picked":["ReplayTheSpireMod:Stacked","Sword Boomerang","Anger","Perfected Strike"],"picked":"Burning Pact","floor":12.0},{"not_picked":["Fiend Fire","Thunderclap","Disarm","ReplayTheSpireMod:Muscle Training","Pummel"],"picked":"SKIP","floor":13.0},{"not_picked":["Run Through","Perfected Strike","Body Slam","Shrug It Off","ReplayTheSpireMod:LeadingStrike"],"picked":"SKIP","floor":14.0},{"not_picked":["MostiFishMod:Mania","MostiFishMod:OrdinaryWorld","Berserk","MostiFishMod:RainCloud"],"picked":"MostiFishMod:KnuckleDown","floor":16.0},{"not_picked":["Havoc","Thunderclap","Twin Strike","Shrug It Off","ReplayTheSpireMod:Corrosion Curse"],"picked":"SKIP","floor":18.0},{"not_picked":["Clash","Anger+1","Heavy Blade","Body Slam"],"picked":"Disarm+1","floor":20.0},{"not_picked":["Hemokinesis","Pommel Strike","Warcry","Clash","Wild Strike"],"picked":"SKIP","floor":22.0},{"not_picked":["Warcry+1","Hemogenesis","Shrug It Off","Metallicize","Thunderclap"],"picked":"SKIP","floor":24.0},{"not_picked":["Pommel Strike","ReplayTheSpireMod:Strike From Hell","Warcry","Headbutt","Whirlwind+1"],"picked":"SKIP","floor":29.0},{"not_picked":["Cleave+1","Run Through","Iron Wave","Shrug It Off","Intimidate"],"picked":"SKIP","floor":35.0},{"not_picked":["Sword Boomerang","Perfected Strike","Blood for Blood","Headbutt+1","Armaments"],"picked":"SKIP","floor":38},{"not_picked":["Headbutt","Thunderclap+1","MostiFishMod:CullingBlade","True Grit","Iron Wave"],"picked":"SKIP","floor":40},{"not_picked":["Twin Strike","Heavy Blade","MostiFishMod:PerfectStrikeMKII","Pummel","Cleave"],"picked":"SKIP","floor":41},{"not_picked":["Dual Wield","ReplayReversal+1","True Grit","Defy Death","REME_FearOfPain"],"picked":"SKIP","floor":42},{"not_picked":["Run Through","Reckless Charge+1","Heavy Blade+1","Wild Strike","Life Link"],"picked":"SKIP","floor":44},{"not_picked":["Battle Trance","Thunderclap","Iron Wave","Combust","ReplayTheSpireMod:Muscle Training+1"],"picked":"SKIP","floor":45},{"not_picked":["Wild Strike","ReplayTheSpireMod:Limb From Limb","Dual Wield","Juggernaut","Second Wind+1"],"picked":"SKIP","floor":48},{"not_picked":["Wild Strike","ReplayTheSpireMod:Limb From Limb","Dual Wield","Second Wind+1"],"picked":"Juggernaut","floor":48},{"not_picked":["Iron Wave+1","Clothesline","Metallicize","True Grit","Whirlwind"],"picked":"SKIP","floor":55}],"player_experience":436514,"relics_obtained":[{"floor":1.0,"key":"SynthV:TestCard"},{"floor":6.0,"key":"Potion Belt"},{"floor":10.0,"key":"testmod-ArcanaOfDestiny"},{"floor":13.0,"key":"MealTicket"},{"floor":20.0,"key":"Gensokyo:ConquerorOfFear"},{"floor":24.0,"key":"Letter Opener"},{"floor":40,"key":"testmod-IndustrialRevolution"},{"floor":42,"key":"MagicDraw4"},{"floor":43,"key":"Vajra"},{"floor":45,"key":"Lantern"},{"floor":46,"key":"Bag of Preparation"},{"floor":48,"key":"Oddly Smooth Stone"},{"floor":55,"key":"GodSword5"}],"event_choices":[{"damage_healed":0.0,"max_hp_gain":0.0,"max_hp_loss":0.0,"gold_gain":0.0,"event_name":"给自己的盒子","player_choice":"Swap Relic","floor":36.0,"relics_lost":["DaveBox"],"gold_loss":0.0,"damage_taken":0.0,"relics_obtained":["DaveBox"]}],"is_beta":false,"boss_relics":[{"not_picked":["Cursed Key","testmod-NegativeEmotionEnhancer"],"picked":"testmod-SaigiyounoYou"},{"not_picked":["GreenFoldingFan","JellyFishMachine"],"picked":"testmod-DeterminationOfClimber"}],"items_purged_floors":[2,2],"is_endless":false,"potions_floor_spawned":[1,6,8,11,13,16,22,29,38,42,45,48,55],"ascension_level":20}}