{"host":"vddkjx04kiwje1tk","time":1610754675,"event":{"mods":["AchievementEnabler","BaseMod","Colored Map","Minty Spire (QoL Compilation)","Quick Restart","SuperFastMode"],"gold_per_floor":[118,118,129,129,143,143,174,174,200,219,229,229,154,104,104,104,104],"floor_reached":16,"language":"KOR","playtime":183,"items_purged":["Strike_G"],"score":100,"play_id":"62a1c920-2dbd-4884-8e14-8cb461441706","local_time":"20210116085115","is_ascension_mode":false,"campfire_choices":[{"data":"Neutralize","floor":6,"key":"SMITH"},{"floor":8,"key":"REST"},{"data":"Accuracy","floor":12,"key":"SMITH"},{"data":"Blur","floor":15,"key":"SMITH"}],"circlet_count":0,"master_deck":["Strike_G","Strike_G","Strike_G","Strike_G","Defend_G","Defend_G","Defend_G","Defend_G","Survivor","Neutralize+1","Accuracy+1","Blur+1"],"relics":["Ring of the Snake","NeowsBlessing","Anchor","Toy Ornithopter","PreservedInsect"],"acts_visited":["Exordium"],"potions_floor_usage":[11],"damage_taken":[{"damage":0,"enemies":"Small Slimes","floor":1,"turns":1},{"damage":0,"enemies":"Cultist","floor":3,"turns":1},{"damage":0,"enemies":"Jaw Worm","floor":5,"turns":1},{"damage":55,"enemies":"Gremlin Nob","floor":7,"turns":7},{"damage":1,"enemies":"Red Slaver","floor":10,"turns":3},{"damage":7,"enemies":"Large Slime","floor":11,"turns":8},{"damage":0,"enemies":"Slime Boss","floor":16,"turns":1}],"seed_played":"6656959615467302314","potions_obtained":[{"floor":3,"key":"Dexterity Potion"},{"floor":5,"key":"Swift Potion"},{"floor":7,"key":"Explosive Potion"},{"floor":11,"key":"Weak Potion"}],"is_trial":false,"path_per_floor":["M","?","M","?","M","R","E","R","T","M","M","R","$","?","R","B"],"character_chosen":"THE_SILENT","items_purchased":[],"campfire_rested":1,"item_purchase_floors":[],"current_hp_per_floor":[70,70,70,70,70,70,15,36,36,35,33,33,33,33,33,33,33],"gold":104,"neow_bonus":"THREE_ENEMY_KILL","is_daily":false,"chose_seed":false,"campfire_upgraded":3,"win_rate":0.0,"timestamp":1610754675,"path_taken":["M","?","?","?","M","R","E","R","T","M","?","R","$","?","R","BOSS"],"items_purchased_type":[],"build_version":"2020-12-22","purchased_purges":1,"victory":false,"max_hp_per_floor":[70,70,70,70,70,70,70,70,70,70,70,70,70,70,70,70,70],"card_choices":[{"not_picked":["Underhanded Strike","Prepared"],"picked":"Accuracy","floor":1},{"not_picked":["Caltrops","Dagger Spray","All Out Attack"],"picked":"SKIP","floor":3},{"not_picked":["Acrobatics","PiercingWail","Sucker Punch"],"picked":"SKIP","floor":5},{"not_picked":["Prepared","Eviscerate","Quick Slash"],"picked":"SKIP","floor":7},{"not_picked":["Dagger Spray","Acrobatics"],"picked":"Blur","floor":10},{"not_picked":["Catalyst","Crippling Poison","Flying Knee"],"picked":"SKIP","floor":11}],"player_experience":196100,"relics_obtained":[{"floor":7,"key":"Toy Ornithopter"},{"floor":9,"key":"PreservedInsect"}],"event_choices":[{"damage_healed":0,"gold_gain":0,"player_choice":"Ignored","damage_taken":0,"max_hp_gain":0,"max_hp_loss":0,"event_name":"NoteForYourself","floor":2,"gold_loss":0},{"damage_healed":0,"gold_gain":0,"player_choice":"Gave Potion","damage_taken":0,"relics_obtained":["Anchor"],"max_hp_gain":0,"max_hp_loss":0,"event_name":"WeMeetAgain","floor":4,"gold_loss":0},{"cards_removed":["Defend_G"],"damage_healed":0,"gold_gain":0,"player_choice":"Card Removal","damage_taken":0,"max_hp_gain":0,"max_hp_loss":0,"event_name":"The Cleric","floor":14,"gold_loss":50}],"is_beta":false,"boss_relics":[],"items_purged_floors":[13],"is_endless":false,"potions_floor_spawned":[3,5,7,11],"killed_by":"Slime Boss","ascension_level":0}}