{"host":"vje6bedaj0fhalec","time":1610713954,"event":{"mods":["Act Like it!","BaseMod","Minty Spire (QoL Compilation)","Quick Restart","StSLib"],"gold_per_floor":[117,135,135,135,235,271,271,296,321,340,356,372,395,420,420,550,550,571,571,571,135,135,135,168,168,239,239,252,268,268,284,284,284,284],"floor_reached":33,"language":"ZHS","playtime":2014,"items_purged":["Cold Snap"],"score":323,"play_id":"d0c21224-6b6d-4c55-8a40-6ff7f542ff68","local_time":"20210115203234","is_ascension_mode":true,"campfire_choices":[{"data":"Genetic Algorithm","floor":7.0,"key":"SMITH"},{"data":"Defragment","floor":15.0,"key":"SMITH"},{"data":"Heatsinks","floor":23,"key":"SMITH"},{"data":"White Noise","floor":25,"key":"SMITH"},{"data":"White Noise","floor":27,"key":"SMITH"},{"data":"Aggregate","floor":30,"key":"SMITH"},{"data":"Turbo","floor":32,"key":"SMITH"}],"circlet_count":0,"master_deck":["Zap","Dualcast","Chill","Self Repair","Turbo+1","Genetic Algorithm+1","White Noise+1","Defragment+1","White Noise+1","Turbo","Hologram","Fusion","Seek","Amplify","All For One","Recycle","Hologram","Undo","Doom and Gloom","Recycle","Heatsinks+1","Aggregate+1","Conserve Battery","Compile Driver"],"relics":["Cracked Core","NeowsBlessing","Bloody Idol","Boot","Regal Pillow","Pandora\u0027s Box","Gambling Chip","Pear","Sundial"],"acts_visited":["Exordium","TheCity"],"potions_floor_usage":[24],"damage_taken":[{"damage":0.0,"enemies":"2 Louse","floor":1.0,"turns":1.0},{"damage":0.0,"enemies":"Jaw Worm","floor":2.0,"turns":1.0},{"damage":0.0,"enemies":"Lagavulin","floor":6.0,"turns":1.0},{"damage":10.0,"enemies":"Small Slimes","floor":8.0,"turns":5.0},{"damage":3.0,"enemies":"3 Louse","floor":10.0,"turns":4.0},{"damage":8.0,"enemies":"Blue Slaver","floor":11.0,"turns":4.0},{"damage":14.0,"enemies":"2 Fungi Beasts","floor":12.0,"turns":5.0},{"damage":0.0,"enemies":"Exordium Wildlife","floor":13.0,"turns":4.0},{"damage":5.0,"enemies":"Gremlin Gang","floor":14.0,"turns":2.0},{"damage":51.0,"enemies":"The Guardian","floor":16.0,"turns":10.0},{"damage":1.0,"enemies":"3 Byrds","floor":18.0,"turns":4.0},{"damage":48,"enemies":"Gremlin Leader","floor":24,"turns":5},{"damage":0,"enemies":"2 Thieves","floor":28,"turns":2},{"damage":0,"enemies":"Chosen and Byrds","floor":29,"turns":5},{"damage":20,"enemies":"Snake Plant","floor":31,"turns":4},{"damage":57,"enemies":"Automaton","floor":33,"turns":9}],"seed_played":"-7955609570661479048","potions_obtained":[{"floor":1.0,"key":"DistilledChaos"},{"floor":8.0,"key":"AttackPotion"},{"floor":10.0,"key":"Fruit Juice"},{"floor":12.0,"key":"SteroidPotion"},{"floor":13.0,"key":"FearPotion"}],"is_trial":false,"path_per_floor":["M","M","?","?","?","E","R","M","T","M","M","M","M","M","R","B",null,"M","?","?","$","?","R","E","R","T","R","M","M","R","M","R","B"],"character_chosen":"DEFECT","items_purchased":["Heatsinks","Gambling Chip"],"campfire_rested":0,"item_purchase_floors":[21,21],"current_hp_per_floor":[75,75,75,69,69,69,69,66,66,74,73,66,73,68,68,24,74,73,73,73,73,73,73,47,47,52,52,69,81,81,73,73,16,16],"gold":284,"neow_bonus":"THREE_ENEMY_KILL","is_daily":false,"chose_seed":false,"campfire_upgraded":7,"win_rate":0.0,"timestamp":1610713954,"path_taken":["M","M","?","?","?","E","R","M","T","M","?","M","?","M","R","BOSS","M","?","?","$","?","R","E","R","T","R","M","M","R","?","R","BOSS"],"items_purchased_type":["Card","Relic"],"build_version":"2020-12-22","purchased_purges":1,"victory":false,"max_hp_per_floor":[75,75,75,69,69,69,69,69,69,74,74,74,74,74,74,74,74,74,74,74,74,74,74,84,84,84,84,84,84,84,84,84,84,84],"card_choices":[{"not_picked":["Skim","Cold Snap"],"picked":"Chill","floor":1.0},{"not_picked":["Beam Cell","Hologram"],"picked":"Self Repair","floor":2.0},{"not_picked":["Lockon","Cold Snap"],"picked":"Genetic Algorithm","floor":6.0},{"not_picked":["Turbo","Streamline"],"picked":"White Noise","floor":8.0},{"not_picked":["Sweeping Beam","Meteor Strike"],"picked":"Defragment","floor":10.0},{"not_picked":["Coolheaded","Rebound"],"picked":"White Noise","floor":11.0},{"not_picked":["Lockon","Stack"],"picked":"Turbo","floor":12.0},{"not_picked":["Sweeping Beam","Turbo"],"picked":"Hologram","floor":13.0},{"not_picked":["Lockon","Buffer"],"picked":"Fusion","floor":14.0},{"not_picked":["Meteor Strike","Biased Cognition"],"picked":"Seek","floor":16.0},{"not_picked":["Stack","Beam Cell+1"],"picked":"Recycle","floor":18.0},{"not_picked":["Thunder Strike","Streamline"],"picked":"Aggregate","floor":24},{"not_picked":["Hologram","Rip and Tear+1"],"picked":"Conserve Battery","floor":28},{"not_picked":["Streamline","Gash+1","Turbo"],"picked":"SKIP","floor":29},{"not_picked":["Doom and Gloom","Leap"],"picked":"Compile Driver","floor":31}],"player_experience":112853,"relics_obtained":[{"floor":6.0,"key":"Boot"},{"floor":9.0,"key":"Regal Pillow"},{"floor":24,"key":"Pear"},{"floor":26,"key":"Sundial"}],"event_choices":[{"damage_healed":0.0,"max_hp_gain":0.0,"max_hp_loss":0.0,"gold_gain":0.0,"cards_transformed":["Defend_B"],"event_name":"Living Wall","player_choice":"Change","floor":3.0,"gold_loss":0.0,"damage_taken":0.0,"cards_obtained":["Turbo"]},{"damage_healed":0.0,"max_hp_gain":0.0,"max_hp_loss":6.0,"gold_gain":0.0,"event_name":"Golden Idol","player_choice":"Lose Max HP","floor":4.0,"gold_loss":0.0,"damage_taken":0.0,"relics_obtained":["Golden Idol"]},{"damage_healed":0.0,"max_hp_gain":0.0,"max_hp_loss":0.0,"gold_gain":100.0,"event_name":"Golden Shrine","player_choice":"Pray","floor":5.0,"gold_loss":0.0,"damage_taken":0.0},{"damage_healed":0.0,"max_hp_gain":0.0,"max_hp_loss":0.0,"gold_gain":0.0,"event_name":"Vampires","player_choice":"Ignored","floor":19.0,"gold_loss":0.0,"damage_taken":0.0},{"damage_healed":0,"gold_gain":0,"player_choice":"Ignored","damage_taken":0,"max_hp_gain":0,"max_hp_loss":0,"event_name":"Cursed Tome","floor":20,"gold_loss":0},{"damage_healed":0,"gold_gain":0,"player_choice":"Gave Idol","damage_taken":0,"relics_obtained":["Bloody Idol"],"max_hp_gain":0,"max_hp_loss":0,"event_name":"Forgotten Altar","floor":22,"relics_lost":["Golden Idol"],"gold_loss":0}],"is_beta":false,"boss_relics":[{"not_picked":["Snecko Eye","Empty Cage"],"picked":"Pandora\u0027s Box"}],"items_purged_floors":[21],"is_endless":false,"potions_floor_spawned":[1,8,10,12,13],"killed_by":"Automaton","ascension_level":2}}