{"host":"cjhtzh7tp54jdfyv","time":1610739482,"event":{"mods":["AchievementEnabler","BaseMod","Colored Map","Colored Powertips","Curses Come First","DeckTracker","Filter the Spire","Minty Spire (QoL Compilation)","RNG Fix","Relic Sorter","Relic Stats","StSLib","UnlockEverythingMod","ojb\u0027s Better Paths Mod","ojb\u0027s Info Mod"],"gold_per_floor":[111,123,142,156,171,171,206,206,259,63,63,8,8,36,36,114,114,133,152,67,67,82,82,112,112,135,52,152,33,33,33,33,112,112,122,122,122,33,49,49,99,126,126,126,140,169,169,183,183,183,183,183,183,83,116,116],"floor_reached":57,"language":"ENG","playtime":6156,"items_purged":["Strike_G","Strike_G"],"score":2718,"play_id":"b4d65f02-5114-4633-8d0f-42599ddaccd4","local_time":"20210115143802","is_ascension_mode":true,"campfire_choices":[{"data":"Eviscerate","floor":6,"key":"SMITH"},{"data":"Blade Dance","floor":8,"key":"SMITH"},{"data":"Blade Dance","floor":11,"key":"SMITH"},{"data":"Dagger Spray","floor":15,"key":"SMITH"},{"floor":23,"key":"REST"},{"floor":25,"key":"REST"},{"data":"Blade Dance","floor":32,"key":"SMITH"},{"data":"Burst","floor":40,"key":"SMITH"},{"floor":44,"key":"RECALL"},{"data":"Leg Sweep","floor":47,"key":"SMITH"},{"data":"Leg Sweep","floor":49,"key":"SMITH"},{"data":"Neutralize","floor":53,"key":"SMITH"}],"circlet_count":0,"master_deck":["AscendersBane","Strike_G","Strike_G","Strike_G","Defend_G","Defend_G","Defend_G","Defend_G","Defend_G","Survivor","Neutralize+1","Quick Slash","Blade Dance+1","Leg Sweep+1","Eviscerate+1","Dagger Spray+1","Blade Dance+1","Corpse Explosion","Backflip","Crippling Poison","Leg Sweep+1","Accuracy+1","Well Laid Plans+1","Footwork+1","Blade Dance+1","Burst+1","Calculated Gamble+1","Accuracy+1","Acrobatics+1","Footwork+1","Tools of the Trade+1","Accuracy+1","Footwork+1","Backstab"],"relics":["Ring of the Snake","Incense Burner","InkBottle","Omamori","Mercury Hourglass","Juzu Bracelet","MealTicket","Bottled Flame","Philosopher\u0027s Stone","Frozen Egg 2","MutagenicStrength","Toy Ornithopter","Pocketwatch","Cursed Key","Dead Branch","Shuriken","Ninja Scroll","Bag of Marbles","Gremlin Horn"],"acts_visited":["Exordium","TheCity","TheBeyond","TheEnding"],"potions_floor_usage":[7,19,24,56,56],"damage_taken":[{"damage":1,"enemies":"Cultist","floor":1,"turns":4},{"damage":0,"enemies":"Jaw Worm","floor":2,"turns":6},{"damage":0,"enemies":"Small Slimes","floor":3,"turns":3},{"damage":3,"enemies":"3 Louse","floor":4,"turns":4},{"damage":0,"enemies":"Blue Slaver","floor":5,"turns":5},{"damage":18,"enemies":"3 Sentries","floor":7,"turns":11},{"damage":12,"enemies":"Lagavulin","floor":14,"turns":5},{"damage":38,"enemies":"Hexaghost","floor":16,"turns":11},{"damage":4,"enemies":"Chosen","floor":18,"turns":4},{"damage":0,"enemies":"Spheric Guardian","floor":19,"turns":3},{"damage":27,"enemies":"Snake Plant","floor":22,"turns":5},{"damage":23,"enemies":"Book of Stabbing","floor":24,"turns":4},{"damage":0,"enemies":"Colosseum Slavers","floor":28,"turns":2},{"damage":17,"enemies":"Colosseum Nobs","floor":28,"turns":3},{"damage":37,"enemies":"Champ","floor":33,"turns":13},{"damage":0,"enemies":"3 Shapes","floor":35,"turns":1},{"damage":19,"enemies":"3 Darklings","floor":39,"turns":16},{"damage":7,"enemies":"2 Orb Walkers","floor":41,"turns":3},{"damage":3,"enemies":"Giant Head","floor":42,"turns":8},{"damage":0,"enemies":"Sphere and 2 Shapes","floor":45,"turns":7},{"damage":0,"enemies":"Reptomancer","floor":46,"turns":1},{"damage":1,"enemies":"Jaw Worm Horde","floor":48,"turns":4},{"damage":22,"enemies":"Awakened One","floor":50,"turns":7},{"damage":3,"enemies":"Donu and Deca","floor":51,"turns":6},{"damage":16,"enemies":"Shield and Spear","floor":55,"turns":6},{"damage":41,"enemies":"The Heart","floor":56,"turns":9}],"seed_played":"6320779761069681433","potions_obtained":[{"floor":4,"key":"Explosive Potion"},{"floor":5,"key":"DuplicationPotion"},{"floor":16,"key":"DistilledChaos"},{"floor":19,"key":"FearPotion"},{"floor":42,"key":"Ancient Potion"},{"floor":45,"key":"Swift Potion"}],"is_trial":false,"path_per_floor":["M","M","M","M","M","R","E","R","T","$","R","?","$","E","R","B",null,"M","M","?","?","M","R","E","R","T","$","?","$","?","?","R","B",null,"M","?","?","$","M","R","?","E","T","R","M","E","R","M","R","B","B",null,"R","$","E","B",null],"character_chosen":"THE_SILENT","items_purchased":["Blade Dance","Omamori","Accuracy+1","Footwork+1","Accuracy+1"],"campfire_rested":2,"item_purchase_floors":[10,10,27,29,38],"current_hp_per_floor":[58,58,58,55,55,55,37,37,37,37,37,37,52,40,40,2,46,42,42,42,42,15,33,10,28,28,43,26,41,41,41,41,4,46,46,46,46,60,41,41,34,31,31,31,31,31,31,30,30,8,5,46,46,60,44,13],"gold":116,"neow_bonus":"ONE_RARE_RELIC","is_daily":false,"chose_seed":false,"campfire_upgraded":9,"win_rate":0.0,"timestamp":1610739482,"path_taken":["M","M","M","?","M","R","E","R","T","$","R","?","$","E","R","BOSS","M","M","?","?","M","R","E","R","T","$","?","$","?","?","R","BOSS","M","?","?","$","M","R","?","E","T","R","M","E","R","M","R","BOSS","BOSS","R","$","E","BOSS"],"items_purchased_type":["Card","Relic","Card","Card","Card"],"build_version":"2020-12-22","purchased_purges":2,"victory":true,"max_hp_per_floor":[60,60,60,60,60,60,60,60,60,60,60,60,60,60,60,60,60,60,60,60,60,60,60,60,60,60,60,60,60,60,60,60,60,60,60,60,60,60,60,60,60,60,60,60,60,60,60,60,60,60,60,60,60,60,60,60],"relic_stats":{"Gremlin Horn":[0,0],"counters":[26,148],"Dead Branch":[135],"Juzu Bracelet":1,"Cursed Key":1,"Mercury Hourglass":[365],"Shuriken":[34],"MealTicket":73,"obtain_stats":[{"Gremlin Horn":55,"Dead Branch":41,"Incense Burner":0,"Juzu Bracelet":9,"Omamori":10,"Frozen Egg 2":20,"Cursed Key":34,"Mercury Hourglass":7,"Bottled Flame":14,"Shuriken":42,"Ninja Scroll":43,"MutagenicStrength":21,"MealTicket":12,"Philosopher\u0027s Stone":17,"Bag of Marbles":46,"Toy Ornithopter":24,"InkBottle":28,"Ring of the Snake":0,"Pocketwatch":28},{"Gremlin Horn":25,"Dead Branch":18,"Incense Burner":0,"Juzu Bracelet":6,"Omamori":6,"Frozen Egg 2":10,"Cursed Key":15,"Mercury Hourglass":6,"Bottled Flame":7,"Shuriken":19,"Ninja Scroll":19,"MutagenicStrength":10,"MealTicket":6,"Philosopher\u0027s Stone":8,"Bag of Marbles":21,"Toy Ornithopter":12,"InkBottle":14,"Ring of the Snake":0,"Pocketwatch":14},{"Gremlin Horn":139,"Dead Branch":101,"Incense Burner":0,"Juzu Bracelet":33,"Omamori":33,"Frozen Egg 2":55,"Cursed Key":81,"Mercury Hourglass":33,"Bottled Flame":37,"Shuriken":108,"Ninja Scroll":108,"MutagenicStrength":55,"MealTicket":33,"Philosopher\u0027s Stone":48,"Bag of Marbles":116,"Toy Ornithopter":63,"InkBottle":68,"Ring of the Snake":0,"Pocketwatch":68}],"InkBottle":[51],"Toy Ornithopter":10,"Ring of the Snake":[52],"Pocketwatch":[54]},"card_choices":[{"not_picked":["Flechettes","Flying Knee"],"picked":"Quick Slash","floor":1},{"not_picked":["Catalyst","Backflip"],"picked":"Blade Dance","floor":2},{"not_picked":["Dagger Spray","Blur"],"picked":"Leg Sweep","floor":3},{"not_picked":["Prepared","PiercingWail"],"picked":"Deadly Poison","floor":4},{"not_picked":["Endless Agony","Caltrops"],"picked":"Eviscerate","floor":5},{"not_picked":["Riddle With Holes","Deadly Poison"],"picked":"Dagger Spray","floor":7},{"not_picked":["Underhanded Strike","Cloak And Dagger","Concentrate"],"picked":"SKIP","floor":14},{"not_picked":["Doppelganger","Night Terror"],"picked":"Corpse Explosion","floor":16},{"not_picked":["Sucker Punch","All Out Attack"],"picked":"Backflip","floor":18},{"not_picked":["Distraction","Caltrops"],"picked":"Crippling Poison","floor":19},{"not_picked":["Cloak And Dagger","Outmaneuver","Flechettes"],"picked":"SKIP","floor":22},{"not_picked":["Setup","Underhanded Strike"],"picked":"Leg Sweep","floor":24},{"not_picked":["Distraction","Deadly Poison"],"picked":"Well Laid Plans+1","floor":28},{"not_picked":["Tools of the Trade+1","Storm of Steel"],"picked":"Burst","floor":33},{"not_picked":["Outmaneuver","Deadly Poison+1"],"picked":"Calculated Gamble+1","floor":35},{"not_picked":["Blade Dance","Quick Slash"],"picked":"Acrobatics+1","floor":39},{"not_picked":["Sucker Punch","Dash"],"picked":"Footwork+1","floor":41},{"not_picked":["Dagger Throw","Dagger Spray"],"picked":"Tools of the Trade+1","floor":42},{"not_picked":["Bane","Riddle With Holes"],"picked":"Accuracy+1","floor":45},{"not_picked":["Cloak And Dagger","Poisoned Stab"],"picked":"Footwork+1","floor":46},{"not_picked":["Heel Hook","Escape Plan"],"picked":"Backstab","floor":48},{"not_picked":["Flying Knee","Skewer","Underhanded Strike"],"picked":"SKIP","floor":55}],"player_experience":4555009,"relics_obtained":[{"floor":7,"key":"Mercury Hourglass"},{"floor":9,"key":"Juzu Bracelet"},{"floor":14,"key":"Bottled Flame"},{"floor":24,"key":"Toy Ornithopter"},{"floor":28,"key":"Pocketwatch"},{"floor":28,"key":"InkBottle"},{"floor":41,"key":"Dead Branch"},{"floor":42,"key":"Shuriken"},{"floor":43,"key":"Ninja Scroll"},{"floor":46,"key":"Bag of Marbles"},{"floor":55,"key":"Gremlin Horn"}],"event_choices":[{"damage_healed":0,"gold_gain":0,"player_choice":"Paid Gold","damage_taken":0,"relics_obtained":["MealTicket"],"max_hp_gain":0,"max_hp_loss":0,"event_name":"WeMeetAgain","floor":12,"gold_loss":55},{"damage_healed":0,"gold_gain":0,"player_choice":"Obtained Relic","damage_taken":0,"relics_obtained":["Frozen Egg 2"],"max_hp_gain":0,"max_hp_loss":0,"event_name":"Addict","floor":20,"gold_loss":85},{"damage_healed":0,"gold_gain":0,"player_choice":"Inject Mutagens","damage_taken":0,"relics_obtained":["MutagenicStrength"],"max_hp_gain":0,"max_hp_loss":0,"event_name":"Drug Dealer","floor":21,"gold_loss":0},{"damage_healed":0,"gold_gain":0,"player_choice":"Fight","damage_taken":0,"max_hp_gain":0,"max_hp_loss":0,"event_name":"Colosseum","floor":28,"gold_loss":0},{"damage_healed":0,"gold_gain":0,"player_choice":"Fought Nobs","damage_taken":0,"max_hp_gain":0,"max_hp_loss":0,"event_name":"Colosseum","floor":28,"gold_loss":0},{"damage_healed":0,"gold_gain":0,"player_choice":"Read","damage_taken":0,"max_hp_gain":0,"max_hp_loss":0,"event_name":"The Library","floor":30,"gold_loss":0,"cards_obtained":["Blade Dance"]},{"damage_healed":0,"gold_gain":0,"player_choice":"Ignored","damage_taken":0,"max_hp_gain":0,"max_hp_loss":0,"event_name":"Vampires","floor":31,"gold_loss":0},{"cards_removed":["Deadly Poison"],"damage_healed":0,"gold_gain":0,"player_choice":"Removed Skill","damage_taken":0,"max_hp_gain":0,"max_hp_loss":0,"event_name":"Falling","floor":36,"gold_loss":0},{"damage_healed":0,"gold_gain":0,"player_choice":"Ignored","damage_taken":0,"max_hp_gain":0,"max_hp_loss":0,"event_name":"SecretPortal","floor":37,"gold_loss":0},{"damage_healed":0,"gold_gain":0,"player_choice":"Fight","damage_taken":0,"max_hp_gain":0,"max_hp_loss":0,"event_name":"Mysterious Sphere","floor":41,"gold_loss":0}],"is_beta":false,"boss_relics":[{"not_picked":["Sozu","Busted Crown"],"picked":"Philosopher\u0027s Stone"},{"not_picked":["HoveringKite","Runic Dome"],"picked":"Cursed Key"}],"items_purged_floors":[29,54],"is_endless":false,"potions_floor_spawned":[4,5,16,18,19,28,42,45,46,48],"ascension_level":20}}