{"host":"2gke39v5r4v8gacc","time":1610705621,"event":{"mods":["BaseMod","KinomotoSakuraMod(ƒæ÷Æ±æ”£)","Koishi","Marisa£®ÏF”Í°°ƒß¿Ì…≥£©","Minty Spire (QoL Compilation)","Prisma Mod","Replay The Spire","StSLib","Td1madao Mod","The Bug Knight","Youmu£®ªÍ∆«—˝√Œ£©","Yuri Mod"],"gold_per_floor":[115,128,141,141,155,187,237,237,290,348,348,348],"floor_reached":11,"language":"ZHS","playtime":673,"items_purged":[],"score":73,"play_id":"91d7092a-99f2-4e7b-a465-50e4b2f3a781","local_time":"20210115181341","is_ascension_mode":false,"campfire_choices":[{"data":"Dramatic Entrance","floor":8,"key":"SMITH"}],"circlet_count":0,"master_deck":["PrismaMod:ChloeCommonAttack","PrismaMod:ChloeCommonAttack","PrismaMod:ChloeCommonAttack","PrismaMod:ChloeCommonAttack","PrismaMod:ChloeCommonAttack","PrismaMod:ChloeCommonDefend","PrismaMod:ChloeCommonDefend","PrismaMod:ChloeCommonDefend","PrismaMod:ChloeCommonDefend","PrismaMod:ChloeCommonDefend","PrismaMod:ChloeCheapAttack","PrismaMod:ChloeCheapDefend","Dramatic Entrance+1","PrismaMod:ChloeCheapAttack","PrismaMod:ChloeCommonAOEAttack","PrismaMod:ChloeDiscardRecovery","PrismaMod:ChloeDemonicTutor","Spreading Infection","Decay","PrismaMod:ChloeCommonAOEAttack"],"relics":["PrismaMod:PrismaTraceOn","Replay:Accelerometer","Juzu Bracelet","Ring of Greed","Membership Card","Smiling Mask","ReplayTheSpireMod:Lightbulb","Durian"],"acts_visited":["Exordium"],"potions_floor_usage":[],"damage_taken":[{"damage":0,"enemies":"Jaw Worm","floor":1,"turns":3},{"damage":0,"enemies":"Cultist","floor":2,"turns":3},{"damage":0,"enemies":"Small Slimes","floor":3,"turns":2},{"damage":6,"enemies":"Blue Slaver","floor":5,"turns":2},{"damage":15,"enemies":"Lagavulin","floor":6,"turns":5},{"damage":52,"enemies":"Lagavulin Event","floor":10,"turns":8},{"damage":8,"enemies":"HollowMod:MossKnight","floor":11,"turns":1}],"seed_played":"-7471643305648978502","potions_obtained":[{"floor":2,"key":"Adrenaline Potion"},{"floor":3,"key":"Adrenaline Potion"}],"is_trial":false,"path_per_floor":["M","M","M","?","M","E","?","R","T","?","E"],"character_chosen":"CHLOE","items_purchased":[],"campfire_rested":0,"item_purchase_floors":[],"current_hp_per_floor":[75,75,75,75,69,54,54,54,54,7,0,0],"gold":348,"neow_bonus":"RANDOM_COLORLESS","is_daily":false,"chose_seed":false,"campfire_upgraded":1,"win_rate":0.0,"timestamp":1610705621,"path_taken":["M","M","M","?","?","E","?","R","T","?","E"],"items_purchased_type":[],"build_version":"2020-12-22","purchased_purges":0,"victory":false,"max_hp_per_floor":[75,75,75,75,75,75,75,75,75,80,80,80],"card_choices":[{"not_picked":["PanicButton","Dark Shackles"],"picked":"Dramatic Entrance","floor":0},{"not_picked":["PrismaMod:ChloeCheapDefendTwo","PrismaMod:ChloeCheapDefend"],"picked":"PrismaMod:ChloeCheapAttack","floor":1},{"not_picked":["PrismaMod:ChloeCheapAttackTwo","PrismaMod:ChloeMordred"],"picked":"PrismaMod:ChloeCommonAOEAttack","floor":2},{"not_picked":["PrismaMod:ChloeUncommonAOEAttack","PrismaMod:ChloeBetterTracePools"],"picked":"PrismaMod:ChloeDiscardRecovery","floor":3},{"not_picked":["PrismaMod:ChloeBetterTracePools","PrismaMod:ChloeCheapDefend","PrismaMod:ChloeDiscardRecovery"],"picked":"SKIP","floor":5},{"not_picked":["PrismaMod:ChloeCheapAttackTwo","PrismaMod:ChloeExhaustOne"],"picked":"PrismaMod:ChloeDemonicTutor","floor":6},{"not_picked":["PrismaMod:ChloeEyeOfTheEuryale","PrismaMod:ChloeCheapDefendTwo"],"picked":"PrismaMod:ChloeCommonAOEAttack","floor":10}],"player_experience":516322,"relics_obtained":[{"floor":6,"key":"Juzu Bracelet"},{"floor":7,"key":"Ring of Greed"},{"floor":7,"key":"Membership Card"},{"floor":7,"key":"Smiling Mask"},{"floor":9,"key":"ReplayTheSpireMod:Lightbulb"},{"floor":10,"key":"Durian"}],"event_choices":[{"damage_healed":0,"gold_gain":0,"player_choice":"Gave Potion","damage_taken":0,"relics_obtained":["Replay:Accelerometer"],"max_hp_gain":0,"max_hp_loss":0,"event_name":"WeMeetAgain","floor":4,"gold_loss":0},{"damage_healed":0,"gold_gain":0,"player_choice":"Searched \u00271\u0027 times","damage_taken":0,"max_hp_gain":0,"max_hp_loss":0,"event_name":"Dead Adventurer","floor":10,"gold_loss":0}],"is_beta":false,"boss_relics":[],"items_purged_floors":[],"is_endless":false,"potions_floor_spawned":[2,3],"killed_by":"HollowMod:MossKnight","ascension_level":0}}