{"host":"yvlk1m4foro8gl4v","time":1610709841,"event":{"mods":["AchievementEnabler","Act Like it!","BaseMod","Minty Spire (QoL Compilation)","Relic Stats","StSLib","The Servant 0.9.4","Uncapped"],"gold_per_floor":[111,25,107,127,146,175,175,204,204,479,492,139,139,166,166,264,264,277,277,296,307,225,225,251,9,55,55,71,171,183,218,218,317,317,337,337,353,403,327,327,358,403,429,446,446,460,470,501,501,501,501,501,57,88,88],"floor_reached":56,"language":"ENG","playtime":2601,"items_purged":["Regret","Strike_R"],"score":1808,"play_id":"4116192c-7022-4920-9f0d-134d3ce21f55","local_time":"20210115112401","is_ascension_mode":true,"campfire_choices":[{"floor":7,"key":"REST"},{"data":"Whirlwind","floor":15,"key":"SMITH"},{"floor":23,"key":"REST"},{"data":"Rupture","floor":27,"key":"SMITH"},{"data":"Bash","floor":32,"key":"SMITH"},{"floor":40,"key":"RECALL"},{"floor":45,"key":"REST"},{"floor":49,"key":"REST"},{"floor":52,"key":"DIG"}],"circlet_count":0,"master_deck":["Strike_R","Strike_R","Strike_R","Strike_R","Defend_R","Defend_R","Defend_R","Defend_R","Bash+1","Rupture+1","Heavy Blade","Pummel","Uppercut","Whirlwind+1","Bludgeon","Combust","Demon Form","Demon Form","Parasite","Whirlwind+1","Mayhem"],"relics":["Snecko Eye","Kunai","Centennial Puzzle","Singing Bowl","Bottled Flame","Chemical X","Letter Opener","Busted Crown","Paper Frog","Gremlin Horn","Pantograph","MealTicket","Shuriken","Fusion Hammer","Lizard Tail","Shovel","Champion Belt","Vajra","Ornamental Fan","Lantern","Blue Candle"],"acts_visited":["Exordium","TheCity","TheBeyond","TheEnding"],"potions_floor_usage":[14,16,24,33,41,41,42,50,54,55],"damage_taken":[{"damage":0,"enemies":"Cultist","floor":1,"turns":2},{"damage":0,"enemies":"2 Louse","floor":4,"turns":2},{"damage":6,"enemies":"Small Slimes","floor":5,"turns":3},{"damage":33,"enemies":"Lagavulin","floor":6,"turns":4},{"damage":25,"enemies":"3 Sentries","floor":8,"turns":7},{"damage":23,"enemies":"2 Fungi Beasts","floor":11,"turns":5},{"damage":4,"enemies":"Gremlin Nob","floor":14,"turns":3},{"damage":5,"enemies":"Hexaghost","floor":16,"turns":6},{"damage":19,"enemies":"2 Thieves","floor":18,"turns":2},{"damage":6,"enemies":"Chosen","floor":20,"turns":2},{"damage":9,"enemies":"Centurion and Healer","floor":21,"turns":2},{"damage":3,"enemies":"Slavers","floor":24,"turns":2},{"damage":14,"enemies":"3 Cultists","floor":28,"turns":4},{"damage":6,"enemies":"Snake Plant","floor":30,"turns":2},{"damage":1,"enemies":"Gremlin Leader","floor":31,"turns":3},{"damage":22,"enemies":"Automaton","floor":33,"turns":5},{"damage":0,"enemies":"Orb Walker","floor":35,"turns":1},{"damage":45,"enemies":"3 Darklings","floor":37,"turns":3},{"damage":2,"enemies":"Mind Bloom Boss Battle","floor":38,"turns":3},{"damage":16,"enemies":"Reptomancer","floor":41,"turns":2},{"damage":23,"enemies":"2 Orb Walkers","floor":42,"turns":2},{"damage":6,"enemies":"Transient","floor":44,"turns":5},{"damage":13,"enemies":"Spire Growth","floor":46,"turns":2},{"damage":12,"enemies":"Writhing Mass","floor":47,"turns":3},{"damage":35,"enemies":"Nemesis","floor":48,"turns":3},{"damage":45,"enemies":"Donu and Deca","floor":50,"turns":5},{"damage":60,"enemies":"Shield and Spear","floor":54,"turns":4},{"damage":88,"enemies":"The Heart","floor":55,"turns":5}],"seed_played":"-3839648558238138724","potions_obtained":[{"floor":6,"key":"SteroidPotion"},{"floor":8,"key":"Weak Potion"},{"floor":11,"key":"BlessingOfTheForge"},{"floor":18,"key":"Block Potion"},{"floor":24,"key":"BlessingOfTheForge"},{"floor":30,"key":"LiquidMemories"},{"floor":37,"key":"ElixirPotion"},{"floor":41,"key":"DistilledChaos"},{"floor":44,"key":"SneckoOil"},{"floor":47,"key":"Block Potion"}],"is_trial":false,"path_per_floor":["M","$","T","M","M","E","R","E","T","?","M","$","?","E","R","B",null,"M","?","M","M","$","R","E","$","T","R","M","?","M","E","R","B",null,"M","?","M","?","$","R","E","?","T","M","R","M","M","E","R","B",null,"R","$","E","B",null],"character_chosen":"IRONCLAD","items_purchased":["Rupture","Heavy Blade","Whirlwind","Chemical X","Block Potion","Combust","Pantograph","Demon Form","Mayhem","Lantern"],"campfire_rested":4,"item_purchase_floors":[2,2,12,12,12,22,25,39,53,53],"current_hp_per_floor":[72,72,72,72,66,33,57,34,34,34,11,11,11,9,9,4,64,47,47,43,36,36,63,62,62,62,62,50,50,46,47,47,50,86,88,88,45,70,85,85,71,50,50,46,79,68,56,23,57,37,95,95,110,52,48],"gold":88,"neow_bonus":"BOSS_RELIC","is_daily":false,"chose_seed":false,"campfire_upgraded":3,"win_rate":0.0,"timestamp":1610709841,"path_taken":["M","$","?","M","M","E","R","E","T","?","?","$","?","E","R","BOSS","M","?","M","M","?","R","E","$","T","R","M","?","?","E","R","BOSS","M","?","M","?","?","R","E","?","T","M","R","M","M","E","R","BOSS","R","$","E","BOSS"],"items_purchased_type":["Card","Card","Card","Relic","Potion","Card","Relic","Card","Card","Relic"],"build_version":"2020-12-22","purchased_purges":2,"victory":true,"max_hp_per_floor":[80,80,80,80,80,80,80,82,82,82,82,82,82,84,84,84,84,86,86,88,90,90,90,92,92,92,92,94,94,96,98,98,98,98,100,100,102,104,104,104,106,108,108,110,110,112,112,114,114,114,114,114,114,116,116],"relic_stats":{"Singing Bowl":36,"Gremlin Horn":[11,11],"counters":[28,92],"Blue Candle":[0],"Letter Opener":[10],"Centennial Puzzle":[69],"Lizard Tail":58,"Busted Crown":36,"Shovel":1,"Shuriken":[23],"Ornamental Fan":[20],"Pantograph":100,"Snecko Eye":[167,141,185,164],"MealTicket":30,"Kunai":[44],"Chemical X":[40],"Champion Belt":[12],"obtain_stats":[{"Lantern":53,"Singing Bowl":8,"Gremlin Horn":24,"Blue Candle":54,"Vajra":48,"Letter Opener":14,"Burning Blood":0,"Centennial Puzzle":6,"Bottled Flame":9,"Lizard Tail":38,"Busted Crown":17,"Shovel":41,"Shuriken":31,"Ornamental Fan":52,"Pantograph":25,"Snecko Eye":0,"MealTicket":26,"Fusion Hammer":34,"Kunai":3,"Chemical X":12,"Champion Belt":42,"Paper Frog":19},{"Lantern":26,"Singing Bowl":5,"Gremlin Horn":12,"Blue Candle":27,"Vajra":25,"Letter Opener":7,"Burning Blood":0,"Centennial Puzzle":4,"Bottled Flame":5,"Lizard Tail":19,"Busted Crown":8,"Shovel":20,"Shuriken":15,"Ornamental Fan":26,"Pantograph":12,"Snecko Eye":0,"MealTicket":12,"Fusion Hammer":16,"Kunai":1,"Chemical X":6,"Champion Belt":21,"Paper Frog":9},{"Lantern":83,"Singing Bowl":18,"Gremlin Horn":40,"Blue Candle":87,"Vajra":78,"Letter Opener":26,"Burning Blood":0,"Centennial Puzzle":11,"Bottled Flame":18,"Lizard Tail":61,"Busted Crown":32,"Shovel":63,"Shuriken":49,"Ornamental Fan":83,"Pantograph":40,"Snecko Eye":0,"MealTicket":40,"Fusion Hammer":54,"Kunai":2,"Chemical X":23,"Champion Belt":65,"Paper Frog":34}]},"card_choices":[{"not_picked":["Perfected Strike","Wild Strike","Headbutt"],"picked":"SKIP","floor":1},{"not_picked":["Shrug It Off","Wild Strike"],"picked":"Pummel","floor":4},{"not_picked":["Dropkick","Iron Wave","Entrench"],"picked":"SKIP","floor":5},{"not_picked":["Limit Break","Shrug It Off","Pommel Strike"],"picked":"SKIP","floor":6},{"not_picked":["Body Slam","Headbutt","Inflame"],"picked":"Singing Bowl","floor":8},{"not_picked":["Armaments","Flex"],"picked":"Uppercut","floor":11},{"not_picked":["Shockwave","Pummel","Carnage"],"picked":"Singing Bowl","floor":14},{"not_picked":["Impervious","Offering"],"picked":"Bludgeon","floor":16},{"not_picked":["Dark Embrace"],"picked":"Singing Bowl","floor":18},{"not_picked":["Clash"],"picked":"Singing Bowl","floor":20},{"not_picked":["Inflame"],"picked":"Singing Bowl","floor":21},{"not_picked":["Carnage+1"],"picked":"Singing Bowl","floor":24},{"not_picked":["Evolve+1"],"picked":"Singing Bowl","floor":28},{"not_picked":["Headbutt"],"picked":"Singing Bowl","floor":30},{"not_picked":["Hemokinesis"],"picked":"Singing Bowl","floor":31},{"not_picked":[],"picked":"Demon Form","floor":33},{"not_picked":["Clash+1"],"picked":"Singing Bowl","floor":35},{"not_picked":["Warcry"],"picked":"Singing Bowl","floor":37},{"not_picked":["Twin Strike+1"],"picked":"Singing Bowl","floor":38},{"not_picked":["Flex"],"picked":"Singing Bowl","floor":41},{"not_picked":["Twin Strike"],"picked":"Singing Bowl","floor":42},{"not_picked":["Disarm"],"picked":"Singing Bowl","floor":44},{"not_picked":["Rupture+1"],"picked":"Singing Bowl","floor":46},{"not_picked":[],"picked":"Whirlwind+1","floor":47},{"not_picked":["Thunderclap"],"picked":"Singing Bowl","floor":48},{"not_picked":["Heavy Blade"],"picked":"Singing Bowl","floor":54}],"player_experience":739869,"relics_obtained":[{"floor":3,"key":"Kunai"},{"floor":6,"key":"Centennial Puzzle"},{"floor":8,"key":"Singing Bowl"},{"floor":9,"key":"Bottled Flame"},{"floor":14,"key":"Letter Opener"},{"floor":24,"key":"Gremlin Horn"},{"floor":26,"key":"MealTicket"},{"floor":31,"key":"Shuriken"},{"floor":38,"key":"Lizard Tail"},{"floor":41,"key":"Shovel"},{"floor":42,"key":"Champion Belt"},{"floor":48,"key":"Vajra"},{"floor":52,"key":"Ornamental Fan"},{"floor":54,"key":"Blue Candle"}],"event_choices":[{"damage_healed":0,"gold_gain":275,"player_choice":"Desecrate","damage_taken":0,"max_hp_gain":0,"max_hp_loss":0,"event_name":"Golden Shrine","floor":10,"gold_loss":0,"cards_obtained":["Regret"]},{"damage_healed":0,"gold_gain":0,"player_choice":"Fled","damage_taken":0,"max_hp_gain":0,"max_hp_loss":0,"event_name":"Scrap Ooze","floor":13,"gold_loss":0},{"damage_healed":0,"gold_gain":0,"player_choice":"Opened","damage_taken":0,"relics_obtained":["Paper Frog"],"max_hp_gain":0,"max_hp_loss":0,"event_name":"The Mausoleum","floor":19,"gold_loss":0},{"damage_healed":0,"gold_gain":100,"player_choice":"Pray","damage_taken":0,"max_hp_gain":0,"max_hp_loss":0,"event_name":"Golden Shrine","floor":29,"gold_loss":0},{"damage_healed":0,"gold_gain":0,"player_choice":"Ignored","damage_taken":0,"max_hp_gain":0,"max_hp_loss":0,"event_name":"Tomb of Lord Red Mask","floor":36,"gold_loss":0},{"damage_healed":0,"gold_gain":0,"player_choice":"Fight","damage_taken":0,"max_hp_gain":0,"max_hp_loss":0,"event_name":"MindBloom","floor":38,"gold_loss":0},{"damage_healed":0,"gold_gain":0,"player_choice":"Fight","damage_taken":0,"max_hp_gain":0,"max_hp_loss":0,"event_name":"Mysterious Sphere","floor":42,"gold_loss":0}],"is_beta":false,"boss_relics":[{"not_picked":["Tiny House","SacredBark"],"picked":"Busted Crown"},{"not_picked":["Coffee Dripper","Mark of Pain"],"picked":"Fusion Hammer"}],"items_purged_floors":[12,53],"is_endless":false,"potions_floor_spawned":[6,8,11,18,24,30,31,37,38,41,44,47,48],"ascension_level":9}}