{"host":"91ruqvp7hiryodqd","time":1610686816,"event":{"mods":["AchievementEnabler","BaseMod","Colored Map","Colored Powertips","Filter the Spire","Minty Spire (QoL Compilation)","Relic Stats","StSLib"],"gold_per_floor":[117,67,85,95,95,95,114,132,132,132,161,181,181,200,200,302,302,317,334,348,328,11,40,57,57,57,69,100,112,143,180,192,300,312,337,349,374,405,428,440,123,138,165,165,210,210,224,238,238,238],"floor_reached":51,"language":"ENG","playtime":2074,"items_purged":["Strike_G","Strike_G"],"score":795,"play_id":"4dcfa752-78e0-45c2-bdc3-0de428e4f4de","local_time":"20210115120016","is_ascension_mode":false,"campfire_choices":[{"data":"Neutralize","floor":6,"key":"SMITH"},{"data":"Distraction","floor":10,"key":"SMITH"},{"data":"Blade Dance","floor":13,"key":"SMITH"},{"data":"Backflip","floor":15,"key":"SMITH"},{"data":"Die Die Die","floor":25,"key":"SMITH"},{"data":"Dash","floor":27,"key":"SMITH"},{"data":"Blade Dance","floor":29,"key":"SMITH"},{"data":"Survivor","floor":32,"key":"SMITH"},{"floor":40,"key":"REST"},{"floor":46,"key":"REST"},{"floor":49,"key":"REST"}],"circlet_count":0,"master_deck":["Strike_G","Strike_G","Defend_G","Defend_G","Defend_G","Defend_G","Survivor+1","Neutralize+1","Cloak And Dagger+1","Slice","Backflip+1","PiercingWail","Distraction+1","Slice","Blade Dance+1","Die Die Die+1","Dash+1","Slice","Slice","Backflip+1","Blade Dance+1","Slice","Envenom","Terror","Defend_P","Backstab+1","Predator","Blade Dance+1","Choke","Slice+1","Leg Sweep+1","Terror+1","Distraction+1"],"relics":["WristBlade","Pear","Letter Opener","Philosopher\u0027s Stone","Ornamental Fan","Dream Catcher","MawBank","Incense Burner","SlaversCollar","Orichalcum","Tingsha"],"acts_visited":["Exordium","TheCity","TheBeyond"],"potions_floor_usage":[7,16,16,28,31,33,33,39,42,42,45,47],"damage_taken":[{"damage":0,"enemies":"2 Louse","floor":1,"turns":3},{"damage":0,"enemies":"Jaw Worm","floor":3,"turns":3},{"damage":0,"enemies":"Cultist","floor":4,"turns":3},{"damage":11,"enemies":"Exordium Thugs","floor":7,"turns":4},{"damage":0,"enemies":"Red Slaver","floor":8,"turns":3},{"damage":16,"enemies":"Gremlin Nob","floor":11,"turns":5},{"damage":0,"enemies":"3 Louse","floor":12,"turns":2},{"damage":0,"enemies":"Blue Slaver","floor":14,"turns":2},{"damage":0,"enemies":"Hexaghost","floor":16,"turns":7},{"damage":0,"enemies":"Chosen","floor":18,"turns":4},{"damage":7,"enemies":"2 Thieves","floor":19,"turns":3},{"damage":3,"enemies":"Shelled Parasite and Fungi","floor":20,"turns":3},{"damage":0,"enemies":"Gremlin Leader","floor":23,"turns":6},{"damage":0,"enemies":"3 Cultists","floor":24,"turns":3},{"damage":3,"enemies":"Snake Plant","floor":28,"turns":4},{"damage":0,"enemies":"Snecko","floor":30,"turns":2},{"damage":1,"enemies":"Book of Stabbing","floor":31,"turns":4},{"damage":18,"enemies":"Collector","floor":33,"turns":8},{"damage":17,"enemies":"3 Darklings","floor":35,"turns":4},{"damage":3,"enemies":"3 Shapes","floor":37,"turns":2},{"damage":36,"enemies":"Maw","floor":38,"turns":7},{"damage":7,"enemies":"Writhing Mass","floor":39,"turns":4},{"damage":7,"enemies":"Jaw Worm Horde","floor":42,"turns":3},{"damage":0,"enemies":"2 Orb Walkers","floor":45,"turns":3},{"damage":18,"enemies":"Spire Growth","floor":47,"turns":3},{"damage":0,"enemies":"Transient","floor":48,"turns":5},{"damage":47,"enemies":"Donu and Deca","floor":50,"turns":10}],"seed_played":"-7805913820142765250","potions_obtained":[{"floor":4,"key":"Ancient Potion"},{"floor":7,"key":"LiquidBronze"},{"floor":11,"key":"PowerPotion"},{"floor":16,"key":"DistilledChaos"},{"floor":18,"key":"Regen Potion"},{"floor":20,"key":"Regen Potion"},{"floor":21,"key":"CunningPotion"},{"floor":30,"key":"Fire Potion"},{"floor":38,"key":"Strength Potion"},{"floor":45,"key":"ColorlessPotion"}],"is_trial":false,"path_per_floor":["M","?","M","M","?","R","M","M","T","R","E","M","R","M","R","B",null,"M","M","M","?","$","E","M","R","T","R","M","R","M","E","R","B",null,"M","?","M","M","M","R","$","M","T","?","?","R","M","M","R","B",null],"character_chosen":"THE_SILENT","items_purchased":["Ornamental Fan","Choke","AttackPotion","Energy Potion","PowerPotion"],"campfire_rested":3,"item_purchase_floors":[22,41,41,41,41],"current_hp_per_floor":[70,70,70,70,70,70,59,59,69,69,53,53,53,53,53,53,80,80,73,70,70,70,70,70,70,70,70,79,79,79,78,78,60,80,63,63,60,24,17,41,41,34,34,34,34,58,40,40,64,17],"gold":238,"neow_bonus":"BOSS_RELIC","is_daily":false,"chose_seed":false,"campfire_upgraded":8,"win_rate":0.0,"timestamp":1610686816,"path_taken":["M","?","M","M","?","R","M","M","T","R","E","M","R","M","R","BOSS","M","M","M","?","$","E","M","R","T","R","M","R","?","E","R","BOSS","M","?","M","M","M","R","$","?","T","?","?","R","M","M","R","BOSS"],"items_purchased_type":["Relic","Card","Potion","Potion","Potion"],"build_version":"2020-12-22","purchased_purges":2,"victory":true,"max_hp_per_floor":[70,70,70,70,70,70,70,70,80,80,80,80,80,80,80,80,80,80,80,80,80,80,80,80,80,80,80,80,80,80,80,80,80,80,80,80,80,80,80,80,80,80,80,80,80,80,80,80,80,80],"relic_stats":{"Dream Catcher":3,"counters":[27,110],"Ornamental Fan":[328],"Tingsha":[0],"Letter Opener":[177],"Orichalcum":[0],"MawBank":180,"obtain_stats":[{"SlaversCollar":34,"Dream Catcher":23,"Pear":9,"WristBlade":0,"Ornamental Fan":22,"Philosopher\u0027s Stone":17,"Tingsha":45,"Incense Burner":31,"Letter Opener":11,"Orichalcum":43,"MawBank":26,"Ring of the Snake":0},{"SlaversCollar":18,"Dream Catcher":13,"Pear":5,"WristBlade":0,"Ornamental Fan":12,"Philosopher\u0027s Stone":9,"Tingsha":24,"Incense Burner":17,"Letter Opener":6,"Orichalcum":23,"MawBank":14,"Ring of the Snake":0},{"SlaversCollar":69,"Dream Catcher":48,"Pear":16,"WristBlade":0,"Ornamental Fan":42,"Philosopher\u0027s Stone":32,"Tingsha":92,"Incense Burner":61,"Letter Opener":21,"Orichalcum":89,"MawBank":51,"Ring of the Snake":0}]},"card_choices":[{"not_picked":["Prepared","Reflex"],"picked":"Cloak And Dagger","floor":1},{"not_picked":["Deadly Poison","Blur"],"picked":"Slice","floor":3},{"not_picked":["Crippling Poison","Bane"],"picked":"Backflip","floor":4},{"not_picked":["Flechettes","Bane"],"picked":"PiercingWail","floor":7},{"not_picked":["Dagger Spray","Escape Plan"],"picked":"Distraction","floor":8},{"not_picked":["Escape Plan","Footwork"],"picked":"Slice","floor":11},{"not_picked":["Sucker Punch","Quick Slash"],"picked":"Blade Dance","floor":12},{"not_picked":["Deadly Poison","Tactician","Dagger Throw"],"picked":"SKIP","floor":14},{"not_picked":["Tools of the Trade","Glass Knife"],"picked":"Die Die Die","floor":16},{"not_picked":["Flying Knee","Expertise+1","Dash"],"picked":"SKIP","floor":18},{"not_picked":["Flying Knee","Expertise+1"],"picked":"Dash","floor":18},{"not_picked":["Well Laid Plans+1","Sucker Punch"],"picked":"Slice","floor":19},{"not_picked":["Outmaneuver+1","Riddle With Holes+1"],"picked":"Slice","floor":20},{"not_picked":["Dagger Spray","Noxious Fumes"],"picked":"Backflip+1","floor":23},{"not_picked":["Dagger Spray","Bane","All Out Attack"],"picked":"SKIP","floor":24},{"not_picked":["Reflex","Bane"],"picked":"Blade Dance","floor":28},{"not_picked":["Deadly Poison","Poisoned Stab"],"picked":"Slice","floor":30},{"not_picked":["Sucker Punch+1","Tools of the Trade","Quick Slash"],"picked":"SKIP","floor":31},{"not_picked":["Glass Knife","Night Terror"],"picked":"Envenom","floor":33},{"not_picked":["Expertise+1","PiercingWail+1"],"picked":"Terror","floor":35},{"not_picked":["Underhanded Strike+1","Dagger Throw+1"],"picked":"Backstab+1","floor":37},{"not_picked":["Blade Dance","Crippling Poison+1"],"picked":"Predator","floor":38},{"not_picked":["Cloak And Dagger","Riddle With Holes+1"],"picked":"Blade Dance+1","floor":39},{"not_picked":["Concentrate","Crippling Poison","Deadly Poison+1"],"picked":"SKIP","floor":42},{"not_picked":["Outmaneuver","Bane+1"],"picked":"Slice+1","floor":45},{"not_picked":["Cloak And Dagger+1","Choke+1"],"picked":"Leg Sweep+1","floor":46},{"not_picked":["Flechettes+1","Underhanded Strike+1","Choke"],"picked":"SKIP","floor":47},{"not_picked":["Escape Plan","Adrenaline"],"picked":"Terror+1","floor":48},{"not_picked":["Outmaneuver+1","Noxious Fumes+1"],"picked":"Distraction+1","floor":49}],"player_experience":86033,"relics_obtained":[{"floor":9,"key":"Pear"},{"floor":11,"key":"Letter Opener"},{"floor":23,"key":"Dream Catcher"},{"floor":26,"key":"MawBank"},{"floor":31,"key":"Incense Burner"},{"floor":43,"key":"Orichalcum"},{"floor":45,"key":"Tingsha"}],"event_choices":[{"cards_removed":["Strike_G"],"damage_healed":0,"gold_gain":0,"player_choice":"Card Removal","damage_taken":0,"max_hp_gain":0,"max_hp_loss":0,"event_name":"The Cleric","floor":2,"gold_loss":50},{"damage_healed":0,"gold_gain":0,"player_choice":"Grow","damage_taken":0,"max_hp_gain":0,"max_hp_loss":0,"event_name":"Living Wall","floor":5,"gold_loss":0,"cards_upgraded":["Cloak And Dagger"]},{"damage_healed":0,"gold_gain":0,"player_choice":"Bought 1 Potion","damage_taken":0,"max_hp_gain":0,"max_hp_loss":0,"event_name":"The Woman in Blue","floor":21,"gold_loss":0},{"cards_removed":["Defend_G"],"damage_healed":0,"gold_gain":0,"player_choice":"Took Card","damage_taken":0,"max_hp_gain":0,"max_hp_loss":0,"event_name":"NoteForYourself","floor":36,"gold_loss":0,"cards_obtained":["Defend_P"]},{"damage_healed":0,"gold_gain":0,"player_choice":"Memory 1","damage_taken":0,"max_hp_gain":0,"max_hp_loss":0,"event_name":"SensoryStone","floor":44,"gold_loss":0},{"damage_healed":0,"gold_gain":0,"player_choice":"Fight","damage_taken":0,"max_hp_gain":0,"max_hp_loss":0,"event_name":"Mysterious Sphere","floor":45,"gold_loss":0}],"is_beta":false,"boss_relics":[{"not_picked":["Black Star","Busted Crown"],"picked":"Philosopher\u0027s Stone"},{"not_picked":["Velvet Choker","SacredBark"],"picked":"SlaversCollar"}],"items_purged_floors":[22,41],"is_endless":false,"potions_floor_spawned":[4,7,11,16,18,20,24,30,38,45],"ascension_level":0}}