{"host":"95i1gxnztdrdyvhi","time":1610669491,"event":{"mods":["100% Spire Juice","AchievementEnabler","Act Like it!","BaseMod","Minty Spire (QoL Compilation)","Quick Restart","StSLib"],"gold_per_floor":[112,132,150,225,236,252,281,281,349,360,360,379,150,475,475,574,574,586,586,586,307,325,325,359,382,441,453,475,505,423,463,115,127,127],"floor_reached":33,"language":"ENG","playtime":1363,"items_purged":["Moonworks:Strike","Moonworks:Strike"],"score":324,"play_id":"93e491a2-a11c-4f26-823b-dfb4abc3fd06","local_time":"20210115001131","is_ascension_mode":false,"campfire_choices":[{"data":"Moonworks:TacticalRetreat","floor":11,"key":"SMITH"},{"data":"Moonworks:StarBlastingFuse","floor":15,"key":"SMITH"},{"floor":23,"key":"RECALL"},{"data":"Moonworks:LongDistanceShot","floor":27,"key":"SMITH"},{"data":"Moonworks:HolyNight","floor":32,"key":"SMITH"}],"circlet_count":0,"master_deck":["Moonworks:Strike","Moonworks:Defend","Moonworks:Defend","Moonworks:Defend","Moonworks:Defend","Moonworks:Ambush","Moonworks:LongDistanceShot+1","Moonworks:TacticalRetreat+1","Moonworks:MiracleRedBeanIceCream","Moonworks:EvilSpyWorkPreparation+1","Moonworks:StarBlastingFuse+1","Moonworks:NicePresent","Moonworks:NicePresent","Moonworks:RedAndBlue","Moonworks:HolyNight+1"],"relics":["Moonworks:BrokenBomb","Moonworks:Homemark","NeowsBlessing","Lantern","Meat on the Bone","Vajra","Old Coin","TheAbacus","MawBank","Ancient Tea Set","Du-Vu Doll","Boot"],"acts_visited":["Exordium","TheCity"],"potions_floor_usage":[7,7,33],"damage_taken":[{"damage":0,"enemies":"Jaw Worm","floor":1,"turns":1},{"damage":0,"enemies":"Cultist","floor":2,"turns":1},{"damage":0,"enemies":"2 Louse","floor":3,"turns":1},{"damage":7,"enemies":"Gremlin Gang","floor":5,"turns":7},{"damage":9,"enemies":"2 Fungi Beasts","floor":6,"turns":3},{"damage":0,"enemies":"Lagavulin","floor":7,"turns":3},{"damage":6,"enemies":"Exordium Thugs","floor":10,"turns":6},{"damage":7,"enemies":"3 Louse","floor":12,"turns":4},{"damage":10,"enemies":"Gremlin Nob","floor":14,"turns":3},{"damage":26,"enemies":"The Guardian","floor":16,"turns":8},{"damage":0,"enemies":"Spheric Guardian","floor":18,"turns":2},{"damage":0,"enemies":"3 Byrds","floor":22,"turns":3},{"damage":14,"enemies":"Slavers","floor":24,"turns":5},{"damage":12,"enemies":"3 Cultists","floor":25,"turns":3},{"damage":0,"enemies":"Chosen and Byrds","floor":28,"turns":4},{"damage":0,"enemies":"Sentry and Sphere","floor":29,"turns":2},{"damage":8,"enemies":"Book of Stabbing","floor":31,"turns":4},{"damage":29,"enemies":"Collector","floor":33,"turns":7}],"seed_played":"9217089806764864559","potions_obtained":[{"floor":2,"key":"BlessingOfTheForge"},{"floor":3,"key":"SmokeBomb"},{"floor":6,"key":"AttackPotion"},{"floor":12,"key":"SpeedPotion"},{"floor":22,"key":"PowerPotion"}],"is_trial":false,"path_per_floor":["M","M","M","?","M","M","E","?","T","M","R","M","$","E","R","B",null,"M","?","?","$","M","R","E","M","T","R","M","M","?","E","R","B"],"character_chosen":"THE_STARBREAKER","items_purchased":["Vajra","Moonworks:NicePresent","TheAbacus"],"campfire_rested":0,"item_purchase_floors":[13,21,21],"current_hp_per_floor":[60,60,60,54,47,43,48,48,48,47,47,45,45,40,40,31,60,60,50,50,50,55,55,46,39,39,39,44,44,44,41,41,17,17],"gold":127,"neow_bonus":"THREE_ENEMY_KILL","is_daily":false,"chose_seed":false,"campfire_upgraded":4,"win_rate":0.0,"timestamp":1610669491,"path_taken":["M","M","M","?","M","?","E","?","T","M","R","M","?","E","R","BOSS","M","?","?","$","M","R","E","M","T","R","M","?","?","E","R","BOSS"],"items_purchased_type":["Relic","Card","Relic"],"build_version":"2020-12-22","purchased_purges":2,"victory":false,"max_hp_per_floor":[60,60,60,60,60,60,60,60,60,60,60,60,60,60,60,60,60,60,65,65,65,65,65,65,65,65,65,65,65,65,65,65,65,65],"card_choices":[{"not_picked":["Moonworks:CloudOfSeagulls","Moonworks:ImOnFire","Moonworks:LulusLuckyEgg"],"picked":"SKIP","floor":1},{"not_picked":["Moonworks:SakisCookie","Moonworks:ImOnFire"],"picked":"Moonworks:TacticalRetreat","floor":2},{"not_picked":["Moonworks:JonathanRush","Moonworks:Wanted","Moonworks:LulusLuckyEgg"],"picked":"SKIP","floor":3},{"not_picked":["Moonworks:BigMagnum","Moonworks:Assault"],"picked":"Moonworks:MiracleRedBeanIceCream","floor":5},{"not_picked":["Moonworks:ForcedRevival","Moonworks:ImOnFire","Moonworks:LulusLuckyEgg"],"picked":"SKIP","floor":6},{"not_picked":["Moonworks:JonathanRush","Moonworks:AngelHand"],"picked":"Moonworks:EvilSpyWorkPreparation","floor":7},{"not_picked":["Moonworks:BeyondHell","Moonworks:EvilSpyWorkPreparation","Moonworks:BindingChains"],"picked":"SKIP","floor":10},{"not_picked":["Moonworks:DeployBits","Moonworks:x16BigRocket"],"picked":"Moonworks:StarBlastingFuse","floor":12},{"not_picked":["Moonworks:UnpaidWork","Moonworks:Assault","Moonworks:ImOnFire"],"picked":"SKIP","floor":14},{"not_picked":["Moonworks:EvilSpyWorkPreparation","Moonworks:IntelligenceOfficer"],"picked":"Moonworks:NicePresent","floor":18},{"not_picked":["Moonworks:CastOff+1","Moonworks:EvilSpyWorkPreparation","Moonworks:Assault"],"picked":"SKIP","floor":22},{"not_picked":["Moonworks:SakisCookie","Moonworks:DevilHand","Moonworks:ForcedRevival"],"picked":"SKIP","floor":24},{"not_picked":["Moonworks:CastOff+1","Moonworks:Dinner","Moonworks:BigMagnum"],"picked":"SKIP","floor":25},{"not_picked":["Moonworks:BigMagnum","Moonworks:JonathanRush","Moonworks:CloudOfSeagulls+1"],"picked":"SKIP","floor":28},{"not_picked":["Moonworks:IndiscriminateFireSupport+1","Moonworks:ImOnFire"],"picked":"Moonworks:RedAndBlue","floor":29},{"not_picked":["Moonworks:DeployBits","Moonworks:CloudOfSeagulls"],"picked":"Moonworks:HolyNight","floor":31}],"player_experience":650003,"relics_obtained":[{"floor":7,"key":"Lantern"},{"floor":9,"key":"Meat on the Bone"},{"floor":14,"key":"Old Coin"},{"floor":24,"key":"MawBank"},{"floor":26,"key":"Ancient Tea Set"},{"floor":31,"key":"Boot"}],"event_choices":[{"damage_healed":0,"gold_gain":75,"player_choice":"Touch","damage_taken":6,"max_hp_gain":0,"max_hp_loss":0,"event_name":"FaceTrader","floor":4,"gold_loss":0},{"damage_healed":0,"gold_gain":0,"player_choice":"Forge","damage_taken":0,"max_hp_gain":0,"max_hp_loss":0,"event_name":"Accursed Blacksmith","floor":8,"gold_loss":0,"cards_upgraded":["Moonworks:EvilSpyWorkPreparation"]},{"damage_healed":0,"gold_gain":0,"player_choice":"Shed Blood","damage_taken":15,"max_hp_gain":5,"max_hp_loss":0,"event_name":"Forgotten Altar","floor":19,"gold_loss":0},{"cards_removed":["Moonworks:Strike"],"damage_healed":0,"gold_gain":0,"player_choice":"Offered Basic","damage_taken":0,"max_hp_gain":0,"max_hp_loss":0,"event_name":"Bonfire Elementals","floor":20,"gold_loss":0},{"damage_healed":0,"gold_gain":0,"player_choice":"Paid Gold","damage_taken":0,"relics_obtained":["Du-Vu Doll"],"max_hp_gain":0,"max_hp_loss":0,"event_name":"WeMeetAgain","floor":30,"gold_loss":94}],"is_beta":false,"boss_relics":[{"not_picked":["Ectoplasm","Busted Crown","Velvet Choker"]}],"items_purged_floors":[13,21],"is_endless":false,"potions_floor_spawned":[2,3,6,12,22,24,31],"killed_by":"Collector","ascension_level":0}}