{"host":"i09pxcjttd31eh4q","time":1610737900,"event":{"mods":["AchievementEnabler","BaseMod","Colored Map","Keyboard Shortcuts","Minty Spire (QoL Compilation)","StSLib","SuperFastMode"],"gold_per_floor":[110,35,51,68,68,68,68,88,139,139,174,174,174,187,187,261,261,276,289,189,189,189,189,212,212,212,1,13,39,39,39],"floor_reached":30,"language":"KOR","playtime":481,"items_purged":["Strike_P","Strike_P","Strike_P"],"score":548,"play_id":"617b389d-d2a0-46d8-a9d5-0d10f3a54ec3","local_time":"20210116041140","is_ascension_mode":true,"campfire_choices":[{"data":"Eruption","floor":6.0,"key":"SMITH"},{"floor":10.0,"key":"REST"},{"floor":13.0,"key":"REST"},{"data":"WheelKick","floor":15.0,"key":"SMITH"},{"data":"LessonLearned","floor":23.0,"key":"SMITH"},{"floor":25.0,"key":"REST"}],"circlet_count":0,"master_deck":["AscendersBane","Strike_P+1","Defend_P+1","Defend_P+1","Defend_P","Eruption+1","Vigilance","BowlingBash","EmptyBody+1","DeceiveReality+1","WheelKick+1","LessonLearned+1","FearNoEvil+1","Adaptation"],"relics":["PureWater","Omamori","Odd Mushroom","Regal Pillow","PreservedInsect","VioletLotus","Letter Opener","Red Mask"],"acts_visited":["Exordium","TheCity"],"potions_floor_usage":[],"damage_taken":[{"damage":14.0,"enemies":"Jaw Worm","floor":1.0,"turns":6.0},{"damage":13.0,"enemies":"Small Slimes","floor":3.0,"turns":3.0},{"damage":1.0,"enemies":"2 Louse","floor":4.0,"turns":2.0},{"damage":10.0,"enemies":"The Mushroom Lair","floor":8.0,"turns":4.0},{"damage":27.0,"enemies":"Gremlin Nob","floor":11.0,"turns":4.0},{"damage":0.0,"enemies":"2 Fungi Beasts","floor":14.0,"turns":4.0},{"damage":0.0,"enemies":"Slime Boss","floor":16.0,"turns":4.0},{"damage":19.0,"enemies":"2 Thieves","floor":18.0,"turns":4.0},{"damage":10.0,"enemies":"3 Byrds","floor":19.0,"turns":4.0},{"damage":7,"enemies":"Centurion and Healer","floor":28,"turns":5},{"damage":43,"enemies":"Masked Bandits","floor":29,"turns":4},{"damage":0,"enemies":"Snake Plant","floor":30,"turns":3}],"seed_played":"-1860974233502590517","potions_obtained":[{"floor":1.0,"key":"PowerPotion"},{"floor":11.0,"key":"Strength Potion"},{"floor":16.0,"key":"LiquidBronze"},{"floor":29,"key":"LiquidBronze"}],"is_trial":false,"path_per_floor":["M","$","M","M","?","R","?","?","T","R","E","?","R","M","R","B",null,"M","M","$","?","?","R","T","R","T","$","M","?","M"],"character_chosen":"WATCHER","items_purchased":["Adaptation"],"campfire_rested":3,"item_purchase_floors":[27],"current_hp_per_floor":[47,47,34,33,13,13,13,3,3,38,11,11,46,46,46,46,63,44,34,34,34,34,34,34,68,68,68,61,18,18,18],"gold":39,"neow_bonus":"RANDOM_COMMON_RELIC","is_daily":false,"chose_seed":false,"campfire_upgraded":3,"win_rate":0.0,"timestamp":1610737900,"path_taken":["M","$","M","M","?","R","?","?","T","R","E","?","R","M","R","BOSS","M","M","$","?","?","R","?","R","T","$","M","?","?"],"items_purchased_type":["Card"],"build_version":"2020-12-22","purchased_purges":3,"victory":false,"max_hp_per_floor":[68,68,68,68,68,68,68,68,68,68,68,68,68,68,68,68,68,68,68,68,68,68,68,68,68,68,68,68,68,68,68],"card_choices":[{"not_picked":["Vengeance","WaveOfTheHand"],"picked":"BowlingBash","floor":1.0},{"not_picked":["Consecrate","Pray"],"picked":"EmptyBody","floor":3.0},{"not_picked":["Protect","ClearTheMind","Devotion"],"picked":"SKIP","floor":4.0},{"not_picked":["ClearTheMind","Halt"],"picked":"DeceiveReality","floor":8.0},{"not_picked":["ThirdEye","WaveOfTheHand"],"picked":"WheelKick","floor":11.0},{"not_picked":["SpiritShield","Nirvana","DeceiveReality"],"picked":"SKIP","floor":14.0},{"not_picked":["Alpha","Wish"],"picked":"LessonLearned","floor":16.0},{"not_picked":["Evaluate","BowlingBash+1","Consecrate"],"picked":"SKIP","floor":18.0},{"not_picked":["MentalFortress","SignatureMove+1"],"picked":"FearNoEvil","floor":19.0},{"not_picked":["FlyingSleeves","Consecrate","JustLucky"],"picked":"SKIP","floor":28}],"player_experience":858371,"relics_obtained":[{"floor":8.0,"key":"Odd Mushroom"},{"floor":9.0,"key":"Regal Pillow"},{"floor":11.0,"key":"PreservedInsect"},{"floor":26.0,"key":"Letter Opener"},{"floor":29,"key":"Red Mask"}],"event_choices":[{"damage_healed":0.0,"max_hp_gain":0.0,"max_hp_loss":0.0,"gold_gain":0.0,"event_name":"Shining Light","player_choice":"Entered Light","floor":5.0,"gold_loss":0.0,"damage_taken":20.0,"cards_upgraded":["Strike_P","Defend_P"]},{"cards_removed":["Defend_P"],"damage_healed":0.0,"max_hp_gain":0.0,"max_hp_loss":0.0,"gold_gain":0.0,"event_name":"Living Wall","player_choice":"Forget","floor":7.0,"gold_loss":0.0,"damage_taken":0.0},{"damage_healed":0.0,"max_hp_gain":0.0,"max_hp_loss":0.0,"gold_gain":0.0,"event_name":"Mushrooms","player_choice":"Fought Mushrooms","floor":8.0,"gold_loss":0.0,"damage_taken":0.0},{"damage_healed":0.0,"max_hp_gain":0.0,"max_hp_loss":0.0,"gold_gain":0.0,"event_name":"Scrap Ooze","player_choice":"Fled","floor":12.0,"gold_loss":0.0,"damage_taken":0.0},{"damage_healed":0.0,"max_hp_gain":0.0,"max_hp_loss":0.0,"gold_gain":0.0,"event_name":"Ghosts","player_choice":"Ignored","floor":21.0,"gold_loss":0.0,"damage_taken":0.0},{"damage_healed":0.0,"max_hp_gain":0.0,"max_hp_loss":0.0,"gold_gain":0.0,"event_name":"Cursed Tome","player_choice":"Ignored","floor":22.0,"gold_loss":0.0,"damage_taken":0.0},{"damage_healed":0,"gold_gain":0,"player_choice":"Fought Bandits","damage_taken":0,"max_hp_gain":0,"max_hp_loss":0,"event_name":"Masked Bandits","floor":29,"gold_loss":0}],"is_beta":false,"boss_relics":[{"not_picked":["HolyWater","Black Star"],"picked":"VioletLotus"}],"items_purged_floors":[2,20,27],"is_endless":false,"potions_floor_spawned":[1,11,16,29],"killed_by":"Snake Plant","ascension_level":20}}