{"host":"4rvakrj1idbgia3f","time":1610711270,"event":{"mods":["BaseMod","Colored Map","Colored Powertips","DeckTracker","Highlight Path","Minty Spire (QoL Compilation)","Random Character Button","StSLib"],"gold_per_floor":[118,30,44,62,62,87,87,120,120,120,151,170,170,170,170],"floor_reached":14,"language":"JPN","playtime":429,"items_purged":[],"score":216,"play_id":"c659939f-565c-4db8-8744-aa1497c0c283","local_time":"20210115204750","is_ascension_mode":true,"campfire_choices":[{"data":"Eruption","floor":7.0,"key":"SMITH"},{"data":"MentalFortress","floor":13,"key":"SMITH"}],"circlet_count":0,"master_deck":["AscendersBane","Strike_P","Strike_P","Strike_P","Strike_P","Defend_P","Defend_P","Defend_P","Defend_P","Eruption+1","Vigilance","Evaluate","FearNoEvil","FlurryOfBlows","DevaForm+1","Tantrum","FearNoEvil","Adaptation","MentalFortress+1"],"relics":["PureWater","NeowsBlessing","Sundial","Centennial Puzzle","Bottled Flame","SsserpentHead","Omamori"],"acts_visited":["Exordium"],"potions_floor_usage":[8,11],"damage_taken":[{"damage":0.0,"enemies":"Cultist","floor":1.0,"turns":1.0},{"damage":0.0,"enemies":"Small Slimes","floor":3.0,"turns":2.0},{"damage":0.0,"enemies":"Jaw Worm","floor":4.0,"turns":1.0},{"damage":9.0,"enemies":"Lagavulin","floor":6.0,"turns":5.0},{"damage":9,"enemies":"3 Sentries","floor":8,"turns":6},{"damage":10,"enemies":"Gremlin Nob","floor":11,"turns":3},{"damage":26,"enemies":"Exordium Thugs","floor":12,"turns":4},{"damage":15,"enemies":"Lagavulin","floor":14,"turns":4}],"seed_played":"-943532408064471071","potions_obtained":[{"floor":1.0,"key":"BottledMiracle"},{"floor":4.0,"key":"DuplicationPotion"},{"floor":8,"key":"Weak Potion"}],"is_trial":false,"path_per_floor":["M","$","M","M","?","E","R","E","T","?","E","M","R","E"],"character_chosen":"WATCHER","items_purchased":["FearNoEvil"],"campfire_rested":0,"item_purchase_floors":[2],"current_hp_per_floor":[61,61,61,61,61,52,52,43,43,43,33,7,7,0,0],"gold":170,"neow_bonus":"THREE_ENEMY_KILL","is_daily":false,"chose_seed":false,"campfire_upgraded":2,"win_rate":0.0,"timestamp":1610711270,"path_taken":["M","$","M","?","?","E","R","E","T","?","E","M","R","E"],"items_purchased_type":["Card"],"build_version":"2020-12-22","purchased_purges":0,"victory":false,"max_hp_per_floor":[68,68,68,68,68,68,68,68,68,68,68,68,68,68,68],"card_choices":[{"not_picked":["Sanctity","Nirvana"],"picked":"Evaluate","floor":1.0},{"not_picked":["ForeignInfluence","FollowUp"],"picked":"FlurryOfBlows","floor":3.0},{"not_picked":["BattleHymn","FollowUp"],"picked":"DevaForm","floor":4.0},{"not_picked":["FlyingSleeves","Indignation"],"picked":"Tantrum","floor":6.0},{"not_picked":["Swivel","JustLucky"],"picked":"FearNoEvil","floor":8},{"not_picked":["EmptyFist","Crescendo"],"picked":"Adaptation","floor":11},{"not_picked":["BattleHymn","FollowUp"],"picked":"MentalFortress","floor":12}],"player_experience":2036336,"relics_obtained":[{"floor":6.0,"key":"Sundial"},{"floor":8,"key":"Centennial Puzzle"},{"floor":9,"key":"Bottled Flame"},{"floor":11,"key":"Omamori"}],"event_choices":[{"damage_healed":0.0,"max_hp_gain":0.0,"max_hp_loss":0.0,"gold_gain":0.0,"event_name":"Living Wall","player_choice":"Grow","floor":5.0,"gold_loss":0.0,"damage_taken":0.0,"cards_upgraded":["DevaForm"]},{"damage_healed":0,"gold_gain":0,"player_choice":"Trade","damage_taken":0,"relics_obtained":["SsserpentHead"],"max_hp_gain":0,"max_hp_loss":0,"event_name":"FaceTrader","floor":10,"gold_loss":0}],"is_beta":false,"boss_relics":[],"items_purged_floors":[],"is_endless":false,"potions_floor_spawned":[1,4,8],"killed_by":"Lagavulin","ascension_level":20}}