{"host":"gkm149kh1ihaqy0o","time":1610746555,"event":{"mods":["AchievementEnabler","BaseMod","Colored Powertips","Googly Eyes","Key Reminder","Minty Spire (QoL Compilation)","Permanent Neow","Quick Restart","Random Character Button","Rare Cards Sparkle","Relic Sorter","Relic Stats","SuperFastMode","Unceasing Turn Reminder","everything is the same but u backflip on backflip"],"gold_per_floor":[109,122,142,3,19,19,51,64,137,167,342,110,110,128,128,223,223,239,262,262,279,309,344,356,370,444,460,460,460,284,304,304,404,404,419,694,711,118,134,134,14,29,29,61,61,88,105,132,132,132],"floor_reached":51,"language":"ENG","playtime":3033,"items_purged":["Strike_B","Strike_B","Strike_B","Regret"],"score":1387,"play_id":"ffa162ed-ebdd-4797-9ff8-3291968ba667","local_time":"20210115153555","is_ascension_mode":true,"campfire_choices":[{"data":"Genetic Algorithm","floor":6,"key":"SMITH"},{"data":"Machine Learning","floor":15,"key":"SMITH"},{"data":"Creative AI","floor":29,"key":"SMITH"},{"data":"Double Energy","floor":32,"key":"SMITH"},{"data":"Loop","floor":40,"key":"SMITH"},{"data":"Seek","floor":49,"key":"SMITH"}],"circlet_count":0,"master_deck":["Strike_B","Defend_B","Defend_B","Defend_B","Defend_B","Zap","Dualcast","CurseOfTheBell","Melter","Static Discharge","Auto Shields","Machine Learning+1","Genetic Algorithm+1","BootSequence","Sweeping Beam","Capacitor","Sunder","Loop+1","Sunder","Creative AI+1","Go for the Eyes","Ghostly","Ghostly","Ghostly","Ghostly","Ghostly","Hologram","Coolheaded","Conserve Battery+1","Turbo+1","White Noise","Double Energy+1","Redo","Meteor Strike","Static Discharge+1","Meteor Strike","Glacier+1","Thunder Strike","Echo Form","Seek+1"],"relics":["Calling Bell","StoneCalendar","Anchor","Meat on the Bone","MealTicket","HornCleat","Dead Branch","Nuclear Battery","Bronze Scales","Red Mask","Lantern","The Courier","Snecko Eye","DollysMirror","FossilizedHelix","Oddly Smooth Stone","InkBottle","Regal Pillow","Girya","DataDisk"],"acts_visited":["Exordium","TheCity","TheBeyond"],"potions_floor_usage":[7,16,23,24,33,33,50,50,50],"damage_taken":[{"damage":6,"enemies":"Cultist","floor":1,"turns":4},{"damage":4,"enemies":"2 Louse","floor":2,"turns":3},{"damage":3,"enemies":"Jaw Worm","floor":3,"turns":4},{"damage":5,"enemies":"Blue Slaver","floor":5,"turns":4},{"damage":14,"enemies":"Lagavulin","floor":7,"turns":7},{"damage":14,"enemies":"Red Slaver","floor":8,"turns":5},{"damage":14,"enemies":"3 Sentries","floor":10,"turns":7},{"damage":0,"enemies":"2 Fungi Beasts","floor":14,"turns":2},{"damage":16,"enemies":"Slime Boss","floor":16,"turns":7},{"damage":14,"enemies":"Spheric Guardian","floor":18,"turns":4},{"damage":0,"enemies":"Shell Parasite","floor":21,"turns":6},{"damage":0,"enemies":"Masked Bandits","floor":22,"turns":6},{"damage":0,"enemies":"Slavers","floor":23,"turns":7},{"damage":10,"enemies":"Centurion and Healer","floor":24,"turns":5},{"damage":0,"enemies":"Cultist and Chosen","floor":25,"turns":7},{"damage":16,"enemies":"3 Cultists","floor":27,"turns":6},{"damage":0,"enemies":"Snecko","floor":31,"turns":5},{"damage":0,"enemies":"Collector","floor":33,"turns":11},{"damage":0,"enemies":"Orb Walker","floor":35,"turns":4},{"damage":2,"enemies":"3 Shapes","floor":37,"turns":4},{"damage":0,"enemies":"Sphere and 2 Shapes","floor":39,"turns":3},{"damage":0,"enemies":"3 Darklings","floor":42,"turns":3},{"damage":0,"enemies":"Giant Head","floor":44,"turns":9},{"damage":0,"enemies":"Reptomancer","floor":46,"turns":7},{"damage":0,"enemies":"Maw","floor":47,"turns":7},{"damage":0,"enemies":"Nemesis","floor":48,"turns":5},{"damage":0,"enemies":"Time Eater","floor":50,"turns":7}],"seed_played":"8791344855992302020","potions_obtained":[{"floor":3,"key":"DistilledChaos"},{"floor":5,"key":"GamblersBrew"},{"floor":7,"key":"Energy Potion"},{"floor":14,"key":"SpeedPotion"},{"floor":23,"key":"Explosive Potion"},{"floor":24,"key":"Dexterity Potion"},{"floor":27,"key":"Weak Potion"},{"floor":33,"key":"FocusPotion"},{"floor":39,"key":"Regen Potion"},{"floor":42,"key":"FocusPotion"},{"floor":44,"key":"FocusPotion"}],"is_trial":false,"path_per_floor":["M","M","M","$","M","R","E","M","T","E","?","$","?","M","R","B",null,"M","T","?","M","?","E","M","M","T","M","?","R","$","M","R","B",null,"M","?","M","$","M","R","$","M","T","E","?","E","M","E","R","B",null],"character_chosen":"DEFECT","items_purchased":["Machine Learning","Sunder","Loop","Double Energy","Redo","DollysMirror","FossilizedHelix","Oddly Smooth Stone"],"campfire_rested":0,"item_purchase_floors":[4,12,12,30,30,38,38,38],"current_hp_per_floor":[62,58,55,55,50,50,48,46,46,44,44,59,59,59,59,43,67,53,53,37,37,37,37,27,27,27,23,35,35,37,37,37,37,37,37,37,35,37,37,37,37,37,37,37,35,35,35,35,35,35],"gold":132,"neow_bonus":"BOSS_RELIC","is_daily":false,"chose_seed":false,"campfire_upgraded":6,"win_rate":0.0,"timestamp":1610746555,"path_taken":["M","M","M","$","M","R","E","?","T","E","?","?","?","M","R","BOSS","M","?","?","M","?","E","M","?","T","M","?","R","$","M","R","BOSS","M","?","?","?","M","R","$","M","T","E","?","E","M","E","R","BOSS"],"items_purchased_type":["Card","Card","Card","Card","Card","Relic","Relic","Relic"],"build_version":"2020-12-22","purchased_purges":4,"victory":true,"max_hp_per_floor":[75,75,75,75,75,75,75,75,75,75,75,75,75,75,75,75,75,75,75,37,37,37,37,37,37,37,37,37,37,37,37,37,37,37,37,37,37,37,37,37,37,37,37,37,35,35,35,35,35,35],"relic_stats":{"Regal Pillow":0,"counters":[27,149],"Dead Branch":[188],"Bronze Scales":[331],"Snecko Eye":[106,88,103,118],"StoneCalendar":[321],"MealTicket":19,"obtain_stats":[{"Girya":46,"Lantern":23,"Regal Pillow":44,"Dead Branch":10,"Oddly Smooth Stone":38,"StoneCalendar":0,"The Courier":26,"Nuclear Battery":17,"Calling Bell":0,"Anchor":0,"DataDisk":48,"HornCleat":9,"DollysMirror":38,"Bronze Scales":19,"Snecko Eye":34,"MealTicket":7,"Red Mask":22,"Cracked Core":0,"FossilizedHelix":38,"InkBottle":43,"Meat on the Bone":0},{"Girya":24,"Lantern":13,"Regal Pillow":23,"Dead Branch":7,"Oddly Smooth Stone":20,"StoneCalendar":0,"The Courier":15,"Nuclear Battery":9,"Calling Bell":0,"Anchor":0,"DataDisk":26,"HornCleat":6,"DollysMirror":20,"Bronze Scales":10,"Snecko Eye":18,"MealTicket":5,"Red Mask":12,"Cracked Core":0,"FossilizedHelix":20,"InkBottle":22,"Meat on the Bone":0},{"Girya":130,"Lantern":66,"Regal Pillow":123,"Dead Branch":34,"Oddly Smooth Stone":108,"StoneCalendar":0,"The Courier":78,"Nuclear Battery":43,"Calling Bell":0,"Anchor":0,"DataDisk":142,"HornCleat":27,"DollysMirror":108,"Bronze Scales":47,"Snecko Eye":100,"MealTicket":22,"Red Mask":59,"Cracked Core":0,"FossilizedHelix":108,"InkBottle":114,"Meat on the Bone":0}],"InkBottle":[23],"Meat on the Bone":48},"card_choices":[{"not_picked":["Redo","Scrape"],"picked":"Melter","floor":1},{"not_picked":["Barrage","Ball Lightning"],"picked":"Static Discharge","floor":2},{"not_picked":["Melter","Barrage"],"picked":"Auto Shields","floor":3},{"not_picked":["Steam","Recycle"],"picked":"Genetic Algorithm","floor":5},{"not_picked":["Gash","Meteor Strike"],"picked":"BootSequence","floor":7},{"not_picked":["Gash","Skim"],"picked":"Sweeping Beam","floor":8},{"not_picked":["Gash","Consume"],"picked":"Capacitor","floor":10},{"not_picked":["Steam","Ball Lightning"],"picked":"Sunder","floor":14},{"not_picked":["Machine Learning","Meteor Strike"],"picked":"Creative AI","floor":16},{"not_picked":["Melter","Ball Lightning"],"picked":"Go for the Eyes","floor":18},{"not_picked":["Coolheaded","Chaos+1"],"picked":"Hologram","floor":21},{"not_picked":["Fission","Beam Cell"],"picked":"Coolheaded","floor":23},{"not_picked":["Consume","Gash"],"picked":"Conserve Battery+1","floor":24},{"not_picked":["Redo","Beam Cell+1"],"picked":"Turbo+1","floor":25},{"not_picked":["FTL+1","Recycle"],"picked":"White Noise","floor":27},{"not_picked":["Conserve Battery","Hologram","Compile Driver"],"picked":"SKIP","floor":31},{"not_picked":["Fission","Seek"],"picked":"Meteor Strike","floor":33},{"not_picked":["Cold Snap","Lockon+1","Compile Driver+1"],"picked":"SKIP","floor":35},{"not_picked":["Glacier","Steam"],"picked":"Static Discharge+1","floor":37},{"not_picked":["Turbo+1","Streamline","Leap"],"picked":"SKIP","floor":39},{"not_picked":["Cold Snap+1","Heatsinks"],"picked":"Glacier+1","floor":42},{"not_picked":["Ball Lightning","Fusion"],"picked":"Thunder Strike","floor":44},{"not_picked":["Hologram","Rebound+1"],"picked":"Echo Form","floor":46},{"not_picked":["Turbo+1","Stack+1","Barrage+1"],"picked":"SKIP","floor":47},{"not_picked":["Compile Driver","BootSequence"],"picked":"Seek","floor":48}],"player_experience":623933,"relics_obtained":[{"floor":0,"key":"Anchor"},{"floor":0,"key":"Meat on the Bone"},{"floor":0,"key":"StoneCalendar"},{"floor":7,"key":"MealTicket"},{"floor":9,"key":"HornCleat"},{"floor":10,"key":"Dead Branch"},{"floor":19,"key":"Bronze Scales"},{"floor":22,"key":"Red Mask"},{"floor":23,"key":"Lantern"},{"floor":26,"key":"The Courier"},{"floor":43,"key":"InkBottle"},{"floor":44,"key":"Regal Pillow"},{"floor":46,"key":"Girya"},{"floor":48,"key":"DataDisk"}],"event_choices":[{"damage_healed":0,"gold_gain":175,"player_choice":"AGREE","damage_taken":0,"max_hp_gain":0,"max_hp_loss":0,"event_name":"Liars Game","floor":11,"gold_loss":0,"cards_obtained":["Doubt"]},{"cards_removed":["Doubt"],"damage_healed":0,"gold_gain":0,"player_choice":"Purged","damage_taken":0,"max_hp_gain":0,"max_hp_loss":0,"event_name":"Purifier","floor":13,"gold_loss":0},{"damage_healed":0,"gold_gain":0,"player_choice":"Became a Ghost","damage_taken":0,"max_hp_gain":0,"max_hp_loss":38,"event_name":"Ghosts","floor":20,"gold_loss":0,"cards_obtained":["Ghostly","Ghostly","Ghostly","Ghostly","Ghostly"]},{"damage_healed":0,"gold_gain":0,"player_choice":"Fought Bandits","damage_taken":0,"max_hp_gain":0,"max_hp_loss":0,"event_name":"Masked Bandits","floor":22,"gold_loss":0},{"damage_healed":12,"gold_gain":0,"player_choice":"Heal","damage_taken":0,"max_hp_gain":0,"max_hp_loss":0,"event_name":"The Library","floor":28,"gold_loss":0},{"damage_healed":0,"gold_gain":275,"player_choice":"Desecrate","damage_taken":0,"max_hp_gain":0,"max_hp_loss":0,"event_name":"Golden Shrine","floor":36,"gold_loss":0,"cards_obtained":["Regret"]},{"damage_healed":0,"gold_gain":0,"player_choice":"Max HP","damage_taken":0,"max_hp_gain":0,"max_hp_loss":2,"event_name":"Winding Halls","floor":45,"gold_loss":0}],"is_beta":false,"boss_relics":[{"not_picked":["SacredBark","Astrolabe"],"picked":"Nuclear Battery"},{"not_picked":["Sozu","Empty Cage"],"picked":"Snecko Eye"}],"items_purged_floors":[12,30,38,41],"is_endless":false,"potions_floor_spawned":[3,5,7,14,23,24,27,33,39,42,44,47,48],"ascension_level":8}}