{"host":"Planeswalker","time":1610686759,"event":{"mods":["Act Like it!","Astrologer","BaseMod","Downfall","Friendly Minions","GifTheSpireLib","Halation","Hermit","Hubris","Jorbs\u0027s Wanderer Trilogy","Minty Spire (QoL Compilation)","Replay The Spire","SOS???????","Shop Mod","Somnambulant","StSLib","The Bladedancer","The Cursed","The Elementalist","The Hierophant","The Jungle","The Mystic","The Necromancer"],"gold_per_floor":[114,114,129,147,32,61,61,61,61,78,88,107,118,143,143,248,248,266,74,84,84,84,113,113,113,113,129,129,129,29,40,40,140,140,155,205,0,0,0,0,32,51,130,140,140,185,185],"floor_reached":46,"language":"ENG","playtime":3774,"items_purged":["mysticmod:Defend_Mystic","mysticmod:Strike_Mystic"],"score":628,"play_id":"6f0fee18-f675-4148-88db-15d2879ab9e7","local_time":"20210114215919","is_ascension_mode":false,"campfire_choices":[{"data":"mysticmod:EbbAndFlow","floor":7,"key":"SMITH"},{"floor":15,"key":"REST"},{"data":"mysticmod:Disintegrate","floor":24,"key":"SMITH"},{"floor":32,"key":"DIG"},{"floor":40,"key":"DIG"}],"circlet_count":0,"master_deck":["mysticmod:Strike_Mystic","mysticmod:Strike_Mystic","mysticmod:Defend_Mystic","mysticmod:Defend_Mystic","mysticmod:Defend_Mystic","mysticmod:ArcaneDodge","mysticmod:ShockingGrasp","mysticmod:EbbAndFlow+1","mysticmod:ArcaneAccuracy","mysticmod:Fireball","mysticmod:ArcaneAccuracy","mysticmod:Riposte","mysticmod:EarthenWall","mysticmod:Shield","mysticmod:EnergizedRift","mysticmod:PunishingArmor","mysticmod:Shield","mysticmod:Disintegrate+1","mysticmod:Sideswipe+1","mysticmod:BladedDash","mysticmod:Riposte","mysticmod:Riposte","mysticmod:EarthenWall","mysticmod:Alacrity+1","mysticmod:TomeOfSpells","mysticmod:SummonFamiliar","mysticmod:Spellstrike","mysticmod:Momentum","mysticmod:Fly+1","AbeCurse","mysticmod:ComboCaster+1","mysticmod:ChargedParry","mysticmod:PureInstinct+1","Looming Evil"],"relics":["mysticmod:SpellBook","halation:PinkSoulGem","Bag of Preparation","hubris:CrystalStatue","ReplayTheSpireMod:TigerMarble","Black Star","Pantograph","Mango","halation:OrihimeAndHikoboshiSamaAndTears","hubris:Icosahedron","Shovel","Toy Ornithopter","hubris:TerracottaHorce","Red Mask","Abe\u0027s Treasure","Lantern","Ornamental Fan","Replay:Wax Seal","Pear","Ring of Searing","ReplayTheSpireMod:Ring of Challenge"],"acts_visited":["Exordium","Exordium","TheBeyond"],"potions_floor_usage":[6,12,14,14,33,33,33,33,33,33,41,41],"damage_taken":[{"damage":0,"enemies":"Cultist","floor":1,"turns":3},{"damage":0,"enemies":"2 Louse","floor":3,"turns":2},{"damage":0,"enemies":"Small Slimes","floor":4,"turns":3},{"damage":37,"enemies":"Lagavulin","floor":6,"turns":8},{"damage":0,"enemies":"2 Fungi Beasts","floor":10,"turns":2},{"damage":5,"enemies":"3 Louse","floor":11,"turns":2},{"damage":0,"enemies":"Gremlin Gang","floor":12,"turns":2},{"damage":6,"enemies":"Large Slime","floor":13,"turns":3},{"damage":0,"enemies":"Gremlin Nob","floor":14,"turns":4},{"damage":0,"enemies":"The Guardian","floor":16,"turns":13},{"damage":0,"enemies":"theJungle:GiantWrat","floor":18,"turns":6},{"damage":6,"enemies":"theJungle:Flameango_and_Byrd","floor":20,"turns":5},{"damage":3,"enemies":"theJungle:2_Phrogs","floor":23,"turns":12},{"damage":10,"enemies":"theJungle:2_Flameangoes","floor":27,"turns":7},{"damage":34,"enemies":"theJungle:JungleHuntersEncounter","floor":31,"turns":7},{"damage":73,"enemies":"theJungle:TotemBoss","floor":33,"turns":11},{"damage":10,"enemies":"3 Darklings","floor":35,"turns":6},{"damage":44,"enemies":"R_Hoarder","floor":41,"turns":12},{"damage":12,"enemies":"3 Shapes","floor":42,"turns":3},{"damage":8,"enemies":"Sphere and 2 Shapes","floor":44,"turns":3},{"damage":46,"enemies":"Reptomancer","floor":46,"turns":2}],"seed_played":"-2278580313874552529","potions_obtained":[{"floor":1,"key":"CultistPotion"},{"floor":10,"key":"Guardian:BlockOnCardUsePotion"},{"floor":11,"key":"DistilledChaos"},{"floor":13,"key":"Swift Potion"},{"floor":16,"key":"Milkshake"},{"floor":23,"key":"Strength Potion"},{"floor":33,"key":"Regen Potion"},{"floor":35,"key":"Milkshake"},{"floor":42,"key":"Toxic Potion"}],"is_trial":false,"path_per_floor":["M","?","M","M","$","E","R","?","T","M","M","M","M","E","R","B",null,"M","$","M","?","?","E","R","?","T","M","?","?","$","M","R","B",null,"M","?","?","?","HB","R","E","M","T","M","?","E"],"character_chosen":"MYSTIC_CLASS","items_purchased":["mysticmod:ArcaneAccuracy","mysticmod:BladedDash","mysticmod:Riposte","mysticmod:EarthenWall"],"campfire_rested":1,"item_purchase_floors":[5,19,19,19],"current_hp_per_floor":[84,84,84,84,84,47,47,47,47,47,42,42,36,36,61,61,84,84,84,78,78,78,89,89,89,89,79,79,79,79,45,45,25,80,70,70,70,70,70,70,50,42,52,44,44,0,0],"gold":185,"neow_bonus":"TEN_PERCENT_HP_BONUS","is_daily":false,"chose_seed":false,"campfire_upgraded":2,"win_rate":0.0,"timestamp":1610686759,"path_taken":["M","?","M","M","$","E","R","?","T","M","M","?","M","E","R","BOSS","M","$","M","?","?","E","R","?","T","?","?","?","?","?","R","BOSS","M","?","?","?","HB","R","E","?","T","?","?","E"],"items_purchased_type":["Card","Card","Card","Card"],"build_version":"2020-11-17","purchased_purges":2,"victory":false,"max_hp_per_floor":[84,84,84,84,84,84,84,84,84,84,84,84,84,84,84,84,84,84,84,84,84,84,98,98,98,98,98,98,98,98,98,98,98,98,98,98,98,98,98,98,98,98,108,108,108,108,108],"card_choices":[{"not_picked":["mysticmod:Fly","mysticmod:PowerSlash"],"picked":"mysticmod:EbbAndFlow","floor":1},{"not_picked":["mysticmod:BulkUp","mysticmod:MagicWeapon"],"picked":"mysticmod:ArcaneAccuracy","floor":3},{"not_picked":["mysticmod:MightyMagic","mysticmod:Grapple"],"picked":"mysticmod:Fireball","floor":4},{"not_picked":["mysticmod:SuddenClarity","mysticmod:Grease"],"picked":"mysticmod:Riposte","floor":6},{"not_picked":["mysticmod:Riposte","mysticmod:DiviningBlow"],"picked":"mysticmod:EarthenWall","floor":10},{"not_picked":["mysticmod:Dedication","mysticmod:SuddenClarity"],"picked":"mysticmod:Shield","floor":11},{"not_picked":["mysticmod:Grapple","mysticmod:Daze"],"picked":"mysticmod:EnergizedRift","floor":12},{"not_picked":["mysticmod:MagicWeapon","mysticmod:EarthenWall"],"picked":"mysticmod:PunishingArmor","floor":13},{"not_picked":["mysticmod:EnergizedRift","mysticmod:CorrosiveTouch"],"picked":"mysticmod:Shield","floor":14},{"not_picked":["mysticmod:GreaterInvisibility","mysticmod:Natural20"],"picked":"mysticmod:Disintegrate","floor":16},{"not_picked":["mysticmod:EarthenWall","mysticmod:EbbAndFlow+1"],"picked":"mysticmod:Sideswipe+1","floor":18},{"not_picked":["mysticmod:TomeOfSpells","mysticmod:PunishingArmor"],"picked":"mysticmod:Alacrity+1","floor":20},{"not_picked":["mysticmod:EnergizedRift","mysticmod:PureInstinct+1"],"picked":"mysticmod:TomeOfSpells","floor":23},{"not_picked":["mysticmod:EarthenWall","mysticmod:PowerSlash"],"picked":"mysticmod:SummonFamiliar","floor":27},{"not_picked":["mysticmod:LightningBolt","mysticmod:Riposte"],"picked":"mysticmod:Spellstrike","floor":31},{"not_picked":["mysticmod:Disintegrate","mysticmod:GreaterInvisibility"],"picked":"mysticmod:Momentum","floor":33},{"not_picked":["mysticmod:LightningBolt","mysticmod:SummonFamiliar"],"picked":"mysticmod:Fly+1","floor":35},{"not_picked":["mysticmod:BulkUp","mysticmod:Shield+1"],"picked":"mysticmod:ComboCaster+1","floor":41},{"not_picked":["mysticmod:Alacrity","mysticmod:SuddenClarity"],"picked":"mysticmod:ChargedParry","floor":42},{"not_picked":["mysticmod:Grapple","mysticmod:EarthenWall"],"picked":"mysticmod:PureInstinct+1","floor":44}],"player_experience":28722,"relics_obtained":[{"floor":6,"key":"Bag of Preparation"},{"floor":9,"key":"hubris:CrystalStatue"},{"floor":14,"key":"ReplayTheSpireMod:TigerMarble"},{"floor":23,"key":"Pantograph"},{"floor":23,"key":"Mango"},{"floor":26,"key":"halation:OrihimeAndHikoboshiSamaAndTears"},{"floor":32,"key":"Toy Ornithopter"},{"floor":40,"key":"Lantern"},{"floor":41,"key":"Ornamental Fan"},{"floor":41,"key":"Replay:Wax Seal"},{"floor":43,"key":"Pear"},{"floor":45,"key":"Ring of Searing"},{"floor":45,"key":"ReplayTheSpireMod:Ring of Challenge"}],"event_choices":[{"cards_removed":["mysticmod:Strike_Mystic"],"damage_healed":0,"gold_gain":0,"player_choice":"Purged","damage_taken":0,"max_hp_gain":0,"max_hp_loss":0,"event_name":"Purifier","floor":8,"gold_loss":0},{"damage_healed":0,"gold_gain":0,"player_choice":"Ignored","damage_taken":0,"max_hp_gain":0,"max_hp_loss":0,"event_name":"NoteForYourself","floor":25,"gold_loss":0},{"damage_healed":0,"gold_gain":0,"player_choice":"Paid","damage_taken":0,"relics_obtained":["Red Mask"],"max_hp_gain":0,"max_hp_loss":0,"event_name":"Tomb of Lord Red Mask","floor":37,"gold_loss":205},{"cards_removed":["Writhe"],"damage_healed":0,"gold_gain":0,"player_choice":"Removed Curses","damage_taken":0,"max_hp_gain":0,"max_hp_loss":0,"event_name":"Fountain of Cleansing","floor":38,"gold_loss":0}],"is_beta":true,"boss_relics":[{"not_picked":["mysticmod:BlessedBook","halation:Risk"],"picked":"Black Star"},{"not_picked":["halation:PinkAlligatorPlush","SacredBark"],"picked":"hubris:TerracottaHorce"}],"items_purged_floors":[5,30],"is_endless":false,"potions_floor_spawned":[1,10,11,13,16,23,33,35,42],"killed_by":"Reptomancer","ascension_level":0}}