{"host":"37dk0reb6x0du8wx","time":1610708864,"event":{"mods":["BaseMod","Colored Map","DeckTracker","Minty Spire (QoL Compilation)","Quick Restart","StSLib"],"gold_per_floor":[109,125,125,200,200,234,234,257,338,371,371,73,86,66,66,186,249,270,285,310,85,85,85,85,85],"floor_reached":24,"language":"KOR","playtime":563,"items_purged":["Strike_B"],"score":275,"play_id":"1c3d9816-353b-44f9-b280-94b2d0cab53b","local_time":"20210115200744","is_ascension_mode":true,"campfire_choices":[{"data":"Genetic Algorithm","floor":7,"key":"SMITH"},{"floor":15,"key":"REST"},{"floor":23,"key":"REST"}],"circlet_count":0,"master_deck":["Strike_B","Strike_B","Defend_B","Defend_B","Defend_B","Defend_B","Zap+1","Dualcast","Genetic Algorithm+1","Ball Lightning","Conserve Battery","Doom and Gloom","Reinforced Body","Amplify","Leap","Glacier+1","Defragment","Leap","Self Repair+1","Melter","Defragment"],"relics":["Cracked Core","NeowsBlessing","Golden Idol","Dream Catcher","Eternal Feather","Thread and Needle","Toy Ornithopter","Tiny House","Orrery"],"acts_visited":["Exordium","TheCity"],"potions_floor_usage":[10,10],"damage_taken":[{"damage":0,"enemies":"2 Louse","floor":1,"turns":1},{"damage":0,"enemies":"Cultist","floor":2,"turns":1},{"damage":0,"enemies":"Gremlin Nob","floor":6,"turns":1},{"damage":7,"enemies":"Jaw Worm","floor":8,"turns":3},{"damage":16,"enemies":"3 Sentries","floor":10,"turns":4},{"damage":2,"enemies":"Lots of Slimes","floor":13,"turns":2},{"damage":20,"enemies":"Slime Boss","floor":16,"turns":7},{"damage":21,"enemies":"2 Thieves","floor":18,"turns":5},{"damage":0,"enemies":"Chosen","floor":19,"turns":4},{"damage":33,"enemies":"3 Cultists","floor":20,"turns":6},{"damage":40,"enemies":"Slavers","floor":24,"turns":4}],"seed_played":"-6330260549586094455","potions_obtained":[{"floor":1,"key":"Explosive Potion"},{"floor":2,"key":"SneckoOil"},{"floor":8,"key":"DistilledChaos"},{"floor":17,"key":"SteroidPotion"}],"is_trial":false,"path_per_floor":["M","M","?","?","?","E","R","M","T","E","?","$","M","?","R","B",null,"M","M","M","$","?","R","E"],"character_chosen":"DEFECT","items_purchased":["Doom and Gloom","Toy Ornithopter","Defragment","Orrery"],"campfire_rested":2,"item_purchase_floors":[12,12,21,21],"current_hp_per_floor":[75,75,57,46,46,46,46,39,39,23,23,23,21,21,49,29,80,59,59,26,26,26,62,22,22],"gold":85,"neow_bonus":"THREE_ENEMY_KILL","is_daily":false,"chose_seed":false,"campfire_upgraded":1,"win_rate":0.0,"timestamp":1610708864,"path_taken":["M","M","?","?","?","E","R","?","T","E","?","$","?","?","R","BOSS","M","M","?","$","?","R","E"],"items_purchased_type":["Card","Relic","Card","Relic"],"build_version":"2020-12-22","purchased_purges":1,"victory":false,"max_hp_per_floor":[75,75,75,75,75,75,75,75,75,75,75,75,75,75,75,75,80,80,80,80,80,80,80,80,80],"card_choices":[{"not_picked":["Stack","Hello World","Beam Cell"],"picked":"SKIP","floor":1},{"not_picked":["Go for the Eyes","Hello World","Ball Lightning"],"picked":"SKIP","floor":2},{"not_picked":["Gash","Barrage"],"picked":"Genetic Algorithm","floor":6},{"not_picked":["Rebound","Coolheaded"],"picked":"Ball Lightning","floor":8},{"not_picked":["Redo","Storm"],"picked":"Conserve Battery","floor":10},{"not_picked":["Skim","Blizzard"],"picked":"Reinforced Body","floor":13},{"not_picked":["All For One","Meteor Strike"],"picked":"Amplify","floor":16},{"not_picked":["Doom and Gloom","Fusion","Turbo"],"picked":"SKIP","floor":18},{"not_picked":["Stack","Sweeping Beam"],"picked":"Leap","floor":19},{"not_picked":["Go for the Eyes","Conserve Battery"],"picked":"Glacier+1","floor":20},{"not_picked":["Rip and Tear","Hologram+1"],"picked":"Leap","floor":21},{"not_picked":["Steam","Steam Power+1"],"picked":"Self Repair+1","floor":21},{"not_picked":["FTL","Hologram+1"],"picked":"Melter","floor":21},{"not_picked":["FTL+1","Barrage"],"picked":"Defragment","floor":23}],"player_experience":164871,"relics_obtained":[{"floor":6,"key":"Dream Catcher"},{"floor":9,"key":"Eternal Feather"},{"floor":10,"key":"Thread and Needle"}],"event_choices":[{"damage_healed":0,"gold_gain":0,"player_choice":"Take Damage","damage_taken":18,"relics_obtained":["Golden Idol"],"max_hp_gain":0,"max_hp_loss":0,"event_name":"Golden Idol","floor":3,"gold_loss":0},{"damage_healed":0,"gold_gain":75,"player_choice":"Gather Gold","damage_taken":11,"max_hp_gain":0,"max_hp_loss":0,"event_name":"World of Goop","floor":4,"gold_loss":0},{"cards_removed":["Strike_B"],"damage_healed":0,"gold_gain":0,"player_choice":"Purged","damage_taken":0,"max_hp_gain":0,"max_hp_loss":0,"event_name":"Purifier","floor":5,"gold_loss":0},{"damage_healed":0,"gold_gain":0,"player_choice":"0 cards matched","damage_taken":0,"max_hp_gain":0,"max_hp_loss":0,"event_name":"Match and Keep!","floor":11,"gold_loss":0,"cards_obtained":[]},{"damage_healed":0,"gold_gain":0,"player_choice":"Bought 1 Potion","damage_taken":0,"max_hp_gain":0,"max_hp_loss":0,"event_name":"The Woman in Blue","floor":14,"gold_loss":0},{"damage_healed":0,"gold_gain":0,"player_choice":"Ignored","damage_taken":0,"max_hp_gain":0,"max_hp_loss":0,"event_name":"Ghosts","floor":22,"gold_loss":0}],"is_beta":false,"boss_relics":[{"not_picked":["Snecko Eye","Runic Dome"],"picked":"Tiny House"}],"items_purged_floors":[12],"is_endless":false,"potions_floor_spawned":[1,2,8],"killed_by":"Slavers","ascension_level":4}}