{"host":"khkox7sggahain0a","time":1610680945,"event":{"mods":["Act Like it!","Arknights The Spire","BaseMod","Downfall","Gensokyo","Lobotomy","LobotomyExtend","Marisa£®ÏF”Í°°ƒß¿Ì…≥£©","Minty Spire (QoL Compilation)","StSLib","The Animator","Waifu the Spire"],"gold_per_floor":[273,273,290,304,317,351,351,370,370,370,402,412,423,450,450,553,553,563,582,601,213,213,245,260,260,287,287,287],"floor_reached":27,"language":"ZHS","playtime":1512,"items_purged":["ats:Strike G"],"score":295,"play_id":"420c70ef-54cd-4fb7-a898-68612e16fd53","local_time":"20210115112225","is_ascension_mode":true,"campfire_choices":[{"data":"ats:Burning Ground","floor":7.0,"key":"SMITH"},{"data":"ats:Flame Of Heaven","floor":15.0,"key":"SMITH"},{"data":"ats:Mental Burst","floor":25.0,"key":"SMITH"}],"circlet_count":0,"master_deck":["ats:Strike C","ats:Strike S","ats:Strike V","ats:Armor Crushing Shot","ats:Defend","ats:Defend","ats:Defend","ats:Defend","ats:Emotion Absorption","PunishingBird","ats:Apocalypse","LongBird","ats:Burning Ground+1","MeatLantern","ats:Curse Doll","ats:Flame Of Heaven+1","ats:Mental Burst+1","FieryBird","ats:Disruption Kick","ats:Soul Absorption","QueenOfHatred","expansioncontent:DashGenerateEvil","Writhe"],"relics":["ats:Sanity","CogitoBucket","LetterFromLob","ats:Originium","Blue Candle","LuminousBracelet","Matryoshka","Gremlin Horn","Smiling Mask","Black Star","SkinProphecy","Bag of Preparation","Omamori","Mummified Hand","Blood Vial","Orichalcum","Bronze Scales"],"acts_visited":["Exordium","TheCity"],"potions_floor_usage":[],"damage_taken":[{"damage":15.0,"enemies":"Small Slimes","floor":1.0,"turns":4.0},{"damage":13.0,"enemies":"Cultist","floor":3.0,"turns":4.0},{"damage":8.0,"enemies":"2 Louse","floor":4.0,"turns":4.0},{"damage":3.0,"enemies":"Gremlin Gang","floor":5.0,"turns":4.0},{"damage":30.0,"enemies":"3 Sentries","floor":6.0,"turns":9.0},{"damage":6.0,"enemies":"Looter","floor":8.0,"turns":3.0},{"damage":32.0,"enemies":"Lagavulin","floor":11.0,"turns":6.0},{"damage":9.0,"enemies":"Exordium Wildlife","floor":12.0,"turns":3.0},{"damage":5.0,"enemies":"Large Slime","floor":13.0,"turns":4.0},{"damage":27.0,"enemies":"3 Sentries","floor":14.0,"turns":5.0},{"damage":83.0,"enemies":"Hexaghost","floor":16.0,"turns":11.0},{"damage":61.0,"enemies":"Shell Parasite","floor":18.0,"turns":7.0},{"damage":20.0,"enemies":"2 Thieves","floor":19.0,"turns":4.0},{"damage":40.0,"enemies":"Snake Plant","floor":20.0,"turns":5.0},{"damage":56.0,"enemies":"Book of Stabbing","floor":23.0,"turns":6.0},{"damage":15.0,"enemies":"Centurion and Healer","floor":24.0,"turns":4.0},{"damage":55,"enemies":"Slavers","floor":27,"turns":1}],"seed_played":"-5963813956325351915","potions_obtained":[{"floor":2.0,"key":"BlessingOfTheForge"},{"floor":2.0,"key":"Regen Potion"},{"floor":2.0,"key":"Energy Potion"},{"floor":5.0,"key":"Block Potion"},{"floor":6.0,"key":"Strength Potion"},{"floor":12.0,"key":"Fire Potion"}],"is_trial":false,"path_per_floor":["M","?","M","M","M","E","R","M","T","M","E","M","M","E","R","B",null,"M","M","M","$","?","E","M","R","T","E"],"character_chosen":"DOCTOR_CLASS","items_purchased":["Bag of Preparation","expansioncontent:DashGenerateEvil"],"campfire_rested":0,"item_purchase_floors":[21,21],"current_hp_per_floor":[57,57,52,48,53,46,46,55,55,87,61,59,58,47,47,23,87,85,73,45,45,45,17,26,26,26,0,0],"gold":287,"neow_bonus":"","is_daily":false,"chose_seed":false,"campfire_upgraded":3,"win_rate":0.0,"timestamp":1610680945,"path_taken":["M","?","M","?","M","E","R","M","T","?","E","M","M","E","R","BOSS","M","M","M","$","?","E","M","R","T","E"],"items_purchased_type":["Relic","Card"],"build_version":"2020-12-22","purchased_purges":1,"victory":false,"max_hp_per_floor":[72,72,72,72,72,72,72,87,87,87,87,87,87,87,87,87,87,87,89,91,91,91,93,95,95,95,97,97],"card_choices":[{"not_picked":["RedShoes","Scorched"],"picked":"PunishingBird","floor":1.0},{"not_picked":["ats:Ignite","ats:Hammer On"],"picked":"ats:Apocalypse","floor":1.0},{"not_picked":["CrumblingArmor","NakedNest"],"picked":"LongBird","floor":3.0},{"not_picked":["ats:Consecutive Shot Auto","ats:Flexible Camouflage"],"picked":"ats:Burning Ground","floor":3.0},{"not_picked":["SpiderBud","Bloodbath"],"picked":"MeatLantern","floor":4.0},{"not_picked":["ats:Leaping Hammer","ats:Curse Doll","ats:Cat Scratch"],"picked":"SKIP","floor":4.0},{"not_picked":["ats:Leaping Hammer","ats:Cat Scratch"],"picked":"ats:Curse Doll","floor":4.0},{"not_picked":["OSAHOGD","Yin","BeautyBeast"],"picked":"Singing Bowl","floor":5.0},{"not_picked":["ats:Poison Spread","ats:Powerful Strike"],"picked":"ats:Flame Of Heaven","floor":5.0},{"not_picked":["Yin","LittleHelper","FairyFestival"],"picked":"Singing Bowl","floor":6.0},{"not_picked":["ats:Closed Bolt Burst Fire","ats:Explosion Area Strengthen","ats:Hook Shot"],"picked":"SKIP","floor":6.0},{"not_picked":["BeautyBeast","DreamingCurrent","HeroicMonk"],"picked":"Singing Bowl","floor":8.0},{"not_picked":["ats:Explosion Area Strengthen","ats:Cat Scratch"],"picked":"ats:Mental Burst","floor":8.0},{"not_picked":["Murderer","VoidDream","GalaxyChild"],"picked":"Singing Bowl","floor":11.0},{"not_picked":["ats:Curse Doll","ats:Hook Shot","ats:Flexible Camouflage"],"picked":"SKIP","floor":11.0},{"not_picked":["Bloodbath","Funeral","CherryBlossoms"],"picked":"Singing Bowl","floor":12.0},{"not_picked":["ats:Apocalypse","ats:Steam Pump","ats:Magnetic Hammer"],"picked":"SKIP","floor":12.0},{"not_picked":["Murderer","BlackSwan","MHz"],"picked":"Singing Bowl","floor":13.0},{"not_picked":["ats:Revitalization","ats:Fractured Body","ats:Powerful Strike"],"picked":"SKIP","floor":13.0},{"not_picked":["FairyFestival","LaLuna"],"picked":"FieryBird","floor":14.0},{"not_picked":["ats:Shell Defense","ats:Hammer On","ats:Charging Defense"],"picked":"SKIP","floor":14.0},{"not_picked":["CrumblingArmor","UniverseFragment","CherryBlossoms"],"picked":"Singing Bowl","floor":16.0},{"not_picked":["ats:Shadow Assault","ats:Wolf Pack"],"picked":"ats:Disruption Kick","floor":16.0},{"not_picked":["Freischutz","SpiderBud","Alriune"],"picked":"Singing Bowl","floor":18.0},{"not_picked":["ats:Support Order","ats:Curse Doll"],"picked":"ats:Soul Absorption","floor":18.0},{"not_picked":["RedShoes","LittlePrince","BigBadWolf"],"picked":"Singing Bowl","floor":19.0},{"not_picked":["ats:Neurotoxin","ats:Assault Order","ats:Shell Defense"],"picked":"SKIP","floor":19.0},{"not_picked":["Wellcheers","MeltingLove","Mercenary"],"picked":"Singing Bowl","floor":20.0},{"not_picked":["SpiderBud","MHz"],"picked":"QueenOfHatred","floor":20.0},{"not_picked":["ats:Consecutive Shot Auto","ats:Apocalypse","ats:Demon Strength"],"picked":"SKIP","floor":20.0},{"not_picked":["Funeral","OldLady","Scorched"],"picked":"Singing Bowl","floor":23.0},{"not_picked":["ats:Thorns","ats:Magnetic Hammer","ats:Cat Scratch"],"picked":"SKIP","floor":23.0},{"not_picked":["CherryBlossoms","LittleHelper","LaLuna"],"picked":"Singing Bowl","floor":24.0},{"not_picked":["ats:Flexible Camouflage+1","ats:Leaping Hammer+1","ats:Closed Bolt Burst Fire+1"],"picked":"SKIP","floor":24.0}],"player_experience":316248,"relics_obtained":[{"floor":1.0,"key":"LetterFromLob"},{"floor":6.0,"key":"ats:Originium"},{"floor":6.0,"key":"Blue Candle"},{"floor":9.0,"key":"Matryoshka"},{"floor":11.0,"key":"ats:Originium"},{"floor":11.0,"key":"Gremlin Horn"},{"floor":14.0,"key":"ats:Originium"},{"floor":14.0,"key":"Smiling Mask"},{"floor":23.0,"key":"Mummified Hand"},{"floor":23.0,"key":"Blood Vial"},{"floor":26.0,"key":"Orichalcum"},{"floor":26.0,"key":"Bronze Scales"}],"event_choices":[{"damage_healed":0.0,"max_hp_gain":0.0,"max_hp_loss":0.0,"gold_gain":0.0,"event_name":"Lab","player_choice":"Got Potions","floor":2.0,"gold_loss":0.0,"damage_taken":0.0},{"damage_healed":0.0,"max_hp_gain":0.0,"max_hp_loss":0.0,"gold_gain":0.0,"event_name":"The Mausoleum","player_choice":"Opened","floor":22.0,"gold_loss":0.0,"damage_taken":0.0,"relics_obtained":["Omamori"],"cards_obtained":["Writhe"]}],"is_beta":false,"boss_relics":[{"not_picked":["Sozu","ats:Omniscience"],"picked":"Black Star"}],"items_purged_floors":[21],"is_endless":false,"potions_floor_spawned":[3,4,5,6,12],"killed_by":"Slavers","ascension_level":1}}