{"host":"ac78wf4m5y9yc4g3","time":1610742406,"event":{"mods":["BaseMod","Better Third Choice","Downfall","Hermit","Marisa????????","Minty Spire (QoL Compilation)","StSLib","The Servant 0.9.4","The Wild Card"],"gold_per_floor":[99,113,131,146,146,21,21,38,64,81,81,81,81],"floor_reached":11,"language":"POL","playtime":568,"items_purged":[],"score":75,"play_id":"596130a6-9e47-4837-9a74-81824fa8e689","local_time":"20210115212646","is_ascension_mode":false,"campfire_choices":[{"floor":1.0,"key":"RECALL"},{"floor":6,"key":"REST"}],"circlet_count":0,"master_deck":["Slimebound:Strike_Slimebound","Slimebound:Strike_Slimebound","Slimebound:Strike_Slimebound","Slimebound:Tackle","Slimebound:Defend_Slimebound","Slimebound:Defend_Slimebound","Slimebound:Defend_Slimebound","Slimebound:Defend_Slimebound","Slimebound:Split","Slimebound:CorrosiveSpit","Slimebound:GoopSpray","Slimebound:LivingWall","Slimebound:SlimeSpikes","Slimebound:ForwardTackle","Slimebound:GoopSpray","Slimebound:Repurpose"],"relics":["Slimebound:AbsorbEndCombat","Slimebound:GreedOozeRelic","downfall:HeartBlessingRed","Tiny Chest","Shuriken"],"acts_visited":["Exordium"],"potions_floor_usage":[],"damage_taken":[{"damage":17,"enemies":"Cultist","floor":2,"turns":4},{"damage":15,"enemies":"Jaw Worm","floor":3,"turns":4},{"damage":1,"enemies":"2 Louse","floor":4,"turns":4},{"damage":15,"enemies":"Lots of Slimes","floor":8,"turns":5},{"damage":17,"enemies":"Lagavulin","floor":9,"turns":6},{"damage":6,"enemies":"Blue Slaver","floor":10,"turns":4},{"damage":62,"enemies":"Gremlin Nob","floor":11,"turns":4}],"seed_played":"2256787899595793451","potions_obtained":[{"floor":3,"key":"Strength Potion"},{"floor":9,"key":"SkillPotion"},{"floor":10,"key":"Slimebound:SlimyTonguePotion"}],"is_trial":false,"path_per_floor":["R","M","M","M","?","R","T","M","E","M","E"],"character_chosen":"SLIMEBOUND","items_purchased":[],"campfire_rested":1,"item_purchase_floors":[],"current_hp_per_floor":[66,55,44,45,45,64,64,55,48,50,0,0,0],"gold":81,"neow_bonus":"TEN_PERCENT_HP_BONUS","is_daily":false,"chose_seed":false,"campfire_upgraded":0,"win_rate":0.0,"timestamp":1610742406,"path_taken":["R","M","M","M","?","R","T","M","E","M","E"],"items_purchased_type":[],"build_version":"2020-12-22","purchased_purges":0,"victory":false,"max_hp_per_floor":[66,66,66,66,66,66,66,66,66,66,66,66,66],"card_choices":[{"not_picked":["Slimebound:FirmFortitude","Slimebound:PressTheAttack"],"picked":"Slimebound:GoopSpray","floor":2},{"not_picked":["Slimebound:SlimeTap","Slimebound:FinishingTackle"],"picked":"Slimebound:LivingWall","floor":3},{"not_picked":["Slimebound:GoopSpray","Slimebound:ComboTackle"],"picked":"Slimebound:SlimeSpikes","floor":4},{"not_picked":["Slimebound:FinishingTackle","Slimebound:SlimeBarrage"],"picked":"Slimebound:ForwardTackle","floor":8},{"not_picked":["Slimebound:TongueLash","Slimebound:ComboTackle"],"picked":"Slimebound:GoopSpray","floor":9},{"not_picked":["Slimebound:FlameTackle","Slimebound:ComboTackle"],"picked":"Slimebound:Repurpose","floor":10}],"player_experience":50853,"relics_obtained":[{"floor":7,"key":"Tiny Chest"},{"floor":9,"key":"Shuriken"}],"event_choices":[],"is_beta":false,"boss_relics":[],"items_purged_floors":[],"is_endless":false,"potions_floor_spawned":[3,9,10],"killed_by":"Gremlin Nob","ascension_level":0}}