{"host":"91ruqvp7hiryodqd","time":1610715777,"event":{"mods":["AchievementEnabler","BaseMod","Colored Map","Colored Powertips","Filter the Spire","Minty Spire (QoL Compilation)","Relic Stats","StSLib"],"gold_per_floor":[112,127,140,140,155,155,12,37,37,37,37,2,2,35,35,137,137,154,154,168,179,28,28,43,55,55,55,74,93,107,107,107,204,204,217,235,160,160,172,172,0,25,51,51,51,85,13,13,13,13],"floor_reached":51,"language":"ENG","playtime":3198,"items_purged":["Strike_P"],"score":780,"play_id":"f99db491-1097-4864-9ae6-75b382af827d","local_time":"20210115200257","is_ascension_mode":false,"campfire_choices":[{"data":"Vigilance","floor":6.0,"key":"SMITH"},{"data":"TalkToTheHand","floor":11,"key":"SMITH"},{"data":"FearNoEvil","floor":13,"key":"SMITH"},{"data":"Vault","floor":15,"key":"SMITH"},{"data":"Halt","floor":23,"key":"SMITH"},{"floor":27,"key":"REST"},{"floor":32,"key":"REST"},{"data":"Scrawl","floor":40,"key":"SMITH"},{"data":"Adaptation","floor":44,"key":"SMITH"},{"data":"Adaptation","floor":49,"key":"SMITH"}],"circlet_count":0,"master_deck":["Defend_P","Eruption+1","Vigilance+1","MentalFortress+1","BattleHymn+1","EmptyFist+1","TalkToTheHand+1","Sanctity","Trip","FearNoEvil+1","Vault+1","Scrawl+1","EmptyBody","Halt+1","Tantrum","BowlingBash+1","FearNoEvil","DeusExMachina","Adaptation+1","Adaptation+1"],"relics":["Astrolabe","Odd Mushroom","Sundial","InkBottle","Runic Pyramid","Orichalcum","Question Card","Empty Cage","Red Mask","Centennial Puzzle","Potion Belt","Pen Nib"],"acts_visited":["Exordium","TheCity","TheBeyond"],"potions_floor_usage":[14,18,21,21,28,33,42,50,50],"damage_taken":[{"damage":0.0,"enemies":"Small Slimes","floor":1.0,"turns":2.0},{"damage":0.0,"enemies":"2 Louse","floor":2.0,"turns":3.0},{"damage":6.0,"enemies":"Jaw Worm","floor":3.0,"turns":3.0},{"damage":9.0,"enemies":"2 Fungi Beasts","floor":5.0,"turns":3.0},{"damage":6,"enemies":"The Mushroom Lair","floor":8,"turns":5},{"damage":0,"enemies":"3 Sentries","floor":14,"turns":4},{"damage":3,"enemies":"The Guardian","floor":16,"turns":7},{"damage":14,"enemies":"2 Thieves","floor":18,"turns":4},{"damage":0,"enemies":"Spheric Guardian","floor":20,"turns":2},{"damage":16,"enemies":"Snake Plant","floor":21,"turns":2},{"damage":0,"enemies":"Snecko","floor":24,"turns":4},{"damage":15,"enemies":"3 Cultists","floor":25,"turns":5},{"damage":9,"enemies":"Centurion and Healer","floor":28,"turns":5},{"damage":0,"enemies":"Snake Plant","floor":29,"turns":4},{"damage":6,"enemies":"Shelled Parasite and Fungi","floor":30,"turns":5},{"damage":6,"enemies":"Champ","floor":33,"turns":14},{"damage":1,"enemies":"3 Shapes","floor":35,"turns":4},{"damage":0,"enemies":"3 Darklings","floor":36,"turns":4},{"damage":2,"enemies":"Maw","floor":39,"turns":6},{"damage":0,"enemies":"Nemesis","floor":42,"turns":4},{"damage":0,"enemies":"Reptomancer","floor":46,"turns":4},{"damage":25,"enemies":"Awakened One","floor":50,"turns":8}],"seed_played":"7718880460144961051","potions_obtained":[{"floor":3.0,"key":"Fire Potion"},{"floor":14,"key":"BottledMiracle"},{"floor":16,"key":"ColorlessPotion"},{"floor":20,"key":"EssenceOfSteel"},{"floor":21,"key":"Dexterity Potion"},{"floor":28,"key":"PowerPotion"},{"floor":30,"key":"Explosive Potion"},{"floor":33,"key":"BlessingOfTheForge"},{"floor":42,"key":"DuplicationPotion"},{"floor":46,"key":"SneckoOil"}],"is_trial":false,"path_per_floor":["M","M","M","?","M","R","$","?","T","?","R","?","R","E","R","B",null,"M","?","M","M","$","R","M","M","T","R","M","M","M","?","R","B",null,"M","M","$","?","M","R","?","E","T","R","?","E","$","?","R","B",null],"character_chosen":"WATCHER","items_purchased":["Trip","ColorlessPotion","Orichalcum","StancePotion"],"campfire_rested":2,"item_purchase_floors":[7,7,22,47],"current_hp_per_floor":[72,72,66,52,43,43,43,37,37,37,37,55,55,55,55,52,72,58,58,58,42,42,42,42,27,27,48,39,39,33,33,54,48,72,71,71,71,71,69,69,69,69,69,69,68,68,68,68,68,43],"gold":13,"neow_bonus":"BOSS_RELIC","is_daily":false,"chose_seed":false,"campfire_upgraded":8,"win_rate":0.0,"timestamp":1610715777,"path_taken":["M","M","M","?","M","R","$","?","T","?","R","?","R","E","R","BOSS","M","?","M","M","$","R","M","M","T","R","M","M","M","?","R","BOSS","M","M","$","?","M","R","?","E","T","R","?","E","$","?","R","BOSS"],"items_purchased_type":["Card","Potion","Relic","Potion"],"build_version":"2020-12-22","purchased_purges":1,"victory":true,"max_hp_per_floor":[72,72,72,72,72,72,72,72,72,72,72,72,72,72,72,72,72,72,72,72,72,72,72,72,72,72,72,72,72,72,72,72,72,72,72,72,72,72,72,72,72,72,72,72,68,68,68,68,68,68],"relic_stats":{"Centennial Puzzle":[3],"counters":[22,102],"Sundial":[12],"Astrolabe":["MentalFortress","BattleHymn","EmptyFist"],"Pen Nib":[3],"Orichalcum":[72],"Question Card":9,"obtain_stats":[{"Potion Belt":43,"Astrolabe":0,"Pen Nib":46,"Odd Mushroom":8,"Orichalcum":22,"Question Card":26,"Empty Cage":34,"Centennial Puzzle":42,"Sundial":9,"Red Mask":41,"PureWater":0,"InkBottle":14,"Runic Pyramid":17},{"Potion Belt":20,"Astrolabe":0,"Pen Nib":21,"Odd Mushroom":5,"Orichalcum":10,"Question Card":12,"Empty Cage":16,"Centennial Puzzle":20,"Sundial":5,"Red Mask":19,"PureWater":0,"InkBottle":6,"Runic Pyramid":7},{"Potion Belt":90,"Astrolabe":0,"Pen Nib":94,"Odd Mushroom":16,"Orichalcum":35,"Question Card":44,"Empty Cage":72,"Centennial Puzzle":90,"Sundial":16,"Red Mask":86,"PureWater":0,"InkBottle":20,"Runic Pyramid":27}],"InkBottle":[36]},"card_choices":[{"not_picked":["EmptyFist","Crescendo"],"picked":"FlyingSleeves","floor":1.0},{"not_picked":["FlyingSleeves","PathToVictory","SashWhip"],"picked":"SKIP","floor":2.0},{"not_picked":["ClearTheMind","Vengeance"],"picked":"TalkToTheHand","floor":3.0},{"not_picked":["DevaForm","PathToVictory"],"picked":"Sanctity","floor":5.0},{"not_picked":["Consecrate","BattleHymn"],"picked":"FearNoEvil","floor":8},{"not_picked":["Blasphemy","Establishment"],"picked":"Vault","floor":14},{"not_picked":["Blasphemy","ConjureBlade"],"picked":"Scrawl","floor":16},{"not_picked":["Crescendo","Prostrate","LikeWater"],"picked":"SKIP","floor":18},{"not_picked":["SashWhip","JustLucky"],"picked":"EmptyBody","floor":20},{"not_picked":["ClearTheMind","Weave"],"picked":"Halt","floor":21},{"not_picked":["Weave+1","SignatureMove","FlyingSleeves+1"],"picked":"SKIP","floor":24},{"not_picked":["FollowUp","Consecrate","EmptyFist"],"picked":"SKIP","floor":25},{"not_picked":["Establishment","JustLucky","FollowUp"],"picked":"Tantrum","floor":28},{"not_picked":["SashWhip","Evaluate","Pray"],"picked":"BowlingBash+1","floor":29},{"not_picked":["SashWhip","Collect","FlyingSleeves"],"picked":"FearNoEvil","floor":30},{"not_picked":["ConjureBlade","MasterReality","Ragnarok"],"picked":"DeusExMachina","floor":33},{"not_picked":["Sanctity","CutThroughFate+1","FollowUp+1","FlyingSleeves"],"picked":"SKIP","floor":35},{"not_picked":["Swivel+1","LikeWater+1","Consecrate+1","SignatureMove+1"],"picked":"SKIP","floor":36},{"not_picked":["Prostrate","JustLucky+1","FlyingSleeves","Wallop"],"picked":"SKIP","floor":39},{"not_picked":["Wireheading","JustLucky+1","WindmillStrike"],"picked":"Adaptation","floor":42},{"not_picked":["SashWhip+1","FearNoEvil","EmptyBody+1"],"picked":"Adaptation","floor":46}],"player_experience":88107,"relics_obtained":[{"floor":8,"key":"Odd Mushroom"},{"floor":9,"key":"Sundial"},{"floor":14,"key":"InkBottle"},{"floor":26,"key":"Question Card"},{"floor":42,"key":"Centennial Puzzle"},{"floor":43,"key":"Potion Belt"},{"floor":46,"key":"Pen Nib"}],"event_choices":[{"damage_healed":0.0,"max_hp_gain":0.0,"max_hp_loss":0.0,"gold_gain":0.0,"event_name":"Shining Light","player_choice":"Entered Light","floor":4.0,"gold_loss":0.0,"damage_taken":14.0,"cards_upgraded":["Defend_P","Eruption"]},{"damage_healed":0,"gold_gain":0,"player_choice":"Fought Mushrooms","damage_taken":0,"max_hp_gain":0,"max_hp_loss":0,"event_name":"Mushrooms","floor":8,"gold_loss":0},{"damage_healed":0,"gold_gain":0,"player_choice":"Searched \u00271\u0027 times","damage_taken":0,"max_hp_gain":0,"max_hp_loss":0,"event_name":"Dead Adventurer","floor":10,"gold_loss":0},{"damage_healed":18,"gold_gain":0,"player_choice":"Healed","damage_taken":0,"max_hp_gain":0,"max_hp_loss":0,"event_name":"The Cleric","floor":12,"gold_loss":35},{"damage_healed":0,"gold_gain":0,"player_choice":"Ignored","damage_taken":0,"max_hp_gain":0,"max_hp_loss":0,"event_name":"Ghosts","floor":19,"gold_loss":0},{"cards_removed":["Defend_P"],"damage_healed":0,"gold_gain":0,"player_choice":"Elegance","damage_taken":0,"max_hp_gain":0,"max_hp_loss":0,"event_name":"Back to Basics","floor":31,"gold_loss":0},{"cards_removed":["FlyingSleeves"],"damage_healed":0,"gold_gain":0,"player_choice":"Removed Attack","damage_taken":0,"max_hp_gain":0,"max_hp_loss":0,"event_name":"Falling","floor":38,"gold_loss":0},{"damage_healed":0,"gold_gain":0,"player_choice":"Paid","damage_taken":0,"relics_obtained":["Red Mask"],"max_hp_gain":0,"max_hp_loss":0,"event_name":"Tomb of Lord Red Mask","floor":41,"gold_loss":172},{"damage_healed":0,"gold_gain":0,"player_choice":"Max HP","damage_taken":0,"max_hp_gain":0,"max_hp_loss":4,"event_name":"Winding Halls","floor":45,"gold_loss":0},{"damage_healed":0,"gold_gain":0,"player_choice":"Ignored","damage_taken":0,"max_hp_gain":0,"max_hp_loss":0,"event_name":"Mysterious Sphere","floor":48,"gold_loss":0}],"is_beta":false,"boss_relics":[{"not_picked":["Philosopher\u0027s Stone","Busted Crown"],"picked":"Runic Pyramid"},{"not_picked":["Black Star","Runic Dome"],"picked":"Empty Cage"}],"items_purged_floors":[37],"is_endless":false,"potions_floor_spawned":[3,14,16,20,21,28,30,33,39,42,46],"ascension_level":0}}