{"host":"18wi9kpcl4eah7pe","time":1610748736,"event":{"mods":["BaseMod","Colored Powertips","Downfall","Minty Spire (QoL Compilation)","StSLib"],"gold_per_floor":[99,99,99,99,99,126,171,205,205,205,216,232,82,82,100,100,100,100],"floor_reached":16,"language":"ENG","playtime":419,"items_purged":[],"score":122,"play_id":"5cc78aa5-5bef-43fe-a8cc-b1b5baee99c9","local_time":"20210115161216","is_ascension_mode":true,"campfire_choices":[{"floor":1.0,"key":"RECALL"},{"floor":13,"key":"REST"}],"circlet_count":0,"master_deck":["Slimebound:Strike_Slimebound","Slimebound:Strike_Slimebound","Slimebound:Strike_Slimebound","Slimebound:Tackle","Slimebound:Defend_Slimebound","Slimebound:Defend_Slimebound","Slimebound:Defend_Slimebound","Slimebound:Defend_Slimebound","Slimebound:Split+1","Slimebound:CorrosiveSpit","Slimebound:LeechEnergy","Slimebound:RainOfGoop","Slimebound:SplitMire","Slimebound:LeechLife","Slimebound:SplitSpecialist","Slimebound:LeechEnergy","Slimebound:AcidTongue","Slimebound:AcidTongue","Slimebound:DisruptingSlam"],"relics":["Slimebound:AbsorbEndCombat","downfall:HeartsMalice","Bronze Scales","Omamori","Orichalcum","downfall:HeartBlessingRed","downfall:HeartBlessingGreen","Slimebound:GreedOozeRelic"],"acts_visited":["Exordium"],"potions_floor_usage":[11,12,15],"damage_taken":[{"damage":0.0,"enemies":"Jaw Worm","floor":2.0,"turns":1.0},{"damage":0.0,"enemies":"downfall:FleeingMerchant","floor":4.0,"turns":1.0},{"damage":0.0,"enemies":"Small Slimes","floor":5.0,"turns":1.0},{"damage":31.0,"enemies":"Lagavulin","floor":6.0,"turns":6.0},{"damage":42,"enemies":"Gremlin Nob","floor":8,"turns":4},{"damage":0,"enemies":"Cultist","floor":9,"turns":1},{"damage":3,"enemies":"Blue Slaver","floor":11,"turns":3},{"damage":0,"enemies":"Large Slime","floor":12,"turns":2},{"damage":12,"enemies":"Exordium Thugs","floor":15,"turns":2},{"damage":32,"enemies":"downfall:Defect","floor":16,"turns":4}],"seed_played":"-7280692168028538431","potions_obtained":[{"floor":8,"key":"Slimebound:ThreeZeroPotion"},{"floor":11,"key":"SkillPotion"},{"floor":12,"key":"sneckomod:MuddlingPotion"}],"is_trial":false,"path_per_floor":["R","M","?","$","M","E","T","E","M","?","M","M","R","?","M","B"],"character_chosen":"SLIMEBOUND","items_purchased":[],"campfire_rested":1,"item_purchase_floors":[],"current_hp_per_floor":[60,60,60,60,60,41,41,3,3,3,4,4,22,22,18,0,0,0],"gold":100,"neow_bonus":"THREE_ENEMY_KILL","is_daily":false,"chose_seed":false,"campfire_upgraded":0,"win_rate":0.0,"timestamp":1610748736,"path_taken":["R","M","?","?","M","E","T","E","M","?","M","?","R","?","M","BOSS"],"items_purchased_type":[],"build_version":"2020-12-22","purchased_purges":0,"victory":false,"max_hp_per_floor":[60,60,60,60,60,60,60,60,60,60,60,60,60,60,60,60,60,60],"card_choices":[{"not_picked":["Slimebound:HauntingLick","Slimebound:TongueLash"],"picked":"Slimebound:LeechEnergy","floor":2.0},{"not_picked":["Slimebound:LeechingTouch","Slimebound:HungryTackle"],"picked":"Slimebound:RainOfGoop","floor":4.0},{"not_picked":["Slimebound:GrowthPunch","Slimebound:DivideAndConquer"],"picked":"Slimebound:SplitMire","floor":5.0},{"not_picked":["Slimebound:SlimeBarrage","Slimebound:SplitMire"],"picked":"Slimebound:LeechLife","floor":6.0},{"not_picked":["Slimebound:SlimeSlap","Slimebound:ComboTackle"],"picked":"Slimebound:SplitSpecialist","floor":8},{"not_picked":["Slimebound:LivingWall","Slimebound:Schlurp"],"picked":"Slimebound:LeechEnergy","floor":9},{"not_picked":["Slimebound:MegaLick","Slimebound:SplitBruiser"],"picked":"Slimebound:AcidTongue","floor":11},{"not_picked":["Slimebound:RainOfGoop","Slimebound:Replication"],"picked":"Slimebound:AcidTongue","floor":12},{"not_picked":["Slimebound:PressTheAttack","Slimebound:TongueLash"],"picked":"Slimebound:DisruptingSlam","floor":15}],"player_experience":918219,"relics_obtained":[{"floor":6.0,"key":"Bronze Scales"},{"floor":7.0,"key":"Omamori"},{"floor":8,"key":"Orichalcum"}],"event_choices":[{"damage_healed":0,"gold_gain":0,"player_choice":"Upgraded","damage_taken":0,"max_hp_gain":0,"max_hp_loss":0,"event_name":"Upgrade Shrine","floor":10,"gold_loss":0,"cards_upgraded":["Slimebound:Split"]}],"is_beta":false,"boss_relics":[],"items_purged_floors":[],"is_endless":false,"potions_floor_spawned":[8,11,12],"killed_by":"downfall:Defect","ascension_level":3}}