{"host":"vddkjx04kiwje1tk","time":1610672582,"event":{"mods":["AchievementEnabler","BaseMod","Colored Map","Minty Spire (QoL Compilation)","Quick Restart","SuperFastMode"],"gold_per_floor":[117,117,134,209,209,209,238,238,238,257,270,0,18,34,34,133,133,150,167,82,82,82,82,113,132,132,160,86,86,106,124,124,229,229,241,241,241],"floor_reached":36,"language":"KOR","playtime":972,"items_purged":["Defend_G"],"score":429,"play_id":"e3d3b388-0774-43f5-b5e8-b47f2b9ff5af","local_time":"20210115100302","is_ascension_mode":false,"campfire_choices":[{"data":"Catalyst","floor":6,"key":"SMITH"},{"data":"Crippling Poison","floor":8,"key":"SMITH"},{"data":"Poisoned Stab","floor":15,"key":"SMITH"},{"data":"Wraith Form v2","floor":23,"key":"SMITH"},{"floor":29,"key":"REST"},{"floor":32,"key":"REST"}],"circlet_count":0,"master_deck":["Strike_G","Strike_G","Defend_G","Defend_G","Defend_G","Survivor","Neutralize+1","Catalyst+1","Crippling Poison+1","Poisoned Stab+1","Wraith Form v2+1","Outmaneuver","Bouncing Flask+1","Noxious Fumes","Corpse Explosion","Wraith Form v2+1","Quick Slash+1","Prepared+1"],"relics":["Ring of the Serpent","NeowsBlessing","Gremlin Horn","Pear","Oddly Smooth Stone","Juzu Bracelet","MutagenicStrength","Bag of Marbles","Question Card","Ancient Tea Set","Astrolabe"],"acts_visited":["Exordium","TheCity","TheBeyond"],"potions_floor_usage":[19,24,24,24,27],"damage_taken":[{"damage":0,"enemies":"2 Louse","floor":1,"turns":1},{"damage":0,"enemies":"Cultist","floor":3,"turns":1},{"damage":0,"enemies":"Lagavulin","floor":7,"turns":1},{"damage":1,"enemies":"Small Slimes","floor":10,"turns":3},{"damage":4,"enemies":"3 Louse","floor":11,"turns":2},{"damage":6,"enemies":"2 Fungi Beasts","floor":13,"turns":3},{"damage":5,"enemies":"Blue Slaver","floor":14,"turns":2},{"damage":10,"enemies":"Hexaghost","floor":16,"turns":9},{"damage":6,"enemies":"Shell Parasite","floor":18,"turns":4},{"damage":14,"enemies":"2 Thieves","floor":19,"turns":5},{"damage":30,"enemies":"Slavers","floor":24,"turns":6},{"damage":5,"enemies":"Snake Plant","floor":25,"turns":3},{"damage":11,"enemies":"Book of Stabbing","floor":27,"turns":5},{"damage":21,"enemies":"Cultist and Chosen","floor":30,"turns":7},{"damage":3,"enemies":"Shelled Parasite and Fungi","floor":31,"turns":5},{"damage":24,"enemies":"Automaton","floor":33,"turns":10},{"damage":14,"enemies":"3 Darklings","floor":35,"turns":4},{"damage":68,"enemies":"2 Orb Walkers","floor":36,"turns":7}],"seed_played":"8438168275830437984","potions_obtained":[{"floor":10,"key":"Block Potion"},{"floor":11,"key":"SpeedPotion"},{"floor":14,"key":"Strength Potion"},{"floor":19,"key":"BlessingOfTheForge"},{"floor":24,"key":"DistilledChaos"},{"floor":35,"key":"Dexterity Potion"}],"is_trial":false,"path_per_floor":["M","?","M","?","?","R","E","R","T","M","M","$","M","M","R","B",null,"M","M","?","?","?","R","E","M","T","E","$","R","M","M","R","B",null,"M","?"],"character_chosen":"THE_SILENT","items_purchased":["Poisoned Stab","Oddly Smooth Stone","Noxious Fumes"],"campfire_rested":2,"item_purchase_floors":[12,12,28],"current_hp_per_floor":[70,70,70,59,59,59,59,59,69,68,64,64,58,53,53,43,80,74,60,60,60,60,60,30,25,25,14,14,38,17,14,38,14,80,66,0,0],"gold":241,"neow_bonus":"THREE_ENEMY_KILL","is_daily":false,"chose_seed":false,"campfire_upgraded":4,"win_rate":0.0,"timestamp":1610672582,"path_taken":["M","?","?","?","?","R","E","R","T","M","M","$","M","M","R","BOSS","M","M","?","?","?","R","E","M","T","E","?","R","M","M","R","BOSS","M","?"],"items_purchased_type":["Card","Relic","Card"],"build_version":"2020-12-22","purchased_purges":1,"victory":false,"max_hp_per_floor":[70,70,70,70,70,70,70,70,80,80,80,80,80,80,80,80,80,80,80,80,80,80,80,80,80,80,80,80,80,80,80,80,80,80,80,80,80],"card_choices":[{"not_picked":["Deflect","Dodge and Roll","Sucker Punch"],"picked":"SKIP","floor":1},{"not_picked":["PiercingWail","Backflip","Outmaneuver"],"picked":"SKIP","floor":3},{"not_picked":["Acrobatics","Prepared"],"picked":"Crippling Poison","floor":7},{"not_picked":["Leg Sweep","Flechettes","Dodge and Roll"],"picked":"SKIP","floor":10},{"not_picked":["Deflect","Dagger Spray","Blur"],"picked":"SKIP","floor":11},{"not_picked":["Crippling Poison","Heel Hook","Envenom"],"picked":"SKIP","floor":13},{"not_picked":["Concentrate","Blade Dance","Deflect"],"picked":"SKIP","floor":14},{"not_picked":["Phantasmal Killer","Venomology"],"picked":"Wraith Form v2","floor":16},{"not_picked":["Terror","Backstab","Setup"],"picked":"SKIP","floor":18},{"not_picked":["Cloak And Dagger","Tactician","Endless Agony"],"picked":"SKIP","floor":19},{"not_picked":["Cloak And Dagger","Sucker Punch+1","Prepared"],"picked":"SKIP","floor":24},{"not_picked":["Backflip+1","A Thousand Cuts","Prepared"],"picked":"SKIP","floor":25},{"not_picked":["Sucker Punch","PiercingWail","Backflip"],"picked":"Bouncing Flask+1","floor":27},{"not_picked":["Cloak And Dagger+1","Blade Dance","Flying Knee","Sucker Punch"],"picked":"SKIP","floor":30},{"not_picked":["Flechettes","Distraction","Flying Knee","Outmaneuver"],"picked":"SKIP","floor":31},{"not_picked":["Unload","Tools of the Trade","Wraith Form v2"],"picked":"Corpse Explosion","floor":33},{"not_picked":["Caltrops+1","Prepared","Cloak And Dagger+1","Outmaneuver"],"picked":"SKIP","floor":35}],"player_experience":192946,"relics_obtained":[{"floor":7,"key":"Gremlin Horn"},{"floor":9,"key":"Pear"},{"floor":24,"key":"Bag of Marbles"},{"floor":26,"key":"Question Card"},{"floor":27,"key":"Ancient Tea Set"}],"event_choices":[{"damage_healed":0,"gold_gain":0,"player_choice":"Upgraded","damage_taken":0,"max_hp_gain":0,"max_hp_loss":0,"event_name":"Upgrade Shrine","floor":2,"gold_loss":0,"cards_upgraded":["Neutralize"]},{"damage_healed":0,"gold_gain":75,"player_choice":"Gather Gold","damage_taken":11,"max_hp_gain":0,"max_hp_loss":0,"event_name":"World of Goop","floor":4,"gold_loss":0},{"damage_healed":0,"gold_gain":0,"cards_transformed":["Strike_G"],"player_choice":"Change","damage_taken":0,"max_hp_gain":0,"max_hp_loss":0,"event_name":"Living Wall","floor":5,"gold_loss":0,"cards_obtained":["Catalyst"]},{"damage_healed":0,"gold_gain":0,"player_choice":"Obtained Relic","damage_taken":0,"relics_obtained":["Juzu Bracelet"],"max_hp_gain":0,"max_hp_loss":0,"event_name":"Addict","floor":20,"gold_loss":85},{"damage_healed":0,"gold_gain":0,"player_choice":"Read","damage_taken":0,"max_hp_gain":0,"max_hp_loss":0,"event_name":"The Library","floor":21,"gold_loss":0,"cards_obtained":["Outmaneuver"]},{"damage_healed":0,"gold_gain":0,"player_choice":"Inject Mutagens","damage_taken":0,"relics_obtained":["MutagenicStrength"],"max_hp_gain":0,"max_hp_loss":0,"event_name":"Drug Dealer","floor":22,"gold_loss":0},{"damage_healed":0,"gold_gain":0,"player_choice":"Fight","damage_taken":0,"max_hp_gain":0,"max_hp_loss":0,"event_name":"Mysterious Sphere","floor":36,"gold_loss":0}],"is_beta":false,"boss_relics":[{"not_picked":["Coffee Dripper","SacredBark"],"picked":"Ring of the Serpent"},{"not_picked":["Snecko Eye","Runic Pyramid"],"picked":"Astrolabe"}],"items_purged_floors":[12],"is_endless":false,"potions_floor_spawned":[10,11,14,19,24,35],"killed_by":"2 Orb Walkers","ascension_level":0}}