{"host":"j9ki0s1dicmcfq9y","time":1610670286,"event":{"mods":["BaseMod","Minty Spire (QoL Compilation)","Prisma Mod","StSLib"],"gold_per_floor":[112,112,132,207,128,147,147,482,482,482,522,522,522,532,532,630,630,648,663,578,596,596,596,7,17,17,17,17,17,17,35,35,135,135,150,161,161,161,175,195,212,212,212,63,82,82,92,92,92],"floor_reached":48,"language":"ENG","playtime":3239,"items_purged":["Regret"],"score":484,"play_id":"87bb4ca0-75e7-4daa-b43c-67e42e458ff9","local_time":"20210114192446","is_ascension_mode":false,"campfire_choices":[{"data":"PrismaMod:ChloeExcalibur","floor":7,"key":"SMITH"},{"data":"PrismaMod:ChloeExcalibur","floor":12,"key":"SMITH"},{"floor":15,"key":"REST"},{"floor":23,"key":"RECALL"},{"data":"PrismaMod:ChloeCaladbolg","floor":32,"key":"SMITH"},{"data":"PrismaMod:ChloeRhongomyniad","floor":42,"key":"SMITH"},{"data":"PrismaMod:ChloeCaladbolg","floor":46,"key":"SMITH"}],"circlet_count":0,"master_deck":["PrismaMod:ChloeCommonAttack","PrismaMod:ChloeCommonAttack","PrismaMod:ChloeCommonAttack","PrismaMod:ChloeCommonAttack","PrismaMod:ChloeCommonAttack","PrismaMod:ChloeCommonDefend","PrismaMod:ChloeCommonDefend","PrismaMod:ChloeCommonDefend","PrismaMod:ChloeCommonDefend","PrismaMod:ChloeCommonDefend","PrismaMod:ChloeCheapAttack","PrismaMod:ChloeCheapDefend","PrismaMod:ChloeCommonAOEAttack","PrismaMod:ChloeExcalibur+1","PrismaMod:ChloeExcalibur+1","PrismaMod:ChloeCheapAttackTwo","PrismaMod:ChloeAnyAttackTrace+1","PrismaMod:ChloeGaeBolg+1","PrismaMod:ChloeMordred+1","PrismaMod:ChloeCaladbolg+1","PrismaMod:ChloeCarnivalAttack","PrismaMod:ChloeRitsuka+1","PrismaMod:ChloeCheapDefendTwo+1","PrismaMod:ChloeRhongomyniad+1","PrismaMod:ChloeCaladbolg+1"],"relics":["PrismaMod:PrismaTraceOnUpgrade","Old Coin","Kunai","Toxic Egg 2","Singing Bowl","Lee\u0027s Waffle","Torii","Prayer Wheel","Mercury Hourglass","Philosopher\u0027s Stone","Molten Egg 2","HandDrill"],"acts_visited":["Exordium","TheCity","TheBeyond"],"potions_floor_usage":[16,16,21,33,45],"damage_taken":[{"damage":0,"enemies":"Small Slimes","floor":1,"turns":4},{"damage":2,"enemies":"Jaw Worm","floor":3,"turns":2},{"damage":0,"enemies":"2 Louse","floor":6,"turns":1},{"damage":24,"enemies":"Lagavulin","floor":8,"turns":5},{"damage":7,"enemies":"Gremlin Gang","floor":11,"turns":4},{"damage":0,"enemies":"Looter","floor":14,"turns":1},{"damage":5,"enemies":"Hexaghost","floor":16,"turns":7},{"damage":16,"enemies":"2 Thieves","floor":18,"turns":4},{"damage":0,"enemies":"Shell Parasite","floor":19,"turns":1},{"damage":3,"enemies":"Sentry and Sphere","floor":21,"turns":4},{"damage":2,"enemies":"3 Cultists","floor":25,"turns":5},{"damage":0,"enemies":"Cultist and Chosen","floor":31,"turns":3},{"damage":52,"enemies":"Champ","floor":33,"turns":8},{"damage":20,"enemies":"3 Darklings","floor":35,"turns":4},{"damage":14,"enemies":"3 Shapes","floor":36,"turns":5},{"damage":10,"enemies":"3 Darklings","floor":39,"turns":4},{"damage":31,"enemies":"Transient","floor":40,"turns":5},{"damage":34,"enemies":"Jaw Worm Horde","floor":41,"turns":3},{"damage":2,"enemies":"Maw","floor":45,"turns":7},{"damage":16,"enemies":"4 Shapes","floor":47,"turns":4},{"damage":19,"enemies":"Writhing Mass","floor":48,"turns":2}],"seed_played":"-424158338101842624","potions_obtained":[{"floor":3,"key":"Dexterity Potion"},{"floor":6,"key":"DuplicationPotion"},{"floor":14,"key":"CultistPotion"},{"floor":18,"key":"Block Potion"},{"floor":31,"key":"AttackPotion"},{"floor":40,"key":"Swift Potion"},{"floor":47,"key":"LiquidBronze"}],"is_trial":false,"path_per_floor":["M","?","M","?","$","M","R","E","T","T","M","R","?","M","R","B",null,"M","M","?","M","?","R","$","M","T","$","?","T","?","M","R","B",null,"M","M","?","?","M","M","M","R","T","$","M","R","M","M"],"character_chosen":"CHLOE","items_purchased":["PrismaMod:ChloeExcalibur","Lee\u0027s Waffle","Torii","PrismaMod:ChloeMordred+1","HandDrill"],"campfire_rested":1,"item_purchase_floors":[5,24,24,24,44],"current_hp_per_floor":[82,82,80,69,69,69,69,45,45,45,38,38,38,38,62,57,82,66,66,66,65,59,59,91,91,91,91,91,91,91,95,95,43,97,90,78,74,79,86,59,27,27,27,27,29,29,17,0,0],"gold":92,"neow_bonus":"TEN_PERCENT_HP_BONUS","is_daily":false,"chose_seed":false,"campfire_upgraded":5,"win_rate":0.0,"timestamp":1610670286,"path_taken":["M","?","M","?","?","M","R","E","T","?","M","R","?","M","R","BOSS","M","M","?","M","?","R","$","?","T","$","?","?","?","M","R","BOSS","M","M","?","?","?","M","M","R","T","$","M","R","M","M"],"items_purchased_type":["Card","Relic","Relic","Card","Relic"],"build_version":"2020-12-22","purchased_purges":1,"victory":false,"max_hp_per_floor":[82,82,82,82,82,82,82,82,82,82,82,82,82,82,82,82,82,82,82,82,84,84,84,91,93,93,93,93,93,93,97,97,97,97,99,101,107,107,109,113,115,115,115,115,119,119,123,123,123],"card_choices":[{"not_picked":["PrismaMod:ChloeCheapDefendTwo","PrismaMod:ChloeMaid"],"picked":"PrismaMod:ChloeCheapAttack","floor":1},{"not_picked":["PrismaMod:ChloeCheapDefendTwo","PrismaMod:ChloeCheapDefend"],"picked":"PrismaMod:ChloeCommonAOEAttack","floor":3},{"not_picked":["PrismaMod:ChloeUncommonAttack","PrismaMod:ChloeDiscardRecovery","PrismaMod:ChloeExhaustOne"],"picked":"SKIP","floor":6},{"not_picked":["PrismaMod:ChloeExhaustOne","PrismaMod:ChloeUncommonAttack"],"picked":"PrismaMod:ChloeExcalibur","floor":8},{"not_picked":["PrismaMod:ChloeDiscardRecovery","PrismaMod:ChloeChristmas"],"picked":"PrismaMod:ChloeCheapAttackTwo","floor":11},{"not_picked":["PrismaMod:ChloeCommonAOEAttack","PrismaMod:ChloeUncommonAOEAttack","PrismaMod:ChloeExhaustOne+1"],"picked":"SKIP","floor":14},{"not_picked":["PrismaMod:ChloeCarnivalAOEAttack","PrismaMod:ChloeCarnivalAttack"],"picked":"PrismaMod:ChloeAnyAttackTrace+1","floor":16},{"not_picked":["PrismaMod:ChloeExhaustOne+1","PrismaMod:ChloeCheapAttack","PrismaMod:ChloeChristmas+1"],"picked":"SKIP","floor":18},{"not_picked":["PrismaMod:ChloeMordred+1","PrismaMod:ChloeExhaustTwo+1"],"picked":"PrismaMod:ChloeGaeBolg+1","floor":19},{"not_picked":["PrismaMod:ChloeCheapDefend+1","PrismaMod:ChloeExhaustOne+1","PrismaMod:ChloeChristmas+1"],"picked":"Singing Bowl","floor":21},{"not_picked":["PrismaMod:ChloeUncommonAOEAttack","PrismaMod:ChloeCommonAOEAttack","PrismaMod:ChloeCheapDefend+1"],"picked":"Singing Bowl","floor":25},{"not_picked":["PrismaMod:ChloeDiscardRecovery+1","PrismaMod:ChloeUncommonAOEAttack","PrismaMod:ChloeChristmas+1"],"picked":"Singing Bowl","floor":31},{"not_picked":["PrismaMod:ChloeExhaustOne+1","PrismaMod:ChloeCommonAOEAttack+1","PrismaMod:ChloeCheapDefend+1"],"picked":"Singing Bowl","floor":31},{"not_picked":["PrismaMod:ChloeAnyCommonTrace+1","PrismaMod:ChloeAnyPowerTrace+1"],"picked":"PrismaMod:ChloeCarnivalAttack","floor":33},{"not_picked":["PrismaMod:ChloeCheapAttackTwo+1","PrismaMod:ChloeCheapAttack+1"],"picked":"PrismaMod:ChloeRitsuka+1","floor":35},{"not_picked":["PrismaMod:ChloeCommonAOEAttack","PrismaMod:ChloeCheapAttack+1","PrismaMod:ChloeCheapAttackTwo"],"picked":"Singing Bowl","floor":35},{"not_picked":["PrismaMod:ChloeGaeBolg+1","PrismaMod:ChloeUncommonDefend+1"],"picked":"PrismaMod:ChloeCheapDefendTwo+1","floor":36},{"not_picked":["PrismaMod:ChloeAnyRareTrace+1","PrismaMod:ChloeCommonAOEAttack","PrismaMod:ChloeGaeBolg"],"picked":"Singing Bowl","floor":36},{"not_picked":["Dark Shackles+1","Swift Strike","Madness+1"],"picked":"Singing Bowl","floor":37},{"not_picked":["Blind+1","Mayhem","PanicButton+1"],"picked":"Singing Bowl","floor":37},{"not_picked":["Mind Blast","Thinking Ahead+1","Dark Shackles+1"],"picked":"Singing Bowl","floor":37},{"not_picked":["PrismaMod:ChloeCheapAttack","PrismaMod:ChloeCheapDefend+1","PrismaMod:ChloeRuleBreaker"],"picked":"Singing Bowl","floor":39},{"not_picked":["PrismaMod:ChloeCommonAOEAttack+1","PrismaMod:ChloeDiscardRecovery+1"],"picked":"PrismaMod:ChloeRhongomyniad","floor":39},{"not_picked":["PrismaMod:ChloeGaeBolg","PrismaMod:ChloeMaid+1","PrismaMod:ChloeChristmas+1"],"picked":"Singing Bowl","floor":40},{"not_picked":["PrismaMod:ChloeDiscardRecovery+1","PrismaMod:ChloeCommonAOEAttack+1","PrismaMod:ChloeCheapAttackTwo+1"],"picked":"Singing Bowl","floor":40},{"not_picked":["PrismaMod:ChloeExhaustOne+1","PrismaMod:ChloeRuleBreaker"],"picked":"PrismaMod:ChloeCaladbolg","floor":41},{"not_picked":["PrismaMod:ChloeCheapDefendTwo+1","PrismaMod:ChloeRuleBreaker","PrismaMod:ChloeDiscardRecovery+1"],"picked":"Singing Bowl","floor":41},{"not_picked":["PrismaMod:ChloeCommonAOEAttack+1","PrismaMod:ChloeGaeBolg+1","PrismaMod:ChloeCheapAttack+1"],"picked":"Singing Bowl","floor":45},{"not_picked":["PrismaMod:ChloeCheapAttack+1","PrismaMod:ChloeCheapDefend+1","PrismaMod:ChloeRuleBreaker+1"],"picked":"Singing Bowl","floor":45},{"not_picked":["PrismaMod:ChloeCheapDefend+1","PrismaMod:ChloeCheapAttack+1","PrismaMod:ChloeGaeBolg+1"],"picked":"Singing Bowl","floor":47},{"not_picked":["PrismaMod:ChloeMaid+1","PrismaMod:ChloeCommonAOEAttack+1","PrismaMod:ChloeCheapAttackTwo+1"],"picked":"Singing Bowl","floor":47}],"player_experience":666495,"relics_obtained":[{"floor":8,"key":"Old Coin"},{"floor":9,"key":"Kunai"},{"floor":26,"key":"Prayer Wheel"},{"floor":29,"key":"Mercury Hourglass"},{"floor":43,"key":"Molten Egg 2"}],"event_choices":[{"damage_healed":0,"gold_gain":0,"player_choice":"Ignored","damage_taken":0,"max_hp_gain":0,"max_hp_loss":0,"event_name":"Golden Wing","floor":2,"gold_loss":0},{"damage_healed":0,"gold_gain":75,"player_choice":"Gather Gold","damage_taken":11,"max_hp_gain":0,"max_hp_loss":0,"event_name":"World of Goop","floor":4,"gold_loss":0},{"damage_healed":0,"gold_gain":0,"player_choice":"Box","damage_taken":0,"relics_obtained":["Toxic Egg 2"],"max_hp_gain":0,"max_hp_loss":0,"event_name":"Big Fish","floor":13,"gold_loss":0,"cards_obtained":["Regret"]},{"damage_healed":0,"gold_gain":0,"player_choice":"Obtained Relic","damage_taken":0,"relics_obtained":["Singing Bowl"],"max_hp_gain":0,"max_hp_loss":0,"event_name":"Addict","floor":20,"gold_loss":85},{"damage_healed":0,"gold_gain":0,"player_choice":"","damage_taken":6,"max_hp_gain":0,"max_hp_loss":0,"event_name":"Knowing Skull","floor":22,"potions_obtained":[],"gold_loss":0,"cards_obtained":[]},{"damage_healed":0,"gold_gain":0,"player_choice":"Read","damage_taken":0,"max_hp_gain":0,"max_hp_loss":0,"event_name":"The Library","floor":28,"gold_loss":0,"cards_obtained":["PrismaMod:ChloeCaladbolg"]},{"damage_healed":0,"gold_gain":0,"player_choice":"Ignored","damage_taken":0,"max_hp_gain":0,"max_hp_loss":0,"event_name":"Vampires","floor":30,"gold_loss":0},{"damage_healed":0,"gold_gain":0,"player_choice":"Memory 3","damage_taken":10,"max_hp_gain":0,"max_hp_loss":0,"event_name":"SensoryStone","floor":37,"gold_loss":0},{"cards_removed":["PrismaMod:ChloeCheapAttack"],"damage_healed":5,"gold_gain":0,"player_choice":"Offered Common","damage_taken":0,"max_hp_gain":0,"max_hp_loss":0,"event_name":"Bonfire Elementals","floor":38,"gold_loss":0},{"cards_removed":["PrismaMod:ChloeCheapAttack"],"damage_healed":5,"gold_gain":0,"player_choice":"Offered Special","damage_taken":0,"max_hp_gain":0,"max_hp_loss":0,"event_name":"Bonfire Elementals","floor":38,"gold_loss":0}],"is_beta":false,"boss_relics":[{"not_picked":["SlaversCollar","Cursed Key"],"picked":"PrismaMod:PrismaTraceOnUpgrade"},{"not_picked":["Velvet Choker","Busted Crown"],"picked":"Philosopher\u0027s Stone"}],"items_purged_floors":[24],"is_endless":false,"potions_floor_spawned":[3,6,14,18,31,40,47],"killed_by":"Writhing Mass","ascension_level":0}}