{"host":"vyjryxuuuxkt43k4","time":1610682040,"event":{"mods":["BaseMod","Colored Map","DeckTracker","Minty Spire (QoL Compilation)","Permanent Neow","Quick Restart","StSLib","SuperFastMode","everything is the same but u backflip on backflip"],"gold_per_floor":[113,133,22,38,38,38,38,38,110,128,155,230,230,244,244,343,343,353,370,386,133,147,178,178,190,190,65,65,65,65],"floor_reached":29,"language":"KOR","playtime":1471,"items_purged":["Strike_P","Defend_P","Writhe"],"score":245,"play_id":"7b64f30b-435f-45f4-b46d-89ccd4dd01e8","local_time":"20210115124040","is_ascension_mode":false,"campfire_choices":[{"data":"Eruption","floor":7.0,"key":"SMITH"},{"floor":13.0,"key":"REST"},{"data":"Adaptation","floor":15.0,"key":"SMITH"},{"data":"MentalFortress","floor":28.0,"key":"SMITH"}],"circlet_count":0,"master_deck":["Strike_P","Strike_P","Defend_P","Eruption+1","Vigilance","MentalFortress+1","Adaptation+1","FlurryOfBlows","Blasphemy","FollowUp","EmptyFist+1","Indignation"],"relics":["PureWater","Blue Candle","Unceasing Top","Cursed Key","Lee\u0027s Waffle","Damaru","Kunai"],"acts_visited":["Exordium","TheCity"],"potions_floor_usage":[],"damage_taken":[{"damage":0.0,"enemies":"Small Slimes","floor":1.0,"turns":4.0},{"damage":0.0,"enemies":"Jaw Worm","floor":2.0,"turns":3.0},{"damage":0.0,"enemies":"2 Louse","floor":4.0,"turns":2.0},{"damage":0.0,"enemies":"Looter","floor":10.0,"turns":5.0},{"damage":42.0,"enemies":"Lagavulin","floor":11.0,"turns":4.0},{"damage":0.0,"enemies":"Blue Slaver","floor":14.0,"turns":3.0},{"damage":29.0,"enemies":"The Guardian","floor":16.0,"turns":7.0},{"damage":18.0,"enemies":"Shell Parasite","floor":18.0,"turns":6.0},{"damage":27.0,"enemies":"2 Thieves","floor":19.0,"turns":5.0},{"damage":17.0,"enemies":"Cultist and Chosen","floor":20.0,"turns":5.0},{"damage":13.0,"enemies":"Centurion and Healer","floor":22.0,"turns":5.0},{"damage":43.0,"enemies":"Slavers","floor":23.0,"turns":4.0},{"damage":0.0,"enemies":"3 Cultists","floor":25.0,"turns":3.0},{"damage":28,"enemies":"Book of Stabbing","floor":29,"turns":2}],"seed_played":"-4095653546104655438","potions_obtained":[{"floor":10.0,"key":"Energy Potion"},{"floor":11.0,"key":"Block Potion"},{"floor":18.0,"key":"Strength Potion"},{"floor":22.0,"key":"BottledMiracle"}],"is_trial":false,"path_per_floor":["M","M","$","M","$","?","R","$","T","M","E","?","R","M","R","B",null,"M","M","M","$","M","E","?","M","T","$","R","E"],"character_chosen":"WATCHER","items_purchased":["MentalFortress","Lee\u0027s Waffle"],"campfire_rested":1,"item_purchase_floors":[3,21],"current_hp_per_floor":[72,72,72,72,72,65,65,65,65,65,23,12,33,33,33,4,72,54,27,10,79,66,23,23,23,23,23,23,0,0],"gold":65,"neow_bonus":"REMOVE_CARD","is_daily":false,"chose_seed":false,"campfire_upgraded":3,"win_rate":0.0,"timestamp":1610682040,"path_taken":["M","M","$","M","$","?","R","$","T","M","E","?","R","M","R","BOSS","M","M","M","$","M","E","?","M","T","$","R","E"],"items_purchased_type":["Card","Relic"],"build_version":"2020-12-22","purchased_purges":3,"victory":false,"max_hp_per_floor":[72,72,72,72,72,72,72,72,72,72,72,72,72,72,72,72,72,72,72,72,79,79,79,79,79,79,79,79,79,79],"card_choices":[{"not_picked":["Halt","EmptyBody","ThirdEye"],"picked":"SKIP","floor":1.0},{"not_picked":["Sanctity","ClearTheMind","PathToVictory"],"picked":"SKIP","floor":2.0},{"not_picked":["TalkToTheHand","Halt","CrushJoints"],"picked":"SKIP","floor":4.0},{"not_picked":["ReachHeaven","Conclude","Prostrate"],"picked":"SKIP","floor":10.0},{"not_picked":["Prostrate","SignatureMove"],"picked":"Adaptation","floor":11.0},{"not_picked":["Consecrate","WaveOfTheHand"],"picked":"FlurryOfBlows","floor":14.0},{"not_picked":["MasterReality","LessonLearned"],"picked":"Blasphemy","floor":16.0},{"not_picked":["WreathOfFlame","WheelKick"],"picked":"FollowUp","floor":18.0},{"not_picked":["ClearTheMind","EmptyMind","Pray"],"picked":"SKIP","floor":19.0},{"not_picked":["Crescendo","CutThroughFate+1"],"picked":"EmptyFist+1","floor":20.0},{"not_picked":["Conclude","JustLucky","Pray"],"picked":"SKIP","floor":22.0},{"not_picked":["Wallop","EmptyFist"],"picked":"Indignation","floor":23.0},{"not_picked":["FollowUp","FearNoEvil","Evaluate"],"picked":"SKIP","floor":25.0}],"player_experience":313955,"relics_obtained":[{"floor":9.0,"key":"Blue Candle"},{"floor":11.0,"key":"Unceasing Top"},{"floor":23.0,"key":"Damaru"},{"floor":26.0,"key":"Kunai"}],"event_choices":[{"cards_removed":["Defend_P"],"damage_healed":0.0,"max_hp_gain":0.0,"max_hp_loss":0.0,"gold_gain":0.0,"event_name":"Golden Wing","player_choice":"Card Removal","floor":6.0,"gold_loss":0.0,"damage_taken":7.0},{"damage_healed":0.0,"max_hp_gain":0.0,"max_hp_loss":0.0,"gold_gain":75.0,"event_name":"World of Goop","player_choice":"Gather Gold","floor":12.0,"gold_loss":0.0,"damage_taken":11.0},{"cards_removed":["Strike_P"],"damage_healed":0.0,"max_hp_gain":0.0,"max_hp_loss":0.0,"gold_gain":0.0,"event_name":"Back to Basics","player_choice":"Elegance","floor":24.0,"gold_loss":0.0,"damage_taken":0.0}],"is_beta":false,"boss_relics":[{"not_picked":["Pandora\u0027s Box","Fusion Hammer"],"picked":"Cursed Key"}],"items_purged_floors":[3,21,27],"is_endless":false,"potions_floor_spawned":[10,11,18,22],"killed_by":"Book of Stabbing","ascension_level":0}}