{"host":"0z6l31g9ps0v9zzp","time":1610691088,"event":{"mods":["Act Like it!","Arknights The Spire","BaseMod","CapriCore","Minty Spire (QoL Compilation)","StSLib"],"gold_per_floor":[110,60,10,27,27,27,40,40,40,68,94,94,122,136,136,236,236,253,272,272,299,312,340,340,340,340,360,392,392,129,129,129,129,129],"floor_reached":33,"language":"ZHS","playtime":1366,"items_purged":["ats:Armor Crushing Shot"],"score":326,"play_id":"abb0b088-b861-4790-9322-356212e958f9","local_time":"20210115141128","daily_mods":["Heirloom","Flight"],"is_ascension_mode":false,"campfire_choices":[{"data":"ats:Emotion Absorption","floor":6.0,"key":"SMITH"},{"data":"ats:Ignite","floor":8.0,"key":"SMITH"},{"data":"ats:Calcification","floor":12.0,"key":"SMITH"},{"floor":15.0,"key":"REST"},{"data":"ats:Flame Of Heaven","floor":24,"key":"SMITH"},{"floor":25,"key":"REST"},{"data":"ats:Healing Strengthening","floor":32,"key":"SMITH"}],"circlet_count":0,"master_deck":["ats:Strike C","ats:Defend","ats:Defend","ats:Defend","ats:Defend","ats:Emotion Absorption+1","ats:Ignite+1","ats:Calcification+1","ats:Flame Of Heaven+1","ats:Calcification","ats:Sunburst","ats:Part Time Job","ats:Healing Strengthening+1"],"relics":["ats:Sanity","Turnip","Anchor","Pen Nib","ats:Originium","Singing Bowl","Mummified Hand","Smiling Mask","Sozu","ats:Rhine Circuitry","Gremlin Horn","Blue Candle","Vajra","ClockworkSouvenir","Peace Pipe"],"acts_visited":["Exordium","TheCity"],"potions_floor_usage":[],"damage_taken":[{"damage":6.0,"enemies":"2 Louse","floor":1.0,"turns":3.0},{"damage":5.0,"enemies":"Jaw Worm","floor":4.0,"turns":4.0},{"damage":0.0,"enemies":"Cultist","floor":7.0,"turns":3.0},{"damage":17.0,"enemies":"Lagavulin","floor":10.0,"turns":6.0},{"damage":25.0,"enemies":"3 Sentries","floor":11.0,"turns":10.0},{"damage":0.0,"enemies":"Lagavulin","floor":13.0,"turns":10.0},{"damage":12.0,"enemies":"Exordium Wildlife","floor":14.0,"turns":4.0},{"damage":25.0,"enemies":"The Guardian","floor":16.0,"turns":19.0},{"damage":21.0,"enemies":"Chosen","floor":18.0,"turns":7.0},{"damage":8.0,"enemies":"Spheric Guardian","floor":19.0,"turns":7.0},{"damage":22.0,"enemies":"Shelled Parasite and Fungi","floor":22.0,"turns":9.0},{"damage":47,"enemies":"Book of Stabbing","floor":23,"turns":11},{"damage":4,"enemies":"Centurion and Healer","floor":27,"turns":13},{"damage":48,"enemies":"Slavers","floor":28,"turns":7},{"damage":6,"enemies":"Champ","floor":33,"turns":2}],"seed_played":"7636334156643467459","potions_obtained":[{"floor":1.0,"key":"SteroidPotion"},{"floor":10.0,"key":"Fire Potion"},{"floor":11.0,"key":"SkillPotion"},{"floor":14.0,"key":"LiquidMemories"}],"is_trial":true,"path_per_floor":["M","?","?","M","?","R","M","R","T","E","E","R","E","M","R","B",null,"M","M","?","T","M","E","R","R","T","M","E","?","$","T","R","B"],"character_chosen":"DOCTOR_CLASS","items_purchased":["ats:Healing Strengthening","ClockworkSouvenir"],"campfire_rested":2,"item_purchase_floors":[30,30],"current_hp_per_floor":[66,66,66,61,61,61,61,61,61,46,21,21,27,16,38,24,76,58,58,58,58,46,10,10,35,35,44,3,3,3,3,3,0,0],"gold":129,"neow_bonus":"","is_daily":false,"chose_seed":false,"campfire_upgraded":5,"win_rate":0.0,"timestamp":1610691088,"path_taken":["M","?","?","?","?","R","M","R","T","E","E","R","E","?","R","BOSS","M","?","?","?","M","E","R","R","T","?","E","?","$","?","R","BOSS"],"items_purchased_type":["Card","Relic"],"build_version":"2020-12-22","purchased_purges":1,"victory":false,"max_hp_per_floor":[72,72,72,72,72,72,72,72,72,74,74,74,76,76,76,76,76,78,80,80,80,82,84,84,84,84,86,86,86,86,86,86,86,86],"card_choices":[{"not_picked":["ats:Song Of Battle","ats:Consecutive Shot Auto"],"picked":"ats:Ignite","floor":1.0},{"not_picked":["ats:Curse Doll","ats:Thermite Blade","ats:Revitalization"],"picked":"SKIP","floor":4.0},{"not_picked":["ats:Childhood Dance","ats:Cat Scratch","ats:Shell Defense"],"picked":"SKIP","floor":7.0},{"not_picked":["ats:Apocalypse","ats:Childhood Dance","ats:Poison Spread"],"picked":"Singing Bowl","floor":10.0},{"not_picked":["ats:Apocalypse","ats:Explosion Area Strengthen"],"picked":"ats:Calcification","floor":11.0},{"not_picked":["ats:Apocalypse","ats:Nebulous Foxfire","ats:Curse Doll"],"picked":"Singing Bowl","floor":13.0},{"not_picked":["ats:Curse Doll","ats:Thermite Blade"],"picked":"ats:Flame Of Heaven","floor":14.0},{"not_picked":["ats:Durian","ats:Echo Reverb"],"picked":"ats:Calcification","floor":16.0},{"not_picked":["ats:Flame Of Heaven","ats:Revitalization","ats:Powerful Strike+1"],"picked":"Singing Bowl","floor":18.0},{"not_picked":["ats:LN2 Cannon","ats:Cat Scratch","ats:Assault Order"],"picked":"Singing Bowl","floor":19.0},{"not_picked":["ats:Flexible Camouflage","ats:Durian","ats:Curse Doll"],"picked":"Singing Bowl","floor":22.0},{"not_picked":["ats:Ignite","ats:Dogmatic Field","ats:Closed Bolt Burst Fire"],"picked":"Singing Bowl","floor":23},{"not_picked":["ats:Curse Doll","ats:Overload","ats:Cat Scratch+1"],"picked":"Singing Bowl","floor":27},{"not_picked":["ats:Revitalization","ats:Red Shift"],"picked":"ats:Part Time Job","floor":28}],"player_experience":281414,"relics_obtained":[{"floor":9.0,"key":"Pen Nib"},{"floor":10.0,"key":"ats:Originium"},{"floor":10.0,"key":"Singing Bowl"},{"floor":11.0,"key":"ats:Originium"},{"floor":11.0,"key":"Mummified Hand"},{"floor":13.0,"key":"ats:Originium"},{"floor":13.0,"key":"Smiling Mask"},{"floor":21.0,"key":"ats:Rhine Circuitry"},{"floor":23,"key":"Gremlin Horn"},{"floor":26,"key":"Blue Candle"},{"floor":28,"key":"Vajra"},{"floor":31,"key":"Peace Pipe"}],"event_choices":[{"cards_removed":["ats:Strike G"],"damage_healed":0.0,"max_hp_gain":0.0,"max_hp_loss":0.0,"gold_gain":0.0,"event_name":"The Cleric","player_choice":"Card Removal","floor":2.0,"gold_loss":50.0,"damage_taken":0.0},{"damage_healed":0.0,"max_hp_gain":0.0,"max_hp_loss":0.0,"gold_gain":0.0,"event_name":"WeMeetAgain","player_choice":"Paid Gold","floor":3.0,"gold_loss":50.0,"damage_taken":0.0,"relics_obtained":["Anchor"]},{"cards_removed":["ats:Strike V"],"damage_healed":0.0,"max_hp_gain":0.0,"max_hp_loss":0.0,"gold_gain":0.0,"event_name":"Purifier","player_choice":"Purged","floor":5.0,"gold_loss":0.0,"damage_taken":0.0},{"damage_healed":0.0,"max_hp_gain":0.0,"max_hp_loss":0.0,"gold_gain":0.0,"event_name":"The Library","player_choice":"Read","floor":20.0,"gold_loss":0.0,"damage_taken":0.0,"cards_obtained":["ats:Sunburst"]},{"cards_removed":["ats:Strike S"],"damage_healed":0,"gold_gain":0,"player_choice":"Purged","damage_taken":0,"max_hp_gain":0,"max_hp_loss":0,"event_name":"Purifier","floor":29,"gold_loss":0}],"is_beta":false,"boss_relics":[{"not_picked":["Busted Crown","ats:Omniscience"],"picked":"Sozu"}],"items_purged_floors":[30],"is_endless":false,"potions_floor_spawned":[1,10,11,14,22,27],"killed_by":"Champ","ascension_level":0}}