{"host":"hca6liskeo7s99fa","time":1610745202,"event":{"mods":["BaseMod","Downfall","Minty Spire (QoL Compilation)","Replay The Spire","StSLib"],"gold_per_floor":[115,77,91,103,103,103,113,138,161,188,188,206,237,237,237,237,237],"floor_reached":16,"language":"ENG","playtime":1134,"items_purged":[],"score":144,"play_id":"e1ff04aa-5e11-40fb-bd81-dc72d45b3cfd","local_time":"20210115161322","is_ascension_mode":true,"campfire_choices":[{"data":"Blood for Blood","floor":6,"key":"SMITH"},{"data":"Corruption","floor":11,"key":"SMITH"},{"data":"Battle Trance","floor":15,"key":"SMITH"}],"circlet_count":0,"master_deck":["Strike_R","Strike_R","Strike_R","Strike_R","Defend_R","Defend_R","Defend_R","Defend_R","Bash","Secret Technique","Combust","Disarm","Blood for Blood+1","Battle Trance+1","Feed+1","Corruption+1","Spot Weakness","Spot Weakness+1"],"relics":["Burning Blood","Boot","Vajra","Orichalcum","Lantern"],"acts_visited":["Exordium"],"potions_floor_usage":[4,13,13,16],"damage_taken":[{"damage":8,"enemies":"Cultist","floor":1,"turns":6},{"damage":10,"enemies":"Small Slimes","floor":3,"turns":4},{"damage":0,"enemies":"2 Louse","floor":4,"turns":3},{"damage":12,"enemies":"Blue Slaver","floor":7,"turns":4},{"damage":9,"enemies":"Replay:BlueRogue","floor":8,"turns":5},{"damage":34,"enemies":"3 Sentries","floor":10,"turns":5},{"damage":3,"enemies":"Exordium Thugs","floor":12,"turns":4},{"damage":13,"enemies":"Replay:BlueRogue","floor":13,"turns":5},{"damage":24,"enemies":"Slime Boss","floor":16,"turns":3}],"seed_played":"5664010349516184360","potions_obtained":[{"floor":1,"key":"AttackPotion"},{"floor":4,"key":"Dexterity Potion"},{"floor":12,"key":"DuplicationPotion"},{"floor":13,"key":"HeartOfIron"}],"is_trial":false,"path_per_floor":["M","$","M","M","?","R","M","E","T","E","R","M","E","?","R","B"],"character_chosen":"IRONCLAD","items_purchased":["Disarm"],"campfire_rested":0,"item_purchase_floors":[2],"current_hp_per_floor":[70,70,66,72,72,72,66,63,63,38,38,44,40,24,24,0,0],"gold":237,"neow_bonus":"RANDOM_COLORLESS_2","is_daily":false,"chose_seed":false,"campfire_upgraded":3,"win_rate":0.0,"timestamp":1610745202,"path_taken":["M","$","?","M","?","R","M","E","T","E","R","M","E","?","R","BOSS"],"items_purchased_type":["Card"],"build_version":"2020-12-22","purchased_purges":0,"victory":false,"max_hp_per_floor":[72,72,72,72,72,72,72,72,72,75,75,78,81,81,81,81,81],"card_choices":[{"not_picked":["ReplayUltimateDefense","ReplayTheSpireMod:Necrogeddon"],"picked":"Secret Technique","floor":0},{"not_picked":["Sword Boomerang","ReplayTheSpireMod:LeadingStrike"],"picked":"Combust","floor":1},{"not_picked":["Headbutt","Combust"],"picked":"Blood for Blood","floor":3},{"not_picked":["Wild Strike","Thunderclap"],"picked":"Battle Trance","floor":4},{"not_picked":["Body Slam","Headbutt"],"picked":"Feed","floor":7},{"not_picked":["Armaments","Limit Break"],"picked":"Corruption","floor":8},{"not_picked":["Perfected Strike","Infernal Blade"],"picked":"Spot Weakness","floor":10},{"not_picked":["Run Through","Twin Strike","Body Slam"],"picked":"SKIP","floor":12},{"not_picked":["Inflame","Metallicize"],"picked":"Spot Weakness","floor":13}],"player_experience":267983,"relics_obtained":[{"floor":8,"key":"Boot"},{"floor":9,"key":"Vajra"},{"floor":10,"key":"Orichalcum"},{"floor":13,"key":"Lantern"}],"event_choices":[{"cards_removed":["Strike_R"],"damage_healed":0,"gold_gain":0,"player_choice":"Forget","damage_taken":0,"max_hp_gain":0,"max_hp_loss":0,"event_name":"Living Wall","floor":5,"gold_loss":0},{"damage_healed":0,"gold_gain":0,"player_choice":"Entered Light","damage_taken":16,"max_hp_gain":0,"max_hp_loss":0,"event_name":"Shining Light","floor":14,"gold_loss":0,"cards_upgraded":["Spot Weakness","Feed"]}],"is_beta":false,"boss_relics":[],"items_purged_floors":[],"is_endless":false,"potions_floor_spawned":[1,4,12,13],"killed_by":"Slime Boss","ascension_level":4}}