{"host":"nkvlzktxjd25uwls","time":1610727698,"event":{"mods":["AchievementEnabler","BaseMod","Better Altar","Better Match","Better Note","Better Sensory Stone","Better Skull","Better Third Choice","BetterRewards","Colored Map","Conspire","Downfall","GifTheSpireLib","Googly Eyes","Halation","Hermit","Highlight Path","Mimic Mod","Minty Spire (QoL Compilation)","Replay The Spire","Shop Mod","Spicy Shops","StSLib","Stuff the Spire","Unceasing Turn Reminder","everything is the same but u backflip on backflip","slay the spire mod where everything is the same but ironclad has a cowboy hat"],"gold_per_floor":[99,99,99,134,134,134,164,189,39,69,69,99,7,17,27,27,27,27],"floor_reached":16,"language":"ENG","playtime":1023,"items_purged":[],"score":114,"play_id":"820c5825-e10c-45d2-9504-ce209f34c2cf","local_time":"20210115192138","is_ascension_mode":false,"campfire_choices":[{"floor":1,"key":"RECALL"},{"data":"champ:GutPunch","floor":9,"key":"SMITH"},{"floor":11,"key":"REST"}],"circlet_count":0,"master_deck":["champ:Strike","champ:Strike","champ:Strike","champ:Defend","champ:Defend","champ:Defend","champ:Defend","champ:Execute","champ:Taunt","champ:ShieldWall","champ:IronFortress","champ:IronFortress","champ:FightOn","champ:GutPunch+1","champ:DeathBlow","champ:GladiatorStyle","champ:DefensiveShout","champ:DancingMaster"],"relics":["champ:ChampionCrown","downfall:HeartsMalice","Replay:Mystery Machine","Simple Rune","downfall:HeartBlessingBlue","downfall:HeartBlessingRed","Thread and Needle","StuffTheSpire:MayFlowers"],"acts_visited":["Exordium"],"potions_floor_usage":[7,8,8,13,13,16,16],"damage_taken":[{"damage":0,"enemies":"Small Slimes","floor":2,"turns":1},{"damage":0,"enemies":"Jaw Worm","floor":4,"turns":1},{"damage":0,"enemies":"Jaw Worm","floor":5,"turns":1},{"damage":18,"enemies":"conspire:RoseBush","floor":7,"turns":7},{"damage":38,"enemies":"Lagavulin","floor":8,"turns":10},{"damage":35,"enemies":"3 Sentries","floor":10,"turns":7},{"damage":60,"enemies":"Lagavulin","floor":12,"turns":7},{"damage":10,"enemies":"downfall:FleeingMerchant","floor":13,"turns":4},{"damage":12,"enemies":"conspire:RoseBush","floor":14,"turns":2},{"damage":28,"enemies":"Red Slaver","floor":15,"turns":4},{"damage":45,"enemies":"downfall:Silent","floor":16,"turns":4}],"seed_played":"-4975977031021033688","potions_obtained":[{"floor":6,"key":"ColorlessPotion"},{"floor":6,"key":"SkillPotion"},{"floor":6,"key":"Venom Potion"},{"floor":10,"key":"Fire Potion"},{"floor":12,"key":"LiquidMemories"},{"floor":14,"key":"Regen Potion"},{"floor":15,"key":"SteroidPotion"}],"is_trial":false,"path_per_floor":["R","M","?","MIM","M","?","MIM","E","R","E","R","E","$","M","M","B"],"character_chosen":"THE_CHAMP","items_purchased":["champ:DefensiveShout","Adrenaline Potion"],"campfire_rested":1,"item_purchase_floors":[13,13],"current_hp_per_floor":[90,90,90,90,90,90,86,61,71,46,76,46,46,44,26,0,0,0],"gold":27,"neow_bonus":"THREE_ENEMY_KILL","is_daily":false,"chose_seed":false,"campfire_upgraded":1,"win_rate":0.0,"timestamp":1610727698,"path_taken":["R","M","?","?","M","?","MIM","E","R","E","R","E","?","?","M","BOSS"],"items_purchased_type":["Card","Potion"],"build_version":"2020-12-22","purchased_purges":0,"victory":false,"max_hp_per_floor":[90,90,90,90,90,90,90,90,100,100,100,100,100,100,100,100,100,100],"card_choices":[{"not_picked":["champ:FanOfKnives","champ:SkillfulDodge"],"picked":"champ:ShieldWall","floor":2},{"not_picked":["champ:Backstep","champ:GutPunch"],"picked":"champ:IronFortress","floor":4},{"not_picked":["champ:TornadoPunch","champ:FanOfKnives"],"picked":"champ:IronFortress","floor":5},{"not_picked":["champ:ViciousMockery","champ:RapidStrikes"],"picked":"champ:FightOn","floor":7},{"not_picked":["champ:FanOfKnives","champ:Lariat"],"picked":"champ:GutPunch","floor":8},{"not_picked":["champ:IronFortress","champ:TornadoPunch"],"picked":"champ:DeathBlow","floor":10},{"not_picked":["champ:BringItOn","champ:IronFortress"],"picked":"champ:GladiatorStyle","floor":12},{"not_picked":["champ:BladeFlurry","champ:RapidStrikes","champ:Circumvent"],"picked":"SKIP","floor":13},{"not_picked":["champ:GladiatorsShout","champ:TornadoPunch"],"picked":"champ:DancingMaster","floor":14},{"not_picked":["champ:EnragedBash","champ:PerfectedStrike","champ:Circumvent"],"picked":"SKIP","floor":15}],"player_experience":384076,"relics_obtained":[{"floor":7,"key":"Replay:Mystery Machine"},{"floor":8,"key":"Simple Rune"},{"floor":10,"key":"Thread and Needle"},{"floor":12,"key":"StuffTheSpire:MayFlowers"}],"event_choices":[{"damage_healed":0,"gold_gain":0,"player_choice":"Got Potions","damage_taken":0,"max_hp_gain":0,"max_hp_loss":0,"event_name":"Lab","floor":6,"gold_loss":0}],"is_beta":false,"boss_relics":[],"items_purged_floors":[],"is_endless":false,"potions_floor_spawned":[10,12,14,15],"killed_by":"downfall:Silent","ascension_level":0}}