{"host":"9kesdg97wkrx2bva","time":1610669325,"event":{"mods":["AchievementEnabler","BaseMod","Colored Map","Downfall","GifTheSpireLib","Infinite Spire","Minty Spire (QoL Compilation)","Replay The Spire","StSLib"],"gold_per_floor":[111,111,36,36,52,77,87,162,162,181,209,209,209,209],"floor_reached":13,"language":"ENG","playtime":279,"items_purged":["Strike_B"],"score":237,"play_id":"5295f78a-458d-4572-ae0d-30fdc4dc9534","local_time":"20210114190845","is_ascension_mode":true,"campfire_choices":[{"data":"Voices","floor":12,"key":"PURGE"}],"circlet_count":0,"master_deck":["AscendersBane","Strike_B","Strike_B","Strike_B","Defend_B","Defend_B","Defend_B","Defend_B","Zap","Dualcast","infinitespire:UltimateForm","Sunder","All For One","Defragment","ReplayGash","Defragment"],"relics":["Cracked Core","NeowsBlessing","Mango","White Beast Statue","Peace Pipe"],"acts_visited":["Exordium"],"potions_floor_usage":[11,11,13],"damage_taken":[{"damage":0,"enemies":"2 Louse","floor":1,"turns":1},{"damage":0,"enemies":"Jaw Worm","floor":5,"turns":1},{"damage":0,"enemies":"Gremlin Nob","floor":6,"turns":1},{"damage":12,"enemies":"Small Slimes","floor":7,"turns":3},{"damage":0,"enemies":"Exordium Wildlife","floor":10,"turns":2},{"damage":20,"enemies":"3 Sentries","floor":11,"turns":9},{"damage":32,"enemies":"Gremlin Nob","floor":13,"turns":3}],"seed_played":"8983579760913524443","potions_obtained":[{"floor":1,"key":"Reflective Coating"},{"floor":5,"key":"DistilledChaos"},{"floor":10,"key":"Fruit Juice"},{"floor":11,"key":"ColorlessPotion"}],"is_trial":false,"path_per_floor":["M","?","$","?","M","E","M","?","T","M","E","R","E"],"character_chosen":"DEFECT","items_purchased":[],"campfire_rested":0,"item_purchase_floors":[],"current_hp_per_floor":[64,47,47,47,47,61,49,38,38,38,23,23,0,0],"gold":209,"neow_bonus":"THREE_ENEMY_KILL","is_daily":false,"chose_seed":false,"campfire_upgraded":0,"win_rate":0.0,"timestamp":1610669325,"path_taken":["M","?","$","?","M","E","M","?","T","?","E","R","E"],"items_purchased_type":[],"build_version":"2020-12-22","purchased_purges":1,"victory":false,"max_hp_per_floor":[71,71,71,71,71,85,85,85,85,85,90,90,90,90],"card_choices":[{"not_picked":["Turbo","Time Bomb","Stack"],"picked":"SKIP","floor":1},{"not_picked":["Replay:Fractal Strike","infinitespire:TheBestDefense"],"picked":"infinitespire:UltimateForm","floor":2},{"not_picked":["Hello World","BasicCrystalCard"],"picked":"Sunder","floor":5},{"not_picked":["Stack","Barrage"],"picked":"All For One","floor":6},{"not_picked":["Tempest","Cold Snap"],"picked":"Defragment","floor":7},{"not_picked":["Sweeping Beam","Ball Lightning"],"picked":"ReplayGash","floor":10},{"not_picked":["Loop","Compile Driver"],"picked":"Defragment","floor":11}],"player_experience":932994,"relics_obtained":[{"floor":6,"key":"Mango"},{"floor":9,"key":"White Beast Statue"},{"floor":11,"key":"Peace Pipe"}],"event_choices":[{"damage_healed":0,"gold_gain":75,"player_choice":"Gather Gold","damage_taken":11,"max_hp_gain":0,"max_hp_loss":0,"event_name":"World of Goop","floor":8,"gold_loss":0}],"is_beta":false,"boss_relics":[],"items_purged_floors":[3],"is_endless":false,"potions_floor_spawned":[1,5,10,11],"killed_by":"Gremlin Nob","ascension_level":16}}