{"host":"t3am9egsh7oyry6t","time":1610671207,"event":{"mods":["AchievementEnabler","BaseMod","Colored Powertips","Googly Eyes","Minty Spire (QoL Compilation)","Relic Stats","StSLib","Synergy Search"],"gold_per_floor":[113,130,6,24,39,72,82,101,101,101,118,118,150,122,122,122,122],"floor_reached":16,"language":"ENG","playtime":1066,"items_purged":["Strike_R"],"score":197,"play_id":"c7560e4c-55bf-437d-8856-02681fb0de75","local_time":"20210114164007","is_ascension_mode":true,"campfire_choices":[{"data":"Bash","floor":10,"key":"SMITH"},{"floor":12,"key":"REST"},{"floor":15,"key":"REST"}],"circlet_count":0,"master_deck":["AscendersBane","Strike_R","Strike_R","Strike_R","Strike_R","Defend_R","Defend_R","Defend_R","Defend_R","Bash+1","Thunderclap","Feel No Pain","Flex","Clothesline","Double Tap","Dual Wield","Shrug It Off","Disarm","Shockwave","Fire Breathing","Seeing Red"],"relics":["Burning Blood","NeowsBlessing","PreservedInsect","Ancient Tea Set","Shovel"],"acts_visited":["Exordium"],"potions_floor_usage":[13,13],"damage_taken":[{"damage":0,"enemies":"Jaw Worm","floor":1,"turns":1},{"damage":0,"enemies":"Cultist","floor":2,"turns":1},{"damage":0,"enemies":"Small Slimes","floor":4,"turns":1},{"damage":13,"enemies":"2 Fungi Beasts","floor":5,"turns":5},{"damage":29,"enemies":"Gremlin Nob","floor":6,"turns":5},{"damage":19,"enemies":"3 Louse","floor":7,"turns":4},{"damage":9,"enemies":"Blue Slaver","floor":8,"turns":3},{"damage":12,"enemies":"2 Fungi Beasts","floor":11,"turns":6},{"damage":17,"enemies":"3 Sentries","floor":13,"turns":9},{"damage":28,"enemies":"Exordium Thugs","floor":14,"turns":7},{"damage":37,"enemies":"The Guardian","floor":16,"turns":10}],"seed_played":"-5973371368833788476","potions_obtained":[{"floor":4,"key":"Regen Potion"},{"floor":8,"key":"BlessingOfTheForge"},{"floor":11,"key":"SkillPotion"}],"is_trial":false,"path_per_floor":["M","M","$","M","M","E","M","M","T","R","M","R","E","M","R","B"],"character_chosen":"IRONCLAD","items_purchased":["Flex"],"campfire_rested":2,"item_purchase_floors":[3],"current_hp_per_floor":[74,75,75,75,68,45,32,29,29,29,23,45,34,12,34,0,0],"gold":122,"neow_bonus":"THREE_ENEMY_KILL","is_daily":false,"chose_seed":false,"campfire_upgraded":1,"win_rate":0.0,"timestamp":1610671207,"path_taken":["M","M","$","M","M","E","M","M","T","R","M","R","E","M","R","BOSS"],"items_purchased_type":["Card"],"build_version":"2020-12-22","purchased_purges":1,"victory":false,"max_hp_per_floor":[75,75,75,75,75,75,75,75,75,75,75,75,75,75,75,75,75],"relic_stats":{"Shovel":0,"counters":[11,52],"PreservedInsect":33,"obtain_stats":[{"Shovel":13,"NeowsBlessing":0,"PreservedInsect":6,"Ancient Tea Set":9,"Burning Blood":0},{"Shovel":9,"NeowsBlessing":0,"PreservedInsect":5,"Ancient Tea Set":7,"Burning Blood":0},{"Shovel":35,"NeowsBlessing":0,"PreservedInsect":13,"Ancient Tea Set":20,"Burning Blood":0}],"Burning Blood":49},"card_choices":[{"not_picked":["Headbutt","Sentinel"],"picked":"Thunderclap","floor":1},{"not_picked":["Warcry","Body Slam"],"picked":"Feel No Pain","floor":2},{"not_picked":["Wild Strike","Body Slam"],"picked":"Clothesline","floor":4},{"not_picked":["Twin Strike","Rupture"],"picked":"Double Tap","floor":5},{"not_picked":["Searing Blow","Body Slam"],"picked":"Dual Wield","floor":6},{"not_picked":["Dropkick","Seeing Red"],"picked":"Shrug It Off","floor":7},{"not_picked":["Dark Embrace","Bloodletting"],"picked":"Disarm","floor":8},{"not_picked":["Heavy Blade","Cleave"],"picked":"Shockwave","floor":11},{"not_picked":["Sword Boomerang","Evolve"],"picked":"Fire Breathing","floor":13},{"not_picked":["Cleave","Twin Strike"],"picked":"Seeing Red","floor":14}],"player_experience":497488,"relics_obtained":[{"floor":6,"key":"PreservedInsect"},{"floor":9,"key":"Ancient Tea Set"},{"floor":13,"key":"Shovel"}],"event_choices":[],"is_beta":false,"boss_relics":[],"items_purged_floors":[3],"is_endless":false,"potions_floor_spawned":[4,8,11],"killed_by":"The Guardian","ascension_level":14}}