{"host":"a3oe3gstxz77c7qu","time":1610751014,"event":{"mods":["2.2 Compatiblity","Act Like it!","Astrologer","BaseMod","Bestiary","Better Altar","Better Match","Better Note","Better Skull","Better Third Choice","Block Reminder","Curses Come First","Custom Start","Dark Map","Downfall","Fox Events","Friendly Minions","GifTheSpireLib","Hallownest","Hermit","Jorbs\u0027s Wanderer Trilogy","Lobotomy","LobotomyExtend","Marisa????????","Minty Spire (QoL Compilation)","Permanent Neow","Quick Restart","Relic Stats","Replay The Spire","StSLib","The Bug Knight","The Cursed","The Disciple","The Jungle","Uncapped","Unknown Chances","Wandering Minibosses"],"gold_per_floor":[110,121,46,46,46,46,61,61,61,71,97,97,113,113,113,213,213,213,213,213,213,113,337,337,352,405,405,416,416,342,361,361,466,566,566,586,586,221,271,271,271,271,271,384,384,384],"floor_reached":45,"language":"ENG","playtime":3747,"items_purged":["Strike_Br","Shame"],"score":627,"play_id":"afe03cce-8278-4511-a5cd-f35b47104fd9","local_time":"20210115225014","is_ascension_mode":true,"campfire_choices":[{"data":"Well Laid Plans","floor":6,"key":"SMITH"},{"data":"Flay","floor":8,"key":"SMITH"},{"data":"LockedWarPaint","floor":15,"key":"SMITH"},{"floor":24,"key":"DIG"},{"floor":27,"key":"DIG"},{"floor":29,"key":"RECALL"},{"floor":32,"key":"DIG"},{"floor":40,"key":"DIG"},{"floor":42,"key":"DIG"}],"circlet_count":0,"master_deck":["Strike_Br","Strike_Br","Defend_Br","Defend_Br+1","Defend_Br","Defend_Br","Infinite Blades","Well Laid Plans+1","Laetitia","ExoVibe","Echonomics","Murderer","SlimeSpray","Scorched","Analog+1","Flay+1","hexamod:Haunted"],"relics":["Chronograph","CogitoBucket","RabbitCall","LetterFromLob","Pen Nib","InkBottle","Happy Flower","sneckomod:SneckoTalon","Shovel","theJungle:PaperFaux","HollowMod:PaleOreRelic","Strawberry","Centennial Puzzle","Blood Vial","Bronze Scales","Singing Bowl","SkinProphecy","Replay:Bottled Flurry","Replay:Grab Bag","Replay:Wanted Poster","Cursed Key","War Paint","ReplayTheSpireMod:ShopPack","Iron Hammer","Turnip","Ginger","HollowMod:QueensCombRelic","Bottled Lightning","ChangeAnything"],"acts_visited":["Exordium","Exordium","TheBeyond"],"potions_floor_usage":[16,16,18,23,23,23,36,45],"damage_taken":[{"damage":0,"enemies":"Cultist","floor":1,"turns":6},{"damage":0,"enemies":"Small Slimes","floor":2,"turns":4},{"damage":2,"enemies":"Jaw Worm","floor":7,"turns":5},{"damage":0,"enemies":"Large Slime","floor":10,"turns":5},{"damage":35,"enemies":"3 Sentries","floor":11,"turns":11},{"damage":0,"enemies":"Blue Slaver","floor":13,"turns":8},{"damage":6,"enemies":"Hexaghost","floor":16,"turns":20},{"damage":0,"enemies":"theJungle:Flameango_and_Byrd","floor":18,"turns":1},{"damage":0,"enemies":"theJungle:2_Phrogs","floor":23,"turns":7},{"damage":2,"enemies":"theJungle:GiantWrat","floor":25,"turns":8},{"damage":0,"enemies":"theJungle:JungleHuntersEncounter","floor":28,"turns":3},{"damage":6,"enemies":"theJungle:Snecko_Cultist_And_Trap","floor":31,"turns":2},{"damage":0,"enemies":"theJungle:FunGuy","floor":33,"turns":6},{"damage":15,"enemies":"3 Darklings","floor":36,"turns":3},{"damage":0,"enemies":"Mind Bloom Boss Battle","floor":39,"turns":4},{"damage":0,"enemies":"Orb Walker","floor":44,"turns":5},{"damage":85,"enemies":"Giant Head","floor":45,"turns":5}],"seed_played":"2954558753512834760","potions_obtained":[{"floor":1,"key":"SmokeBomb"},{"floor":7,"key":"Reflective Coating"},{"floor":13,"key":"ColorlessPotion"},{"floor":16,"key":"hexamod:EctoCoolerPotion"},{"floor":23,"key":"HastePotion"},{"floor":23,"key":"Regen Potion"},{"floor":23,"key":"hexamod:EctoCoolerPotion"},{"floor":33,"key":"SteroidPotion"},{"floor":36,"key":"Toxic Potion"}],"is_trial":false,"path_per_floor":["M","M","$","?","?","R","M","R","T","M","E","?","M","$","R","B",null,"M","?","?","?","$","E","R","M","T","R","M","R","$","M","R","B",null,"M","M","?","$","?","R","?","R","T","M","E"],"character_chosen":"CHRONO_CLASS","items_purchased":["Analog","ReplayTheSpireMod:ShopPack","Iron Hammer"],"campfire_rested":0,"item_purchase_floors":[30,38,38],"current_hp_per_floor":[65,65,65,65,53,53,51,51,51,51,16,16,16,16,16,16,65,65,49,49,49,49,56,56,56,56,56,62,62,62,56,56,56,82,82,67,67,73,73,73,73,64,64,70,0,0],"gold":384,"neow_bonus":"","is_daily":false,"chose_seed":false,"campfire_upgraded":3,"win_rate":0.0,"timestamp":1610751014,"path_taken":["M","M","?","?","?","R","M","R","T","M","E","?","?","?","R","BOSS","M","?","?","?","?","E","R","?","T","R","M","R","$","M","R","BOSS","M","M","?","$","?","R","?","R","T","M","E"],"items_purchased_type":["Card","Relic","Relic"],"build_version":"2020-12-22","purchased_purges":2,"victory":false,"max_hp_per_floor":[65,65,65,65,65,65,65,65,65,65,65,65,65,65,65,65,65,65,65,65,65,65,72,72,72,72,72,74,74,74,78,78,82,82,82,86,86,92,96,96,96,64,64,70,72,72],"relic_stats":{"Happy Flower":[24],"Singing Bowl":18,"counters":[20,106],"Pen Nib":[18],"Ginger":[4],"War Paint":["Analog","Defend_Br"],"Cursed Key":1,"Blood Vial":20,"Centennial Puzzle":[12],"Shovel":5,"Bronze Scales":[104],"Turnip":[2],"obtain_stats":[{"RabbitCall":0,"Singing Bowl":27,"Ginger":40,"theJungle:PaperFaux":21,"SkinProphecy":28,"Cursed Key":34,"Blood Vial":23,"Replay:Wanted Poster":34,"CogitoBucket":0,"Centennial Puzzle":23,"Shovel":19,"Strawberry":23,"Iron Hammer":38,"Replay:Bottled Flurry":32,"HollowMod:PaleOreRelic":23,"InkBottle":9,"BackwardClock":13,"HollowMod:QueensCombRelic":42,"Happy Flower":11,"Replay:Grab Bag":34,"Pen Nib":5,"War Paint":37,"sneckomod:SneckoTalon":17,"Chronograph":34,"Chronometer":0,"Bronze Scales":24,"Turnip":39,"LetterFromLob":1,"Bottled Lightning":43,"ChangeAnything":44,"ReplayTheSpireMod:ShopPack":38},{"RabbitCall":0,"Singing Bowl":11,"Ginger":17,"theJungle:PaperFaux":9,"SkinProphecy":13,"Cursed Key":15,"Blood Vial":10,"Replay:Wanted Poster":15,"CogitoBucket":0,"Centennial Puzzle":10,"Shovel":9,"Strawberry":10,"Iron Hammer":16,"Replay:Bottled Flurry":14,"HollowMod:PaleOreRelic":10,"InkBottle":3,"BackwardClock":7,"HollowMod:QueensCombRelic":17,"Happy Flower":5,"Replay:Grab Bag":15,"Pen Nib":2,"War Paint":16,"sneckomod:SneckoTalon":8,"Chronograph":15,"Chronometer":0,"Bronze Scales":10,"Turnip":17,"LetterFromLob":1,"Bottled Lightning":17,"ChangeAnything":19,"ReplayTheSpireMod:ShopPack":16},{"RabbitCall":0,"Singing Bowl":76,"Ginger":95,"theJungle:PaperFaux":61,"SkinProphecy":80,"Cursed Key":88,"Blood Vial":68,"Replay:Wanted Poster":88,"CogitoBucket":0,"Centennial Puzzle":68,"Shovel":61,"Strawberry":68,"Iron Hammer":91,"Replay:Bottled Flurry":82,"HollowMod:PaleOreRelic":68,"InkBottle":15,"BackwardClock":40,"HollowMod:QueensCombRelic":95,"Happy Flower":31,"Replay:Grab Bag":88,"Pen Nib":10,"War Paint":91,"sneckomod:SneckoTalon":60,"Chronograph":88,"Chronometer":0,"Bronze Scales":68,"Turnip":95,"LetterFromLob":6,"Bottled Lightning":95,"ChangeAnything":101,"ReplayTheSpireMod:ShopPack":91}],"InkBottle":[43]},"card_choices":[{"not_picked":["FairyFestival","MHz","UniverseFragment"],"picked":"Singing Bowl","floor":1},{"not_picked":["LockedTornado","WindUp","Engulf"],"picked":"SKIP","floor":1},{"not_picked":["DaylightSavings","Stagnate"],"picked":"Flay","floor":2},{"not_picked":["OSAHOGD","GreedKing","BeautyBeast"],"picked":"Singing Bowl","floor":2},{"not_picked":["ResonantCall","HandsUpC","LockedBlood"],"picked":"SKIP","floor":7},{"not_picked":["Alriune","GalaxyChild","OldLady"],"picked":"Singing Bowl","floor":7},{"not_picked":["ResonantCall","HandsUpC","LockedBlood"],"picked":"SKIP","floor":7},{"not_picked":["Murderer","LittleHelper"],"picked":"Laetitia","floor":10},{"not_picked":["OverTime","LockedBlood","LockedMawBank"],"picked":"SKIP","floor":10},{"not_picked":["BlueShift","LockedAnchor"],"picked":"LockedWarPaint","floor":11},{"not_picked":["Mercenary","VoidDream","OldLady"],"picked":"Singing Bowl","floor":11},{"not_picked":["CrumblingArmor","VoidDream","FairyFestival"],"picked":"Singing Bowl","floor":13},{"not_picked":["LockedTurtyl","WindUp"],"picked":"ExoVibe","floor":13},{"not_picked":["LockedAstrolabe","OracleForm"],"picked":"Echonomics","floor":16},{"not_picked":["SpiderBud","Murderer","Scarecrow"],"picked":"Singing Bowl","floor":16},{"not_picked":["ShyLook","MHz"],"picked":"Murderer","floor":16},{"not_picked":["UniverseFragment","SingingMachine","Bloodbath"],"picked":"Singing Bowl","floor":23},{"not_picked":["LockedMawBank","Echoward","LockedMercury"],"picked":"SKIP","floor":23},{"not_picked":["Cuckoo","Parity"],"picked":"SlimeSpray","floor":25},{"not_picked":["MeatLantern","MHz","Freischutz"],"picked":"Singing Bowl","floor":25},{"not_picked":["Freischutz","LaLuna"],"picked":"Scorched","floor":25},{"not_picked":["Engulf+1","VestedLegacy","LockedWhetstone"],"picked":"Singing Bowl","floor":28},{"not_picked":["VoidDream","Scarecrow"],"picked":"BlueStar","floor":28},{"not_picked":["Echoward","FormalWear+1","VestedLegacy"],"picked":"Singing Bowl","floor":31},{"not_picked":["RedShoes","GalaxyChild","HappyTeddy"],"picked":"Singing Bowl","floor":31},{"not_picked":["SingingMachine","ShyLook","DreamingCurrent"],"picked":"Singing Bowl","floor":33},{"not_picked":["MasterKey","LockedBell","OverTime"],"picked":"Singing Bowl","floor":33},{"not_picked":["AlternateTimeline","ExoVibe","Goo+1"],"picked":"Singing Bowl","floor":36},{"not_picked":["WhitesApple","LaLuna","Funeral"],"picked":"Singing Bowl","floor":36},{"not_picked":["Mayhem","Apotheosis","Master of Strategy"],"picked":"Singing Bowl","floor":38},{"not_picked":["Replay:SS_fish_2","Replay:SS_hec_2","expansioncontent:QuickStudy"],"picked":"Singing Bowl","floor":38},{"not_picked":["Blind","Dramatic Entrance","expansioncontent:BronzeBeam"],"picked":"Singing Bowl","floor":38},{"not_picked":["LockedAnchor+1","ExoVibe+1","ReapSow"],"picked":"Singing Bowl","floor":39},{"not_picked":["HappyTeddy","Mercenary","LittlePrince"],"picked":"Singing Bowl","floor":39},{"not_picked":["GalaxyChild","Mercenary","BeautyBeast"],"picked":"Singing Bowl","floor":44},{"not_picked":["LockedBlood","Tempo","WindUp+1"],"picked":"Singing Bowl","floor":44}],"player_experience":1035717,"relics_obtained":[{"floor":1,"key":"LetterFromLob"},{"floor":9,"key":"InkBottle"},{"floor":11,"key":"Happy Flower"},{"floor":23,"key":"HollowMod:PaleOreRelic"},{"floor":23,"key":"Strawberry"},{"floor":23,"key":"Centennial Puzzle"},{"floor":23,"key":"Blood Vial"},{"floor":24,"key":"Bronze Scales"},{"floor":27,"key":"Singing Bowl"},{"floor":32,"key":"Replay:Bottled Flurry"},{"floor":39,"key":"Turnip"},{"floor":40,"key":"Ginger"},{"floor":42,"key":"HollowMod:QueensCombRelic"},{"floor":43,"key":"Bottled Lightning"}],"event_choices":[{"damage_healed":0,"gold_gain":0,"player_choice":"Relic ","damage_taken":12,"max_hp_gain":0,"max_hp_loss":0,"event_name":"betterThird:BetterScrap","floor":5,"gold_loss":0,"cards_obtained":["Atom Bomb"]},{"cards_removed":["Strike_Br"],"damage_healed":0,"gold_gain":0,"player_choice":"Card Removal","damage_taken":0,"max_hp_gain":0,"max_hp_loss":0,"event_name":"Wheel of Change","floor":12,"gold_loss":0},{"damage_healed":0,"gold_gain":0,"player_choice":"Fight","damage_taken":0,"max_hp_gain":0,"max_hp_loss":0,"event_name":"MindBloom","floor":39,"gold_loss":0},{"damage_healed":0,"gold_gain":0,"player_choice":"Forge","damage_taken":0,"max_hp_gain":0,"max_hp_loss":0,"event_name":"Accursed Blacksmith","floor":41,"gold_loss":0,"cards_upgraded":["Flay"]}],"is_beta":false,"boss_relics":[{"not_picked":["Coffee Dripper","Velvet Choker"],"picked":"sneckomod:SneckoTalon"},{"not_picked":["Empty Cage","Replay:Fungal Core"],"picked":"Replay:Grab Bag"},{"not_picked":["Busted Crown","ReplayTheSpireMod:Onyx Gauntlets"],"picked":"Replay:Wanted Poster"},{"not_picked":["Painkiller Herb","Abe\u0027s Treasure"],"picked":"Cursed Key"},{"not_picked":["SlaversCollar","Snecko Heart"],"picked":"Chronograph"}],"items_purged_floors":[3,22],"is_endless":false,"potions_floor_spawned":[1,7,13,16,18,33,36],"killed_by":"Giant Head","ascension_level":3}}