{"host":"u3jctbsl7uavviuy","time":1610717703,"event":{"mods":["ATMod(阿瑾Mod)","Arknights The Spire","BaseMod","BetterRewards","GungeonMod","HololiveMod","Luminous","Marisa（F雨　魔理沙）","Minty Spire (QoL Compilation)","Relic Stats","Replay The Spire","Shop Mod","Spicy Shops","StSLib","TestMod","The Animator","The Cursed","The Gatherer","The Servant 0.9.4","WarShipGirlsR/战舰少女R mod","vexMod","篝火指南"],"gold_per_floor":[109,109,135,135,17,50,50,90,167,117,156,156,170,195,195,325,325,345,260,240,258,283,327,343,9,36,72,72,106,164,189,189,315,378,399,324,342,365,383,414,15,103,103,259,259,302,366,366,366,391],"floor_reached":51,"language":"ZHS","playtime":2185,"items_purged":["ats:Strike C","ats:Strike G"],"score":1284,"play_id":"1a3f5228-43b7-4910-8e83-ff221f2956c1","local_time":"20210115223503","is_ascension_mode":true,"campfire_choices":[{"data":"ats:Demon Strength","floor":7.0,"key":"SMITH"},{"data":"ats:Emotion Absorption","floor":12.0,"key":"SMITH"},{"data":"ats:Flexible Camouflage","floor":15.0,"key":"SMITH"},{"data":"ats:Disruption Kick","floor":28.0,"key":"SMITH"},{"data":"ats:Demon Strength","floor":32.0,"key":"SMITH"},{"data":"ats:Composite Medical Shells","floor":49,"key":"SMITH"}],"circlet_count":0,"master_deck":["ats:Armor Crushing Shot","ats:Defend","ats:Defend","ats:Defend","ats:Emotion Absorption+1","ats:Leaping Hammer","ats:Demon Strength+1","ats:Consecutive Shot Auto+1","ats:Shell Defense","ats:Overload","ats:Red Shift","ats:Composite Medical Shells+1","ats:Flexible Camouflage+1","ats:Disruption Kick+1","ats:Apocalypse","ats:Neurotoxin","ats:Demon Strength+1","ats:Poison Spread+1","ats:Powerful Strike","ats:Neurotoxin","ats:Charging Defense+1","ats:Calcification+1","ats:Soul Absorption+1","ats:Dogmatic Field","ats:Flexible Camouflage+1","ats:Healing Strengthening","ats:Healing Strengthening","ats:Healing Drone+1","ats:Apocalypse+1","AT_FalsePromise"],"relics":["ats:Sanity","testmod-TestBox","AT_ATBox","testmod-Déjàvu","NeowsBlessing","Omamori","Golden Idol","ats:Originium","Gremlin Food","DemoMod:BlueGuonStone","Pantograph","ats:Omniscience","Bag of Preparation","Pocketwatch","Toxic Egg 2","DemoMod:MeatBun","Art of War","AT_ChloranthyRing","testmod-CasingShield","ReplayTheSpireMod:Lightbulb","Tiny House","Replay:Wax Seal","Replay:Baseball","AT_MibuBalloonWealth","testmod-IndustrialRevolution","DemoMod:Metronome","vexMod:RedPlottingStone","Anchor"],"acts_visited":["Exordium","TheCity","TheBeyond"],"potions_floor_usage":[44,50,50],"damage_taken":[{"damage":0.0,"enemies":"Small Slimes","floor":1.0,"turns":1.0},{"damage":0.0,"enemies":"Gremlin Nob","floor":6.0,"turns":1.0},{"damage":0.0,"enemies":"Lagavulin","floor":8.0,"turns":2.0},{"damage":0.0,"enemies":"Gremlin Nob","floor":11.0,"turns":3.0},{"damage":0.0,"enemies":"Jaw Worm","floor":13.0,"turns":2.0},{"damage":0.0,"enemies":"2 Louse","floor":14.0,"turns":1.0},{"damage":10.0,"enemies":"Fading Forest","floor":16.0,"turns":11.0},{"damage":9.0,"enemies":"2 Thieves","floor":18.0,"turns":3.0},{"damage":6.0,"enemies":"3 Byrds","floor":21.0,"turns":5.0},{"damage":8.0,"enemies":"Snake Plant","floor":22.0,"turns":3.0},{"damage":0.0,"enemies":"Gremlin Leader","floor":23.0,"turns":2.0},{"damage":12.0,"enemies":"Cultist and Chosen","floor":24.0,"turns":5.0},{"damage":14.0,"enemies":"Book of Stabbing","floor":27.0,"turns":5.0},{"damage":14.0,"enemies":"Replay:Snechameleon","floor":29.0,"turns":6.0},{"damage":0.0,"enemies":"Sentry and Sphere","floor":31.0,"turns":4.0},{"damage":0.0,"enemies":"Champ","floor":33.0,"turns":8.0},{"damage":0.0,"enemies":"3 Shapes","floor":35.0,"turns":5.0},{"damage":18.0,"enemies":"3 Darklings","floor":37.0,"turns":4.0},{"damage":25.0,"enemies":"Sphere and 2 Shapes","floor":38.0,"turns":5.0},{"damage":9.0,"enemies":"4 Shapes","floor":39.0,"turns":7.0},{"damage":14.0,"enemies":"R_Hoarder","floor":40.0,"turns":7.0},{"damage":20.0,"enemies":"Nemesis","floor":42.0,"turns":6.0},{"damage":34,"enemies":"Reptomancer","floor":44,"turns":8},{"damage":5,"enemies":"Maw","floor":46,"turns":8},{"damage":53,"enemies":"Giant Head","floor":47,"turns":10},{"damage":46,"enemies":"Time Eater","floor":50,"turns":10}],"seed_played":"-984121799889617754","potions_obtained":[{"floor":8.0,"key":"LiquidMemories"},{"floor":13.0,"key":"Dexterity Potion"},{"floor":14.0,"key":"GamblersBrew"},{"floor":16.0,"key":"Elixir"},{"floor":24.0,"key":"testmod-TimePotion"},{"floor":29.0,"key":"LifebloodPotion"},{"floor":30.0,"key":"DemoMod:LeadSkinPotion"},{"floor":30.0,"key":"LiquidBronze"},{"floor":34.0,"key":"Explosive Potion"},{"floor":37.0,"key":"Fire Potion"},{"floor":46,"key":"PowerPotion"}],"is_trial":false,"path_per_floor":["M","?","T","?","$","E","R","E","T","?","E","R","M","M","R","B",null,"M","?","?","M","M","E","M","$","T","E","R","E","?","M","R","B",null,"M","$","M","M","M","E","$","E","T","E","?","M","E","?","R","B",null],"character_chosen":"DOCTOR_CLASS","items_purchased":["ats:Demon Strength","ats:Consecutive Shot Auto+1","Toxic Egg 2","DemoMod:MeatBun","ats:Healing Strengthening","Replay:Baseball","AT_MibuBalloonWealth"],"campfire_rested":0,"item_purchase_floors":[5,5,25,25,36,41,41],"current_hp_per_floor":[72,72,72,54,54,54,54,54,60,60,60,60,60,60,60,68,78,69,69,69,66,61,61,52,66,66,59,59,52,33,34,34,68,83,83,83,83,83,83,83,83,83,83,83,83,83,36,26,26,78],"gold":391,"neow_bonus":"THREE_ENEMY_KILL","is_daily":false,"chose_seed":false,"campfire_upgraded":6,"win_rate":0.0,"timestamp":1610717703,"path_taken":["M","?","?","?","$","E","R","E","T","?","E","R","M","M","R","BOSS","M","?","?","?","?","E","M","$","T","E","R","E","?","M","R","BOSS","M","?","?","M","M","E","$","E","T","E","?","M","E","?","R","BOSS"],"items_purchased_type":["Card","Card","Relic","Relic","Card","Relic","Relic"],"build_version":"2020-12-22","purchased_purges":2,"victory":true,"max_hp_per_floor":[72,72,72,72,72,72,72,72,78,78,78,78,78,78,78,78,78,78,78,78,78,78,78,78,78,78,78,78,78,78,78,78,78,83,83,83,83,83,83,83,83,83,83,83,83,83,83,83,83,83],"relic_stats":{"counters":[26,132],"Golden Idol":225,"Pantograph":68,"Bag of Preparation":[36],"Art of War":[25],"obtain_stats":[{"DemoMod:BlueGuonStone":8,"AT_ATBox":0,"Tiny House":34,"AT_MibuBalloonWealth":41,"DemoMod:GlassGuonStoneRelic":6,"Bag of Preparation":19,"Empty Cage":45,"testmod-CasingShield":29,"DemoMod:Metronome":43,"Pantograph":11,"vexMod:RedPlottingStone":44,"testmod-Déjàvu":0,"ats:Sanity":0,"ats:Omniscience":17,"Toxic Egg 2":25,"Replay:Wax Seal":40,"Gremlin Food":6,"AT_ChloranthyRing":27,"testmod-TestBox":0,"NeowsBlessing":0,"Golden Idol":4,"vexMod:BerryBomb":9,"Omamori":3,"testmod-IndustrialRevolution":42,"Replay:Baseball":41,"Anchor":47,"ats:Originium":6,"DemoMod:MeatBun":25,"Art of War":26,"ReplayTheSpireMod:Lightbulb":30,"Pocketwatch":23},{"DemoMod:BlueGuonStone":3,"AT_ATBox":0,"Tiny House":16,"AT_MibuBalloonWealth":21,"DemoMod:GlassGuonStoneRelic":2,"Bag of Preparation":8,"Empty Cage":23,"testmod-CasingShield":14,"DemoMod:Metronome":22,"Pantograph":4,"vexMod:RedPlottingStone":23,"testmod-Déjàvu":0,"ats:Sanity":0,"ats:Omniscience":7,"Toxic Egg 2":12,"Replay:Wax Seal":21,"Gremlin Food":2,"AT_ChloranthyRing":13,"testmod-TestBox":0,"NeowsBlessing":0,"Golden Idol":1,"vexMod:BerryBomb":3,"Omamori":1,"testmod-IndustrialRevolution":22,"Replay:Baseball":21,"Anchor":25,"ats:Originium":2,"DemoMod:MeatBun":12,"Art of War":12,"ReplayTheSpireMod:Lightbulb":14,"Pocketwatch":11},{"DemoMod:BlueGuonStone":4,"AT_ATBox":0,"Tiny House":62,"AT_MibuBalloonWealth":90,"DemoMod:GlassGuonStoneRelic":2,"Bag of Preparation":24,"Empty Cage":104,"testmod-CasingShield":50,"DemoMod:Metronome":96,"Pantograph":7,"vexMod:RedPlottingStone":104,"testmod-Déjàvu":0,"ats:Sanity":0,"ats:Omniscience":21,"Toxic Egg 2":39,"Replay:Wax Seal":90,"Gremlin Food":2,"AT_ChloranthyRing":44,"testmod-TestBox":0,"NeowsBlessing":0,"Golden Idol":1,"vexMod:BerryBomb":4,"Omamori":1,"testmod-IndustrialRevolution":96,"Replay:Baseball":90,"Anchor":122,"ats:Originium":2,"DemoMod:MeatBun":39,"Art of War":39,"ReplayTheSpireMod:Lightbulb":50,"Pocketwatch":34}],"Pocketwatch":[89]},"card_choices":[{"not_picked":["ats:LN2 Cannon","ats:Beaten Up"],"picked":"ats:Leaping Hammer","floor":1.0},{"not_picked":["ats:Childhood Dance","ats:Explosion Area Strengthen"],"picked":"ats:Shell Defense","floor":6.0},{"not_picked":["ats:Counter Healing Mode","ats:Beaten Up"],"picked":"ats:Overload","floor":8.0},{"not_picked":["ats:Hammer On","ats:Leaping Hammer"],"picked":"ats:Red Shift","floor":11.0},{"not_picked":["ats:Ambush","ats:Part Time Job"],"picked":"ats:Composite Medical Shells","floor":13.0},{"not_picked":["ats:Shell Defense","ats:Closed Bolt Burst Fire"],"picked":"ats:Flexible Camouflage","floor":14.0},{"not_picked":["ats:Dogmatic Field","ats:Shadow Assault"],"picked":"ats:Disruption Kick","floor":16.0},{"not_picked":["ats:Very Hot Blade","ats:Collapsing Strike"],"picked":"ats:Apocalypse","floor":18.0},{"not_picked":[],"picked":"ats:Neurotoxin","floor":20.0},{"not_picked":["ats:Powerful Strike","ats:Childhood Dance+1"],"picked":"ats:Demon Strength","floor":21.0},{"not_picked":["ats:Soul Absorption+1","ats:Shell Defense+1"],"picked":"ats:Poison Spread+1","floor":22.0},{"not_picked":["ats:Directed Diagnosis+1","ats:Cat Scratch","ats:Counter Healing Mode"],"picked":"SKIP","floor":23.0},{"not_picked":["ats:Steam Pump+1","ats:Ignite+1"],"picked":"ats:Powerful Strike","floor":24.0},{"not_picked":["ats:Powerful Strike+1","ats:Curse Doll+1"],"picked":"ats:Neurotoxin","floor":27.0},{"not_picked":["ats:Hammer On","ats:Beaten Up+1"],"picked":"ats:Charging Defense+1","floor":29.0},{"not_picked":["ats:Ignite","ats:Poison Spread"],"picked":"ats:Calcification+1","floor":30.0},{"not_picked":["ats:Cat Scratch","ats:Blood Oath"],"picked":"ats:Soul Absorption+1","floor":31.0},{"not_picked":["ats:Rat Pack+1","ats:Soul Rend"],"picked":"ats:Dogmatic Field","floor":33.0},{"not_picked":["ats:Sword Rain","ats:Curse Doll+1"],"picked":"ats:Flexible Camouflage+1","floor":34.0},{"not_picked":["ats:Curse Doll+1","ats:Flexible Camouflage+1"],"picked":"ats:Healing Strengthening","floor":35.0},{"not_picked":["ats:Hammer On+1","ats:Sunburst+1","ats:Curse Doll+1"],"picked":"SKIP","floor":37.0},{"not_picked":["ats:Cat Scratch+1","ats:Ambush","ats:Powerful Strike+1"],"picked":"SKIP","floor":38.0},{"not_picked":["ats:Poison Spread+1","ats:Ignite+1","ats:Consecutive Shot Auto+1"],"picked":"SKIP","floor":39.0},{"not_picked":["ats:Flame Of Heaven+1","ats:Consecutive Shot Auto"],"picked":"ats:Healing Drone+1","floor":40.0},{"not_picked":["ats:Rapid Magazine+1","ats:Sword Rain+1"],"picked":"ats:Apocalypse+1","floor":42.0},{"not_picked":["ats:Ambush","ats:Steam Pump+1","ats:Leaping Hammer+1"],"picked":"SKIP","floor":44},{"not_picked":["ats:Powerful Strike+1","ats:Childhood Dance+1","ats:Encircling Forest+1"],"picked":"SKIP","floor":46},{"not_picked":["ats:Shell Defense+1","ats:Hammer On+1","ats:Soul Rend"],"picked":"SKIP","floor":47},{"not_picked":["testmod-TemporaryDeletion","testmod-PocketStoneCalender"],"picked":"AT_FalsePromise","floor":48}],"player_experience":434579,"relics_obtained":[{"floor":3.0,"key":"Omamori"},{"floor":6.0,"key":"ats:Originium"},{"floor":6.0,"key":"Gremlin Food"},{"floor":8.0,"key":"ats:Originium"},{"floor":8.0,"key":"DemoMod:BlueGuonStone"},{"floor":9.0,"key":"vexMod:BerryBomb"},{"floor":11.0,"key":"ats:Originium"},{"floor":11.0,"key":"Pantograph"},{"floor":23.0,"key":"Pocketwatch"},{"floor":26.0,"key":"Art of War"},{"floor":27.0,"key":"AT_ChloranthyRing"},{"floor":29.0,"key":"testmod-CasingShield"},{"floor":30.0,"key":"ReplayTheSpireMod:Lightbulb"},{"floor":40.0,"key":"Replay:Wax Seal"},{"floor":42.0,"key":"testmod-IndustrialRevolution"},{"floor":43.0,"key":"DemoMod:Metronome"},{"floor":44,"key":"vexMod:RedPlottingStone"},{"floor":47,"key":"Anchor"}],"event_choices":[{"damage_healed":0.0,"max_hp_gain":0.0,"max_hp_loss":0.0,"gold_gain":0.0,"event_name":"Golden Idol","player_choice":"Take Damage","floor":4.0,"gold_loss":0.0,"damage_taken":18.0,"relics_obtained":["Golden Idol"]},{"cards_removed":["ats:Defend"],"damage_healed":0.0,"max_hp_gain":0.0,"max_hp_loss":0.0,"gold_gain":0.0,"event_name":"The Cleric","player_choice":"Card Removal","floor":10.0,"gold_loss":50.0,"damage_taken":0.0},{"damage_healed":0.0,"max_hp_gain":0.0,"max_hp_loss":0.0,"gold_gain":0.0,"event_name":"Addict","player_choice":"Obtained Relic","floor":19.0,"gold_loss":85.0,"damage_taken":0.0,"relics_obtained":["Bag of Preparation"]},{"damage_healed":0,"gold_gain":0,"player_choice":"Swap Relic","damage_taken":0,"relics_obtained":["Empty Cage"],"max_hp_gain":0,"max_hp_loss":0,"event_name":"给自己的盒子","floor":45,"relics_lost":["Empty Cage"],"gold_loss":0},{"damage_healed":0,"gold_gain":0,"player_choice":"Memory 3","damage_taken":10,"max_hp_gain":0,"max_hp_loss":0,"event_name":"SensoryStone","floor":48,"gold_loss":0}],"is_beta":false,"boss_relics":[{"not_picked":["testmod-HarvestTotem","Velvet Choker"],"picked":"ats:Omniscience"},{"not_picked":["AT_MortalBlade","Runic Dome"],"picked":"Tiny House"}],"items_purged_floors":[25,41],"is_endless":false,"potions_floor_spawned":[8,13,14,16,22,24,29,37,46],"ascension_level":4}}