{"host":"0mk07bycsqo1qk03","time":1610705076,"event":{"mods":["BaseMod","Bestiary","Downfall","Hermit","Hubris","Minty Spire (QoL Compilation)","Replay The Spire","StSLib","The Cursed","The Servant 0.9.4"],"gold_per_floor":[118,118,138,138,157,157,178,178,178,222,222,79,79,94,94,224,224,244,244,244,244,259,292,292,292,292,292,103,103,103,103],"floor_reached":30,"language":"ENG","playtime":944,"items_purged":[],"score":379,"play_id":"f73a60ce-c992-4dc2-97ad-641863110b03","local_time":"20210115110436","is_ascension_mode":true,"campfire_choices":[{"data":"Zap","floor":6,"key":"SMITH"},{"data":"Gash","floor":8,"key":"SMITH"},{"data":"Conserve Battery","floor":11,"key":"SMITH"},{"floor":13,"key":"REST"},{"data":"hubris:PowerSurge","floor":24,"key":"SMITH"},{"data":"expansioncontent:StudyTheSpire","floor":29,"key":"SMITH"}],"circlet_count":0,"master_deck":["Defend_B+1","Defend_B+1","Defend_B+1","Zap+1","Dualcast","expansioncontent:Sear","Conserve Battery+1","Coolheaded+1","Gash+1","hubris:PowerSurge+1","BasicCrystalCard+1","Reinforced Body+1","Seek+1","ReplayRNGCard+1","AbeCurse","ReplaySolidLightProjector+1","Glacier+1","Loop","Genetic Algorithm+1","Machine Learning","hubris:Despair","Coolheaded+1","Gash","ReplayTheSpireMod:Calculation Training+1","Ball Lightning+1","Bite","Bite","Bite","Bite","Bite","Gash+1","expansioncontent:StudyTheSpire+1"],"relics":["Cracked Core","Pear","Golden Idol","Toxic Egg 2","hubris:TenFootPole","Prayer Wheel","Prayer Wheel","Abe\u0027s Treasure","ReplayTheSpireMod:Ring of Exchange","WingedGreaves","Cables"],"acts_visited":["Exordium","TheCity"],"potions_floor_usage":[16,16,23],"damage_taken":[{"damage":0,"enemies":"Small Slimes","floor":1,"turns":3},{"damage":7,"enemies":"Jaw Worm","floor":3,"turns":2},{"damage":4,"enemies":"Cultist","floor":5,"turns":3},{"damage":6,"enemies":"Looter","floor":7,"turns":3},{"damage":14,"enemies":"Replay:BlueRogue","floor":10,"turns":7},{"damage":3,"enemies":"Blue Slaver","floor":14,"turns":3},{"damage":55,"enemies":"Slime Boss","floor":16,"turns":11},{"damage":12,"enemies":"Chosen","floor":18,"turns":3},{"damage":17,"enemies":"3 Byrds","floor":22,"turns":6},{"damage":19,"enemies":"Gremlin Leader","floor":23,"turns":11},{"damage":20,"enemies":"Snake Plant","floor":30,"turns":1}],"seed_played":"-7752001130633275700","potions_obtained":[{"floor":3,"key":"Elixir"},{"floor":14,"key":"FocusPotion"},{"floor":18,"key":"Milkshake"},{"floor":23,"key":"SteroidPotion"}],"is_trial":false,"path_per_floor":["M","?","M","?","M","R","M","R","T","E","R","$","R","M","R","B",null,"M","?","?","?","M","E","R","?","T","?","$","R","M"],"character_chosen":"DEFECT","items_purchased":["ReplayTheSpireMod:Fabricate Wheel+1","expansioncontent:StudyTheSpire"],"campfire_rested":1,"item_purchase_floors":[12,28],"current_hp_per_floor":[68,75,68,47,43,43,37,37,37,23,23,23,48,45,70,15,68,56,56,56,56,39,20,20,20,20,20,20,20,0,0],"gold":103,"neow_bonus":"RANDOM_COLORLESS","is_daily":false,"chose_seed":false,"campfire_upgraded":5,"win_rate":0.0,"timestamp":1610705076,"path_taken":["M","?","M","?","?","R","M","R","T","E","R","$","R","?","R","BOSS","M","?","?","?","?","E","R","?","T","?","$","R","M"],"items_purchased_type":["Card","Card"],"build_version":"2020-12-22","purchased_purges":0,"victory":false,"max_hp_per_floor":[75,85,85,85,85,85,85,85,85,85,85,85,85,85,85,85,85,85,85,85,85,85,85,85,59,59,59,59,59,59,59],"card_choices":[{"not_picked":["Replay:Bootleg Shield Generator","expansioncontent:DefensiveMode"],"picked":"expansioncontent:Sear","floor":0},{"not_picked":["Go for the Eyes","Blizzard"],"picked":"Conserve Battery","floor":1},{"not_picked":["Force Field","Loop"],"picked":"Coolheaded","floor":3},{"not_picked":["Turbo","Rebound"],"picked":"Gash","floor":5},{"not_picked":["Beam Cell","Barrage"],"picked":"hubris:PowerSurge","floor":7},{"not_picked":["FTL","Panic Button+1"],"picked":"BasicCrystalCard+1","floor":10},{"not_picked":["Steam+1","Scrape"],"picked":"Reinforced Body+1","floor":14},{"not_picked":["Electrodynamics","Heatsinks","ReplayTheSpireMod:Repulse+1"],"picked":"SKIP","floor":14},{"not_picked":["Buffer","Multi-Cast+1"],"picked":"ReplayRNGCard+1","floor":16},{"not_picked":["Reinforced Body+1","Redo+1"],"picked":"ReplaySolidLightProjector+1","floor":18},{"not_picked":["Double Energy+1","Sunder"],"picked":"Glacier+1","floor":18},{"not_picked":["Redo+1","Cold Snap"],"picked":"Loop","floor":18},{"not_picked":["Conserve Battery+1","Sweeping Beam"],"picked":"Coolheaded+1","floor":22},{"not_picked":["Steam+1","Melter+1"],"picked":"Gash","floor":22},{"not_picked":["Fusion+1","Compile Driver"],"picked":"ReplayTheSpireMod:Calculation Training+1","floor":22},{"not_picked":["Steam+1","ReplaySort+1"],"picked":"Ball Lightning+1","floor":23}],"player_experience":889001,"relics_obtained":[{"floor":9,"key":"Toxic Egg 2"},{"floor":10,"key":"hubris:TenFootPole"},{"floor":21,"key":"ReplayTheSpireMod:Ring of Exchange"},{"floor":23,"key":"WingedGreaves"},{"floor":26,"key":"Cables"}],"event_choices":[{"damage_healed":0,"gold_gain":0,"player_choice":"Success","damage_taken":3,"relics_obtained":["Pear"],"max_hp_gain":0,"max_hp_loss":0,"event_name":"Scrap Ooze","floor":2,"gold_loss":0},{"damage_healed":0,"gold_gain":0,"player_choice":"Take Damage","damage_taken":21,"relics_obtained":["Golden Idol"],"max_hp_gain":0,"max_hp_loss":0,"event_name":"Golden Idol","floor":4,"gold_loss":0},{"damage_healed":0,"gold_gain":0,"player_choice":"Simplicity","damage_taken":0,"max_hp_gain":0,"max_hp_loss":0,"event_name":"Back to Basics","floor":19,"gold_loss":0,"cards_upgraded":["Strike_B","Strike_B","Strike_B","Strike_B","Defend_B","Defend_B","Defend_B","Defend_B"]},{"damage_healed":0,"gold_gain":0,"cards_transformed":["Strike_B","Defend_B"],"player_choice":"Became Test Subject","damage_taken":0,"max_hp_gain":0,"max_hp_loss":0,"event_name":"Drug Dealer","floor":20,"gold_loss":0,"cards_obtained":["Genetic Algorithm","Machine Learning"]},{"damage_healed":0,"gold_gain":0,"player_choice":"Became a vampire","damage_taken":0,"max_hp_gain":0,"max_hp_loss":26,"event_name":"Vampires","floor":25,"gold_loss":0,"cards_obtained":["Bite","Bite","Bite","Bite","Bite"]},{"damage_healed":0,"gold_gain":0,"player_choice":"Copied","damage_taken":0,"max_hp_gain":0,"max_hp_loss":0,"event_name":"Duplicator","floor":27,"gold_loss":0,"cards_obtained":["Gash"]}],"is_beta":false,"boss_relics":[{"not_picked":["Velvet Choker","Fusion Hammer"],"picked":"Abe\u0027s Treasure"}],"items_purged_floors":[],"is_endless":false,"potions_floor_spawned":[3,14,18,23],"killed_by":"Snake Plant","ascension_level":9}}