{"host":"6jtzbi9kl8x9w6dt","time":1610677048,"event":{"mods":["Act Like it!","Aspiration","BaseMod","BetterRewards","Colored Powertips","Defuse TimeMaze Blight","Downfall","Friendly Minions","Halation","Hallownest","Hermit","Hubris","Marisa????????","Mimic Mod","Minty Spire (QoL Compilation)","Prisma Mod","READ ME - Guardian Mod","StSLib","SuperFastMode","Td1madao Mod","The Animator","The Bladedancer","The Construct","The Cursed","The Disciple","The Hierophant","The Mystic","The Necromancer","The Senshi","The Servant 0.9.4"],"gold_per_floor":[99,116,116,116,266,266,292,310,69,80,97,112,37,55,65,169,169,169,169,9,22,33,33,33,53,53,53],"floor_reached":26,"language":"ENG","playtime":1463,"items_purged":["Slimebound:Icky","aspiration:Lunge"],"score":225,"play_id":"991813f3-aeb1-4a46-962f-81f628dc92a3","local_time":"20210114181728","is_ascension_mode":false,"campfire_choices":[{"floor":1,"key":"RECALL"},{"data":"BestPractice","floor":13,"key":"SMITH"},{"data":"KillingDoll","floor":18,"key":"SMITH"}],"circlet_count":0,"master_deck":["Strike_S","Defend_S","Defend_S","Defend_S","Defend_S","KidneyShot","Exchange","FanOfKnives+1","Flechettes","Backstab","Read","Potential","Contraction","Rearm","BestPractice+1","TimeWarp","InstantArmor","KillingDoll+1","Necronomicurse","Deny","Rearm","Ricochet","SilverBlades","RitualDagger","Barrier"],"relics":["Uniform","halation:EternalFortune","Lantern","Vajra","downfall:HeartBlessingRed","hubris:HollowSoul","Necronomicon","hubris:SphereOfDissonance"],"acts_visited":["Exordium","TheCity"],"potions_floor_usage":[16,22,26,26,26],"damage_taken":[{"damage":3,"enemies":"Jaw Worm","floor":2,"turns":5},{"damage":0,"enemies":"2 Louse","floor":8,"turns":1},{"damage":0,"enemies":"downfall:FleeingMerchant","floor":9,"turns":4},{"damage":0,"enemies":"Cultist","floor":10,"turns":2},{"damage":0,"enemies":"Red Slaver","floor":11,"turns":2},{"damage":0,"enemies":"Blue Slaver","floor":12,"turns":1},{"damage":0,"enemies":"2 Fungi Beasts","floor":14,"turns":1},{"damage":0,"enemies":"Exordium Thugs","floor":15,"turns":4},{"damage":26,"enemies":"downfall:Silent","floor":16,"turns":9},{"damage":3,"enemies":"downfall:FleeingMerchant","floor":20,"turns":4},{"damage":1,"enemies":"Shell Parasite","floor":21,"turns":5},{"damage":26,"enemies":"3 Cultists","floor":22,"turns":5},{"damage":27,"enemies":"Shelled Parasite and Fungi","floor":25,"turns":3},{"damage":24,"enemies":"Gremlin Leader","floor":26,"turns":8}],"seed_played":"-3442418438723316344","potions_obtained":[{"floor":2,"key":"Dexterity Potion"},{"floor":8,"key":"sneckomod:MuddlingPotion"},{"floor":10,"key":"SkillPotion"},{"floor":21,"key":"AttackPotion"},{"floor":22,"key":"Dexterity Potion"}],"is_trial":false,"path_per_floor":["R","M","?","?","?","?","T","M","$","M","M","M","R","M","M","B",null,"R","?","$","M","M","?","T","M","E"],"character_chosen":"THE_SERVANT","items_purchased":["Vajra","Rearm"],"campfire_rested":0,"item_purchase_floors":[9,20],"current_hp_per_floor":[71,68,68,71,71,71,71,71,71,74,74,74,74,74,74,48,77,77,61,58,57,34,28,28,4,0,0],"gold":53,"neow_bonus":"TEN_PERCENT_HP_BONUS","is_daily":false,"chose_seed":false,"campfire_upgraded":2,"win_rate":0.0,"timestamp":1610677048,"path_taken":["R","M","?","?","?","?","T","M","?","M","M","?","R","?","M","BOSS","R","?","$","M","M","?","T","M","E"],"items_purchased_type":["Relic","Card"],"build_version":"2020-12-22","purchased_purges":2,"victory":false,"max_hp_per_floor":[71,71,71,74,74,74,74,74,74,77,77,77,77,77,77,77,77,77,77,77,77,80,80,80,83,83,83],"card_choices":[{"not_picked":["Contraction","MoonPhase"],"picked":"FanOfKnives","floor":2},{"not_picked":["FastForward","DoubleEdge"],"picked":"Read","floor":8},{"not_picked":["RealityMarble","ShiftingGears"],"picked":"Potential","floor":9},{"not_picked":["Reset","Defy"],"picked":"Contraction","floor":10},{"not_picked":["ShatteredReality","DoubleEdge"],"picked":"Rearm","floor":11},{"not_picked":["Rewind","StarChef"],"picked":"BestPractice","floor":12},{"not_picked":["Alleviate","Luminosity"],"picked":"TimeWarp","floor":14},{"not_picked":["Revamp","LightFlow"],"picked":"InstantArmor","floor":15},{"not_picked":["SoulSculpture","TheWorld"],"picked":"KillingDoll","floor":16},{"not_picked":["Defy+1","Desolation"],"picked":"Deny","floor":20},{"not_picked":["Rewind","FanOfKnives+1"],"picked":"Ricochet","floor":21},{"not_picked":["TimeWarp","Collapse"],"picked":"SilverBlades","floor":22},{"not_picked":["RealityMarble","Rewind"],"picked":"Barrier","floor":25}],"player_experience":85182,"relics_obtained":[{"floor":7,"key":"Lantern"},{"floor":10,"key":"halation:EternalFortune"},{"floor":19,"key":"Necronomicon"},{"floor":22,"key":"halation:EternalFortune"},{"floor":24,"key":"hubris:SphereOfDissonance"},{"floor":25,"key":"halation:EternalFortune"}],"event_choices":[],"is_beta":false,"boss_relics":[{"not_picked":["Coffee Dripper","aspiration:MarisaSkillbook"],"picked":"hubris:HollowSoul"}],"items_purged_floors":[9,20],"is_endless":false,"potions_floor_spawned":[2,8,10,21,22],"killed_by":"Gremlin Leader","ascension_level":0}}