{"host":"8rqsnaeml9gxb0kp","time":1610674402,"event":{"mods":["AchievementEnabler","BaseMod","Dark Map","Minty Spire (QoL Compilation)","StSLib"],"gold_per_floor":[111,129,139,156,331,331,358,358,382,400,400,475,493,505,505,604,604,616,641,641,656,25,25,43,43,43,43,68,68,95,109,109,109,109],"floor_reached":33,"language":"ENG","playtime":1625,"items_purged":["Doubt"],"score":330,"play_id":"a105d9ef-5d28-4b83-830a-2dbf499dcf73","local_time":"20210114173322","is_ascension_mode":true,"campfire_choices":[{"data":"Bash","floor":6,"key":"SMITH"},{"floor":11,"key":"REST"},{"data":"Rupture","floor":15,"key":"SMITH"},{"floor":23,"key":"REST"},{"floor":27,"key":"REST"},{"floor":32,"key":"REST"}],"circlet_count":0,"master_deck":["Strike_R","Strike_R","Strike_R","Strike_R","Strike_R","Defend_R","Defend_R","Defend_R","Defend_R","Bash+1","Anger","Rupture+1","Headbutt","Iron Wave","Combust","Uppercut","Brutality","Blood for Blood","Double Tap","Inflame","Heavy Blade+1","Shrug It Off","Combust","Rage","Whirlwind","Heavy Blade"],"relics":["Burning Blood","Oddly Smooth Stone","Omamori","Lantern","Runic Cube","Red Mask","Toy Ornithopter","Kunai","Ancient Tea Set","Medical Kit","Mummified Hand","Orichalcum","Ornamental Fan","Bag of Preparation"],"acts_visited":["Exordium","TheCity"],"potions_floor_usage":[16,16,18,21,28,28],"damage_taken":[{"damage":1,"enemies":"Jaw Worm","floor":1,"turns":4},{"damage":4,"enemies":"2 Louse","floor":2,"turns":3},{"damage":0,"enemies":"Small Slimes","floor":3,"turns":2},{"damage":26,"enemies":"Exordium Thugs","floor":4,"turns":3},{"damage":50,"enemies":"3 Sentries","floor":7,"turns":10},{"damage":7,"enemies":"Exordium Wildlife","floor":10,"turns":3},{"damage":6,"enemies":"Gremlin Gang","floor":13,"turns":4},{"damage":21,"enemies":"Large Slime","floor":14,"turns":5},{"damage":28,"enemies":"Hexaghost","floor":16,"turns":7},{"damage":29,"enemies":"Spheric Guardian","floor":18,"turns":5},{"damage":30,"enemies":"Masked Bandits","floor":19,"turns":4},{"damage":24,"enemies":"2 Thieves","floor":21,"turns":4},{"damage":32,"enemies":"Snake Plant","floor":24,"turns":4},{"damage":32,"enemies":"Gremlin Leader","floor":28,"turns":5},{"damage":23,"enemies":"Slavers","floor":30,"turns":4},{"damage":2,"enemies":"Snecko","floor":31,"turns":4},{"damage":37,"enemies":"Collector","floor":33,"turns":5}],"seed_played":"840804879579301689","potions_obtained":[{"floor":1,"key":"Regen Potion"},{"floor":3,"key":"GamblersBrew"},{"floor":10,"key":"ColorlessPotion"},{"floor":16,"key":"FearPotion"},{"floor":21,"key":"Strength Potion"},{"floor":24,"key":"Fire Potion"}],"is_trial":false,"path_per_floor":["M","M","M","M","?","R","E","?","T","M","R","?","M","M","R","B",null,"M","?","?","M","$","R","M","$","T","R","E","T","E","M","R","B"],"character_chosen":"IRONCLAD","items_purchased":["Kunai","Ancient Tea Set","Medical Kit"],"campfire_rested":4,"item_purchase_floors":[22,22,22],"current_hp_per_floor":[80,80,80,60,60,60,16,42,42,41,65,54,54,39,39,29,80,57,33,33,20,20,44,18,18,18,42,26,26,9,13,37,0,0],"gold":109,"neow_bonus":"RANDOM_COMMON_RELIC","is_daily":false,"chose_seed":false,"campfire_upgraded":2,"win_rate":0.0,"timestamp":1610674402,"path_taken":["M","M","M","M","?","R","E","?","T","M","R","?","?","M","R","BOSS","M","?","?","?","$","R","M","$","T","R","E","?","E","M","R","BOSS"],"items_purchased_type":["Relic","Relic","Relic"],"build_version":"2020-12-22","purchased_purges":1,"victory":false,"max_hp_per_floor":[80,80,80,80,80,80,80,80,80,80,80,80,80,80,80,80,80,80,80,80,80,80,80,80,80,80,80,80,80,80,80,80,80,80],"card_choices":[{"not_picked":["True Grit","Perfected Strike"],"picked":"Anger","floor":1},{"not_picked":["Heavy Blade","Reckless Charge"],"picked":"Rupture","floor":2},{"not_picked":["Body Slam","Entrench"],"picked":"Headbutt","floor":3},{"not_picked":["Havoc","Reckless Charge"],"picked":"Iron Wave","floor":4},{"not_picked":["Clash","Double Tap"],"picked":"Combust","floor":7},{"not_picked":["Body Slam","Anger"],"picked":"Uppercut","floor":10},{"not_picked":["True Grit","Iron Wave"],"picked":"Brutality","floor":13},{"not_picked":["Searing Blow","Burning Pact"],"picked":"Blood for Blood","floor":14},{"not_picked":["Fiend Fire","Juggernaut"],"picked":"Double Tap","floor":16},{"not_picked":["Battle Trance+1","Hemokinesis+1"],"picked":"Inflame","floor":18},{"not_picked":["Flex","Iron Wave"],"picked":"Heavy Blade+1","floor":19},{"not_picked":["Thunderclap","Body Slam+1"],"picked":"Shrug It Off","floor":21},{"not_picked":["Perfected Strike","Disarm"],"picked":"Combust","floor":24},{"not_picked":["Wild Strike","Body Slam"],"picked":"Rage","floor":28},{"not_picked":["Havoc+1","Perfected Strike"],"picked":"Whirlwind","floor":30},{"not_picked":["True Grit","Berserk"],"picked":"Heavy Blade","floor":31}],"player_experience":66890,"relics_obtained":[{"floor":7,"key":"Omamori"},{"floor":9,"key":"Lantern"},{"floor":19,"key":"Red Mask"},{"floor":26,"key":"Mummified Hand"},{"floor":28,"key":"Orichalcum"},{"floor":29,"key":"Ornamental Fan"},{"floor":30,"key":"Bag of Preparation"}],"event_choices":[{"damage_healed":0,"gold_gain":175,"player_choice":"AGREE","damage_taken":0,"max_hp_gain":0,"max_hp_loss":0,"event_name":"Liars Game","floor":5,"gold_loss":0,"cards_obtained":["Doubt"]},{"damage_healed":26,"gold_gain":0,"player_choice":"Banana","damage_taken":0,"max_hp_gain":0,"max_hp_loss":0,"event_name":"Big Fish","floor":8,"gold_loss":0},{"damage_healed":0,"gold_gain":75,"player_choice":"Gather Gold","damage_taken":11,"max_hp_gain":0,"max_hp_loss":0,"event_name":"World of Goop","floor":12,"gold_loss":0},{"damage_healed":0,"gold_gain":0,"player_choice":"Fought Bandits","damage_taken":0,"max_hp_gain":0,"max_hp_loss":0,"event_name":"Masked Bandits","floor":19,"gold_loss":0},{"damage_healed":0,"gold_gain":0,"player_choice":"Opened","damage_taken":0,"relics_obtained":["Toy Ornithopter"],"max_hp_gain":0,"max_hp_loss":0,"event_name":"The Mausoleum","floor":20,"gold_loss":0,"cards_obtained":["Writhe"]}],"is_beta":false,"boss_relics":[{"not_picked":["SlaversCollar","Ectoplasm"],"picked":"Runic Cube"}],"items_purged_floors":[22],"is_endless":false,"potions_floor_spawned":[1,3,10,13,16,21,24],"killed_by":"Collector","ascension_level":3}}