{"host":"ga4s3hj9m6nkn6gp","time":1610720830,"event":{"mods":["AchievementEnabler","BaseMod","Bestiary","Colored Powertips","Highlight Path","Minty Spire (QoL Compilation)","Relic Stats","everything is the same but u backflip on backflip"],"gold_per_floor":[109,284,284,302,124,154,154,181,208,158,186,206,269,269,269,368,368,379,228,228,241,241,241,276,291,339,339,12,23,35,60,60,164,164,177,190,190,190,238,238,263,281,281,293,323,323,358,55,55,55,55,55,55,89,89],"floor_reached":56,"language":"ENG","playtime":3649,"items_purged":["Doubt"],"score":1793,"play_id":"2a689aee-a2d4-42a6-9d79-a85c5e0d1d36","local_time":"20210115152710","is_ascension_mode":true,"campfire_choices":[{"data":"Rip and Tear","floor":7,"key":"SMITH"},{"data":"Zap","floor":15,"key":"SMITH"},{"data":"Defragment","floor":23,"key":"SMITH"},{"data":"Aggregate","floor":27,"key":"SMITH"},{"data":"White Noise","floor":32,"key":"SMITH"},{"data":"Capacitor","floor":40,"key":"SMITH"},{"data":"Thunder Strike","floor":46,"key":"SMITH"},{"floor":49,"key":"RECALL"},{"data":"Rainbow","floor":52,"key":"SMITH"}],"circlet_count":0,"master_deck":["Zap+1","Dualcast","Cold Snap","Rip and Tear+1","Go for the Eyes","Genetic Algorithm","Aggregate+1","Coolheaded+1","Machine Learning","Self Repair","Static Discharge","Steam+1","Amplify+1","Defragment+1","Thunder Strike+1","Sweeping Beam","Heatsinks","Chill","Capacitor+1","White Noise+1","Machine Learning","Electrodynamics","Ball Lightning","Double Energy","Defragment+1","Cold Snap+1","Rainbow+1","Ball Lightning+1","Loop+1"],"relics":["Cracked Core","NeowsBlessing","Oddly Smooth Stone","DataDisk","Lantern","Dream Catcher","Mummified Hand","Pandora\u0027s Box","Runic Capacitor","War Paint","Bronze Scales","Cables","Pear","Runic Pyramid","Incense Burner","Meat on the Bone","Bag of Preparation","Mercury Hourglass","TungstenRod","Happy Flower"],"acts_visited":["Exordium","TheCity","TheBeyond","TheEnding"],"potions_floor_usage":[8,11,13,16,24,33,33],"damage_taken":[{"damage":0,"enemies":"Jaw Worm","floor":1,"turns":1},{"damage":0,"enemies":"Small Slimes","floor":4,"turns":1},{"damage":0,"enemies":"Gremlin Nob","floor":6,"turns":1},{"damage":26,"enemies":"Lagavulin","floor":8,"turns":6},{"damage":9,"enemies":"3 Sentries","floor":11,"turns":5},{"damage":0,"enemies":"Cultist","floor":12,"turns":3},{"damage":9,"enemies":"3 Sentries","floor":13,"turns":6},{"damage":17,"enemies":"Hexaghost","floor":16,"turns":12},{"damage":5,"enemies":"Spheric Guardian","floor":18,"turns":4},{"damage":15,"enemies":"3 Byrds","floor":21,"turns":4},{"damage":19,"enemies":"Slavers","floor":24,"turns":5},{"damage":20,"enemies":"Snake Plant","floor":25,"turns":4},{"damage":0,"enemies":"Shelled Parasite and Fungi","floor":29,"turns":5},{"damage":0,"enemies":"Centurion and Healer","floor":30,"turns":3},{"damage":10,"enemies":"Book of Stabbing","floor":31,"turns":4},{"damage":1,"enemies":"Champ","floor":33,"turns":7},{"damage":4,"enemies":"Orb Walker","floor":35,"turns":3},{"damage":0,"enemies":"3 Shapes","floor":36,"turns":3},{"damage":19,"enemies":"2 Orb Walkers","floor":39,"turns":2},{"damage":7,"enemies":"Nemesis","floor":41,"turns":5},{"damage":0,"enemies":"Transient","floor":42,"turns":5},{"damage":0,"enemies":"4 Shapes","floor":44,"turns":2},{"damage":0,"enemies":"Giant Head","floor":45,"turns":6},{"damage":0,"enemies":"Nemesis","floor":47,"turns":1},{"damage":8,"enemies":"Donu and Deca","floor":50,"turns":5},{"damage":5,"enemies":"Shield and Spear","floor":54,"turns":3},{"damage":72,"enemies":"The Heart","floor":55,"turns":9}],"seed_played":"-7593412670601024682","potions_obtained":[{"floor":1,"key":"Energy Potion"},{"floor":3,"key":"PotionOfCapacity"},{"floor":3,"key":"PowerPotion"},{"floor":6,"key":"FocusPotion"},{"floor":8,"key":"FocusPotion"},{"floor":13,"key":"PotionOfCapacity"},{"floor":16,"key":"Block Potion"},{"floor":24,"key":"EssenceOfDarkness"},{"floor":30,"key":"SkillPotion"},{"floor":33,"key":"FearPotion"},{"floor":41,"key":"FocusPotion"}],"is_trial":false,"path_per_floor":["M","?","?","M","$","E","R","E","T","?","E","M","?","?","R","B",null,"M","$","?","M","?","R","E","M","T","R","$","M","M","E","R","B",null,"M","M","?","$","?","R","E","M","T","M","E","R","E","$","R","B",null,"R","$","E","B",null],"character_chosen":"DEFECT","items_purchased":["Rip and Tear","Go for the Eyes","Runic Capacitor","Capacitor","Cables","TungstenRod"],"campfire_rested":0,"item_purchase_floors":[5,5,19,28,28,48],"current_hp_per_floor":[68,68,68,68,68,68,68,42,42,42,33,33,24,24,24,7,58,60,60,60,52,52,52,40,34,34,34,34,41,55,62,62,68,81,85,85,85,85,73,73,80,85,85,85,85,85,85,85,85,84,85,85,85,85,32],"gold":89,"neow_bonus":"THREE_ENEMY_KILL","is_daily":false,"chose_seed":false,"campfire_upgraded":8,"win_rate":0.0,"timestamp":1610720830,"path_taken":["M","?","?","?","$","E","R","E","T","?","E","M","?","?","R","BOSS","M","$","?","M","?","R","E","M","T","R","?","M","M","E","R","BOSS","M","M","?","?","?","R","E","?","T","M","E","R","E","$","R","BOSS","R","$","E","BOSS"],"items_purchased_type":["Card","Card","Relic","Card","Relic","Relic"],"build_version":"2020-12-22","purchased_purges":1,"victory":true,"max_hp_per_floor":[75,75,75,75,75,75,75,75,75,75,75,75,75,75,75,75,75,75,75,75,75,75,75,75,75,75,75,75,75,75,85,85,85,85,85,85,85,85,85,85,85,85,85,85,85,85,85,85,85,85,85,85,85,85,85],"relic_stats":{"Happy Flower":[3],"counters":[27,114],"Bag of Preparation":[8],"War Paint":["Amplify","Steam"],"Cables":[57,35,21,1,0],"Mercury Hourglass":[56],"Dream Catcher":0,"Mummified Hand":[226],"Bronze Scales":[243],"Pandora\u0027s Box":["Self Repair","Static Discharge","Steam","Amplify","Defragment","Thunder Strike","Sweeping Beam"],"obtain_stats":[{"Lantern":9,"Pear":31,"NeowsBlessing":0,"Happy Flower":54,"Oddly Smooth Stone":6,"Runic Capacitor":19,"Incense Burner":39,"Bag of Preparation":45,"War Paint":24,"Cables":28,"Mercury Hourglass":47,"DataDisk":8,"Dream Catcher":11,"Mummified Hand":13,"Bronze Scales":26,"Pandora\u0027s Box":17,"Cracked Core":0,"TungstenRod":48,"Runic Pyramid":34,"Meat on the Bone":41},{"Lantern":4,"Pear":15,"NeowsBlessing":0,"Happy Flower":26,"Oddly Smooth Stone":3,"Runic Capacitor":9,"Incense Burner":19,"Bag of Preparation":23,"War Paint":11,"Cables":12,"Mercury Hourglass":24,"DataDisk":4,"Dream Catcher":5,"Mummified Hand":7,"Bronze Scales":12,"Pandora\u0027s Box":8,"Cracked Core":0,"TungstenRod":24,"Runic Pyramid":16,"Meat on the Bone":20},{"Lantern":9,"Pear":64,"NeowsBlessing":0,"Happy Flower":106,"Oddly Smooth Stone":3,"Runic Capacitor":39,"Incense Burner":79,"Bag of Preparation":97,"War Paint":48,"Cables":52,"Mercury Hourglass":98,"DataDisk":9,"Dream Catcher":14,"Mummified Hand":23,"Bronze Scales":52,"Pandora\u0027s Box":35,"Cracked Core":0,"TungstenRod":98,"Runic Pyramid":71,"Meat on the Bone":84}],"TungstenRod":28,"Meat on the Bone":12},"card_choices":[{"not_picked":["Fusion","Hologram","Scrape"],"picked":"SKIP","floor":1},{"not_picked":["Aggregate","Conserve Battery"],"picked":"Cold Snap","floor":4},{"not_picked":["Beam Cell","Go for the Eyes"],"picked":"Genetic Algorithm","floor":6},{"not_picked":["Conserve Battery","Barrage"],"picked":"Beam Cell","floor":8},{"not_picked":["Streamline","Meteor Strike"],"picked":"Aggregate","floor":11},{"not_picked":["Gash","Redo"],"picked":"Coolheaded","floor":12},{"not_picked":["Rainbow","Meteor Strike"],"picked":"Machine Learning","floor":16},{"not_picked":["Darkness","Leap"],"picked":"Heatsinks","floor":18},{"not_picked":["Consume","Coolheaded","Undo"],"picked":"SKIP","floor":21},{"not_picked":["Consume","Hologram","Cold Snap+1"],"picked":"SKIP","floor":24},{"not_picked":["Turbo","Force Field"],"picked":"Chill","floor":25},{"not_picked":["Streamline","Redo"],"picked":"White Noise","floor":29},{"not_picked":["Leap","Double Energy"],"picked":"Machine Learning","floor":30},{"not_picked":["Gash","Redo","Force Field"],"picked":"SKIP","floor":31},{"not_picked":["All For One","Buffer"],"picked":"Electrodynamics","floor":33},{"not_picked":["Turbo","Steam"],"picked":"Ball Lightning","floor":35},{"not_picked":["Streamline","Scrape+1"],"picked":"Double Energy","floor":36},{"not_picked":["Rip and Tear","Rebound"],"picked":"Cold Snap+1","floor":39},{"not_picked":["Go for the Eyes+1","Fusion"],"picked":"Rainbow","floor":41},{"not_picked":["Sweeping Beam+1","Barrage","Leap"],"picked":"SKIP","floor":42},{"not_picked":["Compile Driver+1","Go for the Eyes+1","Hologram"],"picked":"SKIP","floor":44},{"not_picked":["Gash","Ball Lightning+1","Barrage+1"],"picked":"SKIP","floor":45},{"not_picked":["Gash","Barrage+1"],"picked":"Ball Lightning+1","floor":45},{"not_picked":["Go for the Eyes+1","Compile Driver","Multi-Cast"],"picked":"SKIP","floor":47},{"not_picked":["White Noise","Reinforced Body+1"],"picked":"Loop+1","floor":54}],"player_experience":632043,"relics_obtained":[{"floor":6,"key":"Oddly Smooth Stone"},{"floor":8,"key":"DataDisk"},{"floor":9,"key":"Lantern"},{"floor":11,"key":"Dream Catcher"},{"floor":13,"key":"Mummified Hand"},{"floor":24,"key":"War Paint"},{"floor":26,"key":"Bronze Scales"},{"floor":31,"key":"Pear"},{"floor":39,"key":"Incense Burner"},{"floor":41,"key":"Meat on the Bone"},{"floor":45,"key":"Bag of Preparation"},{"floor":47,"key":"Mercury Hourglass"},{"floor":54,"key":"Happy Flower"}],"event_choices":[{"damage_healed":0,"gold_gain":175,"player_choice":"AGREE","damage_taken":0,"max_hp_gain":0,"max_hp_loss":0,"event_name":"Liars Game","floor":2,"gold_loss":0,"cards_obtained":["Doubt"]},{"damage_healed":0,"gold_gain":0,"player_choice":"Got Potions","damage_taken":0,"max_hp_gain":0,"max_hp_loss":0,"event_name":"Lab","floor":3,"gold_loss":0},{"cards_removed":["Strike_B"],"damage_healed":0,"gold_gain":0,"player_choice":"Card Removal","damage_taken":0,"max_hp_gain":0,"max_hp_loss":0,"event_name":"The Cleric","floor":10,"gold_loss":50},{"damage_healed":0,"gold_gain":0,"player_choice":"Searched \u00271\u0027 times","damage_taken":0,"max_hp_gain":0,"max_hp_loss":0,"event_name":"Dead Adventurer","floor":13,"gold_loss":0},{"damage_healed":0,"gold_gain":0,"player_choice":"Grow","damage_taken":0,"max_hp_gain":0,"max_hp_loss":0,"event_name":"Living Wall","floor":14,"gold_loss":0,"cards_upgraded":["Coolheaded"]},{"damage_healed":0,"gold_gain":0,"player_choice":"Ignored","damage_taken":0,"max_hp_gain":0,"max_hp_loss":0,"event_name":"Ghosts","floor":20,"gold_loss":0},{"cards_removed":["Beam Cell"],"damage_healed":0,"gold_gain":0,"player_choice":"Elegance","damage_taken":0,"max_hp_gain":0,"max_hp_loss":0,"event_name":"Back to Basics","floor":22,"gold_loss":0},{"damage_healed":0,"gold_gain":0,"player_choice":"Copied","damage_taken":0,"max_hp_gain":0,"max_hp_loss":0,"event_name":"Duplicator","floor":37,"gold_loss":0,"cards_obtained":["Defragment"]},{"damage_healed":0,"gold_gain":0,"player_choice":"Fight","damage_taken":0,"max_hp_gain":0,"max_hp_loss":0,"event_name":"Mysterious Sphere","floor":39,"gold_loss":0}],"is_beta":false,"boss_relics":[{"not_picked":["FrozenCore","Calling Bell"],"picked":"Pandora\u0027s Box"},{"not_picked":["Astrolabe","Tiny House"],"picked":"Runic Pyramid"}],"items_purged_floors":[5],"is_endless":false,"potions_floor_spawned":[1,6,8,13,16,24,30,31,33,41,42,45,54],"ascension_level":9}}