{"host":"yv7ijgyl7mqt7c0r","time":1610673505,"event":{"mods":["2.2 Compatiblity","Act Like it!","Aspiration","BaseMod","Bestiary","Better Note","Better Skull","Conspire","DeckTracker","Elementarium","Energized Spire","Friendly Minions","Gensokyo","GifTheSpireLib","Hallownest","Mari Mod (Legacy)","Mari\u0027s V1 Patch","Marisa????????","Menagerie","Minty Spire (QoL Compilation)","Prisma Mod","Random Character Button","Reimu??????","Remilia_Scarlet Moed?????·?????3.3.5","StSLib","Stuff the Spire","The Bug Knight","The Factory","The Jungle","The Senshi","The Servant 0.9.4","Wandering Minibosses"],"gold_per_floor":[115,133,83,83,11,43,43,68,68,68,87,87,87,67,67,92,92],"floor_reached":16,"language":"ENG","playtime":1414,"items_purged":[],"score":106,"play_id":"9c5e42a2-a163-41d1-98a7-3dbff07a87e2","local_time":"20210114191825","is_ascension_mode":false,"campfire_choices":[{"data":"theSenshi:MoonTwilightFlash","floor":7,"key":"SMITH"},{"data":"theSenshi:MoonTwilightFlash","floor":10,"key":"SMITH"},{"data":"theSenshi:MoonPrismPowerMakeUp","floor":12,"key":"SMITH"},{"floor":15,"key":"REST"}],"circlet_count":0,"master_deck":["theSenshi:SailorKick","theSenshi:SailorKick","theSenshi:SailorKick","theSenshi:SailorKick","theSenshi:SailorBlock","theSenshi:SailorBlock","theSenshi:SailorBlock","theSenshi:SailorBlock","theSenshi:RoseThrow","theSenshi:MoonPrismPowerMakeUp+1","theSenshi:SailorMercuryAssists","theSenshi:MoonTiaraMagic","conspire:SpireCoStock","StuffTheSpire:Innocence","theSenshi:MoonTwilightFlash+1","theSenshi:MoonTwilightFlash+1","theSenshi:TallSilhouette","theSenshi:WarriorOfTheMoon","Regret"],"relics":["theSenshi:TransformationBroochRelic","Tiny Chest","MealTicket","aspiration:HatOfInfinitePower","Eternal Feather"],"acts_visited":["Exordium"],"potions_floor_usage":[16],"damage_taken":[{"damage":1,"enemies":"2 Louse","floor":1,"turns":4},{"damage":1,"enemies":"Jaw Worm","floor":2,"turns":4},{"damage":26,"enemies":"Lagavulin","floor":6,"turns":11},{"damage":21,"enemies":"Gremlin Nob","floor":8,"turns":5},{"damage":0,"enemies":"Small Slimes","floor":11,"turns":4},{"damage":86,"enemies":"Slime Boss","floor":16,"turns":12}],"seed_played":"8567970337336887191","potions_obtained":[{"floor":2,"key":"FairyPotion"},{"floor":14,"key":"SneckoOil"}],"is_trial":false,"path_per_floor":["M","M","?","?","$","E","R","E","T","R","M","R","?","?","R","B"],"character_chosen":"THE_SENSHI","items_purchased":["theSenshi:MoonTwilightFlash"],"campfire_rested":1,"item_purchase_floors":[5],"current_hp_per_floor":[81,80,80,73,73,47,47,26,26,26,26,26,26,26,59,0,0],"gold":92,"neow_bonus":"TEN_PERCENT_HP_BONUS","is_daily":false,"chose_seed":false,"campfire_upgraded":3,"win_rate":0.0,"timestamp":1610673505,"path_taken":["M","M","?","?","?","E","R","E","T","R","M","R","?","?","R","BOSS"],"items_purchased_type":["Card"],"build_version":"2020-12-22","purchased_purges":0,"victory":false,"max_hp_per_floor":[82,82,82,82,82,82,82,82,82,82,82,82,82,82,82,82,82],"card_choices":[{"not_picked":["theSenshi:TuxedoSmokingBomber","theSenshi:Sidestep"],"picked":"theSenshi:SailorMercuryAssists","floor":1},{"not_picked":["theSenshi:MoonPower","theSenshi:SailorMercuryAssists"],"picked":"theSenshi:MoonTiaraMagic","floor":2},{"not_picked":["theSenshi:InTheNickOfTime","theSenshi:SaturnsMystery"],"picked":"theSenshi:MoonTwilightFlash","floor":6},{"not_picked":["theSenshi:LunasBite","theSenshi:MoonsReflection"],"picked":"theSenshi:TallSilhouette","floor":8},{"not_picked":["theSenshi:TuxedoMaskAssists","theSenshi:TallSilhouette"],"picked":"theSenshi:WarriorOfTheMoon","floor":11}],"player_experience":482355,"relics_obtained":[{"floor":6,"key":"Tiny Chest"},{"floor":8,"key":"MealTicket"},{"floor":9,"key":"aspiration:HatOfInfinitePower"}],"event_choices":[{"damage_healed":0,"gold_gain":0,"player_choice":"Invest 1","damage_taken":0,"max_hp_gain":0,"max_hp_loss":0,"event_name":"conspire:Investor","floor":3,"gold_loss":0},{"damage_healed":0,"gold_gain":0,"player_choice":"Box","damage_taken":0,"relics_obtained":["Eternal Feather"],"max_hp_gain":0,"max_hp_loss":0,"event_name":"Big Fish","floor":13,"gold_loss":0,"cards_obtained":["Regret"]},{"damage_healed":0,"gold_gain":0,"player_choice":"Bought 1 Potion","damage_taken":0,"max_hp_gain":0,"max_hp_loss":0,"event_name":"The Woman in Blue","floor":14,"gold_loss":0}],"is_beta":false,"boss_relics":[],"items_purged_floors":[],"is_endless":false,"potions_floor_spawned":[2],"killed_by":"Slime Boss","ascension_level":0}}