{"host":"359hz4210ybch7ku","time":1610693556,"event":{"mods":["BaseMod","Block Reminder","Colored Map","Colored Powertips","Highlight Path","Minty Spire (QoL Compilation)","Slay the Relics Exporter","StSLib"],"gold_per_floor":[111,129,129,146,164,132,20,20,68,68,78,78,91,19,19,120,120,139,126,26,26,26,26,26],"floor_reached":23,"language":"ENG","playtime":1724,"items_purged":["Defend_P","Defend_P"],"score":229,"play_id":"0ae475a0-71c4-46f8-af68-c44c1a1fc7e9","local_time":"20210114225236","is_ascension_mode":true,"campfire_choices":[{"data":"Wallop","floor":8,"key":"SMITH"},{"data":"LikeWater","floor":10,"key":"SMITH"},{"data":"WaveOfTheHand","floor":12,"key":"SMITH"},{"data":"DeceiveReality","floor":15,"key":"SMITH"}],"circlet_count":0,"master_deck":["Strike_P","Strike_P","Strike_P","Defend_P","Defend_P","Eruption","Vigilance","EmptyBody","WaveOfTheHand+1","Wallop+1","Swivel","LikeWater+1","Sanctity","DeceiveReality+1","DevaForm","TalkToTheHand","RitualDagger"],"relics":["PureWater","NeowsBlessing","Damaru","VioletLotus"],"acts_visited":["Exordium","TheCity"],"potions_floor_usage":[6,6,16,16,18,19,19,23,23,23],"damage_taken":[{"damage":0,"enemies":"Cultist","floor":1,"turns":1},{"damage":0,"enemies":"Small Slimes","floor":2,"turns":2},{"damage":0,"enemies":"Jaw Worm","floor":4,"turns":1},{"damage":1,"enemies":"Blue Slaver","floor":5,"turns":7},{"damage":2,"enemies":"Exordium Thugs","floor":6,"turns":5},{"damage":0,"enemies":"2 Fungi Beasts","floor":11,"turns":4},{"damage":0,"enemies":"Exordium Wildlife","floor":13,"turns":5},{"damage":9,"enemies":"The Guardian","floor":16,"turns":20},{"damage":5,"enemies":"Shell Parasite","floor":18,"turns":10},{"damage":1,"enemies":"2 Thieves","floor":19,"turns":4},{"damage":57,"enemies":"Slavers","floor":23,"turns":9}],"seed_played":"-2531975195050125667","potions_obtained":[{"floor":2,"key":"GamblersBrew"},{"floor":5,"key":"BottledMiracle"},{"floor":6,"key":"EntropicBrew"},{"floor":16,"key":"LiquidMemories"},{"floor":22,"key":"GamblersBrew"},{"floor":22,"key":"BlessingOfTheForge"},{"floor":22,"key":"Dexterity Potion"}],"is_trial":false,"path_per_floor":["M","M","?","M","M","M","$","R","T","R","M","R","M","$","R","B",null,"M","M","$","?","?","E"],"character_chosen":"WATCHER","items_purchased":["LikeWater","DeceiveReality"],"campfire_rested":0,"item_purchase_floors":[7,14],"current_hp_per_floor":[72,72,72,72,71,69,69,69,69,69,69,69,69,69,69,60,69,64,63,63,57,57,0,0],"gold":26,"neow_bonus":"THREE_ENEMY_KILL","is_daily":false,"chose_seed":false,"campfire_upgraded":4,"win_rate":0.0,"timestamp":1610693556,"path_taken":["M","?","?","M","?","M","$","R","T","R","M","R","M","$","R","BOSS","M","M","$","?","?","E"],"items_purchased_type":["Card","Card"],"build_version":"2020-12-22","purchased_purges":2,"victory":false,"max_hp_per_floor":[72,72,72,72,72,72,72,72,72,72,72,72,72,72,72,72,72,72,72,72,72,72,72,72],"card_choices":[{"not_picked":["Crescendo","FlurryOfBlows"],"picked":"EmptyBody","floor":1},{"not_picked":["ForeignInfluence","CrushJoints","Collect"],"picked":"SKIP","floor":2},{"not_picked":["Wireheading","Tantrum"],"picked":"WaveOfTheHand","floor":4},{"not_picked":["PathToVictory","Nirvana"],"picked":"Wallop","floor":5},{"not_picked":["Tantrum","PathToVictory"],"picked":"Swivel","floor":6},{"not_picked":["Protect","Crescendo","BowlingBash"],"picked":"SKIP","floor":11},{"not_picked":["BowlingBash","Collect"],"picked":"Sanctity","floor":13},{"not_picked":["SpiritShield","ConjureBlade"],"picked":"DevaForm","floor":16},{"not_picked":["Protect","ClearTheMind","Halt+1"],"picked":"SKIP","floor":18},{"not_picked":["Consecrate","JustLucky"],"picked":"TalkToTheHand","floor":19}],"player_experience":208928,"relics_obtained":[{"floor":9,"key":"Damaru"}],"event_choices":[{"cards_removed":["Strike_P"],"damage_healed":0,"gold_gain":0,"player_choice":"Purged","damage_taken":0,"max_hp_gain":0,"max_hp_loss":0,"event_name":"Purifier","floor":3,"gold_loss":0},{"damage_healed":0,"gold_gain":0,"player_choice":"Joined the Cult","damage_taken":6,"max_hp_gain":0,"max_hp_loss":0,"event_name":"Nest","floor":21,"gold_loss":0,"cards_obtained":["RitualDagger"]},{"damage_healed":0,"gold_gain":0,"player_choice":"Got Potions","damage_taken":0,"max_hp_gain":0,"max_hp_loss":0,"event_name":"Lab","floor":22,"gold_loss":0}],"is_beta":false,"boss_relics":[{"not_picked":["Empty Cage","Coffee Dripper"],"picked":"VioletLotus"}],"items_purged_floors":[7,20],"is_endless":false,"potions_floor_spawned":[2,5,6,16],"killed_by":"Slavers","ascension_level":5}}