{"host":"cfnmff32z0ky6ioz","time":1610692139,"event":{"mods":["BaseMod","Bestiary","Colored Powertips","Downfall","Friendly Minions","Hermit","Highlight Path","KinomotoSakuraMod(木之本?)","Luminous","Minty Spire (QoL Compilation)","Quick Restart","Replay The Spire","StSLib","The Alterego","The Animator","The IronCluck","The Jungle","The Marked","【?物卡牌】REMEMod"],"gold_per_floor":[100,115,132,132,152,77,102,102,122,122,142,142,172,172,189,189,189],"floor_reached":16,"language":"ZHS","playtime":1317,"items_purged":[],"score":102,"play_id":"35c9bef3-c502-4c73-aeb9-ef13d405e8d4","local_time":"20210115142859","is_ascension_mode":false,"campfire_choices":[{"floor":1,"key":"RECALL"},{"data":"alterego_mod:Impale","floor":6,"key":"SMITH"},{"data":"alterego_mod:Lingerie","floor":8,"key":"SMITH"},{"data":"alterego_mod:BiFurious","floor":12,"key":"SMITH"}],"circlet_count":0,"master_deck":["alterego_mod:Strike","alterego_mod:Strike","alterego_mod:Strike","alterego_mod:Strike","alterego_mod:Defend","alterego_mod:Defend","alterego_mod:Defend","alterego_mod:Defend","alterego_mod:Impale+1","alterego_mod:BigMeatyClaws","alterego_mod:BrynhildrsRune","Flame Barrier","alterego_mod:Lingerie+1","alterego_mod:Bounce","alterego_mod:Pet","alterego_mod:Birthday+1","alterego_mod:BiFurious+1","alterego_mod:STier","alterego_mod:Mirror"],"relics":["alterego_mod:MasochisticConstitution","REME_ComplimentaryCards","downfall:HeartBlessingRed","Oddly Smooth Stone","Sundial","Thread and Needle"],"acts_visited":["Exordium"],"potions_floor_usage":[16],"damage_taken":[{"damage":0,"enemies":"Small Slimes","floor":2,"turns":3},{"damage":4,"enemies":"Jaw Worm","floor":3,"turns":4},{"damage":3,"enemies":"Cultist","floor":5,"turns":3},{"damage":7,"enemies":"Blue Slaver","floor":9,"turns":7},{"damage":1,"enemies":"3 Louse","floor":11,"turns":4},{"damage":19,"enemies":"Lagavulin","floor":13,"turns":5},{"damage":11,"enemies":"Exordium Thugs","floor":15,"turns":3},{"damage":61,"enemies":"downfall:Ironclad","floor":16,"turns":10}],"seed_played":"9178925662699215688","potions_obtained":[{"floor":0,"key":"ColorlessPotion"},{"floor":0,"key":"PowerPotion"},{"floor":0,"key":"GamblersBrew"},{"floor":13,"key":"ColorlessPotion"}],"is_trial":false,"path_per_floor":["R","M","M","?","M","R","T","R","M","?","M","R","E","T","M","B"],"character_chosen":"The_Alterego","items_purchased":[],"campfire_rested":0,"item_purchase_floors":[],"current_hp_per_floor":[70,70,67,67,65,65,65,65,59,59,74,74,59,59,52,0,0],"gold":189,"neow_bonus":"THREE_SMALL_POTIONS","is_daily":false,"chose_seed":false,"campfire_upgraded":3,"win_rate":0.0,"timestamp":1610692139,"path_taken":["R","M","M","?","M","R","T","R","M","?","M","R","E","?","M","BOSS"],"items_purchased_type":[],"build_version":"2020-12-22","purchased_purges":0,"victory":false,"max_hp_per_floor":[70,70,71,71,72,72,72,72,73,73,74,74,75,75,76,76,76],"card_choices":[{"not_picked":["alterego_mod:Skirt","alterego_mod:RocketPunch"],"picked":"alterego_mod:Lingerie","floor":2},{"not_picked":["alterego_mod:BiFurious","alterego_mod:Cycle"],"picked":"alterego_mod:Bounce","floor":3},{"not_picked":["alterego_mod:Bloomers","alterego_mod:BeGentle"],"picked":"alterego_mod:Pet","floor":5},{"not_picked":["alterego_mod:1TonWallop","alterego_mod:Lingerie"],"picked":"alterego_mod:Birthday","floor":9},{"not_picked":["alterego_mod:HighServant","alterego_mod:Belle"],"picked":"alterego_mod:BiFurious","floor":11},{"not_picked":["alterego_mod:Jiggle","alterego_mod:Bloomers"],"picked":"alterego_mod:STier","floor":13},{"not_picked":["alterego_mod:DeftHands","alterego_mod:BreastValley"],"picked":"alterego_mod:Mirror","floor":15}],"player_experience":376991,"relics_obtained":[{"floor":7,"key":"Oddly Smooth Stone"},{"floor":13,"key":"Sundial"},{"floor":14,"key":"Thread and Needle"}],"event_choices":[{"damage_healed":0,"gold_gain":0,"player_choice":"Grow","damage_taken":0,"max_hp_gain":0,"max_hp_loss":0,"event_name":"Living Wall","floor":10,"gold_loss":0,"cards_upgraded":["alterego_mod:Birthday"]}],"is_beta":false,"boss_relics":[],"items_purged_floors":[],"is_endless":false,"potions_floor_spawned":[13,15],"killed_by":"downfall:Ironclad","ascension_level":0}}