{"host":"dlqyscxstsnu98l1","time":1610691127,"event":{"mods":["AchievementEnabler","BaseMod","Bestiary","Colored Map","Colored Powertips","Conspire","GifTheSpireLib","Highlight Path","Minty Spire (QoL Compilation)","Random Character Button","Replay The Spire","SacredBarkPlus","StSLib"],"gold_per_floor":[118,118,43,54,71,71,88,119,142,157,169,169,200,200,200,297,297,313,283,297,297,311,337,356,389,416,428,453,168,168,193,193,289,289,304,154,172,186,203,234,247,247,247,260,280,280,299,209,209,209,209,209,65,97,97],"floor_reached":56,"language":"ENG","playtime":3964,"items_purged":["Strike_B","Strike_B","Clumsy","Defend_B"],"score":1381,"play_id":"b132a5f4-bbb6-4ddc-a330-b84cf494145f","local_time":"20210115001207","is_ascension_mode":true,"campfire_choices":[{"data":"Streamline","floor":6,"key":"SMITH"},{"data":"Cold Snap","floor":12,"key":"SMITH"},{"data":"Cold Snap","floor":15,"key":"SMITH"},{"data":"ReplayUltimateDefense","floor":30,"key":"SMITH"},{"data":"Biased Cognition","floor":32,"key":"SMITH"},{"floor":42,"key":"RECALL"},{"floor":46,"key":"REST"},{"data":"Mirror Shield","floor":49,"key":"SMITH"},{"data":"Defragment","floor":52,"key":"SMITH"}],"circlet_count":0,"master_deck":["Defend_B+1","Defend_B","Zap+1","Dualcast+1","Streamline+1","Leap","Cold Snap+1","Cold Snap+1","Cold Snap","Biased Cognition+1","Streamline+1","BootSequence+1","Streamline+1","Aggregate","Conserve Battery","Steam+1","Hologram+1","Hologram+1","ReplayUltimateDefense+1","Mirror Shield+1","Auto Shields+1","Streamline+1","Genetic Algorithm+1","Defragment+1","Turbo","Turbo+1","Chaos+1","Defragment+1","Crystallizer","Blizzard+1","Glacier+1","Beam Cell+1","Core Surge"],"relics":["Cracked Core","War Paint","Happy Flower","Honey Jar","InkBottle","Solar Panel","Pen Nib","Gremlin Horn","ReplayTheSpireMod:CursedCoin","Inserter","Replay:Accelerometer","Boot","Orrery","conspire:InfiniteJournal"],"acts_visited":["Exordium","TheCity","TheBeyond","TheEnding"],"potions_floor_usage":[16,16,33,33,33,41,44,55,55,55,55],"damage_taken":[{"damage":7,"enemies":"Small Slimes","floor":1,"turns":3},{"damage":2,"enemies":"2 Louse","floor":4,"turns":2},{"damage":1,"enemies":"Cultist","floor":5,"turns":3},{"damage":1,"enemies":"Large Slime","floor":7,"turns":4},{"damage":12,"enemies":"3 Sentries","floor":8,"turns":9},{"damage":2,"enemies":"conspire:2 RoseBushes","floor":10,"turns":3},{"damage":10,"enemies":"Exordium Wildlife","floor":11,"turns":3},{"damage":7,"enemies":"Lagavulin","floor":13,"turns":5},{"damage":0,"enemies":"Slime Boss","floor":16,"turns":6},{"damage":5,"enemies":"2 Thieves","floor":18,"turns":3},{"damage":7,"enemies":"3 Byrds","floor":20,"turns":5},{"damage":0,"enemies":"Snecko","floor":22,"turns":5},{"damage":10,"enemies":"conspire:Head Lice","floor":23,"turns":7},{"damage":6,"enemies":"3 Cultists","floor":24,"turns":5},{"damage":13,"enemies":"conspire:SneckoGhost","floor":25,"turns":7},{"damage":0,"enemies":"Centurion and Healer","floor":27,"turns":4},{"damage":0,"enemies":"conspire:Head Lice","floor":28,"turns":5},{"damage":0,"enemies":"Collector","floor":33,"turns":9},{"damage":0,"enemies":"Orb Walker","floor":35,"turns":4},{"damage":19,"enemies":"3 Darklings","floor":37,"turns":6},{"damage":20,"enemies":"Jaw Worm Horde","floor":38,"turns":4},{"damage":6,"enemies":"Spire Growth","floor":39,"turns":5},{"damage":28,"enemies":"Reptomancer","floor":40,"turns":8},{"damage":0,"enemies":"4 Shapes","floor":41,"turns":6},{"damage":0,"enemies":"Maw","floor":44,"turns":7},{"damage":0,"enemies":"Spire Growth","floor":45,"turns":7},{"damage":1,"enemies":"4 Shapes","floor":47,"turns":5},{"damage":3,"enemies":"conspire:OrnateMirror","floor":50,"turns":15},{"damage":27,"enemies":"Shield and Spear","floor":54,"turns":9},{"damage":49,"enemies":"The Heart","floor":55,"turns":14}],"seed_played":"865205770781864001","potions_obtained":[{"floor":8,"key":"FearPotion"},{"floor":10,"key":"SneckoOil"},{"floor":16,"key":"Strength Potion"},{"floor":19,"key":"LifebloodPotion"},{"floor":19,"key":"SneckoOil"},{"floor":20,"key":"Toxic Potion"},{"floor":23,"key":"SteroidPotion"},{"floor":24,"key":"Languid Potion"},{"floor":25,"key":"Regen Potion"},{"floor":38,"key":"LifebloodPotion"},{"floor":39,"key":"CultistPotion"},{"floor":41,"key":"Energy Potion"},{"floor":45,"key":"FearPotion"},{"floor":47,"key":"Weak Potion"},{"floor":54,"key":"Ancient Potion"}],"is_trial":false,"path_per_floor":["M","?","$","M","M","R","M","E","T","M","M","R","E","?","R","B",null,"M","?","M","?","M","E","M","E","T","M","E","$","R","$","R","B",null,"M","$","M","M","M","E","M","R","T","M","M","R","M","?","R","B",null,"R","$","E","B",null],"character_chosen":"DEFECT","items_purchased":["ReplayUltimateDefense","ReplayTheSpireMod:CursedCoin","Orrery"],"campfire_rested":1,"item_purchase_floors":[29,31,53],"current_hp_per_floor":[68,68,68,66,65,65,64,52,52,50,40,40,33,26,26,26,75,70,70,63,63,63,53,47,34,34,34,36,36,36,36,36,47,75,75,75,58,42,38,12,14,14,14,16,20,42,43,43,43,42,75,75,75,52,5],"gold":97,"neow_bonus":"RANDOM_EVENT","is_daily":false,"chose_seed":false,"campfire_upgraded":7,"win_rate":0.0,"timestamp":1610691127,"path_taken":["M","?","$","M","M","R","M","E","T","M","M","R","E","?","R","BOSS","M","?","?","?","M","E","M","E","T","M","E","$","R","$","R","BOSS","M","$","M","M","M","E","?","R","T","M","M","R","M","?","R","BOSS","R","$","E","BOSS"],"items_purchased_type":["Card","Relic","Relic"],"build_version":"2020-12-22","purchased_purges":4,"victory":true,"max_hp_per_floor":[75,75,75,75,75,75,75,75,75,75,75,75,75,75,75,75,75,75,75,75,75,75,75,75,75,75,75,75,75,75,75,75,75,75,75,75,75,75,75,75,75,75,75,75,75,75,75,75,75,75,75,75,75,75,75],"card_choices":[{"not_picked":["Panic Button","Redo"],"picked":"Streamline","floor":1},{"not_picked":["Gash","Go for the Eyes"],"picked":"Leap","floor":4},{"not_picked":["Fission","Steam"],"picked":"Cold Snap","floor":5},{"not_picked":["Leap","Consume"],"picked":"Cold Snap","floor":7},{"not_picked":["Go for the Eyes","Steam","ReplayGash"],"picked":"SKIP","floor":8},{"not_picked":["Beam Cell","BootSequence"],"picked":"Cold Snap","floor":10},{"not_picked":["Turbo","Barrage","Beam Cell"],"picked":"SKIP","floor":11},{"not_picked":["Undo","Leap","BasicCrystalCard"],"picked":"SKIP","floor":13},{"not_picked":["All For One","Core Surge"],"picked":"Biased Cognition","floor":16},{"not_picked":["Coolheaded","Go for the Eyes","Cold Snap"],"picked":"Streamline","floor":18},{"not_picked":["Gash","BasicCrystalCard","Cold Snap"],"picked":"BootSequence+1","floor":20},{"not_picked":["Compile Driver","BasicCrystalCard","Cold Snap"],"picked":"Streamline+1","floor":22},{"not_picked":["ReplayTheSpireMod:Fabricate Wheel","Hologram+1","Chill+1"],"picked":"Aggregate","floor":23},{"not_picked":["Beam Cell","Undo","Stack+1"],"picked":"Conserve Battery","floor":24},{"not_picked":["Redo","Meteor Strike","Rebound"],"picked":"Steam+1","floor":25},{"not_picked":["Sweeping Beam","Go for the Eyes+1","Rebound"],"picked":"Hologram+1","floor":27},{"not_picked":["Cold Snap","Compile Driver+1","conspire:Rain+1"],"picked":"Hologram","floor":28},{"not_picked":["All For One","Buffer","Multi-Cast"],"picked":"Mirror Shield","floor":33},{"not_picked":["Barrage","Beam Cell+1","Leap"],"picked":"Auto Shields+1","floor":35},{"not_picked":["Coolheaded+1","Consume","Steam Power+1"],"picked":"Streamline+1","floor":37},{"not_picked":["Turbo+1","Barrage","Reinforced Body"],"picked":"Genetic Algorithm+1","floor":38},{"not_picked":["Redo+1","Ball Lightning","Coolheaded+1"],"picked":"Defragment","floor":39},{"not_picked":["BasicCrystalCard+1","ReplaySort","Auto Shields"],"picked":"Turbo","floor":40},{"not_picked":["Force Field","Sweeping Beam+1","Fission","Rebound"],"picked":"SKIP","floor":41},{"not_picked":["BootSequence","Force Field","Stack","Steam"],"picked":"SKIP","floor":44},{"not_picked":["Hologram","Ball Lightning","FTL"],"picked":"Turbo+1","floor":45},{"not_picked":["ReplayTheSpireMod:GoodbyeWorld","Seek","Compile Driver+1"],"picked":"Chaos+1","floor":47},{"not_picked":["Panic Button+1","Go for the Eyes","conspire:SharedLibrary"],"picked":"Defragment+1","floor":53},{"not_picked":["ReplayTheSpireMod:Repulse+1","Recycle","Beam Cell+1"],"picked":"Crystallizer","floor":53},{"not_picked":["BasicCrystalCard+1","Beam Cell+1","Ball Lightning"],"picked":"Blizzard+1","floor":53},{"not_picked":["Rebound+1","Recycle","Tempest+1"],"picked":"Glacier+1","floor":53},{"not_picked":["Seek","Cold Snap+1","Scrape"],"picked":"Beam Cell+1","floor":53},{"not_picked":["Sweeping Beam+1","Rebound","Gash"],"picked":"Core Surge","floor":54}],"player_experience":46508,"relics_obtained":[{"floor":8,"key":"War Paint"},{"floor":13,"key":"Happy Flower"},{"floor":23,"key":"InkBottle"},{"floor":25,"key":"Solar Panel"},{"floor":26,"key":"Pen Nib"},{"floor":28,"key":"Gremlin Horn"},{"floor":40,"key":"Replay:Accelerometer"},{"floor":43,"key":"Boot"},{"floor":54,"key":"conspire:InfiniteJournal"}],"event_choices":[{"cards_removed":["Strike_B"],"damage_healed":0,"gold_gain":0,"player_choice":"Forget","damage_taken":0,"max_hp_gain":0,"max_hp_loss":0,"event_name":"Living Wall","floor":0,"gold_loss":0},{"cards_removed":["Strike_B"],"damage_healed":0,"gold_gain":0,"player_choice":"Card Removal","damage_taken":7,"max_hp_gain":0,"max_hp_loss":0,"event_name":"Golden Wing","floor":14,"gold_loss":0},{"damage_healed":0,"gold_gain":0,"player_choice":"Bought 2 Potions","damage_taken":0,"max_hp_gain":0,"max_hp_loss":0,"event_name":"The Woman in Blue","floor":19,"gold_loss":0},{"damage_healed":0,"gold_gain":0,"player_choice":"Upgraded","damage_taken":0,"max_hp_gain":0,"max_hp_loss":0,"event_name":"Upgrade Shrine","floor":21,"gold_loss":0,"cards_upgraded":["Streamline"]},{"cards_removed":["Defend_B"],"damage_healed":0,"gold_gain":0,"player_choice":"Upgrade and Remove","damage_taken":0,"max_hp_gain":0,"max_hp_loss":0,"event_name":"Designer","floor":48,"gold_loss":90,"cards_upgraded":["Hologram"]}],"is_beta":false,"boss_relics":[{"not_picked":["Busted Crown","Ectoplasm"],"picked":"Honey Jar"},{"not_picked":["Replay:Wanted Poster","Kintsugi"],"picked":"Inserter"}],"items_purged_floors":[3,29,31,36],"is_endless":false,"potions_floor_spawned":[8,10,16,20,23,24,25,38,39,41,45,47,54],"ascension_level":1}}