{"host":"khkox7sggahain0a","time":1610671360,"event":{"mods":["Act Like it!","Arknights The Spire","BaseMod","Downfall","Gensokyo","Lobotomy","LobotomyExtend","Marisa£®ÏF”Í°°ƒß¿Ì…≥£©","Minty Spire (QoL Compilation)","Quick Restart","StSLib","The Animator","Waifu the Spire"],"gold_per_floor":[118,136,136,136,9,9,43,43,93,93,104,150,340,340,340],"floor_reached":14,"language":"ZHS","playtime":670,"items_purged":["ats:Strike G"],"score":101,"play_id":"f3e59d7c-8c55-4543-b842-10227fa7ad3b","local_time":"20210115084240","is_ascension_mode":true,"campfire_choices":[{"data":"ats:Healing Strengthening","floor":6.0,"key":"SMITH"},{"data":"ats:Revitalization","floor":10.0,"key":"SMITH"}],"circlet_count":0,"master_deck":["ats:Strike C","ats:Strike S","ats:Armor Crushing Shot","ats:Defend","ats:Defend","ats:Defend","ats:Defend","ats:Emotion Absorption","OldLady","ats:Healing Strengthening+1","ats:Charging Defense","ats:Revitalization+1","ats:Soul Absorption","ats:Apocalypse","ats:Counter Healing Mode","Doubt"],"relics":["ats:Sanity","CogitoBucket","LetterFromLob","ats:Originium","Pantograph","Bronze Scales","ats:Gyao"],"acts_visited":["Exordium"],"potions_floor_usage":[],"damage_taken":[{"damage":9.0,"enemies":"Jaw Worm","floor":1.0,"turns":4.0},{"damage":0.0,"enemies":"Small Slimes","floor":2.0,"turns":3.0},{"damage":54.0,"enemies":"3 Sentries","floor":7.0,"turns":18.0},{"damage":0.0,"enemies":"2 Louse","floor":11.0,"turns":5.0},{"damage":74.0,"enemies":"Lagavulin","floor":12.0,"turns":17.0},{"damage":70,"enemies":"Gremlin Nob","floor":14,"turns":7}],"seed_played":"7153387779095441171","potions_obtained":[{"floor":2.0,"key":"FearPotion"},{"floor":11.0,"key":"LiquidBronze"}],"is_trial":false,"path_per_floor":["M","M","?","?","$","R","E","$","T","R","M","E","?","E"],"character_chosen":"DOCTOR_CLASS","items_purchased":["ats:Revitalization"],"campfire_rested":0,"item_purchase_floors":[5],"current_hp_per_floor":[63,63,67,60,60,60,40,40,40,40,52,53,53,1,1],"gold":340,"neow_bonus":"","is_daily":false,"chose_seed":false,"campfire_upgraded":2,"win_rate":0.0,"timestamp":1610671360,"path_taken":["M","M","?","?","$","R","E","$","T","R","M","E","?","E"],"items_purchased_type":["Card"],"build_version":"2020-12-22","purchased_purges":1,"victory":false,"max_hp_per_floor":[72,72,72,72,72,72,72,72,72,72,72,72,72,72,72],"card_choices":[{"not_picked":["Murderer","OSAHOGD","SpiderBud"],"picked":"Singing Bowl","floor":1.0},{"not_picked":["BeautyBeast","Murderer"],"picked":"OldLady","floor":1.0},{"not_picked":["ats:Song Of Battle","ats:Flame Of Heaven"],"picked":"ats:Healing Strengthening","floor":1.0},{"not_picked":["FairyFestival","BigBadWolf","DreamingCurrent"],"picked":"Singing Bowl","floor":2.0},{"not_picked":["ats:Automatic Cover","ats:Cat Scratch"],"picked":"ats:Charging Defense","floor":2.0},{"not_picked":["ats:Sword Rain","ats:Counter Healing Mode"],"picked":"ats:Soul Absorption","floor":7.0},{"not_picked":["OSAHOGD","WallGazer","PunishingBird"],"picked":"Singing Bowl","floor":11.0},{"not_picked":["ats:Hook Shot","ats:Consecutive Shot Auto"],"picked":"ats:Apocalypse","floor":11.0},{"not_picked":["SpiderBud","BeautyBeast","SnowQueen"],"picked":"Singing Bowl","floor":12.0},{"not_picked":["ats:Hammer On","ats:Cat Scratch"],"picked":"ats:Counter Healing Mode","floor":12.0}],"player_experience":308557,"relics_obtained":[{"floor":1.0,"key":"LetterFromLob"},{"floor":7.0,"key":"ats:Originium"},{"floor":7.0,"key":"Pantograph"},{"floor":9.0,"key":"Bronze Scales"},{"floor":12.0,"key":"ats:Gyao"},{"floor":12.0,"key":"ats:Originium"}],"event_choices":[{"cards_removed":["ats:Strike V"],"damage_healed":0.0,"max_hp_gain":0.0,"max_hp_loss":0.0,"gold_gain":0.0,"event_name":"Golden Wing","player_choice":"Card Removal","floor":4.0,"gold_loss":0.0,"damage_taken":7.0},{"damage_healed":0.0,"max_hp_gain":0.0,"max_hp_loss":0.0,"gold_gain":175.0,"event_name":"Liars Game","player_choice":"AGREE","floor":13.0,"gold_loss":0.0,"damage_taken":0.0,"cards_obtained":["Doubt"]}],"is_beta":false,"boss_relics":[],"items_purged_floors":[5],"is_endless":false,"potions_floor_spawned":[2,11],"killed_by":"Gremlin Nob","ascension_level":1}}