{"host":"t6r1isv2bex5ovch","time":1610758980,"event":{"mods":["AchievementEnabler","Act Like it!","Aspiration","BaseMod","Better Altar","Better Note","Better Sensory Stone","Better Skull","Better Third Choice","Better Vampires","Colored Powertips","Displayed Cursed Tome","Minty Spire (QoL Compilation)","StSLib","The Bug Knight","The Jungle"],"gold_per_floor":[117,117,42,42,60,60,93,93,118,148,167,167,192,212,212,307,307,327,227,244,256,256,256],"floor_reached":22,"language":"ENG","playtime":2458,"items_purged":["HollowMod:PureNailStrike","A Thousand Cuts"],"score":267,"play_id":"f6814603-0ea5-4ef3-908b-34dda4977492","local_time":"20210116110300","is_ascension_mode":true,"campfire_choices":[{"floor":6.0,"key":"RECALL"},{"data":"HollowMod:FocusHealStart","floor":8.0,"key":"SMITH"},{"data":"HollowMod:LifebloodCocoon","floor":15.0,"key":"SMITH"}],"circlet_count":0,"master_deck":["HollowMod:NailStrikeStart","HollowMod:NailStrikeStart","HollowMod:NailStrikeStart","HollowMod:QuickDashStart","HollowMod:QuickDashStart","HollowMod:FocusHealStart+1","HollowMod:PogoStrike","HollowMod:CrystalDash","HollowMod:LifebloodCocoon+1","HollowMod:DashSlash","HollowMod:DashSlash","HollowMod:DashSlash","HollowMod:ZotesMagnificence"],"relics":["HollowMod:VesselMask","Regal Pillow","Bottled Lightning","PreservedInsect","Ancient Tea Set","Eternal Feather","Pantograph","aspiration:SecretTechniqueScroll"],"acts_visited":["Exordium","TheCity"],"potions_floor_usage":[16],"damage_taken":[{"damage":0.0,"enemies":"Jaw Worm","floor":1.0,"turns":6.0},{"damage":0.0,"enemies":"2 Louse","floor":5.0,"turns":3.0},{"damage":40.0,"enemies":"Lagavulin","floor":7.0,"turns":11.0},{"damage":19.0,"enemies":"3 Sentries","floor":10.0,"turns":9.0},{"damage":0.0,"enemies":"Cultist","floor":11.0,"turns":4.0},{"damage":11.0,"enemies":"Lagavulin","floor":13.0,"turns":7.0},{"damage":0.0,"enemies":"Exordium Wildlife","floor":14.0,"turns":4.0},{"damage":0,"enemies":"The Guardian","floor":16,"turns":16},{"damage":0,"enemies":"3 Byrds","floor":18,"turns":7},{"damage":0,"enemies":"Chosen","floor":20,"turns":5},{"damage":38,"enemies":"Centurion and Healer","floor":21,"turns":6},{"damage":43,"enemies":"Cultist and Chosen","floor":22,"turns":7}],"seed_played":"258221829561676101","potions_obtained":[{"floor":10.0,"key":"Dexterity Potion"},{"floor":11.0,"key":"Energy Potion"},{"floor":14.0,"key":"Dexterity Potion"},{"floor":21,"key":"SmokeBomb"}],"is_trial":false,"path_per_floor":["M","?","$","?","M","R","E","R","T","E","M","T","E","M","R","B",null,"M","$","M","M","M"],"character_chosen":"THE_BUGKNIGHT","items_purchased":[],"campfire_rested":0,"item_purchase_floors":[],"current_hp_per_floor":[66,52,52,45,51,51,17,17,17,10,20,20,21,31,37,74,75,75,75,75,43,0,0],"gold":256,"neow_bonus":"TRANSFORM_TWO_CARDS","is_daily":false,"chose_seed":false,"campfire_upgraded":2,"win_rate":0.0,"timestamp":1610758980,"path_taken":["M","?","$","?","M","R","E","R","T","E","M","?","E","M","R","BOSS","M","$","?","M","M"],"items_purchased_type":[],"build_version":"2020-12-22","purchased_purges":2,"victory":false,"max_hp_per_floor":[75,75,75,75,75,75,75,75,75,75,75,75,75,75,75,75,75,75,75,75,75,75,75],"card_choices":[{"not_picked":["HollowMod:NewLittleFool","HollowMod:SoulVessel"],"picked":"HollowMod:LifebloodCocoon","floor":1.0},{"not_picked":["HollowMod:VengefulSpirit","HollowMod:DreamGate"],"picked":"HollowMod:DashSlash","floor":5.0},{"not_picked":["HollowMod:BlackTendrils","HollowMod:InfectedAttack"],"picked":"HollowMod:DashSlash","floor":7.0},{"not_picked":["HollowMod:SiblingsSouls","HollowMod:WraithStrike","HollowMod:ShadowDash"],"picked":"SKIP","floor":10.0},{"not_picked":["HollowMod:SiblingsShadow","HollowMod:SoulEater"],"picked":"HollowMod:DashSlash","floor":11.0},{"not_picked":["HollowMod:InfectedCysts","HollowMod:WraithStrike","HollowMod:CornifersMapStart"],"picked":"SKIP","floor":13.0},{"not_picked":["HollowMod:SiblingsSouls","HollowMod:HeavyBlow","HollowMod:WraithStrike"],"picked":"SKIP","floor":14.0},{"not_picked":["HollowMod:VoidDash","HollowMod:PureVessel"],"picked":"HollowMod:ZotesMagnificence","floor":16},{"not_picked":["HollowMod:PureNailStrike","HollowMod:DescendingDark","HollowMod:SoulSplash"],"picked":"SKIP","floor":18},{"not_picked":["HollowMod:SiblingsSouls","HollowMod:TaintedHusks","HollowMod:QuirrelsAssistance"],"picked":"SKIP","floor":20},{"not_picked":["HollowMod:InfectedCysts","HollowMod:VengefulVoid","HollowMod:WraithStrike"],"picked":"SKIP","floor":21}],"player_experience":409254,"relics_obtained":[{"floor":7.0,"key":"Bottled Lightning"},{"floor":9.0,"key":"PreservedInsect"},{"floor":10.0,"key":"Ancient Tea Set"},{"floor":12.0,"key":"Eternal Feather"},{"floor":13.0,"key":"Pantograph"}],"event_choices":[{"cards_removed":["HollowMod:QuickDashStart"],"damage_healed":0.0,"max_hp_gain":0.0,"max_hp_loss":0.0,"gold_gain":0.0,"event_name":"Golden Wing","player_choice":"Card Removal","floor":4.0,"gold_loss":0.0,"damage_taken":7.0}],"is_beta":false,"boss_relics":[{"not_picked":["Fusion Hammer","Ectoplasm"],"picked":"aspiration:SecretTechniqueScroll"}],"items_purged_floors":[3,19],"is_endless":false,"potions_floor_spawned":[10,11,14,21],"killed_by":"Cultist and Chosen","ascension_level":1}}