{"host":"vddkjx04kiwje1tk","time":1610671110,"event":{"mods":["AchievementEnabler","BaseMod","Colored Map","Minty Spire (QoL Compilation)","Quick Restart","SuperFastMode"],"gold_per_floor":[114,114,39,39,59,93,93,93,93],"floor_reached":8,"language":"KOR","playtime":288,"items_purged":["Strike_P"],"score":87,"play_id":"577c0a14-efd4-4482-afcf-f0ab2284ea7a","local_time":"20210115093830","is_ascension_mode":true,"campfire_choices":[{"data":"PathToVictory","floor":7,"key":"SMITH"}],"circlet_count":0,"master_deck":["Strike_P","Strike_P","Strike_P","Defend_P","Defend_P","Defend_P","Defend_P","Eruption","Vigilance","PathToVictory+1"],"relics":["PureWater","NeowsBlessing","Golden Idol","Boot"],"acts_visited":["Exordium"],"potions_floor_usage":[8],"damage_taken":[{"damage":0,"enemies":"2 Louse","floor":1,"turns":1},{"damage":0,"enemies":"Jaw Worm","floor":5,"turns":1},{"damage":0,"enemies":"Lagavulin","floor":6,"turns":1},{"damage":36,"enemies":"3 Sentries","floor":8,"turns":11}],"seed_played":"-5915313565686379586","potions_obtained":[{"floor":1,"key":"StancePotion"}],"is_trial":false,"path_per_floor":["M","?","$","?","M","E","R","E"],"character_chosen":"WATCHER","items_purchased":[],"campfire_rested":0,"item_purchase_floors":[],"current_hp_per_floor":[72,54,54,54,54,54,54,18,18],"gold":93,"neow_bonus":"THREE_ENEMY_KILL","is_daily":false,"chose_seed":false,"campfire_upgraded":1,"win_rate":0.0,"timestamp":1610671110,"path_taken":["M","?","$","?","?","E","R","E"],"items_purchased_type":[],"build_version":"2020-12-22","purchased_purges":1,"victory":false,"max_hp_per_floor":[72,72,72,72,72,72,72,72,72],"card_choices":[{"not_picked":["Sanctity","ClearTheMind","EmptyFist"],"picked":"SKIP","floor":1},{"not_picked":["BowlingBash","CrushJoints","FlyingSleeves"],"picked":"SKIP","floor":5},{"not_picked":["DeceiveReality","FlurryOfBlows","Worship"],"picked":"SKIP","floor":6}],"player_experience":270479,"relics_obtained":[{"floor":6,"key":"Boot"}],"event_choices":[{"damage_healed":0,"gold_gain":0,"player_choice":"Take Damage","damage_taken":18,"relics_obtained":["Golden Idol"],"max_hp_gain":0,"max_hp_loss":0,"event_name":"Golden Idol","floor":2,"gold_loss":0},{"damage_healed":0,"gold_gain":0,"player_choice":"1 cards matched","damage_taken":0,"max_hp_gain":0,"max_hp_loss":0,"event_name":"Match and Keep!","floor":4,"gold_loss":0,"cards_obtained":["PathToVictory"]}],"is_beta":false,"boss_relics":[],"items_purged_floors":[3],"is_endless":false,"potions_floor_spawned":[1],"killed_by":"3 Sentries","ascension_level":2}}