{"host":"bq4pt811tk9yrmjl","time":1610745776,"event":{"mods":["AchievementEnabler","BaseMod","Colored Map","Colored Powertips","Defuse TimeMaze Blight","Hermit","Minty Spire (QoL Compilation)","StSLib","SuperFastMode"],"gold_per_floor":[112,112,112,112,128,153,167,167,191,223,236,236,265,283,283,380,380,395,395,197,296,306,334,351,351,433,433,433,453,481,492,492,492,492],"floor_reached":33,"language":"ENG","playtime":771,"items_purged":[],"score":326,"play_id":"fb81d9ec-8638-454e-81a8-01941b468d57","local_time":"20210115192256","is_ascension_mode":true,"campfire_choices":[{"data":"Dash","floor":8.0,"key":"SMITH"},{"data":"Neutralize","floor":12,"key":"SMITH"},{"data":"Noxious Fumes","floor":15,"key":"SMITH"},{"floor":25,"key":"REST"},{"floor":28,"key":"RECALL"},{"data":"Deflect","floor":32,"key":"SMITH"}],"circlet_count":0,"master_deck":["Strike_G","Strike_G","Strike_G","Strike_G","Strike_G","Defend_G+1","Defend_G","Defend_G","Defend_G","Defend_G+1","Survivor","Neutralize+1","Dash+1","Deflect+1","Escape Plan+1","Noxious Fumes+1","Adrenaline+1","Terror+1","Flying Knee+1","Blade Dance+1","Dagger Spray+1","Flying Knee+1","Dodge and Roll+1"],"relics":["Ring of the Serpent","NeowsBlessing","War Paint","Molten Egg 2","Oddly Smooth Stone","Toxic Egg 2","Blood Vial","TwistedFunnel","Regal Pillow","Enchiridion","Red Mask"],"acts_visited":["Exordium","TheCity"],"potions_floor_usage":[10,13,13,14,22,29,30,33],"damage_taken":[{"damage":0.0,"enemies":"Small Slimes","floor":1.0,"turns":1.0},{"damage":0.0,"enemies":"Jaw Worm","floor":5.0,"turns":1.0},{"damage":0.0,"enemies":"Gremlin Nob","floor":6.0,"turns":1.0},{"damage":0.0,"enemies":"Cultist","floor":7.0,"turns":3.0},{"damage":3,"enemies":"3 Sentries","floor":10,"turns":11},{"damage":0,"enemies":"Blue Slaver","floor":11,"turns":4},{"damage":1,"enemies":"Lagavulin","floor":13,"turns":7},{"damage":0,"enemies":"Looter","floor":14,"turns":2},{"damage":42,"enemies":"Slime Boss","floor":16,"turns":13},{"damage":3,"enemies":"Shell Parasite","floor":18,"turns":6},{"damage":6,"enemies":"2 Thieves","floor":22,"turns":4},{"damage":18,"enemies":"Book of Stabbing","floor":23,"turns":6},{"damage":0,"enemies":"Centurion and Healer","floor":24,"turns":5},{"damage":0,"enemies":"Snecko","floor":29,"turns":4},{"damage":0,"enemies":"Masked Bandits","floor":30,"turns":2},{"damage":0,"enemies":"Sentry and Sphere","floor":31,"turns":4},{"damage":88,"enemies":"Champ","floor":33,"turns":10}],"seed_played":"-6343661516796268006","potions_obtained":[{"floor":1.0,"key":"EntropicBrew"},{"floor":13,"key":"Fire Potion"},{"floor":18,"key":"SkillPotion"},{"floor":24,"key":"Regen Potion"},{"floor":29,"key":"Energy Potion"},{"floor":31,"key":"Fire Potion"}],"is_trial":false,"path_per_floor":["M","$","?","?","M","E","M","R","T","E","M","R","E","M","R","B",null,"M","?","$","?","M","E","M","R","T","?","R","M","?","M","R","B"],"character_chosen":"THE_SILENT","items_purchased":["Flying Knee+1","TwistedFunnel"],"campfire_rested":1,"item_purchase_floors":[20,20],"current_hp_per_floor":[70,70,58,58,58,58,58,58,58,55,55,55,69,70,70,28,70,67,54,54,54,50,34,36,73,73,57,57,71,73,75,75,0,0],"gold":492,"neow_bonus":"THREE_ENEMY_KILL","is_daily":false,"chose_seed":false,"campfire_upgraded":4,"win_rate":0.0,"timestamp":1610745776,"path_taken":["M","$","?","?","?","E","?","R","T","E","M","R","E","M","R","BOSS","M","?","$","?","M","E","?","R","T","?","R","M","?","M","R","BOSS"],"items_purchased_type":["Card","Relic"],"build_version":"2020-12-22","purchased_purges":0,"victory":false,"max_hp_per_floor":[70,70,70,70,70,70,70,70,70,70,70,70,70,70,70,70,70,70,75,75,75,75,75,75,75,75,75,75,75,75,75,75,75,75],"card_choices":[{"not_picked":["Quick Slash","Predator"],"picked":"Dash","floor":1.0},{"not_picked":["Backflip","Eviscerate"],"picked":"Deflect","floor":5.0},{"not_picked":["Finisher+1","Infinite Blades","Terror"],"picked":"SKIP","floor":6.0},{"not_picked":["Prepared","Catalyst","Outmaneuver"],"picked":"SKIP","floor":7.0},{"not_picked":["Bane+1","Dagger Spray+1"],"picked":"Escape Plan+1","floor":10},{"not_picked":["Caltrops","Eviscerate+1","Choke+1"],"picked":"SKIP","floor":11},{"not_picked":["Eviscerate+1","Prepared+1","Tools of the Trade"],"picked":"SKIP","floor":13},{"not_picked":["Backflip+1","Deadly Poison+1"],"picked":"Noxious Fumes","floor":14},{"not_picked":["Night Terror+1","Bullet Time+1"],"picked":"Adrenaline+1","floor":16},{"not_picked":["PiercingWail+1","Dagger Throw+1"],"picked":"Terror+1","floor":18},{"not_picked":["Accuracy","Setup+1","Concentrate+1"],"picked":"SKIP","floor":22},{"not_picked":["Expertise+1","Underhanded Strike+1","Setup+1"],"picked":"SKIP","floor":23},{"not_picked":["Sucker Punch+1","Acrobatics+1"],"picked":"Blade Dance+1","floor":24},{"not_picked":["Blade Dance+1","Terror+1"],"picked":"Dagger Spray+1","floor":29},{"not_picked":["Adrenaline+1","Dagger Throw+1"],"picked":"Flying Knee+1","floor":30},{"not_picked":["Slice+1","Riddle With Holes+1"],"picked":"Dodge and Roll+1","floor":31}],"player_experience":163861,"relics_obtained":[{"floor":6.0,"key":"Molten Egg 2"},{"floor":9.0,"key":"Oddly Smooth Stone"},{"floor":10,"key":"Toxic Egg 2"},{"floor":13,"key":"Blood Vial"},{"floor":23,"key":"Regal Pillow"},{"floor":27,"key":"Enchiridion"},{"floor":30,"key":"Red Mask"}],"event_choices":[{"damage_healed":0.0,"max_hp_gain":0.0,"max_hp_loss":0.0,"gold_gain":0.0,"event_name":"Scrap Ooze","player_choice":"Success","floor":3.0,"gold_loss":0.0,"damage_taken":12.0,"relics_obtained":["War Paint"]},{"damage_healed":0.0,"max_hp_gain":0.0,"max_hp_loss":0.0,"gold_gain":0.0,"event_name":"Liars Game","player_choice":"Ignored","floor":4.0,"gold_loss":0.0,"damage_taken":0.0},{"damage_healed":0,"gold_gain":0,"player_choice":"Shed Blood","damage_taken":18,"max_hp_gain":5,"max_hp_loss":0,"event_name":"Forgotten Altar","floor":19,"gold_loss":0},{"damage_healed":0,"gold_gain":99,"player_choice":"Stole From Cult","damage_taken":0,"max_hp_gain":0,"max_hp_loss":0,"event_name":"Nest","floor":21,"gold_loss":0},{"damage_healed":0,"gold_gain":0,"player_choice":"Obtained Book","damage_taken":16,"max_hp_gain":0,"max_hp_loss":0,"event_name":"Cursed Tome","floor":27,"gold_loss":0},{"damage_healed":0,"gold_gain":0,"player_choice":"Fought Bandits","damage_taken":0,"max_hp_gain":0,"max_hp_loss":0,"event_name":"Masked Bandits","floor":30,"gold_loss":0}],"is_beta":false,"boss_relics":[{"not_picked":["Ectoplasm","Velvet Choker"],"picked":"Ring of the Serpent"}],"items_purged_floors":[],"is_endless":false,"potions_floor_spawned":[1,5,13,18,24,29,31],"killed_by":"Champ","ascension_level":1}}