{"host":"jlk2k69f9c6o7b3e","time":1610737422,"event":{"mods":["BaseMod","Minty Spire (QoL Compilation)","StSLib"],"gold_per_floor":[118,193,212,212,231,258,258,283,283,283,318,338,370,152,152,252,252,263,274,284,284,314,340,340,368,368,368,384,401,434,448,448,551,551,562,264,314,328,328,358,370,400,450,465,465,687,687,722,722,722,722,722,16,41,41],"floor_reached":56,"language":"ZHS","playtime":6191,"items_purged":["Regret","Machine Learning+1"],"score":1473,"play_id":"78a0fabf-7481-415a-aace-1ec7c06c3a5b","local_time":"20210116030342","is_ascension_mode":true,"campfire_choices":[{"floor":7.0,"key":"RECALL"},{"data":"Phantasmal Killer","floor":15.0,"key":"SMITH"},{"data":"Infinite Blades","floor":24.0,"key":"SMITH"},{"data":"Blade Dance","floor":32.0,"key":"SMITH"},{"data":"Jack Of All Trades","floor":45.0,"key":"SMITH"},{"data":"Secret Technique","floor":49.0,"key":"SMITH"},{"data":"Choke","floor":52.0,"key":"SMITH"}],"circlet_count":0,"master_deck":["Strike_G+1","Strike_G+1","Strike_G+1","Strike_G+1","Defend_G+1","Defend_G+1","Defend_G+1","Defend_G+1","Defend_G+1","Survivor","Neutralize","Sucker Punch","Cloak And Dagger","PiercingWail","Dagger Spray","Choke+1","Blade Dance+1","Acrobatics","Heel Hook","Phantasmal Killer+1","Doppelganger","Flying Knee+1","Infinite Blades+1","Quick Slash+1","Accuracy+1","Finisher+1","FollowUp+1","Consecrate+1","Prepared","Secret Technique+1","Jack Of All Trades+1","Mayhem+1","Flex","Armaments+1","Hologram+1","Hologram+1","Hologram+1","Tools of the Trade+1","Neutralize+1","Envenom+1","Concentrate"],"relics":["Ring of the Serpent","Incense Burner","CaptainsWheel","InkBottle","Bottled Lightning","Meat on the Bone","The Specimen","Odd Mushroom","Strawberry","PrismaticShard","Black Star","Red Mask","Frozen Egg 2","Pantograph","Molten Egg 2","Ornamental Fan","Gremlin Horn","Mango","Ninja Scroll","Boot","Prayer Wheel","Eternal Feather","Vajra","Bag of Preparation","Shuriken","Kunai","Happy Flower","Membership Card","Bottled Flame","Lizard Tail","TungstenRod","StoneCalendar"],"acts_visited":["Exordium","TheCity","TheBeyond","TheEnding"],"potions_floor_usage":[55,55,55,55,55],"damage_taken":[{"damage":0.0,"enemies":"2 Louse","floor":1.0,"turns":2.0},{"damage":2.0,"enemies":"Cultist","floor":3.0,"turns":4.0},{"damage":1.0,"enemies":"Small Slimes","floor":5.0,"turns":4.0},{"damage":7.0,"enemies":"3 Sentries","floor":6.0,"turns":9.0},{"damage":9.0,"enemies":"Gremlin Nob","floor":8.0,"turns":5.0},{"damage":19.0,"enemies":"Lagavulin","floor":11.0,"turns":6.0},{"damage":3.0,"enemies":"The Mushroom Lair","floor":12.0,"turns":4.0},{"damage":10.0,"enemies":"3 Sentries","floor":13.0,"turns":7.0},{"damage":41.0,"enemies":"The Guardian","floor":16.0,"turns":12.0},{"damage":7.0,"enemies":"Shell Parasite","floor":18.0,"turns":5.0},{"damage":29.0,"enemies":"Spheric Guardian","floor":19.0,"turns":7.0},{"damage":2.0,"enemies":"Centurion and Healer","floor":20.0,"turns":5.0},{"damage":13.0,"enemies":"Masked Bandits","floor":22.0,"turns":5.0},{"damage":37.0,"enemies":"Slavers","floor":23.0,"turns":6.0},{"damage":4.0,"enemies":"Gremlin Leader","floor":25.0,"turns":9.0},{"damage":3.0,"enemies":"Sentry and Sphere","floor":28.0,"turns":6.0},{"damage":1.0,"enemies":"Snecko","floor":29.0,"turns":4.0},{"damage":21.0,"enemies":"Slavers","floor":30.0,"turns":6.0},{"damage":1.0,"enemies":"Shelled Parasite and Fungi","floor":31.0,"turns":4.0},{"damage":66.0,"enemies":"Collector","floor":33.0,"turns":8.0},{"damage":0.0,"enemies":"3 Darklings","floor":35.0,"turns":3.0},{"damage":20.0,"enemies":"Mind Bloom Boss Battle","floor":37.0,"turns":5.0},{"damage":22.0,"enemies":"3 Shapes","floor":38.0,"turns":8.0},{"damage":23.0,"enemies":"Nemesis","floor":40.0,"turns":5.0},{"damage":0.0,"enemies":"Transient","floor":41.0,"turns":5.0},{"damage":9.0,"enemies":"Reptomancer","floor":42.0,"turns":3.0},{"damage":15.0,"enemies":"Writhing Mass","floor":44.0,"turns":3.0},{"damage":28.0,"enemies":"Nemesis","floor":48.0,"turns":5.0},{"damage":15.0,"enemies":"Awakened One","floor":50.0,"turns":8.0},{"damage":0.0,"enemies":"Shield and Spear","floor":54.0,"turns":3.0},{"damage":39,"enemies":"The Heart","floor":55,"turns":7}],"seed_played":"3455083221858990010","potions_obtained":[{"floor":6.0,"key":"SneckoOil"},{"floor":8.0,"key":"AttackPotion"},{"floor":13.0,"key":"LiquidMemories"},{"floor":16.0,"key":"SpeedPotion"},{"floor":19.0,"key":"Ancient Potion"},{"floor":22.0,"key":"Energy Potion"},{"floor":23.0,"key":"Ancient Potion"},{"floor":25.0,"key":"SpeedPotion"},{"floor":29.0,"key":"Poison Potion"},{"floor":33.0,"key":"PowerPotion"},{"floor":35.0,"key":"CunningPotion"},{"floor":42.0,"key":"Dexterity Potion"}],"is_trial":false,"path_per_floor":["M","?","M","?","M","E","R","E","T","?","E","?","E","$","R","B",null,"M","M","M","?","?","E","R","E","T","?","M","M","E","M","R","B",null,"M","$","?","M","?","E","M","E","T","M","R","?","?","E","R","B",null,"R","$","E","B",null],"character_chosen":"THE_SILENT","items_purchased":["PrismaticShard","Accuracy+1","Boot","Finisher+1","Membership Card","Bottled Flame","Envenom+1","Concentrate","GamblersBrew","EntropicBrew","Block Potion","Lizard Tail"],"campfire_rested":0,"item_purchase_floors":[14,36,36,36,53,53,53,53,53,53,53,53],"current_hp_per_floor":[63,52,50,50,49,42,42,33,33,33,26,35,44,44,44,15,70,63,46,44,44,43,18,18,26,26,26,35,46,51,50,50,21,84,84,84,64,54,44,33,45,48,48,45,66,66,66,50,74,69,84,84,84,84,45],"gold":41,"neow_bonus":"ONE_RARE_RELIC","is_daily":false,"chose_seed":false,"campfire_upgraded":6,"win_rate":0.0,"timestamp":1610737422,"path_taken":["M","?","M","?","?","E","R","E","T","?","E","?","E","$","R","BOSS","M","M","M","?","?","E","R","E","T","?","M","M","E","M","R","BOSS","M","$","?","M","?","E","M","E","T","M","R","?","?","E","R","BOSS","R","$","E","BOSS"],"items_purchased_type":["Relic","Card","Relic","Card","Relic","Relic","Card","Card","Potion","Potion","Potion","Relic"],"build_version":"2020-12-22","purchased_purges":2,"victory":true,"max_hp_per_floor":[63,63,63,63,63,63,63,63,63,63,63,63,70,70,70,70,70,70,70,70,70,70,70,70,70,70,70,70,70,84,84,84,84,84,84,84,84,84,84,84,84,84,84,84,84,84,84,84,84,84,84,84,84,84,84],"card_choices":[{"not_picked":["PiercingWail","Bane"],"picked":"Sucker Punch","floor":1.0},{"not_picked":["Deflect","Quick Slash"],"picked":"Cloak And Dagger","floor":3.0},{"not_picked":["Deflect","Dodge and Roll"],"picked":"Dagger Spray","floor":5.0},{"not_picked":["Terror","Dodge and Roll"],"picked":"Choke","floor":6.0},{"not_picked":["Well Laid Plans","Heel Hook"],"picked":"Blade Dance","floor":8.0},{"not_picked":["Flying Knee","Bane"],"picked":"Acrobatics","floor":11.0},{"not_picked":["Poisoned Stab","Tactician"],"picked":"Heel Hook","floor":12.0},{"not_picked":["Sucker Punch","All Out Attack"],"picked":"Phantasmal Killer","floor":13.0},{"not_picked":["Night Terror","Electrodynamics"],"picked":"Doppelganger","floor":16.0},{"not_picked":["Leap","Capacitor+1"],"picked":"Flying Knee+1","floor":18.0},{"not_picked":["Halt","Blood for Blood","Quick Slash"],"picked":"SKIP","floor":19.0},{"not_picked":["Dagger Spray","Perfected Strike","Tantrum"],"picked":"SKIP","floor":20.0},{"not_picked":["Doom and Gloom+1","Reinforced Body+1","Heavy Blade"],"picked":"SKIP","floor":23.0},{"not_picked":["Clothesline+1","Dodge and Roll","FlyingSleeves+1"],"picked":"SKIP","floor":25.0},{"not_picked":["ThirdEye","PiercingWail"],"picked":"Quick Slash+1","floor":28.0},{"not_picked":["Havoc","Poisoned Stab+1","Deflect"],"picked":"SKIP","floor":29.0},{"not_picked":["EmptyMind","Twin Strike+1","Endless Agony+1"],"picked":"SKIP","floor":30.0},{"not_picked":["The Bomb","Wild Strike+1","Twin Strike+1"],"picked":"SKIP","floor":31.0},{"not_picked":["Ragnarok+1","Phantasmal Killer"],"picked":"Machine Learning+1","floor":33.0},{"not_picked":["Sanctity","Swift Strike+1","ClearTheMind+1"],"picked":"SKIP","floor":35.0},{"not_picked":["Stack+1","Crescendo+1"],"picked":"FollowUp+1","floor":37.0},{"not_picked":["Crippling Poison","Clothesline+1"],"picked":"Consecrate+1","floor":38.0},{"not_picked":["Metamorphosis","Prostrate"],"picked":"Prepared","floor":38.0},{"not_picked":["Dark Shackles","The Bomb"],"picked":"Secret Technique","floor":39.0},{"not_picked":["Thinking Ahead","Deep Breath"],"picked":"Jack Of All Trades","floor":39.0},{"not_picked":["Dark Shackles","Finesse"],"picked":"Mayhem+1","floor":39.0},{"not_picked":["DeceiveReality","Chill+1"],"picked":"Flex","floor":40.0},{"not_picked":["Sunder+1","Slice+1"],"picked":"Armaments+1","floor":41.0},{"not_picked":["Wireheading+1","Deflect+1","Defragment+1"],"picked":"SKIP","floor":41.0},{"not_picked":["Sweeping Beam+1","Ball Lightning+1"],"picked":"Hologram+1","floor":42.0},{"not_picked":["Iron Wave+1","Prepared"],"picked":"Hologram+1","floor":44.0},{"not_picked":["DevaForm+1","Cold Snap+1"],"picked":"Hologram+1","floor":44.0},{"not_picked":["Sucker Punch+1","Tactician+1","Cold Snap+1"],"picked":"SKIP","floor":48.0},{"not_picked":["Escape Plan","Anger+1","Blur+1"],"picked":"SKIP","floor":54.0}],"player_experience":238333,"relics_obtained":[{"floor":6.0,"key":"CaptainsWheel"},{"floor":8.0,"key":"InkBottle"},{"floor":9.0,"key":"Bottled Lightning"},{"floor":11.0,"key":"The Specimen"},{"floor":12.0,"key":"Odd Mushroom"},{"floor":13.0,"key":"Strawberry"},{"floor":22.0,"key":"Red Mask"},{"floor":23.0,"key":"Frozen Egg 2"},{"floor":23.0,"key":"Pantograph"},{"floor":25.0,"key":"Molten Egg 2"},{"floor":25.0,"key":"Ornamental Fan"},{"floor":26.0,"key":"Gremlin Horn"},{"floor":30.0,"key":"Mango"},{"floor":30.0,"key":"Ninja Scroll"},{"floor":37.0,"key":"Prayer Wheel"},{"floor":40.0,"key":"Eternal Feather"},{"floor":40.0,"key":"Vajra"},{"floor":42.0,"key":"Bag of Preparation"},{"floor":42.0,"key":"Shuriken"},{"floor":48.0,"key":"Kunai"},{"floor":48.0,"key":"Happy Flower"},{"floor":54.0,"key":"TungstenRod"},{"floor":54.0,"key":"StoneCalendar"}],"event_choices":[{"damage_healed":0.0,"max_hp_gain":0.0,"max_hp_loss":0.0,"gold_gain":75.0,"event_name":"World of Goop","player_choice":"Gather Gold","floor":2.0,"gold_loss":0.0,"damage_taken":11.0},{"damage_healed":0.0,"max_hp_gain":0.0,"max_hp_loss":0.0,"gold_gain":0.0,"cards_transformed":["Strike_G"],"event_name":"Transmorgrifier","player_choice":"Transformed","floor":4.0,"gold_loss":0.0,"damage_taken":0.0,"cards_obtained":["PiercingWail"]},{"damage_healed":0.0,"max_hp_gain":0.0,"max_hp_loss":0.0,"gold_gain":0.0,"event_name":"Big Fish","player_choice":"Box","floor":10.0,"gold_loss":0.0,"damage_taken":0.0,"relics_obtained":["Meat on the Bone"],"cards_obtained":["Regret"]},{"damage_healed":0.0,"max_hp_gain":0.0,"max_hp_loss":0.0,"gold_gain":0.0,"event_name":"Mushrooms","player_choice":"Fought Mushrooms","floor":12.0,"gold_loss":0.0,"damage_taken":0.0},{"damage_healed":0.0,"max_hp_gain":0.0,"max_hp_loss":0.0,"gold_gain":0.0,"event_name":"The Library","player_choice":"Read","floor":21.0,"gold_loss":0.0,"damage_taken":0.0,"cards_obtained":["Infinite Blades"]},{"damage_healed":0.0,"max_hp_gain":0.0,"max_hp_loss":0.0,"gold_gain":0.0,"event_name":"Masked Bandits","player_choice":"Fought Bandits","floor":22.0,"gold_loss":0.0,"damage_taken":0.0},{"damage_healed":0.0,"max_hp_gain":0.0,"max_hp_loss":0.0,"gold_gain":0.0,"event_name":"Back to Basics","player_choice":"Simplicity","floor":27.0,"gold_loss":0.0,"damage_taken":0.0,"cards_upgraded":["Strike_G","Strike_G","Strike_G","Strike_G","Defend_G","Defend_G","Defend_G","Defend_G","Defend_G"]},{"damage_healed":0.0,"max_hp_gain":0.0,"max_hp_loss":0.0,"gold_gain":0.0,"event_name":"MindBloom","player_choice":"Fight","floor":37.0,"gold_loss":0.0,"damage_taken":0.0},{"damage_healed":0.0,"max_hp_gain":0.0,"max_hp_loss":0.0,"gold_gain":0.0,"event_name":"SensoryStone","player_choice":"Memory 3","floor":39.0,"gold_loss":0.0,"damage_taken":10.0},{"damage_healed":0.0,"max_hp_gain":0.0,"max_hp_loss":0.0,"gold_gain":222.0,"event_name":"Tomb of Lord Red Mask","player_choice":"Wore Mask","floor":46.0,"gold_loss":0.0,"damage_taken":0.0},{"damage_healed":0.0,"max_hp_gain":0.0,"max_hp_loss":0.0,"gold_gain":0.0,"event_name":"Match and Keep!","player_choice":"2 cards matched","floor":47.0,"gold_loss":0.0,"damage_taken":0.0,"cards_obtained":["Tools of the Trade","Neutralize"]}],"is_beta":false,"boss_relics":[{"not_picked":["HoveringKite","Runic Pyramid"],"picked":"Black Star"},{"not_picked":["Runic Dome","Pandora\u0027s Box"],"picked":"Ring of the Serpent"}],"items_purged_floors":[14,53],"is_endless":false,"potions_floor_spawned":[6,8,13,16,19,22,23,25,29,33,35,42],"ascension_level":2}}