{"host":"xnqncvgyblhj9i4n","time":1610715965,"event":{"mods":["Ascension Reborn","Aspiration","BaseMod","Better Vampires","Friendly Minions","GifTheSpireLib","Library of Ruina","Library of Ruina Extra","Minty Spire (QoL Compilation)","Replay The Spire","StSLib"],"gold_per_floor":[120,134,170,181,35,35,60,60,112,128,14,14,44,44,44,141,141,153,172,2,22,36,70,70,70,96,96,46,76,88,100,112,222,234,262,291,180,230,247,274,274,293,293,325,325,335,335,348,348,348,348],"floor_reached":52,"language":"ZHS","playtime":2046,"items_purged":["SpearedSweep","StartinOutLightly"],"score":923,"play_id":"d2536a7f-989d-4f7a-80b8-5739b5f8a325","local_time":"20210115210605","is_ascension_mode":true,"campfire_choices":[{"floor":6,"key":"REST"},{"data":"LeRegole","floor":12,"key":"SMITH"},{"data":"LeRegole","floor":15,"key":"SMITH"},{"data":"Apotheosis","floor":27,"key":"SMITH"},{"data":"HandlingWork","floor":30,"key":"SMITH"},{"floor":32,"key":"REST"},{"data":"Suppress","floor":41,"key":"SMITH"},{"data":"Guardian_lor","floor":45,"key":"SMITH"},{"floor":49,"key":"REST"}],"circlet_count":0,"master_deck":["Dodge","LightDefense","LightAttack","LightAttack","LightAttack","LightDefense","LightDefense","LightDefense","ChargeAndCover","FocusedStrikes","ReplayTheSpireMod:Uncanny Aura","RagingStorm","Suppress","RipSpace","LeRegole+1","LeRegole+1","SenseQuarry","GrazeTheGrass+1","Apotheosis+1","Suppress+1","AsThePrescriptOrders","HandlingWork+1","J.A.X.","Tttonst","FrontalAssault","LeRegole+1","Struggle+1","Leap_lor+1","Guardian_lor+1","YoureTooSlow+1","Riposte+1"],"relics":["PageOfLibrarian","Incense Burner","PageOfSnowWhitesApple","Chameleon Ring","PageOfTodaysShyLook","Smiling Mask","Painkiller Herb","Akabeko","aspiration:Stabinomicon","Happy Flower","MawBank","aspiration:FutureDiary","PageOfTheKnightOfDespair","PageOfTheQueenOfHatred","PageOfGreed","PageOfWrath","PageOfNihil"],"acts_visited":["Exordium","TheCity","TheBeyond"],"potions_floor_usage":[16,18,23,29,33,44,46,46,50],"damage_taken":[{"damage":0.0,"enemies":"Jaw Worm","floor":1.0,"turns":4.0},{"damage":5.0,"enemies":"2 Louse","floor":2.0,"turns":3.0},{"damage":2,"enemies":"Small Slimes","floor":4,"turns":3},{"damage":6,"enemies":"Gremlin Nob","floor":7,"turns":3},{"damage":0,"enemies":"3 Louse","floor":10,"turns":1},{"damage":0,"enemies":"The Guardian","floor":16,"turns":7},{"damage":0,"enemies":"Spheric Guardian","floor":18,"turns":3},{"damage":0,"enemies":"Shell Parasite","floor":19,"turns":2},{"damage":0,"enemies":"Shelled Parasite and Fungi","floor":21,"turns":2},{"damage":13,"enemies":"Snake Plant","floor":22,"turns":3},{"damage":0,"enemies":"Replay:Snechameleon","floor":23,"turns":4},{"damage":0,"enemies":"Gremlin Leader","floor":29,"turns":2},{"damage":10,"enemies":"Pondfish","floor":33,"turns":6},{"damage":0,"enemies":"Orb Walker","floor":35,"turns":1},{"damage":27,"enemies":"3 Darklings","floor":36,"turns":3},{"damage":9,"enemies":"Mind Bloom Boss Battle","floor":38,"turns":4},{"damage":0,"enemies":"Transient","floor":39,"turns":5},{"damage":0,"enemies":"Nemesis","floor":40,"turns":3},{"damage":0,"enemies":"Sphere and 2 Shapes","floor":42,"turns":4},{"damage":25,"enemies":"R_Hoarder","floor":44,"turns":3},{"damage":93,"enemies":"Reptomancer","floor":46,"turns":8},{"damage":0,"enemies":"Spire Growth","floor":48,"turns":4},{"damage":34,"enemies":"Replay:Hell Engine","floor":50,"turns":8},{"damage":3,"enemies":"Replay:Hell Engine","floor":51,"turns":6}],"seed_played":"3792068463963190929","potions_obtained":[{"floor":2.0,"key":"Block Potion"},{"floor":7,"key":"Reflective Coating"},{"floor":16,"key":"Ancient Potion"},{"floor":19,"key":"Ancient Potion"},{"floor":23,"key":"FearPotion"},{"floor":33,"key":"Venom Potion"},{"floor":35,"key":"SpeedPotion"},{"floor":38,"key":"Explosive Potion"},{"floor":46,"key":"SpeedPotion"}],"is_trial":false,"path_per_floor":["M","M","?","M","$","R","E","?","T","M","$","R","?","$","R","B",null,"?","?","T","?","?","E","?","?","T","T","T","E","T","?","T","B",null,"?","?","T","?","?","E","T","?","T","E","T","E","?","?","T","B",null,null],"character_chosen":"Librarian","items_purchased":["PageOfSnowWhitesApple","LeRegole","Apotheosis","LeRegole"],"campfire_rested":3,"item_purchase_floors":[5,11,20,37],"current_hp_per_floor":[60,55,37,36,36,61,55,60,60,60,60,60,60,60,60,60,89,89,89,89,89,76,76,59,43,43,43,43,43,43,43,71,61,94,94,67,67,63,63,75,75,79,79,58,58,28,28,32,100,42,59],"gold":348,"neow_bonus":"RANDOM_COLORLESS","is_daily":false,"chose_seed":false,"campfire_upgraded":6,"win_rate":0.0,"timestamp":1610715965,"path_taken":["M","M","?","M","$","R","E","?","T","M","?","R","?","$","R","BOSS","?","?","T","?","?","E","?","?","T","T","T","E","T","?","T","BOSS","?","?","T","?","?","E","T","?","T","E","T","E","?","?","T","BOSS"],"items_purchased_type":["Relic","Card","Card","Card"],"build_version":"2020-12-22","purchased_purges":2,"victory":true,"max_hp_per_floor":[84,74,74,74,74,84,84,89,89,89,89,89,89,89,89,89,89,89,89,89,89,89,89,94,94,94,94,94,94,94,94,94,94,94,94,94,94,94,86,86,94,94,94,229,229,229,229,229,229,229,229],"card_choices":[{"not_picked":["Impatience","ReplayTheSpireMod:Trickstab"],"picked":"ReplayTheSpireMod:Uncanny Aura","floor":0.0},{"not_picked":["Thrust","QuickAttack","PreemptiveStrike","Unlock1","HandleRequest","Brawl","Parry2","EnergyStrike"],"picked":"StartinOutLightly","floor":1.0},{"not_picked":["QuickSuppression","StrongStrike","HighKick","VenomousFangs","CombatPreparation","HandleRequest","EnergyStrike","Gigigig"],"picked":"RagingStorm","floor":2.0},{"not_picked":["Rewind","Unlock1","SmokingPipe","AbsorbImpact","Parry2","ChopItOff","IngredientHunt","BackAttack"],"picked":"SpearedSweep","floor":3},{"not_picked":["Diversion","GuidanceOfTheGears","FierceCharge","Faith","SunsetBlade","DesperateStruggle","Pound","NightInTheBackstreets"],"picked":"Suppress","floor":4},{"not_picked":["BayonetCombat","DeepDrag","SerpentSwordTechnique","Brawl","EnergyShield","RatsGuideToSurvival","Rewind","ScatteringSlash"],"picked":"RipSpace","floor":7},{"not_picked":["ClassAndRespect","NonstopAssault","EnergyStrike","FleetEdge","Unlock1","EndlessBattle","MindPrepared","AssaultOrder","QuickSuppression"],"picked":"SKIP","floor":10},{"not_picked":["FormingStorm","TrashDisposal"],"picked":"SenseQuarry","floor":16},{"not_picked":["SnakesPrey+1","SuppressingShot","Outburst","OpportunitySpotted","CircusKnives","Quickness","Reload","ForTheFamily"],"picked":"GrazeTheGrass+1","floor":18},{"not_picked":["BackAttack","EnergyShield","SnakeSlit","Parry+1","MultiBlock","SkitterAway","ClassAndRespect","Diversion","Pound"],"picked":"SKIP","floor":19},{"not_picked":["PreemptiveStrike","HiddenBlade","AbsorbImpact+1","StrikeDown","FrontalAssault","EnergyStrike","GuardingStance","ButterflySlash"],"picked":"Suppress","floor":21},{"not_picked":["UnavoidableGaze+1","Crush","SerpentineBarrier","HighKick","NightInTheBackstreets","FlyingSword+1","SerpentSwordTechnique","Faith","UpbeatPerformance"],"picked":"SKIP","floor":22},{"not_picked":["FleetEdge+1","Pound","TheArtOfRapidSteps","Multislash","UnavoidableGaze","BattleCommand","EndlessBattle","Mutilate+1"],"picked":"AsThePrescriptOrders","floor":23},{"not_picked":["Leap_lor","QuickSuppression","WillOfThePrescript+1","ToOvercomeCrisis+1","DestructiveImpact","IngredientHunt+1","BackAttack","Deflect_lor"],"picked":"HandlingWork","floor":29},{"not_picked":["Eradication","FleshFillet"],"picked":"Tttonst","floor":33},{"not_picked":["FleetFootsteps","Eject","Leap_lor+1","AutomatedMovement+1","Diversion+1","Cruelty","CumulusWall+1","DimensionalRift+1"],"picked":"FrontalAssault","floor":35},{"not_picked":["TendonChords","SharpenedBlade+1","Pound","DirtyBlow","Riposte+1","GrazeTheGrass+1","GuidanceOfTheGears","DesperateStruggle+1","Multislash+1"],"picked":"SKIP","floor":36},{"not_picked":["BattleCommand","Guardian_lor+1","FrontalAssault","FendThisOffIfYouCan+1","ForcefulGesture+1","Parry+1","AutonomousRush+1","Diversion+1"],"picked":"Struggle+1","floor":39},{"not_picked":["StructuralAnalysis","ExtractFuel","InkOver+1","MultiBlock+1","PinpointShot","DesperateStruggle","UndertakePrescript+1","FierceCharge","SnakeSlit"],"picked":"SKIP","floor":40},{"not_picked":["SturdyDefense","ReadyUp+1","SmokingPipe+1","PinpointShot+1","Concentration","TendonChords","HardRehearsal","FlyingSword+1"],"picked":"Leap_lor+1","floor":42},{"not_picked":["Zzzzzap","PinpointShot","DefenseOrder+1","BackstreetsDash","SharpSwipe+1","RatsGuideToSurvival","HighKick","BoundaryOfDeath"],"picked":"Guardian_lor","floor":44},{"not_picked":["Tailoring+1","FleetEdge+1","SturdyDefense","Preparation","ScatteringSlash+1","Unlock1","SmokingPipe+1","Overpower+1"],"picked":"YoureTooSlow+1","floor":46},{"not_picked":["MultiHit+1","Struggle","YourShield","FierceCharge","EnergyCycle","Preparation+1","Decapitation","HighKick"],"picked":"Riposte+1","floor":48}],"player_experience":270047,"relics_obtained":[{"floor":3,"key":"Incense Burner"},{"floor":7,"key":"Chameleon Ring"},{"floor":9,"key":"PageOfTodaysShyLook"},{"floor":23,"key":"Akabeko"},{"floor":25,"key":"aspiration:Stabinomicon"},{"floor":26,"key":"Happy Flower"},{"floor":29,"key":"MawBank"},{"floor":38,"key":"PageOfTheKnightOfDespair"},{"floor":40,"key":"PageOfTheQueenOfHatred"},{"floor":43,"key":"PageOfGreed"},{"floor":44,"key":"PageOfWrath"},{"floor":46,"key":"PageOfNihil"}],"event_choices":[{"damage_healed":0,"gold_gain":0,"player_choice":"Donut","damage_taken":0,"max_hp_gain":5,"max_hp_loss":0,"event_name":"Big Fish","floor":8,"gold_loss":0},{"damage_healed":0,"gold_gain":30,"player_choice":"Searched \u00272\u0027 times","damage_taken":0,"relics_obtained":["Smiling Mask"],"max_hp_gain":0,"max_hp_loss":0,"event_name":"Dead Adventurer","floor":13,"gold_loss":0},{"damage_healed":0,"gold_gain":0,"player_choice":"Shed Blood","damage_taken":22,"max_hp_gain":5,"max_hp_loss":0,"event_name":"Forgotten Altar","floor":24,"gold_loss":0},{"damage_healed":0,"gold_gain":0,"player_choice":"Obtained Book","damage_taken":16,"max_hp_gain":0,"max_hp_loss":0,"event_name":"Cursed Tome","floor":25,"gold_loss":0},{"damage_healed":0,"gold_gain":0,"player_choice":"Obtain J.A.X.","damage_taken":0,"max_hp_gain":0,"max_hp_loss":0,"event_name":"Drug Dealer","floor":31,"gold_loss":0,"cards_obtained":["J.A.X."]},{"damage_healed":0,"gold_gain":0,"player_choice":"Fight","damage_taken":0,"max_hp_gain":0,"max_hp_loss":0,"event_name":"MindBloom","floor":38,"gold_loss":0},{"damage_healed":0,"gold_gain":0,"player_choice":"Upgraded","damage_taken":0,"max_hp_gain":0,"max_hp_loss":0,"event_name":"Upgrade Shrine","floor":47,"gold_loss":0,"cards_upgraded":["LeRegole"]}],"is_beta":false,"boss_relics":[{"not_picked":["Velvet Choker","ReplayTheSpireMod:DimensionalGlitch"],"picked":"Painkiller Herb"},{"not_picked":["Fusion Hammer","aspiration:RitualDagger"],"picked":"aspiration:FutureDiary"}],"items_purged_floors":[28,37],"is_endless":false,"potions_floor_spawned":[2,7,16,19,23,33,35,38,46],"ascension_level":0}}