{"host":"ci7cmvrwpmzqnw7e","time":1610682063,"event":{"mods":["BaseMod","BetterRewards","Colored Map","Downfall","GungeonMod","Highlight Path","Hubris","Infinite Spire","Minty Spire (QoL Compilation)","Random Character Button","Rare Cards Sparkle","Replay The Spire","Shop Mod","StSLib"],"gold_per_floor":[34,34,34,34,73,73,93,139,162,162,192,192,192,206,206,206,206],"floor_reached":16,"language":"ENG","playtime":382,"items_purged":[],"score":133,"play_id":"e84a6968-8795-4e2d-bd5a-92a85b9d0de4","local_time":"20210114204103","daily_mods":["Diverse","Colorless Cards"],"is_ascension_mode":false,"campfire_choices":[{"data":"Defend_B","floor":6,"key":"SMITH"},{"floor":10,"key":"REST"},{"data":"Defend_B+1","floor":15,"key":"SMITH"}],"circlet_count":0,"master_deck":["Strike_R","Strike_G+1","Strike_B","hubris:Strike_Merchant","Defend_R","Defend_G","Defend_B+2","hubris:Defend_Merchant","hubris:MerchantsHand+1","hubris:MerchantsHand+1","Crescendo","Guardian:Planning","BootSequence","DemoMod:FinishedGun"],"relics":["Smiling Mask","hubris:NiceRug","Replay:Accelerometer","Simple Rune","Pen Nib","Golden Idol","Toy Ornithopter"],"acts_visited":["Exordium"],"potions_floor_usage":[16],"damage_taken":[{"damage":1,"enemies":"2 Louse","floor":1,"turns":3},{"damage":5,"enemies":"Small Slimes","floor":5,"turns":2},{"damage":19,"enemies":"Jaw Worm","floor":7,"turns":4},{"damage":21,"enemies":"3 Sentries","floor":8,"turns":7},{"damage":0,"enemies":"Gremlin Nob","floor":11,"turns":2},{"damage":0,"enemies":"Blue Slaver","floor":14,"turns":2},{"damage":38,"enemies":"The Guardian","floor":16,"turns":5}],"seed_played":"-2806486329232928643","potions_obtained":[{"floor":11,"key":"Swift Potion"}],"is_trial":true,"path_per_floor":["M","$","?","?","M","R","M","E","T","R","E","?","?","M","R","B"],"character_chosen":"DEFECT","items_purchased":[],"campfire_rested":1,"item_purchase_floors":[],"current_hp_per_floor":[74,74,59,59,54,54,35,14,14,36,36,36,18,18,18,0,0],"gold":206,"neow_bonus":"","is_daily":false,"chose_seed":false,"campfire_upgraded":2,"win_rate":0.0,"timestamp":1610682063,"path_taken":["M","$","?","?","M","R","M","E","T","R","E","?","?","?","R","BOSS"],"items_purchased_type":[],"build_version":"2020-12-22","purchased_purges":0,"victory":false,"max_hp_per_floor":[75,75,75,75,75,75,75,75,75,75,75,69,69,69,69,69,69],"card_choices":[{"not_picked":["Replay:Sssssssssshield","hexamod:InspiringFlames"],"picked":"Crescendo","floor":1},{"not_picked":["Perfected Strike","Pray"],"picked":"Guardian:Planning","floor":5},{"not_picked":["sneckomod:DiceBlock","Slimebound:FinishingTackle"],"picked":"BootSequence","floor":7},{"not_picked":["Panacea","Go for the Eyes"],"picked":"DemoMod:FinishedGun","floor":8},{"not_picked":["Disarm","sneckomod:UnknownWeak","DemoMod:Ejector"],"picked":"SKIP","floor":11},{"not_picked":["Disarm","sneckomod:UnknownWeak","DemoMod:Ejector"],"picked":"SKIP","floor":11},{"not_picked":["ReplayTheSpireMod:Repulse","Dodge and Roll","hexamod:AdvancingGuard"],"picked":"SKIP","floor":14}],"player_experience":78512,"relics_obtained":[{"floor":8,"key":"Replay:Accelerometer"},{"floor":9,"key":"Simple Rune"},{"floor":11,"key":"Pen Nib"}],"event_choices":[{"damage_healed":0,"gold_gain":0,"player_choice":"Entered Light","damage_taken":15,"max_hp_gain":0,"max_hp_loss":0,"event_name":"Shining Light","floor":3,"gold_loss":0,"cards_upgraded":["hubris:Defend_Merchant","hubris:MerchantsHand"]},{"damage_healed":0,"gold_gain":0,"player_choice":"Grow","damage_taken":0,"max_hp_gain":0,"max_hp_loss":0,"event_name":"Living Wall","floor":4,"gold_loss":0,"cards_upgraded":["hubris:MerchantsHand"]},{"damage_healed":0,"gold_gain":0,"player_choice":"Lose Max HP","damage_taken":0,"relics_obtained":["Golden Idol"],"max_hp_gain":0,"max_hp_loss":6,"event_name":"Golden Idol","floor":12,"gold_loss":0},{"damage_healed":0,"gold_gain":0,"player_choice":"Success","damage_taken":18,"relics_obtained":["Toy Ornithopter"],"max_hp_gain":0,"max_hp_loss":0,"event_name":"Scrap Ooze","floor":13,"gold_loss":0}],"is_beta":false,"boss_relics":[],"items_purged_floors":[],"is_endless":false,"potions_floor_spawned":[11],"killed_by":"The Guardian","ascension_level":0}}