{"host":"s7l2a3wroivred6i","time":1610751551,"event":{"mods":["AchievementEnabler","BaseMod","Better Altar","Better Match","Better Note","Better Sensory Stone","Better Skull","Better Synergies","Better Third Choice","BetterRewards","Conspire","Downfall","GifTheSpireLib","Hubris","Infinite Spire","Minty Spire (QoL Compilation)","Replay The Spire","Retaliation","StSLib","Stuff the Spire","The Blue Laboratory"],"gold_per_floor":[116,116,116,116,131,166,166,166,166,20,31,47,64,64,64,163,163,173,184,184,184,196,196,216,245,245,245,258,285,285,28,28,124,124,137,147,2,2,2,2,58,58,110,110,141,207,238,273,273,295],"floor_reached":51,"language":"ENG","playtime":5444,"items_purged":["expansioncontent:SuperHexaguard"],"score":762,"play_id":"5816378d-073e-47d2-bb25-9b664e4d28f1","local_time":"20210115175911","is_ascension_mode":true,"campfire_choices":[{"floor":8,"key":"REST"},{"data":"hubris:DuctTapeCard","floor":15,"key":"SMITH"},{"data":"hubris:Fate","floor":23,"key":"SMITH"},{"data":"Reaper","floor":32,"key":"SMITH"},{"data":"1","floor":40,"key":"LIFT"},{"data":"2","floor":42,"key":"LIFT"},{"data":"3","floor":44,"key":"LIFT"}],"circlet_count":0,"master_deck":["Strike_R","Strike_R+1","Strike_R","Strike_R","Strike_R","Defend_R","Defend_R","Defend_R","Defend_R","Bash","Fire Breathing","infinitespire:Menacing+1","hubris:DuctTapeCard+2","Life Link","Armaments","Reaper+1","hubris:Fate+1","Inflame","Replay:Undeath\u0027s Touch+1","Limit Break","hubris:Fate+1","infinitespire:Gouge+1","Spot Weakness","ReplayTheSpireMod:Muscle Training"],"relics":["Black Blood","FaceOfCleric","infinitespire:EmpoweringShard","hubris:DuctTape","hubris:EmptyBottle","Potion Belt","Smiling Mask","Lizard Tail","MutagenicStrength","Toy Ornithopter","Mark of Pain","DollysMirror","conspire:BottledYoYo","hubris:PeanutButter","hubris:TinFlute","Shuriken","Happy Flower","infinitespire:FocusingShard","hubris:ChampionShield","StuffTheSpire:EmeraldSignet","Replay:Bandana","Replay:PocketPolymizer","StoneCalendar","Chameleon Ring","hubris:FruitBowl","hubris:KleinBottle","hubris:EvacipatedBox","StuffTheSpire:BottledHeartBeat","StuffTheSpire:Experiment12","StuffTheSpire:DullRazor","Pocketwatch","Centennial Puzzle","Garlic","Girya","Whetstone","ReplayTheSpireMod:Lightbulb","Question Card","infinitespire:Satchel","hubris:BottledRain","CaptainsWheel","infinitespire:WardingShard","StuffTheSpire:MayFlowers","hubris:Potato","Akabeko","Anchor","Replay:Bottled Flurry","Paper Frog","Pen Nib","Bottled Flame","Replay:Mystery Machine","hubris:FunFungus","hubris:TenFootPole","StuffTheSpire:Barrel","infinitespire:Lychee Nut"],"acts_visited":["Exordium","TheCity","TheBeyond"],"potions_floor_usage":[6,12,12,19,19,22,24,28,29,33,33,45,45,48,48,50,50,50,50,50,50,50],"damage_taken":[{"damage":15,"enemies":"Small Slimes","floor":1,"turns":4},{"damage":7,"enemies":"2 Louse","floor":5,"turns":4},{"damage":19,"enemies":"Replay:BlueRogue","floor":6,"turns":5},{"damage":6,"enemies":"Cultist","floor":11,"turns":3},{"damage":0,"enemies":"2 Fungi Beasts","floor":12,"turns":1},{"damage":3,"enemies":"Blue Slaver","floor":13,"turns":4},{"damage":54,"enemies":"Fading Forest","floor":16,"turns":11},{"damage":39,"enemies":"Shell Parasite","floor":18,"turns":5},{"damage":15,"enemies":"Spheric Guardian","floor":19,"turns":4},{"damage":41,"enemies":"Centurion and Healer","floor":22,"turns":5},{"damage":20,"enemies":"Shelled Parasite and Fungi","floor":24,"turns":2},{"damage":54,"enemies":"conspire:Head Lice","floor":25,"turns":8},{"damage":43,"enemies":"Snake Plant","floor":28,"turns":3},{"damage":51,"enemies":"Slavers","floor":29,"turns":5},{"damage":20,"enemies":"hubris:MusketHawk","floor":33,"turns":11},{"damage":31,"enemies":"3 Darklings","floor":35,"turns":4},{"damage":12,"enemies":"3 Shapes","floor":36,"turns":2},{"damage":0,"enemies":"R_Hoarder","floor":41,"turns":3},{"damage":0,"enemies":"Nemesis","floor":45,"turns":1},{"damage":7,"enemies":"2 Orb Walkers","floor":46,"turns":3},{"damage":0,"enemies":"Spire Growth","floor":47,"turns":1},{"damage":0,"enemies":"Maw","floor":48,"turns":3},{"damage":0,"enemies":"hubris:GrandSnecko","floor":50,"turns":2}],"seed_played":"-7025349007205408831","potions_obtained":[{"floor":5,"key":"Explosive Potion"},{"floor":11,"key":"SteroidPotion"},{"floor":18,"key":"SkillPotion"},{"floor":19,"key":"blueLaboratory:CorrosionFlask"},{"floor":25,"key":"DuplicationPotion"},{"floor":29,"key":"blueLaboratory:BottleOfVodka"},{"floor":36,"key":"Ancient Potion"},{"floor":46,"key":"LiquidMemories"}],"is_trial":false,"path_per_floor":["M","?","?","?","M","E","?","R","T","$","M","M","M","?","R","B",null,"M","M","AVR","?","M","R","M","E","T","?","M","E","?","$","R","B",null,"M","M","$","?","$","R","E","R","T","R","E","?","M","M","R","B",null],"character_chosen":"IRONCLAD","items_purchased":["hubris:EmptyBottle","SpeedPotion","Ancient Potion","blueLaboratory:HummingbirdPotion","DollysMirror","AttackPotion","hubris:PeanutButter","Flashbang","hubris:TinFlute","Shuriken","Happy Flower","infinitespire:FocusingShard","hubris:ChampionShield","StuffTheSpire:EmeraldSignet","Replay:Bandana","Replay:PocketPolymizer","StoneCalendar","Chameleon Ring","PowerPotion","SteroidPotion","hubris:FruitBowl","hubris:KleinBottle","hubris:EvacipatedBox","StuffTheSpire:BottledHeartBeat","StuffTheSpire:Experiment12","StuffTheSpire:DullRazor","Pocketwatch","Centennial Puzzle","Garlic","Girya","Whetstone","ReplayTheSpireMod:Lightbulb","Question Card","infinitespire:Satchel","hubris:BottledRain","CaptainsWheel","infinitespire:WardingShard","StuffTheSpire:MayFlowers","hubris:Potato","Akabeko","Anchor","Replay:Bottled Flurry","Paper Frog","Pen Nib","Bottled Flame","Replay:Mystery Machine"],"campfire_rested":1,"item_purchase_floors":[10,31,31,31,37,39,39,39,39,39,39,39,39,39,39,39,39,39,39,39,39,39,39,39,39,39,39,39,39,39,39,39,39,39,39,39,39,39,39,39,39,39,39,39,39,39],"current_hp_per_floor":[71,51,51,51,51,39,39,63,63,63,64,71,75,75,75,36,86,64,62,62,62,48,48,53,44,44,44,92,93,84,84,84,91,94,76,96,96,96,519,519,97,97,97,97,98,62,63,64,64,65],"gold":295,"neow_bonus":"THREE_CARDS","is_daily":false,"chose_seed":false,"campfire_upgraded":3,"win_rate":0.0,"timestamp":1610751551,"path_taken":["M","?","?","?","?","E","?","R","T","$","M","M","M","?","R","BOSS","M","M","AVR","?","M","R","?","E","T","?","M","E","?","$","R","BOSS","M","?","$","?","?","R","E","R","T","R","E","?","M","M","R","BOSS"],"items_purchased_type":["Relic","Potion","Potion","Potion","Relic","Potion","Relic","Potion","Relic","Relic","Relic","Relic","Relic","Relic","Relic","Relic","Relic","Relic","Potion","Potion","Relic","Relic","Relic","Relic","Relic","Relic","Relic","Relic","Relic","Relic","Relic","Relic","Relic","Relic","Relic","Relic","Relic","Relic","Relic","Relic","Relic","Relic","Relic","Relic","Relic","Relic"],"build_version":"2020-12-22","purchased_purges":1,"victory":true,"max_hp_per_floor":[80,80,80,80,81,82,82,82,82,82,83,84,85,85,85,86,86,87,88,88,88,89,89,90,91,91,91,92,93,93,93,93,94,94,95,96,96,96,96,96,97,97,97,97,98,62,63,64,64,65],"card_choices":[{"not_picked":["StuffTheSpire:Incineration","Clothesline"],"picked":"Fire Breathing","floor":1},{"not_picked":["infinitespire:Punishment","Replay:Fractal Strike"],"picked":"infinitespire:Menacing","floor":2},{"not_picked":["ReplayTheSpireMod:Strike From Hell","StuffTheSpire:Incineration"],"picked":"Sword Boomerang","floor":5},{"not_picked":["DDmod:ScaleUpSkill","Iron Wave"],"picked":"Thunderclap","floor":6},{"not_picked":["Reckless Charge","Warcry"],"picked":"Life Link","floor":11},{"not_picked":["ReplayTheSpireMod:Limb From Limb","StuffTheSpire:RagingBull","Rampage"],"picked":"SKIP","floor":12},{"not_picked":["Shrug It Off","Pommel Strike"],"picked":"Armaments","floor":13},{"not_picked":["Double Tap","Immolate"],"picked":"Reaper","floor":16},{"not_picked":["Second Wind","Shrug It Off","Entrench"],"picked":"SKIP","floor":18},{"not_picked":["Body Slam+1","DDmod:CallousedSkill","Clash"],"picked":"SKIP","floor":19},{"not_picked":["ReplayReversal","Cleave","DDmod:SpikedSkill"],"picked":"SKIP","floor":22},{"not_picked":["Wild Strike","Pommel Strike"],"picked":"Inflame","floor":24},{"not_picked":["Shockwave+1","Defy Death","Second Wind"],"picked":"SKIP","floor":25},{"not_picked":["Warcry","Pommel Strike"],"picked":"Replay:Undeath\u0027s Touch+1","floor":28},{"not_picked":["DDmod:SpikedSkill","Havoc","DDmod:SpikeInjectionSkill"],"picked":"SKIP","floor":29},{"not_picked":["Feed","conspire:HitWhereItHurts"],"picked":"Limit Break","floor":33},{"not_picked":["Burning Pact+1","Searing Blow+1","Anger+1"],"picked":"SKIP","floor":35},{"not_picked":["ReplayTheSpireMod:Strike From Hell","Wild Strike+1","Combust+1"],"picked":"SKIP","floor":36},{"not_picked":["hubris:Rewind","infinitespire:NeuralNetwork"],"picked":"infinitespire:Gouge","floor":39},{"not_picked":["DDmod:SpikedSkill+1","Flex","Clothesline","Uppercut+1"],"picked":"SKIP","floor":41},{"not_picked":["Headbutt+1","Body Slam","ReplayTheSpireMod:Muscle Training","Wild Strike"],"picked":"SKIP","floor":45},{"not_picked":["Clothesline","Wild Strike+1","Cleave+1"],"picked":"Spot Weakness","floor":46},{"not_picked":["Rage","Dropkick+1","StuffTheSpire:Slingshot","Pommel Strike+1"],"picked":"SKIP","floor":47},{"not_picked":["Body Slam","Carnage+1","Cleave"],"picked":"ReplayTheSpireMod:Muscle Training","floor":48}],"player_experience":356580,"relics_obtained":[{"floor":6,"key":"infinitespire:EmpoweringShard"},{"floor":9,"key":"hubris:DuctTape"},{"floor":25,"key":"Smiling Mask"},{"floor":26,"key":"Lizard Tail"},{"floor":29,"key":"Toy Ornithopter"},{"floor":41,"key":"hubris:FunFungus"},{"floor":43,"key":"hubris:TenFootPole"},{"floor":45,"key":"StuffTheSpire:Barrel"},{"floor":46,"key":"infinitespire:Lychee Nut"}],"event_choices":[{"damage_healed":0,"gold_gain":0,"player_choice":"Trade","damage_taken":0,"relics_obtained":["FaceOfCleric"],"max_hp_gain":0,"max_hp_loss":0,"event_name":"FaceTrader","floor":4,"gold_loss":0},{"damage_healed":0,"gold_gain":0,"player_choice":"Leave","damage_taken":0,"max_hp_gain":0,"max_hp_loss":0,"event_name":"conspire:Investor","floor":7,"gold_loss":0},{"damage_healed":75,"gold_gain":0,"player_choice":"Embrace Burn","damage_taken":0,"max_hp_gain":0,"max_hp_loss":85,"event_name":"betterThird:BetterShining","floor":14,"gold_loss":0},{"damage_healed":0,"gold_gain":0,"cards_transformed":["Burn"],"player_choice":"Transformed","damage_taken":0,"max_hp_gain":0,"max_hp_loss":0,"event_name":"Transmorgrifier","floor":21,"gold_loss":0,"cards_obtained":["expansioncontent:SuperHexaguard"]},{"damage_healed":0,"gold_gain":0,"player_choice":"Inject Mutagens","damage_taken":0,"relics_obtained":["MutagenicStrength"],"max_hp_gain":0,"max_hp_loss":0,"event_name":"Drug Dealer","floor":27,"gold_loss":0},{"damage_healed":0,"gold_gain":0,"player_choice":"Damaged","damage_taken":9,"max_hp_gain":0,"max_hp_loss":0,"event_name":"Wheel of Change","floor":30,"gold_loss":0},{"damage_healed":0,"gold_gain":0,"player_choice":"Gave Potion","damage_taken":0,"relics_obtained":["conspire:BottledYoYo"],"max_hp_gain":0,"max_hp_loss":0,"event_name":"WeMeetAgain","floor":38,"gold_loss":0},{"damage_healed":0,"gold_gain":0,"player_choice":"Fight","damage_taken":0,"max_hp_gain":0,"max_hp_loss":0,"event_name":"Mysterious Sphere","floor":46,"gold_loss":0}],"is_beta":false,"boss_relics":[{"not_picked":["Coffee Dripper","Runic Dome"],"picked":"Black Blood"},{"not_picked":["Astrolabe","hubris:GrandSneckoEye"],"picked":"Mark of Pain"}],"items_purged_floors":[31],"is_endless":false,"potions_floor_spawned":[5,11,18,19,25,29,33,36,46],"ascension_level":4}}