{"host":"x3qmax6e7jj3tga5","time":1610684971,"event":{"mods":["BaseMod","Custom Start","Minty Spire (QoL Compilation)","StSLib"],"gold_per_floor":[114,114,114,39,58,58,87,87,113,132,145,157,192,192,192,293,293,305,323,72,72,84,84,98,98,121,156,156,209,242,255,255,359,359,379,379,397,447,460,489,489,506,506,506,506,0,0,26,26,26,26,26,26,57,57],"floor_reached":56,"language":"ENG","playtime":4254,"items_purged":["Regret","Strike_R","Strike_R"],"score":1274,"play_id":"6b110967-f183-4f13-b2ac-7998b8ed3162","local_time":"20210114222931","is_ascension_mode":true,"campfire_choices":[{"data":"Bash","floor":6.0,"key":"SMITH"},{"data":"Fiend Fire","floor":8.0,"key":"SMITH"},{"data":"Demon Form","floor":15.0,"key":"SMITH"},{"data":"True Grit","floor":23.0,"key":"SMITH"},{"data":"Dual Wield","floor":25.0,"key":"SMITH"},{"floor":32.0,"key":"DIG"},{"floor":41.0,"key":"DIG"},{"floor":44.0,"key":"RECALL"},{"floor":49.0,"key":"DIG"},{"data":"Ghostly","floor":52.0,"key":"SMITH"}],"circlet_count":0,"master_deck":["Strike_R","Strike_R","Strike_R","Defend_R","Defend_R","Defend_R","Defend_R","Bash+1","Fiend Fire+1","Thunderclap","Cleave","Hemokinesis","Clothesline","Reaper","Demon Form+1","Feed","Dual Wield+1","True Grit+1","Disarm","Spot Weakness","Shrug It Off","Headbutt+1","Ghostly+1","Ghostly","Ghostly","Ghostly","Ghostly","Sentinel+1","Havoc+1","Exhume","Double Tap","Shockwave","Flame Barrier+1","Corruption","Uppercut+1"],"relics":["Burning Blood","Bird Faced Urn","Potion Belt","Tiny Chest","InkBottle","Runic Pyramid","Happy Flower","Mercury Hourglass","Shovel","Lantern","Coffee Dripper","Mango","Kunai","Bottled Tornado","Strawberry","Orrery","Akabeko","Red Skull","Boot","Ornamental Fan","Bag of Preparation"],"acts_visited":["Exordium","TheCity","TheBeyond","TheEnding"],"potions_floor_usage":[55,55],"damage_taken":[{"damage":2.0,"enemies":"2 Louse","floor":1.0,"turns":2.0},{"damage":1.0,"enemies":"Cultist","floor":5.0,"turns":3.0},{"damage":28.0,"enemies":"Gremlin Nob","floor":7.0,"turns":5.0},{"damage":6.0,"enemies":"Jaw Worm","floor":10.0,"turns":2.0},{"damage":12.0,"enemies":"Exordium Thugs","floor":11.0,"turns":4.0},{"damage":2.0,"enemies":"Large Slime","floor":12.0,"turns":3.0},{"damage":28.0,"enemies":"3 Sentries","floor":13.0,"turns":5.0},{"damage":40.0,"enemies":"Slime Boss","floor":16.0,"turns":8.0},{"damage":27.0,"enemies":"3 Byrds","floor":18.0,"turns":5.0},{"damage":43.0,"enemies":"Shell Parasite","floor":19.0,"turns":7.0},{"damage":42.0,"enemies":"Snake Plant","floor":22.0,"turns":4.0},{"damage":32.0,"enemies":"Centurion and Healer","floor":24.0,"turns":5.0},{"damage":67.0,"enemies":"Gremlin Leader","floor":27.0,"turns":8.0},{"damage":12.0,"enemies":"Book of Stabbing","floor":30.0,"turns":6.0},{"damage":4.0,"enemies":"Shelled Parasite and Fungi","floor":31.0,"turns":4.0},{"damage":43.0,"enemies":"Collector","floor":33.0,"turns":13.0},{"damage":12.0,"enemies":"3 Shapes","floor":35.0,"turns":4.0},{"damage":20.0,"enemies":"3 Darklings","floor":37.0,"turns":6.0},{"damage":1.0,"enemies":"Mind Bloom Boss Battle","floor":38.0,"turns":6.0},{"damage":3.0,"enemies":"Maw","floor":39.0,"turns":8.0},{"damage":23.0,"enemies":"Reptomancer","floor":40.0,"turns":8.0},{"damage":49.0,"enemies":"Sphere and 2 Shapes","floor":42.0,"turns":6.0},{"damage":13.0,"enemies":"Giant Head","floor":48.0,"turns":9.0},{"damage":82.0,"enemies":"Donu and Deca","floor":50.0,"turns":10.0},{"damage":27.0,"enemies":"Shield and Spear","floor":54.0,"turns":6.0},{"damage":62,"enemies":"The Heart","floor":55,"turns":10}],"seed_played":"-4797924408573408181","potions_obtained":[{"floor":3.0,"key":"Ancient Potion"},{"floor":3.0,"key":"ColorlessPotion"},{"floor":3.0,"key":"SpeedPotion"},{"floor":5.0,"key":"Strength Potion"},{"floor":7.0,"key":"PowerPotion"},{"floor":13.0,"key":"EssenceOfSteel"},{"floor":24.0,"key":"EssenceOfSteel"},{"floor":27.0,"key":"SkillPotion"},{"floor":30.0,"key":"ColorlessPotion"},{"floor":31.0,"key":"Block Potion"},{"floor":35.0,"key":"AttackPotion"}],"is_trial":false,"path_per_floor":["M","?","?","$","M","R","E","R","T","M","M","M","E","T","R","B",null,"M","M","$","?","M","R","M","R","T","E","?","T","E","M","R","B",null,"M","?","M","?","M","E","R","M","T","R","?","$","T","E","R","B",null,"R","$","E","B",null],"character_chosen":"IRONCLAD","items_purchased":["Disarm","Spot Weakness","Shockwave","Orrery","Akabeko"],"campfire_rested":0,"item_purchase_floors":[20,20,46,46,46],"current_hp_per_floor":[80,85,85,85,85,85,63,63,63,63,59,65,72,72,72,70,85,75,62,62,62,49,49,73,73,73,33,33,33,51,51,51,54,54,54,54,54,68,71,74,74,52,59,59,59,59,59,80,80,80,80,80,80,80,80],"gold":57,"neow_bonus":"THREE_RARE_CARDS","is_daily":false,"chose_seed":false,"campfire_upgraded":6,"win_rate":0.0,"timestamp":1610684971,"path_taken":["M","?","?","$","M","R","E","R","T","M","?","M","E","?","R","BOSS","M","M","$","?","M","R","M","R","T","E","?","?","E","M","R","BOSS","M","?","M","?","M","E","R","M","T","R","?","$","?","E","R","BOSS","R","$","E","BOSS"],"items_purchased_type":["Card","Card","Card","Relic","Relic"],"build_version":"2020-12-22","purchased_purges":3,"victory":true,"max_hp_per_floor":[80,85,85,85,85,85,85,85,85,85,85,85,85,85,85,85,85,88,91,91,91,94,94,94,94,94,97,48,48,51,51,51,54,54,54,54,54,68,71,74,74,74,81,81,77,77,77,80,80,80,80,80,80,80,80],"card_choices":[{"not_picked":["Offering","Barricade"],"picked":"Fiend Fire","floor":0.0},{"not_picked":["True Grit","Fire Breathing"],"picked":"Thunderclap","floor":1.0},{"not_picked":["Fire Breathing","Armaments"],"picked":"Dark Embrace","floor":5.0},{"not_picked":["Headbutt","Iron Wave"],"picked":"Cleave","floor":7.0},{"not_picked":["Armaments","Twin Strike"],"picked":"Hemokinesis","floor":10.0},{"not_picked":["Twin Strike","Headbutt"],"picked":"Clothesline","floor":11.0},{"not_picked":["Perfected Strike","Battle Trance"],"picked":"Reaper","floor":12.0},{"not_picked":["Cleave","Anger"],"picked":"Demon Form","floor":13.0},{"not_picked":["Exhume","Corruption"],"picked":"Feed","floor":16.0},{"not_picked":["Havoc","Twin Strike"],"picked":"Dual Wield","floor":18.0},{"not_picked":["Ghostly Armor","Combust"],"picked":"True Grit","floor":19.0},{"not_picked":["Havoc","Rupture"],"picked":"Shrug It Off","floor":22.0},{"not_picked":["Hemokinesis","Dual Wield"],"picked":"Headbutt+1","floor":24.0},{"not_picked":["Havoc","Cleave","Sentinel"],"picked":"SKIP","floor":27.0},{"not_picked":["Warcry","Bludgeon"],"picked":"Sentinel+1","floor":30.0},{"not_picked":["Headbutt","Rupture"],"picked":"Havoc+1","floor":31.0},{"not_picked":["Double Tap","Demon Form"],"picked":"Exhume","floor":33.0},{"not_picked":["Cleave+1","Body Slam","Perfected Strike"],"picked":"SKIP","floor":35.0},{"not_picked":["Power Through","Clothesline","Fire Breathing"],"picked":"SKIP","floor":37.0},{"not_picked":["Infernal Blade+1","Rupture+1","Clash"],"picked":"SKIP","floor":39.0},{"not_picked":["Heavy Blade","Rampage"],"picked":"Double Tap","floor":40.0},{"not_picked":["Havoc","Wild Strike+1","Perfected Strike+1"],"picked":"SKIP","floor":42.0},{"not_picked":["Flex+1","Reckless Charge+1"],"picked":"Flame Barrier+1","floor":46.0},{"not_picked":["Perfected Strike","Iron Wave"],"picked":"Corruption","floor":48.0},{"not_picked":["Demon Form","Headbutt"],"picked":"Uppercut+1","floor":54.0}],"player_experience":303831,"relics_obtained":[{"floor":7.0,"key":"Bird Faced Urn"},{"floor":9.0,"key":"Potion Belt"},{"floor":13.0,"key":"Tiny Chest"},{"floor":14.0,"key":"InkBottle"},{"floor":26.0,"key":"Happy Flower"},{"floor":27.0,"key":"Mercury Hourglass"},{"floor":30.0,"key":"Shovel"},{"floor":32.0,"key":"Lantern"},{"floor":38.0,"key":"Mango"},{"floor":40.0,"key":"Kunai"},{"floor":41.0,"key":"Bottled Tornado"},{"floor":43.0,"key":"Strawberry"},{"floor":47.0,"key":"Red Skull"},{"floor":48.0,"key":"Boot"},{"floor":49.0,"key":"Ornamental Fan"},{"floor":54.0,"key":"Bag of Preparation"}],"event_choices":[{"damage_healed":0.0,"max_hp_gain":5.0,"max_hp_loss":0.0,"gold_gain":0.0,"event_name":"Big Fish","player_choice":"Donut","floor":2.0,"gold_loss":0.0,"damage_taken":0.0},{"damage_healed":0.0,"max_hp_gain":0.0,"max_hp_loss":0.0,"gold_gain":0.0,"event_name":"Lab","player_choice":"Got Potions","floor":3.0,"gold_loss":0.0,"damage_taken":0.0},{"damage_healed":0.0,"max_hp_gain":0.0,"max_hp_loss":0.0,"gold_gain":0.0,"event_name":"The Mausoleum","player_choice":"Ignored","floor":21.0,"gold_loss":0.0,"damage_taken":0.0},{"damage_healed":0.0,"max_hp_gain":0.0,"max_hp_loss":49.0,"gold_gain":0.0,"event_name":"Ghosts","player_choice":"Became a Ghost","floor":28.0,"gold_loss":0.0,"damage_taken":0.0,"cards_obtained":["Ghostly","Ghostly","Ghostly","Ghostly","Ghostly"]},{"cards_removed":["Dark Embrace"],"damage_healed":0.0,"max_hp_gain":0.0,"max_hp_loss":0.0,"gold_gain":0.0,"event_name":"Falling","player_choice":"Removed Power","floor":36.0,"gold_loss":0.0,"damage_taken":0.0},{"damage_healed":0.0,"max_hp_gain":0.0,"max_hp_loss":0.0,"gold_gain":0.0,"event_name":"MindBloom","player_choice":"Fight","floor":38.0,"gold_loss":0.0,"damage_taken":0.0},{"damage_healed":0.0,"max_hp_gain":0.0,"max_hp_loss":4.0,"gold_gain":0.0,"event_name":"Winding Halls","player_choice":"Max HP","floor":45.0,"gold_loss":0.0,"damage_taken":0.0}],"is_beta":false,"boss_relics":[{"not_picked":["Astrolabe","Black Blood"],"picked":"Runic Pyramid"},{"not_picked":["Empty Cage","Pandora\u0027s Box"],"picked":"Coffee Dripper"}],"items_purged_floors":[4,20,46],"is_endless":false,"potions_floor_spawned":[5,7,13,24,27,30,31,35,40,48],"ascension_level":1}}