{"host":"v0bh2tn0yj9zec73","time":1610682370,"event":{"mods":["AchievementEnabler","BaseMod","BetterRewards","Infinite Spire","Minty Spire (QoL Compilation)","Replay The Spire","StSLib"],"gold_per_floor":[113,83,0,11,11,11,28,54,54,54,54,70,70,86,86,190,190,208,208,221,221,240,240,252,252,252,277,277,277,277,48,48,60,60],"floor_reached":33,"language":"ENG","playtime":1737,"items_purged":["Decay"],"score":345,"play_id":"b1b986a5-4e75-4af7-80ce-3d8f2a51e99f","local_time":"20210114214610","is_ascension_mode":false,"campfire_choices":[{"data":"Searing Blow","floor":6,"key":"SMITH"},{"data":"Searing Blow+1","floor":11,"key":"SMITH"},{"data":"Searing Blow+2","floor":13,"key":"SMITH"},{"data":"Searing Blow+3","floor":15,"key":"SMITH"},{"data":"Searing Blow+4","floor":23,"key":"SMITH"},{"data":"Searing Blow+5","floor":29,"key":"SMITH"},{"floor":32,"key":"DIG"}],"circlet_count":0,"master_deck":["Strike_R","Strike_R","Strike_R","Strike_R","Strike_R","Defend_R","Defend_R","Defend_R","Defend_R","Bash","Searing Blow+6","Seeing Red","PanicButton","Reckless Charge","Feel No Pain","Twin Strike","Entrench","Anger","Demonic Infusion","Perfected Strike+1","Demon Form","Seeing Red","Body Slam","True Grit+1","Pot Of Greed","Pot Of Greed","Pot Of Greed"],"relics":["Burning Blood","Blood Vial","Self Forming Clay","Meat on the Bone","ReplayTheSpireMod:TigerMarble","Sozu","MutagenicStrength","Replay:Multitool","infinitespire:Midas Blood","Orichalcum","Grinning Jar"],"acts_visited":["Exordium","TheCity"],"potions_floor_usage":[8,16,16,22],"damage_taken":[{"damage":0,"enemies":"Small Slimes","floor":1,"turns":3},{"damage":7,"enemies":"Cultist","floor":4,"turns":5},{"damage":0,"enemies":"Jaw Worm","floor":7,"turns":2},{"damage":13,"enemies":"Gremlin Nob","floor":8,"turns":4},{"damage":5,"enemies":"Looter","floor":12,"turns":3},{"damage":11,"enemies":"Lots of Slimes","floor":14,"turns":4},{"damage":53,"enemies":"Fading Forest","floor":16,"turns":11},{"damage":9,"enemies":"2 Thieves","floor":18,"turns":3},{"damage":0,"enemies":"Spheric Guardian","floor":20,"turns":1},{"damage":6,"enemies":"Chosen and Byrds","floor":22,"turns":4},{"damage":0,"enemies":"Snake Plant","floor":24,"turns":1},{"damage":28,"enemies":"Sentry and Sphere","floor":27,"turns":4},{"damage":75,"enemies":"Collector","floor":33,"turns":7}],"seed_played":"-4212189250249946116","potions_obtained":[{"floor":1,"key":"BloodPotion"},{"floor":2,"key":"Adrenaline Potion"},{"floor":7,"key":"Reflective Coating"},{"floor":8,"key":"Strength Potion"},{"floor":16,"key":"Explosive Potion"}],"is_trial":false,"path_per_floor":["M","?","$","M","T","R","M","E","T","$","R","M","R","M","R","B",null,"M","?","M","T","M","R","M","?","T","M","?","R","?","$","R","B"],"character_chosen":"IRONCLAD","items_purchased":["Searing Blow","Blood Vial","PanicButton","Orichalcum"],"campfire_rested":0,"item_purchase_floors":[0,0,3,31],"current_hp_per_floor":[80,80,80,79,79,79,80,73,73,73,73,76,76,73,73,52,80,77,77,83,83,83,83,83,83,83,61,61,61,61,61,61,0,0],"gold":60,"neow_bonus":"","is_daily":false,"chose_seed":false,"campfire_upgraded":6,"win_rate":0.0,"timestamp":1610682370,"path_taken":["M","?","?","?","?","R","M","E","T","$","R","M","R","M","R","BOSS","M","?","M","?","M","R","M","?","T","?","?","R","?","?","R","BOSS"],"items_purchased_type":["Card","Relic","Card","Relic"],"build_version":"2020-12-22","purchased_purges":1,"victory":false,"max_hp_per_floor":[80,80,80,80,80,80,80,80,80,80,80,80,80,80,80,80,80,80,80,83,83,83,83,83,83,83,83,83,83,83,83,83,83,83],"card_choices":[{"not_picked":["Thunderclap","Warcry"],"picked":"Seeing Red","floor":1},{"not_picked":["Warcry","Replay:Undeath\u0027s Touch"],"picked":"Reckless Charge","floor":4},{"not_picked":["Shockwave","True Grit"],"picked":"Feel No Pain","floor":7},{"not_picked":["Clothesline","Searing Blow"],"picked":"Twin Strike","floor":8},{"not_picked":["True Grit","Battle Trance"],"picked":"Entrench","floor":12},{"not_picked":["Hemokinesis","Clothesline"],"picked":"Anger","floor":14},{"not_picked":["Corruption","Berserk"],"picked":"Demonic Infusion","floor":16},{"not_picked":["Thunderclap","Sword Boomerang"],"picked":"Perfected Strike+1","floor":18},{"not_picked":["ReplayTheSpireMod:Strike From Hell+1","Body Slam"],"picked":"Demon Form","floor":20},{"not_picked":["Entrench+1","Sword Boomerang"],"picked":"Seeing Red","floor":22},{"not_picked":["Pummel","Run Through"],"picked":"Body Slam","floor":24},{"not_picked":["ReplayReversal","Power Through"],"picked":"True Grit+1","floor":27}],"player_experience":50795,"relics_obtained":[{"floor":5,"key":"Self Forming Clay"},{"floor":8,"key":"Meat on the Bone"},{"floor":9,"key":"ReplayTheSpireMod:TigerMarble"},{"floor":21,"key":"Replay:Multitool"},{"floor":26,"key":"infinitespire:Midas Blood"},{"floor":32,"key":"Grinning Jar"}],"event_choices":[{"damage_healed":0,"gold_gain":0,"player_choice":"Bought 2 Potions","damage_taken":0,"max_hp_gain":0,"max_hp_loss":0,"event_name":"The Woman in Blue","floor":2,"gold_loss":0},{"damage_healed":0,"gold_gain":0,"player_choice":"Inject Mutagens","damage_taken":0,"relics_obtained":["MutagenicStrength"],"max_hp_gain":0,"max_hp_loss":0,"event_name":"Drug Dealer","floor":19,"gold_loss":0},{"damage_healed":0,"gold_gain":0,"player_choice":"0 cards matched","damage_taken":0,"max_hp_gain":0,"max_hp_loss":0,"event_name":"Match and Keep!","floor":25,"gold_loss":0,"cards_obtained":[]},{"damage_healed":0,"gold_gain":0,"player_choice":"Smashed Altar","damage_taken":0,"max_hp_gain":0,"max_hp_loss":0,"event_name":"Forgotten Altar","floor":30,"gold_loss":0,"cards_obtained":["Decay"]}],"is_beta":false,"boss_relics":[{"not_picked":["Ring of Chaos","Replay:Wanted Poster"],"picked":"Sozu"}],"items_purged_floors":[31],"is_endless":false,"potions_floor_spawned":[1,7,8,16,20,22,27],"killed_by":"Collector","ascension_level":0}}