{"host":"i0avyit1s6jb1siw","time":1610744398,"event":{"mods":["BaseMod","DeckTracker","Dota2Spire","Highlight Path","Minty Spire (QoL Compilation)","Quick Restart","StSLib","SuperFastMode"],"gold_per_floor":[116,41,52,52,52,79,89,101,101,131,131,141,141,141,141,141,141],"floor_reached":16,"language":"ENG","playtime":175,"items_purged":["Defend_P"],"score":270,"play_id":"42ce3318-b62d-417f-8968-2b0f1a7f3787","local_time":"20210115215958","is_ascension_mode":true,"campfire_choices":[{"data":"Adaptation","floor":13,"key":"SMITH"},{"data":"CrushJoints","floor":15,"key":"SMITH"}],"circlet_count":0,"master_deck":["AscendersBane","Strike_P","Strike_P","Strike_P","Defend_P","Defend_P","Defend_P","Eruption+1","Vigilance","BowlingBash","CrushJoints+1","Adaptation+1","FearNoEvil","Parasite"],"relics":["PureWater","NeowsBlessing","MealTicket","Question Card","Calipers"],"acts_visited":["Exordium"],"potions_floor_usage":[16],"damage_taken":[{"damage":0,"enemies":"Cultist","floor":1,"turns":1},{"damage":0,"enemies":"Jaw Worm","floor":3,"turns":1},{"damage":0,"enemies":"Lagavulin","floor":6,"turns":1},{"damage":0,"enemies":"2 Louse","floor":7,"turns":2},{"damage":18,"enemies":"Exordium Wildlife","floor":8,"turns":4},{"damage":31,"enemies":"Gremlin Nob","floor":10,"turns":4},{"damage":2,"enemies":"3 Louse","floor":12,"turns":2},{"damage":25,"enemies":"The Guardian","floor":16,"turns":8}],"seed_played":"7492328994627736408","potions_obtained":[{"floor":3,"key":"BottledMiracle"},{"floor":6,"key":"GamblersBrew"}],"is_trial":false,"path_per_floor":["M","$","M","?","?","E","M","M","T","E","?","M","R","?","R","B"],"character_chosen":"WATCHER","items_purchased":[],"campfire_rested":0,"item_purchase_floors":[],"current_hp_per_floor":[61,61,61,54,54,54,54,36,36,5,22,20,20,25,25,0,0],"gold":141,"neow_bonus":"THREE_ENEMY_KILL","is_daily":false,"chose_seed":false,"campfire_upgraded":2,"win_rate":0.0,"timestamp":1610744398,"path_taken":["M","?","M","?","?","E","M","?","T","E","?","M","R","?","R","BOSS"],"items_purchased_type":[],"build_version":"2020-12-22","purchased_purges":1,"victory":false,"max_hp_per_floor":[68,68,68,68,68,68,68,68,68,68,68,68,68,73,73,73,73],"card_choices":[{"not_picked":["Vengeance","Evaluate"],"picked":"BowlingBash","floor":1},{"not_picked":["FlyingSleeves","Evaluate"],"picked":"CrushJoints","floor":3},{"not_picked":["FlyingSleeves","Crescendo","Worship"],"picked":"SKIP","floor":6},{"not_picked":["CutThroughFate","PathToVictory"],"picked":"Adaptation","floor":7},{"not_picked":["JustLucky","SashWhip","CutThroughFate"],"picked":"SKIP","floor":8},{"not_picked":["Perseverance","FlyingSleeves","SpiritShield"],"picked":"FearNoEvil","floor":10},{"not_picked":["Pray","Halt","EmptyBody","ClearTheMind"],"picked":"SKIP","floor":12}],"player_experience":2254472,"relics_obtained":[{"floor":6,"key":"MealTicket"},{"floor":9,"key":"Question Card"},{"floor":10,"key":"Calipers"}],"event_choices":[{"cards_removed":["Strike_P"],"damage_healed":0,"gold_gain":0,"player_choice":"Card Removal","damage_taken":7,"max_hp_gain":0,"max_hp_loss":0,"event_name":"Golden Wing","floor":4,"gold_loss":0},{"damage_healed":0,"gold_gain":0,"player_choice":"Grow","damage_taken":0,"max_hp_gain":0,"max_hp_loss":0,"event_name":"Living Wall","floor":5,"gold_loss":0,"cards_upgraded":["Eruption"]},{"damage_healed":17,"gold_gain":0,"player_choice":"Healed and dodged fight","damage_taken":0,"max_hp_gain":0,"max_hp_loss":0,"event_name":"Mushrooms","floor":11,"gold_loss":0,"cards_obtained":["Parasite"]},{"damage_healed":0,"gold_gain":0,"player_choice":"Donut","damage_taken":0,"max_hp_gain":5,"max_hp_loss":0,"event_name":"Big Fish","floor":14,"gold_loss":0}],"is_beta":false,"boss_relics":[],"items_purged_floors":[2],"is_endless":false,"potions_floor_spawned":[3,6,12],"killed_by":"The Guardian","ascension_level":20}}