{"host":"t6r1isv2bex5ovch","time":1610756460,"event":{"mods":["AchievementEnabler","Act Like it!","Aspiration","BaseMod","Better Altar","Better Note","Better Sensory Stone","Better Skull","Better Third Choice","Better Vampires","Colored Powertips","Displayed Cursed Tome","Minty Spire (QoL Compilation)","StSLib","The Bug Knight","The Jungle"],"gold_per_floor":[119,133,58,58,78,78,113,113,140,140,168,187,216,226,226,323,323,336,86,86,86,86,121,121,121,121],"floor_reached":25,"language":"ENG","playtime":2154,"items_purged":["HollowMod:NailStrikeStart","HollowMod:LordofShades"],"score":249,"play_id":"92930a45-3bf9-4876-8491-37e8ba613d0d","local_time":"20210116102100","is_ascension_mode":true,"campfire_choices":[{"floor":6,"key":"RECALL"},{"data":"HollowMod:ShapeofUnn","floor":8,"key":"SMITH"},{"data":"HollowMod:SiblingsSouls","floor":15,"key":"SMITH"},{"data":"HollowMod:HuntersJournal","floor":24,"key":"SMITH"}],"circlet_count":0,"master_deck":["HollowMod:FocusHealStart","HollowMod:PogoStrike+1","HollowMod:DashSlash+1","Finesse","HollowMod:ChannelNail","HollowMod:ShapeofUnn+1","HollowMod:SoulStrike","HollowMod:SiblingsSouls+1","HollowMod:Weaversong","HollowMod:SoulSplash","HollowMod:SiblingsShadow","HollowMod:MonomonsArchive","HollowMod:SharpenedShadows","HollowMod:SharpenedShadows","HollowMod:HuntersJournal+1","HollowMod:SiblingsSouls","HollowMod:DashSlash"],"relics":["HollowMod:VesselMask","Orichalcum","Toy Ornithopter","Anchor","Pandora\u0027s Box","aspiration:Nostalgia","Burning Blood","aspiration:ChemicalBlood"],"acts_visited":["Exordium","TheCity"],"potions_floor_usage":[13,13,16,16,23],"damage_taken":[{"damage":1,"enemies":"Jaw Worm","floor":1,"turns":5},{"damage":0,"enemies":"Small Slimes","floor":2,"turns":2},{"damage":1,"enemies":"2 Louse","floor":5,"turns":2},{"damage":24,"enemies":"HollowMod:MossKnight","floor":7,"turns":12},{"damage":29,"enemies":"Lagavulin","floor":11,"turns":6},{"damage":3,"enemies":"Exordium Wildlife","floor":12,"turns":4},{"damage":4,"enemies":"Gremlin Nob","floor":13,"turns":4},{"damage":0,"enemies":"3 Louse","floor":14,"turns":4},{"damage":29,"enemies":"Slime Boss","floor":16,"turns":10},{"damage":16,"enemies":"Spheric Guardian","floor":18,"turns":4},{"damage":49,"enemies":"Gremlin Leader","floor":23,"turns":6},{"damage":35,"enemies":"Slavers","floor":25,"turns":3}],"seed_played":"1125693902608277974","potions_obtained":[{"floor":2,"key":"GamblersBrew"},{"floor":11,"key":"EssenceOfSteel"},{"floor":13,"key":"SteroidPotion"},{"floor":14,"key":"Energy Potion"},{"floor":16,"key":"Dexterity Potion"}],"is_trial":false,"path_per_floor":["M","M","$","?","M","R","E","R","T","?","E","M","E","M","R","B",null,"M","$","?","?","$","E","R","E"],"character_chosen":"THE_BUGKNIGHT","items_purchased":["aspiration:Nostalgia"],"campfire_rested":0,"item_purchase_floors":[19],"current_hp_per_floor":[82,82,82,82,82,82,70,70,70,54,37,44,50,56,56,49,82,72,72,72,72,72,34,34,0,0],"gold":121,"neow_bonus":"TEN_PERCENT_HP_BONUS","is_daily":false,"chose_seed":false,"campfire_upgraded":3,"win_rate":0.0,"timestamp":1610756460,"path_taken":["M","M","$","?","M","R","E","R","T","?","E","M","E","?","R","BOSS","M","$","?","?","$","E","R","E"],"items_purchased_type":["Relic"],"build_version":"2020-12-22","purchased_purges":2,"victory":false,"max_hp_per_floor":[82,82,82,82,82,82,82,82,82,82,82,82,82,82,82,82,82,82,82,82,82,82,82,82,82,82],"card_choices":[{"not_picked":["HollowMod:NewLittleFool","HollowMod:HeavyBlow","HollowMod:BrokenVessel"],"picked":"SKIP","floor":1},{"not_picked":["HollowMod:SoulShaman","HollowMod:GoodIntentions"],"picked":"HollowMod:DashSlash","floor":2},{"not_picked":["Enlightenment","Mind Blast"],"picked":"Finesse","floor":4},{"not_picked":["HollowMod:DescendingDark","HollowMod:SoulShaman"],"picked":"HollowMod:ChannelNail","floor":5},{"not_picked":["HollowMod:DreamGate","HollowMod:InfectedCysts"],"picked":"HollowMod:ShapeofUnn","floor":7},{"not_picked":["HollowMod:HowlingWraiths","HollowMod:VengefulVoid"],"picked":"HollowMod:SoulStrike","floor":11},{"not_picked":["HollowMod:PureNailStrike","HollowMod:ShadowDash"],"picked":"HollowMod:SiblingsSouls","floor":12},{"not_picked":["HollowMod:QuirrelsAssistance","HollowMod:PureNailStrike","HollowMod:MawleksShell"],"picked":"SKIP","floor":13},{"not_picked":["HollowMod:GoodIntentions","HollowMod:SharpenedShadows","HollowMod:VengefulVoid"],"picked":"SKIP","floor":14},{"not_picked":["HollowMod:SlysStrikes","HollowMod:HornetsHelp"],"picked":"HollowMod:Weaversong","floor":16},{"not_picked":["HollowMod:CornifersMapStart","HollowMod:SiblingsShadow"],"picked":"HollowMod:HuntersJournal","floor":18},{"not_picked":["HollowMod:RadiancesLament","HollowMod:BaldurShell+1"],"picked":"HollowMod:DashSlash","floor":23}],"player_experience":407100,"relics_obtained":[{"floor":7,"key":"Orichalcum"},{"floor":11,"key":"Toy Ornithopter"},{"floor":13,"key":"Anchor"},{"floor":23,"key":"aspiration:ChemicalBlood"}],"event_choices":[{"damage_healed":0,"gold_gain":1,"player_choice":"1","damage_taken":0,"max_hp_gain":0,"max_hp_loss":0,"event_name":"betterStone:BetterStone","floor":4,"gold_loss":0},{"damage_healed":70,"gold_gain":0,"player_choice":"Upgrade","damage_taken":16,"max_hp_gain":0,"max_hp_loss":82,"event_name":"betterThird:BetterShining","floor":10,"gold_loss":0,"cards_upgraded":["HollowMod:DashSlash","HollowMod:PogoStrike"]},{"damage_healed":0,"gold_gain":0,"player_choice":"Read","damage_taken":0,"max_hp_gain":0,"max_hp_loss":0,"event_name":"The Library","floor":20,"gold_loss":0,"cards_obtained":["HollowMod:SiblingsSouls"]},{"cards_removed":["HollowMod:MidwifesHunger"],"damage_healed":0,"gold_gain":0,"player_choice":"Elegance","damage_taken":0,"max_hp_gain":0,"max_hp_loss":0,"event_name":"betterThird:BetterWriting","floor":21,"gold_loss":0}],"is_beta":false,"boss_relics":[{"not_picked":["aspiration:WatcherSkillbook","Velvet Choker"],"picked":"Pandora\u0027s Box"}],"items_purged_floors":[3,19],"is_endless":false,"potions_floor_spawned":[2,11,13,14,16],"killed_by":"Slavers","ascension_level":1}}