{"host":"xurz8oye0j2lsa2k","time":1610675892,"event":{"mods":["AchievementEnabler","BaseMod","Bestiary","BetterRewards","Colored Map","Hubris","Marked Mod","Minty Spire (QoL Compilation)","Permanent Neow","Replay The Spire","Spicy Shops","StSLib","UnlockEverythingMod"],"gold_per_floor":[119,69,69,85,96,96,96],"floor_reached":6,"language":"ENG","playtime":260,"items_purged":[],"score":36,"play_id":"1d18db59-5df6-4274-97ed-d01f17e8afc3","local_time":"20210114205812","is_ascension_mode":false,"campfire_choices":[],"circlet_count":0,"master_deck":["Strike_P","Strike_P","Strike_P","Defend_P","Defend_P+1","Defend_P","Defend_P","Eruption","Vigilance","ReplayTheSpireMod:Restless Dread","Vengeance+1"],"relics":["PureWater","hubris:AstralHammer"],"acts_visited":["Exordium"],"potions_floor_usage":[6],"damage_taken":[{"damage":2,"enemies":"Cultist","floor":1,"turns":3},{"damage":0,"enemies":"Small Slimes","floor":4,"turns":3},{"damage":0,"enemies":"Jaw Worm","floor":5,"turns":5},{"damage":8,"enemies":"Lagavulin","floor":6,"turns":4}],"seed_played":"-7400472042195967750","potions_obtained":[{"floor":4,"key":"Adrenaline Potion"},{"floor":5,"key":"Explosive Potion"}],"is_trial":false,"path_per_floor":["M","?","?","M","M","E"],"character_chosen":"WATCHER","items_purchased":[],"campfire_rested":0,"item_purchase_floors":[],"current_hp_per_floor":[70,70,56,56,56,48,48],"gold":96,"neow_bonus":"ONE_RARE_RELIC","is_daily":false,"chose_seed":false,"campfire_upgraded":0,"win_rate":0.0,"timestamp":1610675892,"path_taken":["M","?","?","M","?","E"],"items_purchased_type":[],"build_version":"2020-12-22","purchased_purges":0,"victory":false,"max_hp_per_floor":[72,72,72,72,72,72,72],"card_choices":[{"not_picked":["Replay:BluntJabs","Meditate"],"picked":"Vengeance","floor":1},{"not_picked":["Crescendo","CrushJoints","Replay:Cycle"],"picked":"SKIP","floor":4},{"not_picked":["Halt","Adaptation","ClearTheMind"],"picked":"SKIP","floor":5}],"player_experience":507703,"relics_obtained":[],"event_choices":[{"cards_removed":["Strike_P"],"damage_healed":0,"gold_gain":0,"player_choice":"Card Removal","damage_taken":0,"max_hp_gain":0,"max_hp_loss":0,"event_name":"The Cleric","floor":2,"gold_loss":50},{"damage_healed":0,"gold_gain":0,"player_choice":"Entered Light","damage_taken":14,"max_hp_gain":0,"max_hp_loss":0,"event_name":"Shining Light","floor":3,"gold_loss":0,"cards_upgraded":["Vengeance","Defend_P"]}],"is_beta":false,"boss_relics":[],"items_purged_floors":[],"is_endless":false,"potions_floor_spawned":[4,5],"killed_by":"Lagavulin","ascension_level":0}}