{"host":"vyjryxuuuxkt43k4","time":1610686263,"event":{"mods":["BaseMod","Colored Map","DeckTracker","Minty Spire (QoL Compilation)","Permanent Neow","Quick Restart","StSLib","SuperFastMode","everything is the same but u backflip on backflip"],"gold_per_floor":[111,124,139,214,227,227,238,265,337,337,392,87,99,22,22,120,120,139,159,177,191,206,236,88,187,211,54,154,154,154],"floor_reached":29,"language":"KOR","playtime":2958,"items_purged":["Defend_P","WheelKick"],"score":282,"play_id":"d733d855-866b-445c-ba34-c785eb463f2d","local_time":"20210115135103","is_ascension_mode":false,"campfire_choices":[{"data":"SignatureMove","floor":6.0,"key":"SMITH"},{"floor":10.0,"key":"REST"},{"data":"MentalFortress","floor":15,"key":"SMITH"}],"circlet_count":0,"master_deck":["Strike_P","Strike_P","Defend_P","Defend_P","Eruption+1","Vigilance","SignatureMove+1","FearNoEvil","Halt","MentalFortress+1","DeusExMachina","CrushJoints+1","Blasphemy+1","Halt+1","EmptyBody+1","CutThroughFate+1","Crescendo","Ragnarok"],"relics":["PureWater","CaptainsWheel","Singing Bowl","Turnip","Strawberry","Astrolabe","Orichalcum","Du-Vu Doll","Molten Egg 2"],"acts_visited":["Exordium","TheCity"],"potions_floor_usage":[11,16,16,20,23,23],"damage_taken":[{"damage":0.0,"enemies":"Jaw Worm","floor":1.0,"turns":3.0},{"damage":0.0,"enemies":"Cultist","floor":2.0,"turns":2.0},{"damage":0.0,"enemies":"2 Louse","floor":3.0,"turns":2.0},{"damage":2.0,"enemies":"Looter","floor":5.0,"turns":3.0},{"damage":27.0,"enemies":"Exordium Wildlife","floor":7.0,"turns":5.0},{"damage":26.0,"enemies":"Lagavulin","floor":8.0,"turns":6.0},{"damage":15,"enemies":"3 Sentries","floor":11,"turns":6},{"damage":0,"enemies":"Blue Slaver","floor":13,"turns":1},{"damage":6,"enemies":"Hexaghost","floor":16,"turns":5},{"damage":12,"enemies":"2 Thieves","floor":18,"turns":5},{"damage":4,"enemies":"3 Byrds","floor":19,"turns":5},{"damage":6,"enemies":"Cultist and Chosen","floor":20,"turns":4},{"damage":0,"enemies":"3 Cultists","floor":21,"turns":4},{"damage":10,"enemies":"Centurion and Healer","floor":22,"turns":5},{"damage":10,"enemies":"Slavers","floor":23,"turns":5},{"damage":17,"enemies":"Colosseum Slavers","floor":28,"turns":3},{"damage":27,"enemies":"Colosseum Nobs","floor":28,"turns":4},{"damage":13,"enemies":"Shelled Parasite and Fungi","floor":29,"turns":2}],"seed_played":"3203784714971515862","potions_obtained":[{"floor":3.0,"key":"Weak Potion"},{"floor":5.0,"key":"ColorlessPotion"},{"floor":11,"key":"Explosive Potion"},{"floor":16,"key":"BlessingOfTheForge"},{"floor":18,"key":"LiquidBronze"},{"floor":23,"key":"Dexterity Potion"}],"is_trial":false,"path_per_floor":["M","M","M","?","M","R","M","E","T","R","E","$","M","$","R","B",null,"M","M","M","M","M","E","$","?","T","$","?","M"],"character_chosen":"WATCHER","items_purchased":["StancePotion","Strawberry","MentalFortress","Crescendo","Ragnarok"],"campfire_rested":1,"item_purchase_floors":[12,12,14,24,27],"current_hp_per_floor":[72,72,72,65,63,63,36,10,10,31,18,25,27,27,27,21,83,73,71,65,67,59,49,49,49,49,49,7,0,0],"gold":154,"neow_bonus":"UPGRADE_CARD","is_daily":false,"chose_seed":false,"campfire_upgraded":2,"win_rate":0.0,"timestamp":1610686263,"path_taken":["M","M","M","?","M","R","M","E","T","R","E","?","M","$","R","BOSS","M","M","M","M","M","E","$","?","T","$","?","M"],"items_purchased_type":["Potion","Relic","Card","Card","Card"],"build_version":"2020-12-22","purchased_purges":2,"victory":false,"max_hp_per_floor":[72,72,72,72,72,72,72,72,72,72,74,81,83,83,83,83,83,85,87,87,89,91,91,91,91,91,91,93,93,93],"card_choices":[{"not_picked":["BowlingBash","Crescendo"],"picked":"SignatureMove","floor":1.0},{"not_picked":["Prostrate","JustLucky","FlyingSleeves"],"picked":"SKIP","floor":2.0},{"not_picked":["Omniscience","Swivel","PathToVictory"],"picked":"SKIP","floor":3.0},{"not_picked":["DeceiveReality","SashWhip"],"picked":"FearNoEvil","floor":5.0},{"not_picked":["FollowUp","ClearTheMind"],"picked":"WheelKick","floor":7.0},{"not_picked":["ForeignInfluence","FlyingSleeves"],"picked":"Halt","floor":8.0},{"not_picked":["Perseverance","Devotion","Protect"],"picked":"Singing Bowl","floor":11},{"not_picked":["LikeWater","ThirdEye","Swivel"],"picked":"Singing Bowl","floor":13},{"not_picked":["DevaForm","Omniscience"],"picked":"DeusExMachina","floor":16},{"not_picked":["Halt+1","SashWhip","Prostrate"],"picked":"Singing Bowl","floor":18},{"not_picked":["CrushJoints","FollowUp+1","ForeignInfluence+1"],"picked":"Singing Bowl","floor":19},{"not_picked":["EmptyMind","Prostrate"],"picked":"EmptyBody+1","floor":20},{"not_picked":["FlurryOfBlows","FollowUp","BowlingBash"],"picked":"Singing Bowl","floor":21},{"not_picked":["SashWhip","CarveReality+1","CrushJoints"],"picked":"Singing Bowl","floor":22},{"not_picked":["ClearTheMind","DevaForm"],"picked":"CutThroughFate+1","floor":23},{"not_picked":["CarveReality+1","EmptyBody+1","Sanctity"],"picked":"Singing Bowl","floor":28}],"player_experience":317149,"relics_obtained":[{"floor":8.0,"key":"CaptainsWheel"},{"floor":9.0,"key":"Singing Bowl"},{"floor":11,"key":"Turnip"},{"floor":23,"key":"Orichalcum"},{"floor":28,"key":"Du-Vu Doll"},{"floor":28,"key":"Molten Egg 2"}],"event_choices":[{"damage_healed":0.0,"max_hp_gain":0.0,"max_hp_loss":0.0,"gold_gain":75.0,"event_name":"FaceTrader","player_choice":"Touch","floor":4.0,"gold_loss":0.0,"damage_taken":7.0},{"damage_healed":0,"gold_gain":99,"player_choice":"Stole From Cult","damage_taken":0,"max_hp_gain":0,"max_hp_loss":0,"event_name":"Nest","floor":25,"gold_loss":0},{"damage_healed":0,"gold_gain":0,"player_choice":"Fight","damage_taken":0,"max_hp_gain":0,"max_hp_loss":0,"event_name":"Colosseum","floor":28,"gold_loss":0},{"damage_healed":0,"gold_gain":0,"player_choice":"Fought Nobs","damage_taken":0,"max_hp_gain":0,"max_hp_loss":0,"event_name":"Colosseum","floor":28,"gold_loss":0}],"is_beta":false,"boss_relics":[{"not_picked":["Empty Cage","Pandora\u0027s Box"],"picked":"Astrolabe"}],"items_purged_floors":[12,24],"is_endless":false,"potions_floor_spawned":[3,5,11,16,18,19,23],"killed_by":"Shelled Parasite and Fungi","ascension_level":0}}