{"host":"njruw0b0uprlitpx","time":1610690060,"event":{"mods":["2.2 Compatiblity","Astrologer","Bartender","BaseMod","Better Altar","Better Match","Better Note","Better Sensory Stone","Better Skull","Better Third Choice","BetterRewards","Block Reminder","Colored Map","Colored Powertips","Energized Spire","Jedi Mod","Keyboard Shortcuts","Minty Spire (QoL Compilation)","Quick Restart","Rare Cards Sparkle","Relic Stats","Replay The Spire","SacredBarkPlus","Spicy Shops","StSLib","SuperFastMode","The Construct","The Dragon Tamer","The Hierophant","The Marked","The Mystic","Wandering Minibosses"],"gold_per_floor":[116,132,132,142,153,153,188,188,188,218,228,12,42,68,68,163,163,178,178,378,393,411,440,440,540,540,557,557,577,23,50,50,145,95,106,106,118,1117,1117,1150,1150,495,495,495,529,1,1,1,1,1],"floor_reached":51,"language":"ENG","playtime":1971,"items_purged":["Defend_P","Strike_P","Regret","Normality","Normality","MasterReality"],"score":1651,"play_id":"ac9ec195-65ea-4300-a432-ab30a3ae2d92","local_time":"20210114235420","is_ascension_mode":true,"campfire_choices":[{"data":"Eruption","floor":6,"key":"SMITH"},{"data":"Inflame","floor":8,"key":"SMITH"},{"floor":15,"key":"REST"},{"floor":24,"key":"REST"},{"data":"DevaForm","floor":28,"key":"SMITH"},{"floor":32,"key":"REST"},{"floor":41,"key":"REST"},{"floor":44,"key":"REST"},{"data":"MasterReality","floor":47,"key":"SMITH"},{"floor":49,"key":"REST"}],"circlet_count":0,"master_deck":["AscendersBane","Strike_P","Defend_P+1","Defend_P+1","Eruption+1","Vigilance","Apotheosis+1","FlyingSleeves","InnerPeace+1","Judgement+1","SignatureMove+1","Indignation+1","EmptyBody+1","Crescendo+1","Conclude+1","JustLucky","Inflame+1","FearNoEvil","Blasphemy+1","Halt+1","CrushJoints","SandsOfTime","SandsOfTime","Alpha+1","Omniscience+1","BowlingBash+1","Halt+1","Protect+1","DevaForm+1","Replay:Vibes+1","TalkToTheHand","EmptyFist","Fasting2","DeusExMachina+1","Vault+1","Replay:Hum+1","CrushJoints","MasterReality+1","Strike_P","TalkToTheHand+1","CrushJoints+1","CutThroughFate+1","Omniscience+1","EmptyMind+1","Fasting2+1","Madness+1","Madness+1"],"relics":["PureWater","BargainBundle","Replay:Towering Pillar of Hats","Toxic Egg 2","Oddly Smooth Stone","Orrery","War Paint","Replay:Baseball","InkBottle","Strawberry","Astrolabe","Chameleon Ring","Lizard Tail","Guide Book","Replay:Mystery Machine","Akabeko","energizedSpire:HugeHouse","jedi:shrinkray","DollysMirror","Toolbox","Frozen Egg 2","Bottled Lightning","White_Cape"],"acts_visited":["Exordium","TheCity","TheBeyond"],"potions_floor_usage":[16,21,23,31,33,33,33,40,45,45,50,50],"damage_taken":[{"damage":0,"enemies":"Jaw Worm","floor":1,"turns":1},{"damage":0,"enemies":"Cultist","floor":2,"turns":2},{"damage":0,"enemies":"2 Louse","floor":4,"turns":3},{"damage":12,"enemies":"Exordium Wildlife","floor":5,"turns":2},{"damage":0,"enemies":"Gremlin Nob","floor":7,"turns":2},{"damage":2,"enemies":"Replay:BlueRogue","floor":10,"turns":2},{"damage":0,"enemies":"Looter","floor":11,"turns":1},{"damage":10,"enemies":"Gremlin Nob","floor":14,"turns":3},{"damage":20,"enemies":"The Guardian","floor":16,"turns":4},{"damage":12,"enemies":"Chosen","floor":18,"turns":2},{"damage":1,"enemies":"3 Byrds","floor":21,"turns":3},{"damage":9,"enemies":"Cultist and Chosen","floor":22,"turns":3},{"damage":17,"enemies":"Book of Stabbing","floor":23,"turns":3},{"damage":0,"enemies":"Snecko","floor":27,"turns":3},{"damage":30,"enemies":"Shelled Parasite and Fungi","floor":29,"turns":3},{"damage":0,"enemies":"Gremlin Leader","floor":31,"turns":2},{"damage":89,"enemies":"Champ","floor":33,"turns":7},{"damage":10,"enemies":"3 Darklings","floor":35,"turns":4},{"damage":22,"enemies":"3 Shapes","floor":37,"turns":3},{"damage":0,"enemies":"Reptomancer","floor":40,"turns":3},{"damage":0,"enemies":"Giant Head","floor":45,"turns":3},{"damage":28,"enemies":"Time Eater","floor":50,"turns":7}],"seed_played":"-2975399999513007099","potions_obtained":[{"floor":22,"key":"ColorlessPotion"},{"floor":23,"key":"PowerPotion"},{"floor":31,"key":"Adrenaline Potion"},{"floor":37,"key":"Adrenaline Potion"},{"floor":40,"key":"ColorlessPotion"},{"floor":45,"key":"Weak Potion"}],"is_trial":false,"path_per_floor":["M","M","?","M","M","R","E","R","T","E","M","$","?","E","R","B",null,"M","?","?","M","M","E","R","?","T","M","R","M","$","E","R","B",null,"M","?","M","?","?","E","R","$","T","R","E","$","R","?","R","B",null],"character_chosen":"WATCHER","items_purchased":["BargainBundle","Toxic Egg 2","Apotheosis+1","FlyingSleeves","Oddly Smooth Stone","DuplicationPotion","Energy Potion","ColorlessPotion","InnerPeace+1","Orrery","Crescendo+1","SandsOfTime","Vault+1","Guide Book","Replay:Hum+1","Replay:Mystery Machine","DollysMirror","Toolbox","Block Potion","AttackPotion","White_Cape","Fasting2+1","BottledMiracle"],"campfire_rested":6,"item_purchase_floors":[0,0,0,0,0,0,0,0,0,0,0,12,30,30,30,30,42,42,42,42,46,46,46],"current_hp_per_floor":[65,65,65,65,53,53,53,53,53,51,51,51,51,48,71,51,72,60,45,45,44,35,18,41,41,41,57,57,27,27,27,50,11,58,48,48,26,26,26,26,48,48,48,70,70,70,70,61,74,46],"gold":1,"neow_bonus":"","is_daily":false,"chose_seed":false,"campfire_upgraded":4,"win_rate":0.0,"timestamp":1610690060,"path_taken":["M","M","?","M","?","R","E","R","T","E","M","$","?","E","R","BOSS","M","?","?","M","?","E","R","?","T","M","R","?","$","E","R","BOSS","M","?","M","?","?","E","R","$","T","R","E","$","R","?","R","BOSS"],"items_purchased_type":["Relic","Relic","Card","Card","Relic","Potion","Potion","Potion","Card","Relic","Card","Card","Card","Relic","Card","Relic","Relic","Relic","Potion","Potion","Relic","Card","Potion"],"build_version":"2020-12-22","purchased_purges":6,"victory":true,"max_hp_per_floor":[72,72,72,72,72,72,72,72,72,72,72,72,72,79,79,79,79,79,79,79,79,79,79,79,79,79,79,79,79,79,79,79,79,74,74,74,74,74,74,74,74,74,74,74,74,74,74,74,74,74],"relic_stats":{"Lizard Tail":39,"counters":[43,112],"Astrolabe":["BowlingBash","Halt","jedi:nirvanicrebirth"],"War Paint":["Defend_P","Defend_P"],"obtain_stats":[{"CeramicFish":29,"Boot":4,"jedi:shrinkray":40,"Replay:Ringing Soul":14,"Lizard Tail":26,"DollysMirror":41,"Strawberry":14,"Philosopher\u0027s Stone":19,"Replay:Bottled Flurry":24,"Kunai":51,"Replay:Wax Seal":41,"Toxic Egg 2":0,"ReplayTheSpireMod:Ring of Addiction":45,"Astrolabe":17,"Oddly Smooth Stone":41,"Pen Nib":25,"Ring of Chaos":45,"War Paint":7,"Akabeko":16,"Du-Vu Doll":0,"jedi:heavyjacket":43,"Replay:Baseball":9,"Snecko Eye":37,"Molten Egg 2":47,"Mirror":23,"Darkstone Periapt":0,"Regal Pillow":22,"Bag of Preparation":13,"Juzu Bracelet":24,"Incense Burner":50,"jedi:archwizardhat":11,"Replay:Mystery Machine":30,"Cursed Key":0,"White_Cape":15,"Smiling Mask":33,"Ancient Tea Set":38,"Pet Ghost":10,"Replay:Bandana":28,"Chameleon Ring":23,"Mummified Hand":42,"Toolbox":43,"Tiny Chest":1,"Red Mask":31,"energizedSpire:HugeHouse":34,"InkBottle":10,"Potion Belt":45,"BargainBundle":41,"ReplayTheSpireMod:Ninjato":46,"Replay:Towering Pillar of Hats":0,"Quantum Egg":48,"Guide Book":30,"Damaru":41,"Omamori":9,"Frozen Egg 2":43,"MawBank":26,"jedi:ominousloannote":24,"Orrery":13,"Bag of Marbles":32,"Bottled Lightning":45,"jedi:arcanewood":20,"Toy Ornithopter":45},{"CeramicFish":12,"Boot":2,"jedi:shrinkray":41,"Replay:Ringing Soul":5,"Lizard Tail":34,"DollysMirror":16,"Strawberry":29,"Philosopher\u0027s Stone":7,"Replay:Bottled Flurry":10,"Kunai":20,"Replay:Wax Seal":16,"Toxic Egg 2":21,"ReplayTheSpireMod:Ring of Addiction":16,"Astrolabe":30,"Oddly Smooth Stone":16,"Pen Nib":10,"Ring of Chaos":16,"War Paint":26,"Akabeko":6,"Du-Vu Doll":0,"jedi:heavyjacket":16,"Replay:Baseball":26,"Snecko Eye":15,"Molten Egg 2":17,"Mirror":10,"Darkstone Periapt":0,"Regal Pillow":9,"Bag of Preparation":4,"Juzu Bracelet":10,"Incense Burner":19,"jedi:archwizardhat":4,"Replay:Mystery Machine":36,"Cursed Key":0,"White_Cape":5,"Smiling Mask":14,"Ancient Tea Set":16,"Pet Ghost":4,"Replay:Bandana":12,"Chameleon Ring":34,"Mummified Hand":16,"Toolbox":16,"Tiny Chest":1,"Red Mask":13,"energizedSpire:HugeHouse":38,"InkBottle":27,"Potion Belt":16,"BargainBundle":16,"ReplayTheSpireMod:Ninjato":16,"Replay:Towering Pillar of Hats":21,"Quantum Egg":18,"Guide Book":36,"Damaru":16,"Omamori":3,"Frozen Egg 2":41,"MawBank":11,"jedi:ominousloannote":10,"Orrery":4,"Bag of Marbles":13,"Bottled Lightning":42,"jedi:arcanewood":8,"Toy Ornithopter":16},{"CeramicFish":27,"Boot":4,"jedi:shrinkray":102,"Replay:Ringing Soul":11,"Lizard Tail":77,"DollysMirror":37,"Strawberry":62,"Philosopher\u0027s Stone":18,"Replay:Bottled Flurry":22,"Kunai":43,"Replay:Wax Seal":37,"Toxic Egg 2":46,"ReplayTheSpireMod:Ring of Addiction":37,"Astrolabe":66,"Oddly Smooth Stone":37,"Pen Nib":22,"Ring of Chaos":37,"War Paint":56,"Akabeko":13,"Du-Vu Doll":0,"jedi:heavyjacket":37,"Replay:Baseball":56,"Snecko Eye":35,"Molten Egg 2":39,"Mirror":22,"Darkstone Periapt":0,"Regal Pillow":20,"Bag of Preparation":9,"Juzu Bracelet":22,"Incense Burner":41,"jedi:archwizardhat":9,"Replay:Mystery Machine":83,"Cursed Key":0,"White_Cape":11,"Smiling Mask":30,"Ancient Tea Set":37,"Pet Ghost":9,"Replay:Bandana":27,"Chameleon Ring":77,"Mummified Hand":37,"Toolbox":37,"Tiny Chest":2,"Red Mask":28,"energizedSpire:HugeHouse":92,"InkBottle":58,"Potion Belt":37,"BargainBundle":37,"ReplayTheSpireMod:Ninjato":37,"Replay:Towering Pillar of Hats":46,"Quantum Egg":40,"Guide Book":83,"Damaru":37,"Omamori":5,"Frozen Egg 2":102,"MawBank":25,"jedi:ominousloannote":22,"Orrery":9,"Bag of Marbles":28,"Bottled Lightning":105,"jedi:arcanewood":19,"Toy Ornithopter":37}],"InkBottle":[24]},"card_choices":[{"not_picked":["SashWhip","FlurryOfBlows"],"picked":"CutThroughFate","floor":0},{"not_picked":["ClearTheMind+1","EmptyBody+1"],"picked":"Judgement+1","floor":0},{"not_picked":["Weave","Halt+1"],"picked":"SignatureMove","floor":0},{"not_picked":["Replay:BluntJabs","WheelKick"],"picked":"Indignation+1","floor":0},{"not_picked":["FollowUp","Halt+1"],"picked":"EmptyBody+1","floor":0},{"not_picked":["Protect+1","Replay:BluntJabs"],"picked":"Conclude","floor":1},{"not_picked":["Replay:AtTheReady+1","Evaluate+1"],"picked":"JustLucky","floor":2},{"not_picked":["Consecrate","Evaluate+1"],"picked":"FearNoEvil","floor":4},{"not_picked":["CutThroughFate","WindmillStrike"],"picked":"jedi:nirvanicrebirth+1","floor":5},{"not_picked":["Replay:Battleflow+1","Prostrate+1"],"picked":"Blasphemy+1","floor":7},{"not_picked":["JustLucky","Collect+1"],"picked":"Halt+1","floor":10},{"not_picked":["Blasphemy+1","Replay:AtTheReady+1"],"picked":"CrushJoints","floor":11},{"not_picked":["FlurryOfBlows","Perseverance+1"],"picked":"Alpha+1","floor":14},{"not_picked":["Blasphemy+1","Brilliance"],"picked":"Omniscience+1","floor":16},{"not_picked":["Replay:AtTheReady+1","SignatureMove+1"],"picked":"Protect+1","floor":18},{"not_picked":["Consecrate","Halt+1"],"picked":"Replay:Vibes+1","floor":20},{"not_picked":["WaveOfTheHand+1","EmptyBody+1","Replay:Battleflow+1"],"picked":"SKIP","floor":21},{"not_picked":["ThirdEye+1","ClearTheMind+1"],"picked":"TalkToTheHand","floor":22},{"not_picked":["Replay:Anticipation+1","MentalFortress"],"picked":"EmptyFist","floor":23},{"not_picked":["Replay:Vibes+1","Conclude"],"picked":"Fasting2","floor":27},{"not_picked":["EmptyBody+1","LikeWater"],"picked":"DeusExMachina+1","floor":29},{"not_picked":["FollowUp+1","Worship+1"],"picked":"CrushJoints","floor":31},{"not_picked":["Replay:AllIn+1","Blasphemy+1"],"picked":"MasterReality","floor":33},{"not_picked":["FlyingSleeves+1","Halt+1"],"picked":"TalkToTheHand+1","floor":35},{"not_picked":["JustLucky+1","Evaluate+1"],"picked":"CrushJoints+1","floor":37},{"not_picked":["MentalFortress+1","Replay:Cycle+1"],"picked":"CutThroughFate+1","floor":40},{"not_picked":["Consecrate+1","Indignation+1"],"picked":"EmptyMind+1","floor":45}],"player_experience":1573083,"relics_obtained":[{"floor":7,"key":"War Paint"},{"floor":9,"key":"Replay:Baseball"},{"floor":10,"key":"InkBottle"},{"floor":14,"key":"Strawberry"},{"floor":23,"key":"Chameleon Ring"},{"floor":26,"key":"Lizard Tail"},{"floor":31,"key":"Akabeko"},{"floor":40,"key":"jedi:shrinkray"},{"floor":43,"key":"Frozen Egg 2"},{"floor":45,"key":"Bottled Lightning"}],"event_choices":[{"cards_removed":["Apotheosis"],"damage_healed":0,"gold_gain":0,"player_choice":"Take \u0026 Give","damage_taken":0,"max_hp_gain":0,"max_hp_loss":0,"event_name":"betterNote:BetterNote","floor":3,"gold_loss":0,"cards_obtained":["Inflame"]},{"damage_healed":0,"gold_gain":30,"player_choice":"Searched \u00272\u0027 times","damage_taken":0,"max_hp_gain":0,"max_hp_loss":0,"event_name":"Dead Adventurer","floor":13,"gold_loss":0},{"damage_healed":0,"gold_gain":2,"player_choice":"2","damage_taken":0,"max_hp_gain":0,"max_hp_loss":15,"event_name":"betterStone:BetterStone","floor":19,"gold_loss":0},{"damage_healed":0,"gold_gain":100,"player_choice":"Pray","damage_taken":0,"max_hp_gain":0,"max_hp_loss":0,"event_name":"Golden Shrine","floor":25,"gold_loss":0},{"cards_removed":["FlyingSleeves"],"damage_healed":0,"gold_gain":0,"player_choice":"Removed Attack","damage_taken":0,"max_hp_gain":0,"max_hp_loss":0,"event_name":"Falling","floor":36,"gold_loss":0},{"damage_healed":0,"gold_gain":999,"player_choice":"Gold","damage_taken":0,"max_hp_gain":0,"max_hp_loss":0,"event_name":"MindBloom","floor":38,"gold_loss":0,"cards_obtained":["Normality","Normality"]},{"damage_healed":0,"gold_gain":0,"player_choice":"Ignored","damage_taken":0,"max_hp_gain":0,"max_hp_loss":0,"event_name":"Mysterious Sphere","floor":39,"gold_loss":0},{"damage_healed":0,"gold_gain":0,"player_choice":"Embrace Madness","damage_taken":9,"max_hp_gain":0,"max_hp_loss":0,"event_name":"Winding Halls","floor":48,"gold_loss":0,"cards_obtained":["Madness","Madness"]}],"is_beta":false,"boss_relics":[{"not_picked":["SacredBark","Empty Cage"],"picked":"Astrolabe"},{"not_picked":["Replay:Drink Me","Calling Bell"],"picked":"energizedSpire:HugeHouse"}],"items_purged_floors":[0,12,30,42,42,46],"is_endless":false,"potions_floor_spawned":[5,10,11,14,16,22,23,27,31,37,40,45],"ascension_level":10}}