{"host":"3h5qf14xt40jhha0","time":1610681706,"event":{"mods":["AlwaysNeverKeys","BaseMod","Colored Powertips","Minty Spire (QoL Compilation)","Permanent Neow","Relic Stats","StSLib"],"gold_per_floor":[359,359,29,29,52,87,106,137,162,137,153,173,173,504,504,504,504],"floor_reached":16,"language":"ENG","playtime":691,"items_purged":["Shame"],"score":240,"play_id":"6cce43ad-5843-4c89-9d76-a65eba5de0ef","local_time":"20210114223506","is_ascension_mode":true,"campfire_choices":[{"floor":13.0,"key":"REST"},{"data":"Neutralize","floor":15.0,"key":"SMITH"}],"circlet_count":0,"master_deck":["AscendersBane","Strike_G","Strike_G","Strike_G","Strike_G","Strike_G","Defend_G","Defend_G","Defend_G","Defend_G","Defend_G","Survivor","Neutralize+1","Dagger Spray","Footwork","Dagger Throw","Heel Hook","Eviscerate","Prepared","Acrobatics","Terror","Envenom"],"relics":["Ring of the Snake","Golden Idol","Sling","MealTicket","Bag of Preparation","Oddly Smooth Stone","Old Coin"],"acts_visited":["Exordium"],"potions_floor_usage":[16],"damage_taken":[{"damage":4.0,"enemies":"Jaw Worm","floor":1.0,"turns":6.0},{"damage":0.0,"enemies":"2 Louse","floor":5.0,"turns":3.0},{"damage":28.0,"enemies":"Gremlin Nob","floor":6.0,"turns":4.0},{"damage":0.0,"enemies":"Cultist","floor":7.0,"turns":3.0},{"damage":13.0,"enemies":"Lagavulin","floor":8.0,"turns":7.0},{"damage":13.0,"enemies":"Exordium Thugs","floor":11.0,"turns":6.0},{"damage":0.0,"enemies":"Exordium Wildlife","floor":12.0,"turns":2.0},{"damage":8.0,"enemies":"Gremlin Nob","floor":14.0,"turns":3.0},{"damage":24,"enemies":"The Guardian","floor":16,"turns":9}],"seed_played":"-6191049086765562935","potions_obtained":[{"floor":1.0,"key":"GamblersBrew"},{"floor":8.0,"key":"ColorlessPotion"},{"floor":14.0,"key":"Fruit Juice"}],"is_trial":false,"path_per_floor":["M","?","$","?","M","E","M","E","T","$","M","M","R","E","R","B"],"character_chosen":"THE_SILENT","items_purchased":["Sling","Footwork","Dagger Throw","Acrobatics"],"campfire_rested":1,"item_purchase_floors":[3,3,3,10],"current_hp_per_floor":[55,55,55,46,46,18,18,5,5,20,7,7,25,17,17,0,0],"gold":504,"neow_bonus":"TWO_FIFTY_GOLD","is_daily":false,"chose_seed":false,"campfire_upgraded":1,"win_rate":0.0,"timestamp":1610681706,"path_taken":["M","?","$","?","?","E","M","E","T","?","M","M","R","E","R","BOSS"],"items_purchased_type":["Relic","Card","Card","Card"],"build_version":"2020-12-22","purchased_purges":1,"victory":false,"max_hp_per_floor":[66,60,60,60,60,60,60,60,60,60,60,60,60,60,60,65,65],"relic_stats":{"counters":[9,43],"Golden Idol":35,"MealTicket":15,"Bag of Preparation":[8],"obtain_stats":[{"Golden Idol":2,"Oddly Smooth Stone":9,"MealTicket":6,"Bag of Preparation":8,"Sling":3,"Ring of the Snake":0,"Old Coin":14},{"Golden Idol":1,"Oddly Smooth Stone":5,"MealTicket":3,"Bag of Preparation":5,"Sling":1,"Ring of the Snake":0,"Old Coin":8},{"Golden Idol":6,"Oddly Smooth Stone":23,"MealTicket":13,"Bag of Preparation":23,"Sling":6,"Ring of the Snake":0,"Old Coin":34}],"Ring of the Snake":[18]},"card_choices":[{"not_picked":["Bane","Riddle With Holes"],"picked":"Dagger Spray","floor":1.0},{"not_picked":["Bane","Dodge and Roll"],"picked":"Heel Hook","floor":5.0},{"not_picked":["Bane","Flechettes"],"picked":"Eviscerate","floor":6.0},{"not_picked":["Infinite Blades","Deadly Poison","Slice"],"picked":"SKIP","floor":7.0},{"not_picked":["Storm of Steel","Riddle With Holes"],"picked":"Prepared","floor":8.0},{"not_picked":["Outmaneuver","Noxious Fumes","Masterful Stab"],"picked":"SKIP","floor":11.0},{"not_picked":["Deadly Poison","Concentrate"],"picked":"Terror","floor":12.0},{"not_picked":["Well Laid Plans","Deadly Poison"],"picked":"Envenom","floor":14.0}],"player_experience":1337673,"relics_obtained":[{"floor":6.0,"key":"MealTicket"},{"floor":8.0,"key":"Bag of Preparation"},{"floor":9.0,"key":"Oddly Smooth Stone"},{"floor":14.0,"key":"Old Coin"}],"event_choices":[{"damage_healed":0.0,"max_hp_gain":0.0,"max_hp_loss":6.0,"gold_gain":0.0,"event_name":"Golden Idol","player_choice":"Lose Max HP","floor":2.0,"gold_loss":0.0,"damage_taken":0.0,"relics_obtained":["Golden Idol"]},{"damage_healed":0.0,"max_hp_gain":0.0,"max_hp_loss":0.0,"gold_gain":0.0,"event_name":"Wheel of Change","player_choice":"Damaged","floor":4.0,"gold_loss":0.0,"damage_taken":9.0}],"is_beta":false,"boss_relics":[],"items_purged_floors":[3],"is_endless":false,"potions_floor_spawned":[1,8,14],"killed_by":"The Guardian","ascension_level":20}}