{"host":"utcbn1j9ebmpc40m","time":1610740540,"event":{"mods":["BaseMod","Better Altar","Better Match","GifTheSpireLib","Minty Spire (QoL Compilation)","Poor People Problems","StSLib","SuperFastMode","The IronCluck","The Servant 0.9.4"],"gold_per_floor":[111,125,125,125,137,169,184,30,30,61,75,150,168,168,168,245,245,261,261,279,125,142,142,142],"floor_reached":23,"language":"ENG","playtime":653,"items_purged":["Defend_R"],"score":376,"play_id":"15333d21-3f01-48a9-b3a8-c7b5fd1739a3","local_time":"20210115145540","is_ascension_mode":true,"campfire_choices":[{"floor":15,"key":"REST"}],"circlet_count":0,"master_deck":["AscendersBane","Strike_R","Strike_R","Strike_R","Strike_R","Strike_R","Defend_R","Defend_R","Defend_R","Bash","Flex","Double Tap","Clash","Spot Weakness","Perfected Strike","Perfected Strike","Armaments","Parasite","Barricade","CurseOfTheBell","Clash","Body Slam","Power Through","Spot Weakness"],"relics":["Burning Blood","NeowsBlessing","Incense Burner","HornCleat","FossilizedHelix","Happy Flower","Calling Bell","Bronze Scales","Pantograph","Thread and Needle"],"acts_visited":["Exordium","TheCity"],"potions_floor_usage":[18,18],"damage_taken":[{"damage":0,"enemies":"2 Louse","floor":1,"turns":1},{"damage":0,"enemies":"Cultist","floor":2,"turns":1},{"damage":0,"enemies":"Small Slimes","floor":5,"turns":1},{"damage":50,"enemies":"3 Sentries","floor":6,"turns":14},{"damage":1,"enemies":"2 Fungi Beasts","floor":7,"turns":4},{"damage":0,"enemies":"Gremlin Nob","floor":10,"turns":3},{"damage":0,"enemies":"Large Slime","floor":11,"turns":6},{"damage":0,"enemies":"Blue Slaver","floor":13,"turns":2},{"damage":11,"enemies":"The Guardian","floor":16,"turns":9},{"damage":0,"enemies":"Spheric Guardian","floor":18,"turns":5},{"damage":12,"enemies":"3 Byrds","floor":20,"turns":4},{"damage":11,"enemies":"Shelled Parasite and Fungi","floor":22,"turns":7},{"damage":69,"enemies":"Book of Stabbing","floor":23,"turns":6}],"seed_played":"5767562936174813149","potions_obtained":[{"floor":6,"key":"Fire Potion"},{"floor":11,"key":"DuplicationPotion"},{"floor":13,"key":"PowerPotion"},{"floor":18,"key":"DuplicationPotion"},{"floor":20,"key":"Ancient Potion"}],"is_trial":false,"path_per_floor":["M","M","$","?","M","E","M","$","T","E","M","?","M","?","R","B",null,"M","?","M","$","M","E"],"character_chosen":"IRONCLAD","items_purchased":["Spot Weakness","Power Through","Spot Weakness"],"campfire_rested":1,"item_purchase_floors":[8,21,21],"current_hp_per_floor":[78,80,80,80,80,36,41,41,41,47,53,42,48,68,80,75,79,80,80,74,74,69,0,0],"gold":142,"neow_bonus":"THREE_ENEMY_KILL","is_daily":false,"chose_seed":false,"campfire_upgraded":0,"win_rate":0.0,"timestamp":1610740540,"path_taken":["M","M","$","?","M","E","M","$","T","E","?","?","M","?","R","BOSS","M","?","M","$","M","E"],"items_purchased_type":["Card","Card","Card"],"build_version":"2020-12-22","purchased_purges":1,"victory":false,"max_hp_per_floor":[80,80,80,80,80,80,80,80,80,80,80,80,80,80,80,80,80,80,80,80,80,80,80,80],"card_choices":[{"not_picked":["Iron Wave","Havoc"],"picked":"Headbutt","floor":1},{"not_picked":["Anger","Disarm"],"picked":"Flex","floor":2},{"not_picked":["Headbutt","Iron Wave"],"picked":"Double Tap","floor":5},{"not_picked":["Searing Blow","Bloodletting","Sword Boomerang"],"picked":"SKIP","floor":6},{"not_picked":["Perfected Strike","Iron Wave"],"picked":"Clash","floor":7},{"not_picked":["Shockwave","Headbutt"],"picked":"Perfected Strike","floor":10},{"not_picked":["Fire Breathing","Dark Embrace"],"picked":"Perfected Strike","floor":11},{"not_picked":["Havoc","Thunderclap"],"picked":"Armaments","floor":13},{"not_picked":["Exhume","Brutality"],"picked":"Barricade","floor":16},{"not_picked":["Perfected Strike","Shrug It Off"],"picked":"Clash","floor":18},{"not_picked":["Second Wind","Flame Barrier"],"picked":"Body Slam","floor":20},{"not_picked":["Cleave","Battle Trance","Havoc"],"picked":"SKIP","floor":22}],"player_experience":494223,"relics_obtained":[{"floor":6,"key":"HornCleat"},{"floor":9,"key":"FossilizedHelix"},{"floor":10,"key":"Happy Flower"},{"floor":17,"key":"Bronze Scales"},{"floor":17,"key":"Pantograph"},{"floor":17,"key":"Thread and Needle"}],"event_choices":[{"cards_removed":["Headbutt"],"damage_healed":0,"gold_gain":0,"player_choice":"Gave Card","damage_taken":0,"relics_obtained":["Incense Burner"],"max_hp_gain":0,"max_hp_loss":0,"event_name":"WeMeetAgain","floor":4,"gold_loss":0},{"damage_healed":0,"gold_gain":75,"player_choice":"Gather Gold","damage_taken":11,"max_hp_gain":0,"max_hp_loss":0,"event_name":"World of Goop","floor":12,"gold_loss":0},{"damage_healed":20,"gold_gain":0,"player_choice":"Healed and dodged fight","damage_taken":0,"max_hp_gain":0,"max_hp_loss":0,"event_name":"Mushrooms","floor":14,"gold_loss":0,"cards_obtained":["Parasite"]},{"damage_healed":0,"gold_gain":0,"player_choice":"Ignored","damage_taken":0,"max_hp_gain":0,"max_hp_loss":0,"event_name":"Vampires","floor":19,"gold_loss":0}],"is_beta":false,"boss_relics":[{"not_picked":["Fusion Hammer","Ectoplasm"],"picked":"Calling Bell"}],"items_purged_floors":[8],"is_endless":false,"potions_floor_spawned":[6,11,13,18,20],"killed_by":"Book of Stabbing","ascension_level":13}}