{"host":"q206iib20se9i6w7","time":1610752263,"event":{"mods":["AchievementEnabler","BaseMod","Bestiary","Block Reminder","Colored Map","Colored Powertips","Curses Come First","Highlight Path","Key Reminder","Minty Spire (QoL Compilation)","Quick Restart","Random Character Button","Relic Stats","StSLib","SuperFastMode","Unceasing Turn Reminder"],"gold_per_floor":[119,130,143,143,0,28,28,54,54,54,73,73,73,92,92,187,187,197,112,14,14,30,65,65,92,92,92,104,104,138,149,149,246,246,260,272,284,284,302,302,348,10,10,10,42,42,57,83,83,83,83,83,5,32,32],"floor_reached":56,"language":"ENG","playtime":3314,"items_purged":["Strike_G","Defend_G"],"score":1706,"play_id":"b198a300-d48a-4deb-9838-5db65c161077","local_time":"20210115171103","is_ascension_mode":true,"campfire_choices":[{"data":"Neutralize","floor":7,"key":"SMITH"},{"data":"Blade Dance","floor":10,"key":"SMITH"},{"data":"Cloak And Dagger","floor":13,"key":"SMITH"},{"data":"Sucker Punch","floor":15,"key":"SMITH"},{"data":"Reflex","floor":27,"key":"SMITH"},{"data":"Dagger Spray","floor":29,"key":"SMITH"},{"data":"Calculated Gamble","floor":32,"key":"SMITH"},{"floor":40,"key":"RECALL"},{"data":"Strike_G","floor":44,"key":"PURGE"},{"data":"Strike_G","floor":49,"key":"PURGE"},{"data":"Strike_G","floor":52,"key":"PURGE"}],"circlet_count":0,"master_deck":["Defend_G","Defend_G","Defend_G","Survivor","Neutralize+1","Calculated Gamble+1","Blade Dance+1","Sucker Punch+1","Unload","Quick Slash","Dagger Spray+1","Cloak And Dagger+1","Tools of the Trade+1","Finisher+1","Finesse","Dodge and Roll+1","Underhanded Strike","Reflex+1","Acrobatics+1","Cloak And Dagger+1","Die Die Die","CurseOfTheBell","Blade Dance+1","Cloak And Dagger+1","Well Laid Plans+1","Footwork+1","Blade Dance+1","Acrobatics+1","Deflect+1","Blade Dance+1","Choke+1"],"relics":["Ring of the Snake","NeowsBlessing","Kunai","Oddly Smooth Stone","Meat on the Bone","Philosopher\u0027s Stone","Bird Faced Urn","Pear","Eternal Feather","Toxic Egg 2","Potion Belt","Calling Bell","Blood Vial","Gremlin Horn","Lizard Tail","Vajra","Peace Pipe","Lee\u0027s Waffle","Juzu Bracelet","Nunchaku","HornCleat"],"acts_visited":["Exordium","TheCity","TheBeyond","TheEnding"],"potions_floor_usage":[6,22,35,36,41,45,54,55,55,55,55,55,55,55,55,55,55],"damage_taken":[{"damage":0,"enemies":"Cultist","floor":1,"turns":1},{"damage":0,"enemies":"Small Slimes","floor":2,"turns":1},{"damage":0,"enemies":"Jaw Worm","floor":3,"turns":1},{"damage":9,"enemies":"3 Sentries","floor":6,"turns":12},{"damage":23,"enemies":"Lagavulin","floor":8,"turns":7},{"damage":5,"enemies":"Large Slime","floor":11,"turns":5},{"damage":0,"enemies":"Looter","floor":14,"turns":2},{"damage":26,"enemies":"Slime Boss","floor":16,"turns":13},{"damage":0,"enemies":"Spheric Guardian","floor":18,"turns":3},{"damage":2,"enemies":"2 Thieves","floor":22,"turns":4},{"damage":0,"enemies":"Book of Stabbing","floor":23,"turns":5},{"damage":18,"enemies":"Slavers","floor":25,"turns":6},{"damage":0,"enemies":"Sentry and Sphere","floor":28,"turns":3},{"damage":0,"enemies":"Gremlin Leader","floor":30,"turns":4},{"damage":9,"enemies":"Centurion and Healer","floor":31,"turns":5},{"damage":9,"enemies":"Automaton","floor":33,"turns":10},{"damage":7,"enemies":"3 Shapes","floor":35,"turns":3},{"damage":5,"enemies":"Orb Walker","floor":36,"turns":4},{"damage":0,"enemies":"Maw","floor":37,"turns":8},{"damage":16,"enemies":"4 Shapes","floor":39,"turns":4},{"damage":35,"enemies":"2 Orb Walkers","floor":41,"turns":4},{"damage":21,"enemies":"Nemesis","floor":45,"turns":5},{"damage":1,"enemies":"Jaw Worm Horde","floor":47,"turns":3},{"damage":14,"enemies":"Giant Head","floor":48,"turns":6},{"damage":15,"enemies":"Donu and Deca","floor":50,"turns":12},{"damage":1,"enemies":"Shield and Spear","floor":54,"turns":4},{"damage":71,"enemies":"The Heart","floor":55,"turns":14}],"seed_played":"-5995988590505069543","potions_obtained":[{"floor":2,"key":"Block Potion"},{"floor":3,"key":"Ancient Potion"},{"floor":8,"key":"Regen Potion"},{"floor":18,"key":"PowerPotion"},{"floor":23,"key":"Swift Potion"},{"floor":31,"key":"ColorlessPotion"},{"floor":36,"key":"EntropicBrew"},{"floor":37,"key":"GhostInAJar"},{"floor":41,"key":"Block Potion"},{"floor":45,"key":"Dexterity Potion"},{"floor":54,"key":"Poison Potion"}],"is_trial":false,"path_per_floor":["M","M","M","?","$","E","R","E","T","R","M","?","R","M","R","B",null,"M","?","$","?","M","E","?","E","T","R","M","R","E","M","R","B",null,"M","M","M","T","M","R","?","$","T","R","E","?","M","E","R","B",null,"R","$","E","B",null],"character_chosen":"THE_SILENT","items_purchased":["Unload","Finesse","Blade Dance+1","Lee\u0027s Waffle","Swift Potion","CunningPotion"],"campfire_rested":0,"item_purchase_floors":[5,20,42,42,42,53],"current_hp_per_floor":[63,63,63,68,68,59,59,36,36,36,43,36,36,48,48,34,65,65,65,65,65,67,79,79,63,63,75,77,85,85,78,85,76,83,78,84,85,85,71,85,52,92,92,92,71,71,76,70,88,81,89,92,92,92,39],"gold":32,"neow_bonus":"THREE_ENEMY_KILL","is_daily":false,"chose_seed":false,"campfire_upgraded":7,"win_rate":0.0,"timestamp":1610752263,"path_taken":["M","M","?","?","$","E","R","E","T","R","M","?","R","M","R","BOSS","M","?","$","?","?","E","?","E","T","R","M","R","E","M","R","BOSS","M","M","M","?","M","R","?","$","T","R","E","?","M","E","R","BOSS","R","$","E","BOSS"],"items_purchased_type":["Card","Card","Card","Relic","Potion","Potion"],"build_version":"2020-12-22","purchased_purges":2,"victory":true,"max_hp_per_floor":[70,70,70,75,75,75,75,75,75,75,75,75,75,75,75,75,75,75,75,75,75,75,85,85,85,85,85,85,85,85,85,85,85,85,85,85,85,85,85,85,85,92,92,92,92,92,92,92,92,92,92,92,92,92,92],"relic_stats":{"Lee\u0027s Waffle":40,"Gremlin Horn":[10,10],"counters":[27,149],"Eternal Feather":62,"Juzu Bracelet":1,"Blood Vial":11,"Peace Pipe":3,"Lizard Tail":0,"Nunchaku":[21],"Bird Faced Urn":[41],"Kunai":[179],"obtain_stats":[{"Potion Belt":30,"Lee\u0027s Waffle":42,"Pear":23,"NeowsBlessing":0,"Gremlin Horn":34,"Oddly Smooth Stone":8,"Vajra":38,"Eternal Feather":25,"Juzu Bracelet":45,"Calling Bell":34,"Blood Vial":34,"keyreminder:keyreminder":40,"Peace Pipe":41,"Lizard Tail":34,"Nunchaku":48,"HornCleat":54,"Bird Faced Urn":19,"Philosopher\u0027s Stone":17,"Kunai":6,"Toxic Egg 2":26,"Ring of the Snake":0,"Meat on the Bone":9},{"Potion Belt":14,"Lee\u0027s Waffle":21,"Pear":11,"NeowsBlessing":0,"Gremlin Horn":16,"Oddly Smooth Stone":5,"Vajra":19,"Eternal Feather":12,"Juzu Bracelet":22,"Calling Bell":16,"Blood Vial":16,"keyreminder:keyreminder":20,"Peace Pipe":21,"Lizard Tail":16,"Nunchaku":24,"HornCleat":26,"Bird Faced Urn":9,"Philosopher\u0027s Stone":8,"Kunai":4,"Toxic Egg 2":12,"Ring of the Snake":0,"Meat on the Bone":5},{"Potion Belt":67,"Lee\u0027s Waffle":105,"Pear":54,"NeowsBlessing":0,"Gremlin Horn":82,"Oddly Smooth Stone":22,"Vajra":97,"Eternal Feather":60,"Juzu Bracelet":110,"Calling Bell":82,"Blood Vial":82,"keyreminder:keyreminder":101,"Peace Pipe":105,"Lizard Tail":82,"Nunchaku":119,"HornCleat":135,"Bird Faced Urn":45,"Philosopher\u0027s Stone":42,"Kunai":15,"Toxic Egg 2":60,"Ring of the Snake":0,"Meat on the Bone":22}],"Ring of the Snake":[54],"Meat on the Bone":48},"card_choices":[{"not_picked":["Poisoned Stab","Tactician"],"picked":"Calculated Gamble","floor":1},{"not_picked":["Acrobatics","Sucker Punch"],"picked":"Blade Dance","floor":2},{"not_picked":["Bane","Poisoned Stab"],"picked":"Sucker Punch","floor":3},{"not_picked":["Setup","Flying Knee"],"picked":"Quick Slash","floor":6},{"not_picked":["Dodge and Roll","Malaise"],"picked":"Dagger Spray","floor":8},{"not_picked":["Prepared","Backflip"],"picked":"Cloak And Dagger","floor":11},{"not_picked":["Bouncing Flask","Poisoned Stab","Deadly Poison"],"picked":"SKIP","floor":14},{"not_picked":["A Thousand Cuts","Burst"],"picked":"Tools of the Trade","floor":16},{"not_picked":["Catalyst","Bane+1"],"picked":"Finisher+1","floor":18},{"not_picked":["Sucker Punch","Deflect"],"picked":"Dodge and Roll+1","floor":22},{"not_picked":["Riddle With Holes","Dodge and Roll+1"],"picked":"Underhanded Strike","floor":23},{"not_picked":["Noxious Fumes","Backstab"],"picked":"Reflex","floor":25},{"not_picked":["Dagger Throw","Underhanded Strike"],"picked":"Acrobatics+1","floor":28},{"not_picked":["Bane","Slice","Deadly Poison+1"],"picked":"SKIP","floor":30},{"not_picked":["All Out Attack","Poisoned Stab"],"picked":"Cloak And Dagger+1","floor":31},{"not_picked":["Grand Finale","Envenom"],"picked":"Die Die Die","floor":33},{"not_picked":["Poisoned Stab","Riddle With Holes+1"],"picked":"Blade Dance+1","floor":35},{"not_picked":["Setup+1","Flying Knee"],"picked":"Cloak And Dagger+1","floor":36},{"not_picked":["Slice","All Out Attack"],"picked":"Well Laid Plans+1","floor":37},{"not_picked":["Crippling Poison+1","Sucker Punch"],"picked":"Infinite Blades+1","floor":39},{"not_picked":["Well Laid Plans","Slice+1"],"picked":"Footwork+1","floor":41},{"not_picked":["Infinite Blades+1","Slice+1"],"picked":"Acrobatics+1","floor":45},{"not_picked":["Outmaneuver+1","Noxious Fumes"],"picked":"Deflect+1","floor":47},{"not_picked":["Acrobatics+1","Malaise+1"],"picked":"Blade Dance+1","floor":48},{"not_picked":["Distraction+1","Prepared+1"],"picked":"Choke+1","floor":54}],"player_experience":253071,"relics_obtained":[{"floor":6,"key":"Kunai"},{"floor":8,"key":"Oddly Smooth Stone"},{"floor":9,"key":"Meat on the Bone"},{"floor":23,"key":"Pear"},{"floor":25,"key":"Eternal Feather"},{"floor":26,"key":"Toxic Egg 2"},{"floor":30,"key":"Potion Belt"},{"floor":34,"key":"Blood Vial"},{"floor":34,"key":"Gremlin Horn"},{"floor":34,"key":"Lizard Tail"},{"floor":38,"key":"Vajra"},{"floor":41,"key":"Peace Pipe"},{"floor":45,"key":"Juzu Bracelet"},{"floor":48,"key":"Nunchaku"},{"floor":54,"key":"HornCleat"}],"event_choices":[{"damage_healed":0,"gold_gain":0,"player_choice":"Donut","damage_taken":0,"max_hp_gain":5,"max_hp_loss":0,"event_name":"Big Fish","floor":4,"gold_loss":0},{"cards_removed":["Strike_G"],"damage_healed":0,"gold_gain":0,"player_choice":"Card Removal","damage_taken":7,"max_hp_gain":0,"max_hp_loss":0,"event_name":"Golden Wing","floor":12,"gold_loss":0},{"damage_healed":0,"gold_gain":0,"player_choice":"Obtained Relic","damage_taken":0,"relics_obtained":["Bird Faced Urn"],"max_hp_gain":0,"max_hp_loss":0,"event_name":"Addict","floor":19,"gold_loss":85},{"cards_removed":["Defend_G"],"damage_healed":0,"gold_gain":0,"player_choice":"Purged","damage_taken":0,"max_hp_gain":0,"max_hp_loss":0,"event_name":"Purifier","floor":21,"gold_loss":0},{"damage_healed":0,"gold_gain":0,"player_choice":"Forge","damage_taken":0,"max_hp_gain":0,"max_hp_loss":0,"event_name":"Accursed Blacksmith","floor":24,"gold_loss":0,"cards_upgraded":["Tools of the Trade"]},{"damage_healed":0,"gold_gain":0,"player_choice":"Fight","damage_taken":0,"max_hp_gain":0,"max_hp_loss":0,"event_name":"Mysterious Sphere","floor":41,"gold_loss":0},{"cards_removed":["Infinite Blades"],"damage_healed":0,"gold_gain":0,"player_choice":"Removed Power","damage_taken":0,"max_hp_gain":0,"max_hp_loss":0,"event_name":"Falling","floor":46,"gold_loss":0}],"is_beta":false,"boss_relics":[{"not_picked":["Ring of the Serpent","Sozu"],"picked":"Philosopher\u0027s Stone"},{"not_picked":["Tiny House","Black Star"],"picked":"Calling Bell"}],"items_purged_floors":[5,42],"is_endless":false,"potions_floor_spawned":[2,3,8,18,23,31,36,37,41,45,54],"ascension_level":7}}