{"host":"aj6dldabq8s02zuz","time":1610679887,"event":{"mods":["AchievementEnabler","BaseMod","Better Note","Better Third Choice","Block Reminder","Colored Map","Custom Start","Downfall","Hermit","Highlight Path","Hubris","Mimic Mod","Minty Spire (QoL Compilation)","Permanent Neow","Quick Restart","Relic Sorter","Replay The Spire","StSLib","The Blue Laboratory","The Jungle","TheArtist","Wandering Minibosses"],"gold_per_floor":[113,113,127,127,142,169,185,185,185,203,219,255,267,288,288,386,386,405,405,418,418,429,457,476,476,476,488,488,504,538,384,384,479,479,492,492,508,508,523,556,556,571,597,597,612,311,311,322,322,322],"floor_reached":51,"language":"ENG","playtime":725,"items_purged":[],"score":1048,"play_id":"7f8746a5-61d3-4472-9495-2fe921ab283e","local_time":"20210114210447","is_ascension_mode":false,"campfire_choices":[{"data":"Strike_R","floor":8.0,"key":"SMITH"},{"data":"Twin Strike","floor":15,"key":"SMITH"},{"data":"Flame Barrier","floor":25,"key":"SMITH"},{"data":"Sword Boomerang","floor":28,"key":"SMITH"},{"data":"Carnage","floor":32,"key":"SMITH"},{"data":"Juggernaut","floor":41,"key":"SMITH"},{"data":"Pommel Strike","floor":49,"key":"SMITH"}],"circlet_count":0,"master_deck":["Strike_R+1","Strike_R","Strike_R","Strike_R+1","Strike_R","Defend_R","Defend_R","Defend_R","Bash","Cleave","Pommel Strike+1","Juggernaut+1","Sword Boomerang+1","Twin Strike+1","Flame Barrier+1","Twin Strike+1","Perfected Strike+1","Flex+1","Carnage+1","Demon Form+1","Double Tap+1","Heavy Blade+1","Body Slam+1"],"relics":["Burning Blood","WarpedTongs","MealTicket","Shuriken","Boot","Odd Mushroom","hubris:ScarierMask","CultistMask","Golden Egg","Replay:Accelerometer","Replay:Rubber Ducky","Chemical X","Mark of Pain","ReplayTheSpireMod:Spearhead","Replay:Mystery Machine","Blood Vial","Juzu Bracelet"],"acts_visited":["Exordium","TheCity","TheBeyond"],"potions_floor_usage":[],"damage_taken":[{"damage":0.0,"enemies":"Jaw Worm","floor":1.0,"turns":1.0},{"damage":0.0,"enemies":"Cultist","floor":3.0,"turns":1.0},{"damage":0.0,"enemies":"2 Louse","floor":5.0,"turns":1.0},{"damage":0.0,"enemies":"Lagavulin","floor":6.0,"turns":1.0},{"damage":0.0,"enemies":"Blue Slaver","floor":7.0,"turns":1.0},{"damage":0.0,"enemies":"Looter","floor":10.0,"turns":1.0},{"damage":0.0,"enemies":"Large Slime","floor":11.0,"turns":1.0},{"damage":0.0,"enemies":"Exordium Thugs","floor":12.0,"turns":1.0},{"damage":0.0,"enemies":"Exordium Thugs","floor":13.0,"turns":1.0},{"damage":0,"enemies":"The Mushroom Lair","floor":14,"turns":1},{"damage":0,"enemies":"Hexaghost","floor":16,"turns":1},{"damage":0,"enemies":"Spheric Guardian","floor":18,"turns":1},{"damage":0,"enemies":"3 Byrds","floor":20,"turns":1},{"damage":0,"enemies":"3 Cultists","floor":22,"turns":1},{"damage":0,"enemies":"Book of Stabbing","floor":23,"turns":1},{"damage":0,"enemies":"Snecko","floor":24,"turns":1},{"damage":0,"enemies":"Cultist and Chosen","floor":27,"turns":1},{"damage":0,"enemies":"Shelled Parasite and Fungi","floor":29,"turns":1},{"damage":0,"enemies":"Slavers","floor":30,"turns":1},{"damage":0,"enemies":"Collector","floor":33,"turns":1},{"damage":0,"enemies":"3 Darklings","floor":35,"turns":1},{"damage":0,"enemies":"3 Shapes","floor":37,"turns":1},{"damage":0,"enemies":"Sphere and 2 Shapes","floor":39,"turns":1},{"damage":0,"enemies":"Reptomancer","floor":40,"turns":1},{"damage":0,"enemies":"4 Shapes","floor":42,"turns":1},{"damage":0,"enemies":"Transient","floor":45,"turns":1},{"damage":0,"enemies":"Writhing Mass","floor":48,"turns":1},{"damage":0,"enemies":"Time Eater","floor":50,"turns":1}],"seed_played":"-617157832816154740","potions_obtained":[{"floor":3.0,"key":"SpeedPotion"},{"floor":5.0,"key":"blueLaboratory:EntrenchedPotion"},{"floor":16,"key":"SteroidPotion"}],"is_trial":false,"path_per_floor":["M","?","M","?","M","E","M","R","T","M","M","MIM","M","?","R","B",null,"M","?","M","?","M","E","M","R","T","M","R","M","E","$","R","B",null,"M","?","M","?","M","E","R","M","T","?","M","$","?","M","R","B",null],"character_chosen":"IRONCLAD","items_purchased":["Chemical X","Blood Vial","Juzu Bracelet"],"campfire_rested":0,"item_purchase_floors":[31,46,46],"current_hp_per_floor":[80,80,80,80,80,80,80,80,80,80,80,80,80,80,80,80,80,80,80,80,80,80,80,80,80,80,80,80,80,80,80,80,80,80,80,80,80,80,80,80,80,80,80,80,80,80,80,80,80,80],"gold":322,"neow_bonus":"RANDOM_EVENT","is_daily":false,"chose_seed":false,"campfire_upgraded":7,"win_rate":0.0,"timestamp":1610679887,"path_taken":["M","?","M","?","M","E","M","R","T","M","?","?","M","?","R","BOSS","M","?","M","?","M","E","M","R","T","?","R","M","E","$","R","BOSS","M","?","?","?","M","E","R","M","T","?","?","$","?","M","R","BOSS"],"items_purchased_type":["Relic","Relic","Relic"],"build_version":"2020-12-22","purchased_purges":0,"victory":true,"max_hp_per_floor":[80,80,80,80,80,80,80,80,80,80,80,80,80,80,80,80,80,80,80,80,80,80,80,80,80,80,80,80,80,80,80,80,80,80,80,80,80,80,80,80,80,80,80,80,80,80,80,80,80,80],"card_choices":[{"not_picked":["Cleave","Massacre"],"picked":"Pommel Strike","floor":1.0},{"not_picked":["Uppercut","Power Through","Seeing Red"],"picked":"SKIP","floor":3.0},{"not_picked":["Evolve","hubris:ReadiedAction","Havoc"],"picked":"SKIP","floor":5.0},{"not_picked":["Pommel Strike","True Grit"],"picked":"Combust","floor":6.0},{"not_picked":["Perfected Strike","Flex","ReplayTheSpireMod:Muscle Training"],"picked":"SKIP","floor":7.0},{"not_picked":["Second Wind","Thunderclap"],"picked":"Juggernaut","floor":10.0},{"not_picked":["hubris:ReadiedAction","Dropkick"],"picked":"Sword Boomerang","floor":11.0},{"not_picked":["True Grit","ReplayTheSpireMod:LeadingStrike"],"picked":"Twin Strike","floor":13.0},{"not_picked":["Sentinel+1","Havoc+1"],"picked":"Flame Barrier","floor":18},{"not_picked":["Warcry","ReplayTheSpireMod:Stacked"],"picked":"Twin Strike+1","floor":20},{"not_picked":["Replay:Undeath\u0027s Touch","Feel No Pain"],"picked":"Perfected Strike+1","floor":22},{"not_picked":["Dark Embrace","Metallicize+1"],"picked":"Flex+1","floor":23},{"not_picked":["Havoc","Clothesline","Abandon"],"picked":"SKIP","floor":24},{"not_picked":["Clothesline","ReplayTheSpireMod:Muscle Training","Iron Wave"],"picked":"SKIP","floor":27},{"not_picked":["Headbutt","Defy Death"],"picked":"Carnage","floor":29},{"not_picked":["Shrug It Off","Dual Wield"],"picked":"Demon Form","floor":30},{"not_picked":["Corruption","hubris:StunningStrike"],"picked":"Double Tap","floor":33},{"not_picked":["Warcry+1","True Grit"],"picked":"Heavy Blade+1","floor":35},{"not_picked":["hubris:ReadiedAction","Replay:Undeath\u0027s Touch+1","Blood for Blood"],"picked":"SKIP","floor":37},{"not_picked":["Thunderclap","Rage+1","Havoc+1"],"picked":"SKIP","floor":39},{"not_picked":["Warcry","Blood for Blood+1","Sever Soul+1"],"picked":"SKIP","floor":40},{"not_picked":["Headbutt","Ghostly Armor","Battle Trance+1"],"picked":"SKIP","floor":42},{"not_picked":["Clash+1","Run Through+1","Dropkick"],"picked":"SKIP","floor":45},{"not_picked":["Eclipse","Sword Boomerang"],"picked":"Body Slam+1","floor":48}],"player_experience":29167,"relics_obtained":[{"floor":6.0,"key":"MealTicket"},{"floor":9.0,"key":"Shuriken"},{"floor":12.0,"key":"Boot"},{"floor":14,"key":"Odd Mushroom"},{"floor":23,"key":"Golden Egg"},{"floor":26,"key":"Replay:Accelerometer"},{"floor":30,"key":"Replay:Rubber Ducky"},{"floor":40,"key":"ReplayTheSpireMod:Spearhead"},{"floor":43,"key":"Replay:Mystery Machine"}],"event_choices":[{"damage_healed":0.0,"max_hp_gain":0.0,"max_hp_loss":0.0,"gold_gain":0.0,"event_name":"Accursed Blacksmith","player_choice":"Rummage","floor":4.0,"gold_loss":0.0,"damage_taken":0.0,"relics_obtained":["WarpedTongs"],"cards_obtained":["Pain"]},{"damage_healed":0,"gold_gain":0,"player_choice":"Fought Mushrooms","damage_taken":0,"max_hp_gain":0,"max_hp_loss":0,"event_name":"Mushrooms","floor":14,"gold_loss":0},{"cards_removed":["Combust"],"damage_healed":0,"gold_gain":0,"player_choice":"Offered Uncommon","damage_taken":0,"max_hp_gain":0,"max_hp_loss":0,"event_name":"Bonfire Elementals","floor":19,"gold_loss":0},{"damage_healed":0,"gold_gain":0,"player_choice":"Trade","damage_taken":0,"relics_obtained":["CultistMask"],"max_hp_gain":0,"max_hp_loss":0,"event_name":"FaceTrader","floor":21,"gold_loss":0},{"damage_healed":0,"gold_gain":0,"player_choice":"Ignored","damage_taken":0,"max_hp_gain":0,"max_hp_loss":0,"event_name":"Transmorgrifier","floor":36,"gold_loss":0},{"cards_removed":["Defend_R"],"damage_healed":0,"gold_gain":0,"player_choice":"Removed Skill","damage_taken":0,"max_hp_gain":0,"max_hp_loss":0,"event_name":"Falling","floor":38,"gold_loss":0},{"damage_healed":0,"gold_gain":0,"player_choice":"Ignored","damage_taken":0,"max_hp_gain":0,"max_hp_loss":0,"event_name":"Purifier","floor":44,"gold_loss":0},{"cards_removed":["Pain"],"damage_healed":0,"gold_gain":0,"player_choice":"Removed Curses","damage_taken":0,"max_hp_gain":0,"max_hp_loss":0,"event_name":"Fountain of Cleansing","floor":47,"gold_loss":0}],"is_beta":false,"boss_relics":[{"not_picked":["Painkiller Herb","Coffee Dripper"],"picked":"hubris:ScarierMask"},{"not_picked":["Replay:Drink Me","hubris:GrandSneckoEye"],"picked":"Mark of Pain"}],"items_purged_floors":[],"is_endless":false,"potions_floor_spawned":[3,5,7,14,16,20,23,27,37,40,42,48],"ascension_level":0}}