{"host":"cvi30shpqg1ukvbr","time":1610701183,"event":{"mods":["Act Like it!","BaseMod","Better Altar","Better Match","Better Note","Better Sensory Stone","Better Skull","Better Third Choice","Conspire","GifTheSpireLib","Hubris","Infinite Spire","Minty Spire (QoL Compilation)","Relic Stats","Replay The Spire","Shop Mod","Spicy Shops","StSLib","Stuff the Spire"],"gold_per_floor":[11,22,42,42,60,94,94,121,121,121,121,121,153,168,168,266,266,282,301,314,314,327,361,376,387,387,414,414,427,461,103,103,103,103],"floor_reached":33,"language":"ENG","playtime":1454,"items_purged":["StuffTheSpire:CuriosityCurse","CommonCold"],"score":423,"play_id":"b05b10e6-8861-4f16-96d4-3cea27264529","local_time":"20210115175943","is_ascension_mode":true,"campfire_choices":[{"data":"Bash","floor":7.0,"key":"SMITH"},{"data":"Carnage","floor":11.0,"key":"SMITH"},{"data":"Whirlwind","floor":15.0,"key":"SMITH"}],"circlet_count":0,"master_deck":["Strike_R","Strike_R","Strike_R","Strike_R","Strike_R","Defend_R","Defend_R","Defend_R","Defend_R","Bash+1","Metallicize+1","Twin Strike","Twin Strike+1","Whirlwind+1","StuffTheSpire:Resist","Carnage+1","Bloodletting+1","Blood for Blood","Double Tap+1","m_Survivalism+1","Berserk","StuffTheSpire:PlasmaPunch","infinitespire:Starlight+1","Metallicize","Inflame","Double Tap+1","hubris:ReadiedAction+1","Entrench+1","Cleave","Bloodletting+1","Limit Break+1","StuffTheSpire:Incineration","Uppercut"],"relics":["Burning Blood","Juzu Bracelet","Bag of Preparation","Toxic Egg 2","Centennial Puzzle","Smiling Mask","ReplayTheSpireMod:SealedPack","ReplayTheSpireMod:Shallot","Replay:Bottled Steam","Mirror","StuffTheSpire:HeavyRock","Chemical X"],"acts_visited":["Exordium","TheCity"],"potions_floor_usage":[],"damage_taken":[{"damage":15.0,"enemies":"Jaw Worm","floor":1.0,"turns":4.0},{"damage":4.0,"enemies":"Cultist","floor":2.0,"turns":4.0},{"damage":8.0,"enemies":"2 Louse","floor":3.0,"turns":4.0},{"damage":4.0,"enemies":"Blue Slaver","floor":5.0,"turns":5.0},{"damage":16.0,"enemies":"3 Sentries","floor":6.0,"turns":7.0},{"damage":20.0,"enemies":"Lagavulin","floor":8.0,"turns":6.0},{"damage":10.0,"enemies":"Replay:BlueRogue","floor":13.0,"turns":6.0},{"damage":5.0,"enemies":"Large Slime","floor":14.0,"turns":5.0},{"damage":15.0,"enemies":"Slime Boss","floor":16.0,"turns":3.0},{"damage":11.0,"enemies":"2 Thieves","floor":18.0,"turns":2.0},{"damage":19.0,"enemies":"3 Byrds","floor":19.0,"turns":5.0},{"damage":11.0,"enemies":"Centurion and Healer","floor":20.0,"turns":6.0},{"damage":22.0,"enemies":"Snecko","floor":22.0,"turns":4.0},{"damage":14.0,"enemies":"Book of Stabbing","floor":23.0,"turns":2.0},{"damage":19.0,"enemies":"Snake Plant","floor":24.0,"turns":3.0},{"damage":17.0,"enemies":"Centurion and Healer","floor":25.0,"turns":5.0},{"damage":36.0,"enemies":"Gremlin Leader","floor":27.0,"turns":9.0},{"damage":24.0,"enemies":"Cultist and Chosen","floor":29.0,"turns":7.0},{"damage":28,"enemies":"Slavers","floor":30,"turns":4},{"damage":81,"enemies":"Collector","floor":33,"turns":7}],"seed_played":"-8467571121522491083","potions_obtained":[{"floor":1.0,"key":"Death Potion"},{"floor":4.0,"key":"EntropicBrew"},{"floor":4.0,"key":"Block Potion"},{"floor":6.0,"key":"SteroidPotion"},{"floor":16.0,"key":"Elixir"},{"floor":19.0,"key":"LifebloodPotion"},{"floor":22.0,"key":"FearPotion"},{"floor":24.0,"key":"SteroidPotion"},{"floor":25.0,"key":"Adrenaline Potion"}],"is_trial":false,"path_per_floor":["M","M","M","?","M","E","R","E","T","?","R","?","E","M","R","B",null,"M","M","M","?","M","E","M","M","T","E","?","M","E","$","R","B"],"character_chosen":"IRONCLAD","items_purchased":["Chemical X","Uppercut"],"campfire_rested":0,"item_purchase_floors":[31,31],"current_hp_per_floor":[87,89,87,87,89,79,79,65,65,65,65,65,61,62,62,53,96,91,93,88,88,87,79,66,70,70,55,55,52,30,30,58,0,0],"gold":103,"neow_bonus":"TWENTY_PERCENT_HP_BONUS","is_daily":false,"chose_seed":false,"campfire_upgraded":3,"win_rate":0.0,"timestamp":1610701183,"path_taken":["M","M","M","?","M","E","R","E","T","?","R","?","E","M","R","BOSS","M","M","M","?","M","E","M","M","T","E","?","M","E","$","R","BOSS"],"items_purchased_type":["Relic","Card"],"build_version":"2020-12-22","purchased_purges":2,"victory":false,"max_hp_per_floor":[96,96,96,96,96,96,96,96,96,96,96,96,96,96,96,96,96,96,96,96,96,96,96,96,96,96,96,96,96,96,96,96,96,96],"relic_stats":{"Centennial Puzzle":[42],"counters":[20,98],"Juzu Bracelet":1,"Bag of Preparation":[28],"Chemical X":[1],"Smiling Mask":75,"obtain_stats":[{"Centennial Puzzle":10,"ReplayTheSpireMod:Shallot":23,"StuffTheSpire:HeavyRock":30,"ReplayTheSpireMod:SealedPack":17,"Juzu Bracelet":6,"Bag of Preparation":8,"Chemical X":31,"Toxic Egg 2":9,"Smiling Mask":13,"Mirror":27,"Burning Blood":0,"Replay:Bottled Steam":26},{"Centennial Puzzle":6,"ReplayTheSpireMod:Shallot":14,"StuffTheSpire:HeavyRock":19,"ReplayTheSpireMod:SealedPack":9,"Juzu Bracelet":5,"Bag of Preparation":6,"Chemical X":19,"Toxic Egg 2":6,"Smiling Mask":7,"Mirror":17,"Burning Blood":0,"Replay:Bottled Steam":16},{"Centennial Puzzle":30,"ReplayTheSpireMod:Shallot":63,"StuffTheSpire:HeavyRock":91,"ReplayTheSpireMod:SealedPack":44,"Juzu Bracelet":24,"Bag of Preparation":30,"Chemical X":91,"Toxic Egg 2":30,"Smiling Mask":36,"Mirror":80,"Burning Blood":0,"Replay:Bottled Steam":71}],"Burning Blood":114},"card_choices":[{"not_picked":["Perfected Strike","Thunderclap"],"picked":"Metallicize","floor":1.0},{"not_picked":["Massacre","Anger"],"picked":"Twin Strike","floor":2.0},{"not_picked":["Body Slam","Burning Pact"],"picked":"Twin Strike","floor":3.0},{"not_picked":["Warcry","hubris:StunningStrike"],"picked":"Whirlwind","floor":5.0},{"not_picked":["StuffTheSpire:Slingshot","Flex"],"picked":"StuffTheSpire:Resist","floor":6.0},{"not_picked":["True Grit","Wild Strike"],"picked":"Carnage","floor":8.0},{"not_picked":["Offering+1","Flex+1"],"picked":"Bloodletting+1","floor":13.0},{"not_picked":["Whirlwind","Rampage"],"picked":"Blood for Blood","floor":14.0},{"not_picked":["Impervious+1","Corruption"],"picked":"Double Tap+1","floor":16.0},{"not_picked":["Bash","Eruption"],"picked":"m_Survivalism","floor":17.0},{"not_picked":["Eclipse","Barricade"],"picked":"Berserk","floor":17.0},{"not_picked":["Specialist","hubris:Insight"],"picked":"StuffTheSpire:PlasmaPunch","floor":17.0},{"not_picked":["ReplayTheSpireMod:Chaos Vortex","ReplayTheSpireMod:Black Plague"],"picked":"infinitespire:Starlight","floor":17.0},{"not_picked":["Twin Strike+1","hubris:StunningStrike"],"picked":"Metallicize","floor":18.0},{"not_picked":["Warcry+1","hubris:CleavingFinish+1","Havoc+1"],"picked":"SKIP","floor":19.0},{"not_picked":["StuffTheSpire:RockThrow","True Grit+1"],"picked":"Inflame","floor":20.0},{"not_picked":["Fiend Fire","Replay:Undeath\u0027s Touch","Run Through"],"picked":"SKIP","floor":22.0},{"not_picked":["Cleave+1","Anger"],"picked":"hubris:ReadiedAction+1","floor":23.0},{"not_picked":["Sentinel+1","Pommel Strike"],"picked":"Entrench+1","floor":24.0},{"not_picked":["Warcry+1","StuffTheSpire:Slingshot"],"picked":"Cleave","floor":25.0},{"not_picked":["Hemokinesis","Sword Boomerang"],"picked":"Bloodletting+1","floor":27.0},{"not_picked":["Perfected Strike","Twin Strike+1"],"picked":"StuffTheSpire:Incineration","floor":29.0},{"not_picked":["Dropkick","hubris:SharpeningStone+1","Blood for Blood"],"picked":"SKIP","floor":30}],"player_experience":1801493,"relics_obtained":[{"floor":6.0,"key":"Juzu Bracelet"},{"floor":8.0,"key":"Bag of Preparation"},{"floor":9.0,"key":"Toxic Egg 2"},{"floor":13.0,"key":"Smiling Mask"},{"floor":23.0,"key":"ReplayTheSpireMod:Shallot"},{"floor":26.0,"key":"Replay:Bottled Steam"},{"floor":27.0,"key":"Mirror"},{"floor":30,"key":"StuffTheSpire:HeavyRock"}],"event_choices":[{"damage_healed":0.0,"max_hp_gain":0.0,"max_hp_loss":0.0,"gold_gain":0.0,"event_name":"Lab","player_choice":"Got Potions","floor":4.0,"gold_loss":0.0,"damage_taken":0.0},{"damage_healed":0.0,"max_hp_gain":0.0,"max_hp_loss":0.0,"gold_gain":0.0,"event_name":"Duplicator","player_choice":"Copied","floor":21.0,"gold_loss":0.0,"damage_taken":0.0,"cards_obtained":["Double Tap"]},{"cards_removed":["infinitespire:Starlight"],"damage_healed":0.0,"max_hp_gain":0.0,"max_hp_loss":0.0,"gold_gain":0.0,"event_name":"betterNote:BetterNote","player_choice":"Take \u0026 Give","floor":28.0,"gold_loss":0.0,"damage_taken":0.0,"cards_obtained":["Limit Break"]}],"is_beta":false,"boss_relics":[{"not_picked":["Replay:Wanted Poster","Coffee Dripper"],"picked":"ReplayTheSpireMod:SealedPack"}],"items_purged_floors":[31,31],"is_endless":false,"potions_floor_spawned":[1,5,6,16,19,22,24,25],"killed_by":"Collector","ascension_level":1}}