{"host":"ertz0a1vw3taca14","time":1610736579,"event":{"mods":["BaseMod","Downfall","KinomotoSakuraMod(ƒæ÷Æ±æ”£)","Luminous","Marisa£®ÏF”Í°°ƒß¿Ì…≥£©","Minty Spire (QoL Compilation)","Remilia£®¿Ÿ√◊¿Ú—«£©","StSLib","The Administrix","The Servant 0.9.4","Yakumo Yukari mod","Youmu£®ªÍ∆«—˝√Œ£©","Yuyuko"],"gold_per_floor":[114,114,289,63,78,78,78,116,116,116,135,154,154,173,173,298,298,317,336,355,355,374,374,374,374,399,399,418,418,18,37,37,162,162,181,10,10,10],"floor_reached":37,"language":"ZHS","playtime":1243,"items_purged":["Doubt"],"score":494,"play_id":"279df752-4012-4c0d-ab8b-59fbd27a5ff8","local_time":"20210116024939","daily_mods":["Insanity","Purple Cards","Binary"],"is_ascension_mode":false,"campfire_choices":[{"floor":6,"key":"REST"},{"floor":10,"key":"REST"},{"data":"ScarletNetherworld","floor":13,"key":"SMITH"},{"data":"DiffusionOfMisfortune","floor":15,"key":"SMITH"},{"floor":23,"key":"REST"},{"floor":25,"key":"REST"},{"data":"HellCatastrophe","floor":32,"key":"SMITH"}],"circlet_count":0,"master_deck":["Stigmanizer","Maim","DiffusionOfMisfortune","VampireClaw","FitfulNightmare","BombardNight","Septette","Stigmanizer","FitfulNightmare","UnstableMagic","NightDance","NightDance","VampireFantasy","DiffusionOfMisfortune","DiffusionOfMisfortune+1","MiserableFate","BloodyTrap","ScarletDevil","ScarletImprint","ScarletDevil","Septette","BloodyMagicSquare","UnderTheZenith","StarOfDavid","Ultimatum","BlasphemousPunishment","ScarletNetherworld+1","CharismaGuard","FavorOfDestiny","EndlessAdversity","BlasphemousPunishment","VampireKiss","BlasphemousPunishment","StarOfDavid","UnstableMagic","UnderTheZenith","LeisurelyOfLord","BloodAndWine","Stigmanizer","BombardNight","NightDance","ScarletDevil","RedRainbow","ScarletGensokyo","MastersStateliness","BloodHunter","UnderTheZenith","BloodyMagicSquare","CharismaGuard","LeisurelyOfLord","RedRainbow","Injury","EmergencyRegeneration","RedMagic","VampireClaw","NightDance","MastersStateliness","HellCatastrophe+1","ChainGang","BadLadyScramble","VampireFantasy","EternalNight","EndlessAdversity","BloodySeventeenLaser","TwelveNightmare","ScarletDevil+1","QueenOfMidnight","Stigmanizer+1","Dramatic Entrance"],"relics":["ScarletHat","Toy Ornithopter","Membership Card","Golden Idol","Oddly Smooth Stone","StrikeDummy","sneckomod:SneckoTalon","Ancient Tea Set","Bronze Scales","AntiCross","Dream Catcher","ClockworkSouvenir","Cursed Key","Ornamental Fan"],"acts_visited":["Exordium","TheCity","TheBeyond"],"potions_floor_usage":[5,8,11,14,16,20,31,31,33,37,37],"damage_taken":[{"damage":57,"enemies":"Cultist","floor":1,"turns":3},{"damage":10,"enemies":"Jaw Worm","floor":5,"turns":1},{"damage":11,"enemies":"Gremlin Nob","floor":8,"turns":6},{"damage":0,"enemies":"Small Slimes","floor":11,"turns":1},{"damage":1,"enemies":"Exordium Wildlife","floor":12,"turns":2},{"damage":0,"enemies":"Lots of Slimes","floor":14,"turns":1},{"damage":12,"enemies":"Hexaghost","floor":16,"turns":7},{"damage":20,"enemies":"2 Thieves","floor":18,"turns":3},{"damage":44,"enemies":"Shell Parasite","floor":19,"turns":4},{"damage":14,"enemies":"Snake Plant","floor":20,"turns":3},{"damage":4,"enemies":"Centurion and Healer","floor":22,"turns":3},{"damage":52,"enemies":"Chosen and Byrds","floor":28,"turns":4},{"damage":7,"enemies":"Cultist and Chosen","floor":31,"turns":4},{"damage":10,"enemies":"Collector","floor":33,"turns":4},{"damage":51,"enemies":"3 Shapes","floor":35,"turns":2},{"damage":181,"enemies":"3 Shapes","floor":37,"turns":10}],"seed_played":"5830580211590973081","potions_obtained":[{"floor":5,"key":"DuplicationPotion"},{"floor":8,"key":"Strength Potion"},{"floor":8,"key":"BlessingOfTheForge"},{"floor":11,"key":"LiquidMemories"},{"floor":16,"key":"FairyPotion"},{"floor":19,"key":"Strength Potion"},{"floor":28,"key":"Dexterity Potion"},{"floor":31,"key":"SpeedPotion"},{"floor":33,"key":"GamblersBrew"},{"floor":35,"key":"Strength Potion"}],"is_trial":false,"path_per_floor":["M","?","?","$","M","R","?","E","T","R","M","M","R","M","R","B",null,"M","M","M","T","M","R","?","R","T","?","M","?","$","M","R","B",null,"M","$","?"],"character_chosen":"REMILIA","items_purchased":["Membership Card","Regen Potion","BloodySeventeenLaser","AntiCross","Dream Catcher","ClockworkSouvenir","TwelveNightmare","champ:CounterPotion","Ornamental Fan","Dramatic Entrance"],"campfire_rested":4,"item_purchase_floors":[4,4,30,30,30,30,30,30,36,36],"current_hp_per_floor":[19,12,12,12,8,30,30,24,24,46,51,54,54,59,59,52,75,56,12,3,3,1,23,23,45,45,45,34,34,34,40,40,57,72,27,27,0,0],"gold":10,"neow_bonus":"","is_daily":true,"chose_seed":false,"campfire_upgraded":3,"win_rate":0.0,"timestamp":1610736579,"path_taken":["M","?","?","$","M","R","?","E","T","R","M","?","R","M","R","BOSS","M","M","?","?","M","R","?","R","T","?","M","?","$","M","R","BOSS","M","$","?"],"items_purchased_type":["Relic","Potion","Card","Relic","Relic","Relic","Card","Potion","Relic","Card"],"build_version":"2020-12-22","purchased_purges":1,"victory":false,"max_hp_per_floor":[75,75,75,75,75,75,75,75,75,75,75,75,75,75,75,75,75,75,75,75,75,75,75,75,75,75,72,72,72,72,72,72,72,72,72,72,72,72],"card_choices":[{"not_picked":["Stigmanizer"],"picked":"LeisurelyOfLord","floor":1},{"not_picked":["BlasphemousPunishment"],"picked":"RedRainbow","floor":5},{"not_picked":["RedRainbow"],"picked":"EmergencyRegeneration","floor":8},{"not_picked":["BlasphemousPunishment"],"picked":"RedMagic","floor":11},{"not_picked":["NightDance"],"picked":"VampireClaw","floor":12},{"not_picked":["MillenniumVampire"],"picked":"NightDance","floor":12},{"not_picked":["UnderTheZenith"],"picked":"MastersStateliness","floor":14},{"not_picked":["ChaoticDestiny"],"picked":"HellCatastrophe","floor":16},{"not_picked":["GlobalNightmare+1"],"picked":"ChainGang","floor":18},{"not_picked":["UltimateOffering"],"picked":"BadLadyScramble","floor":19},{"not_picked":["ScarletDevil"],"picked":"VampireFantasy","floor":20},{"not_picked":["ChainGang","VampireKiss"],"picked":"SKIP","floor":22},{"not_picked":["MillenniumVampire"],"picked":"EndlessAdversity","floor":28},{"not_picked":["ScarletDevilSign"],"picked":"ScarletDevil+1","floor":31},{"not_picked":["BloodyHallows"],"picked":"QueenOfMidnight","floor":33},{"not_picked":["VampireFantasy"],"picked":"Stigmanizer+1","floor":35}],"player_experience":151067,"relics_obtained":[{"floor":8,"key":"Oddly Smooth Stone"},{"floor":9,"key":"StrikeDummy"},{"floor":21,"key":"Ancient Tea Set"},{"floor":26,"key":"Bronze Scales"}],"event_choices":[{"damage_healed":0,"gold_gain":0,"player_choice":"Success","damage_taken":7,"relics_obtained":["Toy Ornithopter"],"max_hp_gain":0,"max_hp_loss":0,"event_name":"Scrap Ooze","floor":2,"gold_loss":0},{"damage_healed":0,"gold_gain":175,"player_choice":"AGREE","damage_taken":0,"max_hp_gain":0,"max_hp_loss":0,"event_name":"Liars Game","floor":3,"gold_loss":0,"cards_obtained":["Doubt"]},{"damage_healed":0,"gold_gain":0,"player_choice":"Take Wound","damage_taken":0,"relics_obtained":["Golden Idol"],"max_hp_gain":0,"max_hp_loss":0,"event_name":"Golden Idol","floor":7,"gold_loss":0,"cards_obtained":["Injury"]},{"damage_healed":0,"gold_gain":0,"player_choice":"Read","damage_taken":0,"max_hp_gain":0,"max_hp_loss":0,"event_name":"The Library","floor":24,"gold_loss":0,"cards_obtained":["EternalNight"]},{"damage_healed":0,"gold_gain":0,"player_choice":"Ignored","damage_taken":0,"max_hp_gain":0,"max_hp_loss":0,"event_name":"Beggar","floor":29,"gold_loss":0}],"is_beta":false,"boss_relics":[{"not_picked":["expansioncontent:StudyCardRelic","Fusion Hammer"],"picked":"sneckomod:SneckoTalon"},{"not_picked":["Sozu","Runic Dome"],"picked":"Cursed Key"}],"items_purged_floors":[4],"is_endless":false,"potions_floor_spawned":[5,8,11,19,28,31,33,35],"killed_by":"3 Shapes","ascension_level":0}}