{"host":"12","time":1610703964,"event":{"mods":["Act Like it!","BaseMod","Colored Powertips","Minty Spire (QoL Compilation)","StSLib","【功能Mod】混沌之环修复补丁"],"gold_per_floor":[111,111,36,36,36,36,50,81,163,174,174,192,192,222,222,299,299,319,319,336,354,369,369,369,369],"floor_reached":24,"language":"ZHS","playtime":686,"items_purged":["Strike_B"],"score":412,"play_id":"d53a65d4-5261-4109-abaa-75d486125964","local_time":"20210115174604","is_ascension_mode":true,"campfire_choices":[{"data":"Sunder","floor":6.0,"key":"SMITH"},{"data":"Recycle","floor":11.0,"key":"SMITH"},{"data":"Dualcast","floor":15.0,"key":"SMITH"},{"floor":23.0,"key":"REST"}],"circlet_count":0,"master_deck":["AscendersBane","Strike_B","Defend_B","Defend_B","Defend_B","Defend_B+1","Zap+1","Dualcast+1","Sunder+1","Buffer","Self Repair","Recycle+1","Cold Snap","Glacier","Core Surge"],"relics":["Black Star","Nunchaku","Lantern","Mercury Hourglass","War Paint","Philosopher\u0027s Stone"],"acts_visited":["Exordium","TheCity"],"potions_floor_usage":[24],"damage_taken":[{"damage":1.0,"enemies":"2 Louse","floor":1.0,"turns":4.0},{"damage":7.0,"enemies":"Jaw Worm","floor":7.0,"turns":3.0},{"damage":20.0,"enemies":"Lagavulin","floor":8.0,"turns":7.0},{"damage":0.0,"enemies":"Small Slimes","floor":10.0,"turns":4.0},{"damage":0.0,"enemies":"2 Fungi Beasts","floor":12.0,"turns":4.0},{"damage":8.0,"enemies":"3 Sentries","floor":14.0,"turns":13.0},{"damage":27.0,"enemies":"Hexaghost","floor":16.0,"turns":9.0},{"damage":12.0,"enemies":"2 Thieves","floor":18.0,"turns":4.0},{"damage":0.0,"enemies":"Shell Parasite","floor":20.0,"turns":5.0},{"damage":22.0,"enemies":"Snake Plant","floor":21.0,"turns":5.0},{"damage":23.0,"enemies":"Snecko","floor":22.0,"turns":7.0},{"damage":53,"enemies":"Book of Stabbing","floor":24,"turns":5}],"seed_played":"-179007609441860269","potions_obtained":[{"floor":7.0,"key":"LiquidBronze"},{"floor":8.0,"key":"DuplicationPotion"},{"floor":22.0,"key":"SkillPotion"}],"is_trial":false,"path_per_floor":["M","?","$","?","?","R","M","E","T","M","R","M","?","E","R","B",null,"M","?","M","M","M","R","E"],"character_chosen":"DEFECT","items_purchased":[],"campfire_rested":1,"item_purchase_floors":[],"current_hp_per_floor":[63,56,56,56,56,56,49,36,36,43,43,50,50,49,49,29,61,56,56,63,48,32,53,0,0],"gold":369,"neow_bonus":"BOSS_RELIC","is_daily":false,"chose_seed":false,"campfire_upgraded":3,"win_rate":0.0,"timestamp":1610703964,"path_taken":["M","?","$","?","?","R","M","E","T","M","R","M","?","E","R","BOSS","M","?","M","M","M","R","E"],"items_purchased_type":[],"build_version":"2020-12-18","purchased_purges":1,"victory":false,"max_hp_per_floor":[71,71,71,71,71,71,71,71,71,71,71,71,71,71,71,71,71,71,71,71,71,71,71,71,71],"card_choices":[{"not_picked":["Steam","Hologram"],"picked":"Sunder","floor":1.0},{"not_picked":["Steam","Scrape"],"picked":"Self Repair","floor":7.0},{"not_picked":["Double Energy","Capacitor"],"picked":"Recycle","floor":8.0},{"not_picked":["Sweeping Beam","Leap"],"picked":"Cold Snap","floor":10.0},{"not_picked":["Cold Snap","Streamline"],"picked":"Glacier","floor":12.0},{"not_picked":["Loop","Sweeping Beam","Meteor Strike"],"picked":"SKIP","floor":14.0},{"not_picked":["Meteor Strike","Echo Form"],"picked":"Core Surge","floor":16.0},{"not_picked":["Sweeping Beam+1","Redo","Cold Snap"],"picked":"SKIP","floor":18.0},{"not_picked":["Beam Cell","Conserve Battery","Auto Shields"],"picked":"SKIP","floor":20.0},{"not_picked":["Sweeping Beam","Compile Driver","Storm"],"picked":"SKIP","floor":21.0},{"not_picked":["Go for the Eyes","Lockon","Aggregate"],"picked":"SKIP","floor":22.0}],"player_experience":577442,"relics_obtained":[{"floor":8.0,"key":"Nunchaku"},{"floor":8.0,"key":"Lantern"},{"floor":14.0,"key":"Mercury Hourglass"},{"floor":14.0,"key":"War Paint"}],"event_choices":[{"cards_removed":["Strike_B"],"damage_healed":0.0,"max_hp_gain":0.0,"max_hp_loss":0.0,"gold_gain":0.0,"event_name":"Golden Wing","player_choice":"Card Removal","floor":2.0,"gold_loss":0.0,"damage_taken":7.0},{"damage_healed":0.0,"max_hp_gain":0.0,"max_hp_loss":0.0,"gold_gain":0.0,"event_name":"The Cleric","player_choice":"Leave","floor":4.0,"gold_loss":0.0,"damage_taken":0.0},{"damage_healed":0.0,"max_hp_gain":0.0,"max_hp_loss":0.0,"gold_gain":0.0,"cards_transformed":["Strike_B"],"event_name":"Living Wall","player_choice":"Change","floor":5.0,"gold_loss":0.0,"damage_taken":0.0,"cards_obtained":["Buffer"]},{"damage_healed":0.0,"max_hp_gain":0.0,"max_hp_loss":0.0,"gold_gain":0.0,"event_name":"Liars Game","player_choice":"Ignored","floor":13.0,"gold_loss":0.0,"damage_taken":0.0},{"damage_healed":0.0,"max_hp_gain":0.0,"max_hp_loss":0.0,"gold_gain":0.0,"event_name":"Vampires","player_choice":"Ignored","floor":19.0,"gold_loss":0.0,"damage_taken":0.0}],"is_beta":true,"boss_relics":[{"not_picked":["Fusion Hammer","SlaversCollar"],"picked":"Philosopher\u0027s Stone"}],"items_purged_floors":[3],"is_endless":false,"potions_floor_spawned":[7,8,10,14,22],"killed_by":"Book of Stabbing","ascension_level":20}}