{"host":"lnnm69al9x392px5","time":1610700426,"event":{"mods":["BaseMod","Downfall","Hermit","Minty Spire (QoL Compilation)","Replay The Spire","Robot Space Explorer","StSLib","The Cursed","The Dragon Tamer","The Marked"],"gold_per_floor":[99,110,128,142,142,167,237,87,187,187,187,213,213,230,247,352,352,352,367,386,399,427,427,454,466,301,151,176,121,46,64,76,172,172,172,172,182,198,28,45,117,462,477,494,506,520,520,539,557,557,557,589,374,374,374],"floor_reached":56,"language":"ENG","playtime":4380,"items_purged":[],"score":1254,"play_id":"341bf4d1-b3bc-44dc-9610-9b12d0da8765","local_time":"20210115004706","is_ascension_mode":true,"campfire_choices":[{"floor":1.0,"key":"RECALL"},{"floor":8.0,"key":"REST"},{"data":"champ:GladiatorStyle","floor":10.0,"key":"SMITH"},{"data":"champ:StrikeOfGenius","floor":13.0,"key":"SMITH"},{"floor":18.0,"key":"DIG"},{"floor":23.0,"key":"REST"},{"floor":30.0,"key":"REST"},{"data":"champ:SwordSigil","floor":35,"key":"SMITH"},{"data":"champ:PerfectForm","floor":47,"key":"SMITH"},{"data":"champ:PerfectForm","floor":54,"key":"SMITH"}],"circlet_count":0,"master_deck":["champ:Strike","champ:Defend","champ:Defend","champ:Defend","champ:Defend","champ:Execute+1","champ:Taunt","champ:BladeFlurry+1","champ:StanceDance","champ:CrookedStrike","champ:PreciseThrust+1","champ:GladiatorStyle+1","champ:StrikeOfGenius+1","champ:Devastate","champ:RageSigil","champ:MurderStrike","champ:ShieldThrow+1","Ghostly","champ:PerfectForm+1","champ:Encircle+1","champ:Shatter","champ:DeathBlow","champ:SwordSigil+1","champ:LastStand","champ:CheapShot","champ:PerfectForm","champ:Lariat+1","champ:TornadoPunch+1","Parasite","champ:ShieldWall","champ:PerfectForm+1"],"relics":["champ:ChampionCrown","downfall:ShatteredFragment","Strawberry","Snack Pack","downfall:HeartBlessingRed","downfall:HeartBlessingGreen","champ:LiftRelic","Singing Bowl","Empty Cage","Eternal Feather","Red Mask","champ:BerserkersGuideToSlaughter","Potion Belt","downfall:HeartBlessingBlue","Painkiller Herb","DollysMirror","Divine Protection","Whetstone","Lantern"],"acts_visited":["Exordium","TheCity","TheBeyond","TheEnding"],"potions_floor_usage":[39,39,39,49,50,50,52,52],"damage_taken":[{"damage":10.0,"enemies":"Cultist","floor":2.0,"turns":4.0},{"damage":22.0,"enemies":"Small Slimes","floor":3.0,"turns":5.0},{"damage":13.0,"enemies":"Jaw Worm","floor":4.0,"turns":4.0},{"damage":30.0,"enemies":"3 Sentries","floor":6.0,"turns":8.0},{"damage":0.0,"enemies":"Replay:BlueRogue","floor":12.0,"turns":4.0},{"damage":2.0,"enemies":"Red Slaver","floor":14.0,"turns":3.0},{"damage":16.0,"enemies":"Exordium Thugs","floor":15.0,"turns":3.0},{"damage":35.0,"enemies":"downfall:Ironclad","floor":16.0,"turns":8.0},{"damage":21.0,"enemies":"3 Byrds","floor":19.0,"turns":6.0},{"damage":5.0,"enemies":"Chosen","floor":20.0,"turns":4.0},{"damage":33.0,"enemies":"Shelled Parasite and Fungi","floor":21.0,"turns":5.0},{"damage":45.0,"enemies":"Masked Bandits","floor":22.0,"turns":8.0},{"damage":39.0,"enemies":"Cultist and Chosen","floor":25.0,"turns":7.0},{"damage":10.0,"enemies":"downfall:FleeingMerchant","floor":26.0,"turns":4.0},{"damage":18.0,"enemies":"Gremlin Leader","floor":28.0,"turns":6.0},{"damage":18.0,"enemies":"downfall:FleeingMerchant","floor":29.0,"turns":4.0},{"damage":9.0,"enemies":"Centurion and Healer","floor":31.0,"turns":8.0},{"damage":11.0,"enemies":"Chosen and Byrds","floor":32.0,"turns":6.0},{"damage":63.0,"enemies":"downfall:Defect","floor":33.0,"turns":8.0},{"damage":29,"enemies":"3 Shapes","floor":37,"turns":5},{"damage":33,"enemies":"3 Darklings","floor":38,"turns":3},{"damage":38,"enemies":"downfall:FleeingMerchant","floor":39,"turns":4},{"damage":10,"enemies":"Transient","floor":40,"turns":5},{"damage":0,"enemies":"downfall:FleeingMerchant","floor":42,"turns":1},{"damage":36,"enemies":"4 Shapes","floor":43,"turns":8},{"damage":16,"enemies":"Writhing Mass","floor":44,"turns":6},{"damage":28,"enemies":"Spire Growth","floor":45,"turns":3},{"damage":46,"enemies":"Transient","floor":46,"turns":5},{"damage":60,"enemies":"Maw","floor":48,"turns":6},{"damage":40,"enemies":"Jaw Worm Horde","floor":49,"turns":5},{"damage":121,"enemies":"downfall:Silent","floor":50,"turns":9},{"damage":93,"enemies":"downfall:CharBossMerchant","floor":52,"turns":7},{"damage":294,"enemies":"downfall:NeowBoss","floor":55,"turns":21}],"seed_played":"-6472725141364543136","potions_obtained":[{"floor":6.0,"key":"Flashbang"},{"floor":14.0,"key":"FearPotion"},{"floor":16.0,"key":"SteroidPotion"},{"floor":19.0,"key":"Guardian:BlockOnCardUsePotion"},{"floor":25.0,"key":"Energy Potion"},{"floor":28.0,"key":"champ:OpenerPotion"},{"floor":32.0,"key":"SkillPotion"},{"floor":33.0,"key":"Strength Potion"},{"floor":38,"key":"Ancient Potion"},{"floor":40,"key":"Elixir"},{"floor":43,"key":"sneckomod:MuddlingPotion"},{"floor":44,"key":"SkillPotion"},{"floor":52,"key":"SmokeBomb"}],"is_trial":false,"path_per_floor":["R","M","M","M","?","E","T","R","?","R","?","E","R","M","M","B",null,"R","M","M","M","?","R","T","M","$","?","E","$","R","M","M","B",null,"T","?","?","?","T","?","T","T","?","?","?","?","T","?","?","B",null,"E","T","T","B",null],"character_chosen":"THE_CHAMP","items_purchased":["champ:BerserkersGuideToSlaughter","champ:Shatter","DollysMirror","champ:PerfectForm","Lantern"],"campfire_rested":3,"item_purchase_floors":[26,29,39,53,53],"current_hp_per_floor":[90,90,76,73,46,33,33,62,62,62,62,66,66,68,62,47,101,101,97,99,82,44,84,84,54,53,53,49,48,105,110,117,99,117,117,109,117,116,121,121,121,123,103,118,126,120,129,121,108,56,131,90,90,108,19],"gold":374,"neow_bonus":"TRANSFORM_CARD","is_daily":false,"chose_seed":false,"campfire_upgraded":5,"win_rate":0.0,"timestamp":1610700426,"path_taken":["R","M","M","M","?","E","T","R","?","R","?","E","R","M","M","BOSS","R","M","M","M","?","R","T","M","$","?","E","$","R","M","M","BOSS","T","?","?","?","T","?","T","T","?","?","?","?","T","?","?","BOSS","E","T","T","BOSS"],"items_purchased_type":["Relic","Card","Relic","Card","Relic"],"build_version":"2020-12-22","purchased_purges":0,"victory":true,"max_hp_per_floor":[90,90,90,90,90,97,97,97,97,97,97,97,97,99,101,101,101,101,103,103,105,105,105,105,107,107,107,107,107,117,117,117,117,117,117,117,119,121,121,121,121,123,123,125,127,129,129,129,131,131,131,133,133,133,133],"card_choices":[{"not_picked":["champ:FanOfKnives","champ:CrookedStrike"],"picked":"champ:StanceDance","floor":2.0},{"not_picked":["champ:Backstep","champ:RapidStrikes"],"picked":"champ:CrookedStrike","floor":3.0},{"not_picked":["champ:FanOfKnives","champ:DefensiveStyle"],"picked":"champ:PreciseThrust","floor":4.0},{"not_picked":["champ:GladiatorsShout","champ:ViciousMockery"],"picked":"champ:GladiatorStyle","floor":6.0},{"not_picked":["champ:Shatter","champ:BerserkerStyle"],"picked":"champ:StrikeOfGenius","floor":12.0},{"not_picked":["champ:GutPunch","champ:Backstep","champ:FalseCounter"],"picked":"Singing Bowl","floor":14.0},{"not_picked":["champ:GutPunch","champ:BladeFlurry","champ:Circumvent"],"picked":"Singing Bowl","floor":15.0},{"not_picked":["champ:ShieldSlam","champ:HoldFirm"],"picked":"champ:Devastate","floor":16.0},{"not_picked":["champ:IronFortress","champ:GladiatorsShout","champ:Circumvent+1"],"picked":"Singing Bowl","floor":19.0},{"not_picked":["champ:Control","champ:BerserkersShout"],"picked":"champ:RageSigil","floor":20.0},{"not_picked":["champ:TornadoPunch+1","champ:BladeFlurry+1","champ:Backstep"],"picked":"Singing Bowl","floor":21.0},{"not_picked":["champ:GladiatorsShout+1","champ:Circumvent"],"picked":"champ:MurderStrike","floor":22.0},{"not_picked":["champ:FaceSlap+1","champ:BerserkersShout","champ:PerfectedStrike"],"picked":"Singing Bowl","floor":25.0},{"not_picked":["champ:FanOfKnives","champ:CrookedStrike"],"picked":"champ:ShieldThrow","floor":26.0},{"not_picked":["champ:ArenaPreparation","champ:ViciousMockery+1"],"picked":"champ:PerfectForm","floor":28.0},{"not_picked":["champ:TornadoPunch+1","champ:IronFortress"],"picked":"champ:Encircle+1","floor":29.0},{"not_picked":["champ:TornadoPunch","champ:Haymaker"],"picked":"champ:DeathBlow","floor":31.0},{"not_picked":["champ:DefensiveStyle","champ:BladeFlurry"],"picked":"champ:SwordSigil","floor":32.0},{"not_picked":["champ:SwordThrow","champ:ShieldThrow"],"picked":"champ:LastStand","floor":33.0},{"not_picked":["champ:SkillfulDodge","champ:GutPunch","champ:BringItOn"],"picked":"Singing Bowl","floor":37},{"not_picked":["champ:StanceDance","champ:IronFortress","champ:FlashCut+1"],"picked":"Singing Bowl","floor":38},{"not_picked":["champ:Backstep+1","champ:AdrenalArmor+1"],"picked":"champ:CheapShot","floor":39},{"not_picked":["champ:AdrenalArmor+1","champ:Haymaker+1"],"picked":"champ:Lariat+1","floor":40},{"not_picked":["champ:Backstep+1","champ:HoldFirm","champ:FaceSlap"],"picked":"Singing Bowl","floor":42},{"not_picked":["champ:RecklessLeap","champ:Lariat+1"],"picked":"champ:TornadoPunch+1","floor":43},{"not_picked":["champ:StanceDance","champ:FlashCut+1","champ:GladiatorsShout+1"],"picked":"Singing Bowl","floor":44},{"not_picked":["champ:EnragedBash+1","champ:CrookedStrike+1","champ:PerfectedStrike"],"picked":"Singing Bowl","floor":45},{"not_picked":["champ:Duel+1","champ:Lariat","champ:FocusedGladiator+1"],"picked":"Singing Bowl","floor":46},{"not_picked":["champ:BerserkersShout+1","champ:Haymaker+1"],"picked":"champ:ShieldWall","floor":48},{"not_picked":["champ:DefensiveShout","champ:FaceSlap+1","champ:StanceDance"],"picked":"Singing Bowl","floor":49},{"not_picked":["champ:TornadoPunch+1","champ:Shatter+1","champ:FlashCut"],"picked":"Singing Bowl","floor":52}],"player_experience":307068,"relics_obtained":[{"floor":6.0,"key":"Strawberry"},{"floor":7.0,"key":"Snack Pack"},{"floor":12.0,"key":"Singing Bowl"},{"floor":18.0,"key":"Eternal Feather"},{"floor":22.0,"key":"Red Mask"},{"floor":28.0,"key":"Potion Belt"},{"floor":41,"key":"Divine Protection"},{"floor":52,"key":"Whetstone"}],"event_choices":[{"damage_healed":0.0,"max_hp_gain":0.0,"max_hp_loss":0.0,"gold_gain":0.0,"event_name":"Masked Bandits","player_choice":"Fought Bandits","floor":22.0,"gold_loss":0.0,"damage_taken":0.0}],"is_beta":false,"boss_relics":[{"not_picked":["ChewingGum","Calling Bell"],"picked":"Empty Cage"},{"not_picked":["Replay:Wanted Poster","Kintsugi"],"picked":"Painkiller Herb"}],"items_purged_floors":[],"is_endless":false,"potions_floor_spawned":[6,14,16,19,20,25,28,32,33,38,40,43,44,52],"ascension_level":1}}