{"host":"by3dnjj711vo194a","time":1610748540,"event":{"mods":["2.2 Compatiblity","AchievementEnabler","BaseMod","Colored Map","DeckTracker","KOR Keyword Fix","Keyboard Shortcuts","Minty Spire (QoL Compilation)","Permanent Neow","Quick Restart","StSLib","SuperFastMode","everything is the same but u backflip on backflip"],"gold_per_floor":[115,115,40,54,54,54,68,68,92,92,92,107,142,158,158,278,278,297,316,62,62,89,120,120,135,161,161,184,184,198,226,226,327,327,343,354,84,93,93,119,128,152,152,2,43,43,70,97,109,121],"floor_reached":51,"language":"KOR","playtime":1257,"items_purged":["Regret","Strike_P","Strike_P","Defend_P"],"score":1341,"play_id":"b0f08c20-b789-40ac-8698-8a4ae4f0d146","local_time":"20210116070900","is_ascension_mode":true,"campfire_choices":[{"data":"FearNoEvil","floor":6.0,"key":"SMITH"},{"data":"Vigilance","floor":10.0,"key":"SMITH"},{"floor":15.0,"key":"REST"},{"data":"Adaptation","floor":27.0,"key":"SMITH"},{"floor":32.0,"key":"REST"},{"data":"Scrawl","floor":46.0,"key":"SMITH"},{"data":"ConjureBlade","floor":49.0,"key":"SMITH"}],"circlet_count":0,"master_deck":["Strike_P+1","Defend_P+1","Eruption+1","Vigilance+1","FearNoEvil+1","Adaptation+1","Scrawl+1","ConjureBlade+1","Necronomicurse","Finesse","Finesse","Tantrum+1"],"relics":["PureWater","WingedGreaves","Bloody Idol","Tiny Chest","GoldenEye","Black Star","Orrery","Necronomicon","PreservedInsect","Lantern","Omamori","Strawberry","Toy Ornithopter","CeramicFish","Damaru","Empty Cage","OrangePellets","Blood Vial","Ancient Tea Set","Art of War","MealTicket","TeardropLocket","Orichalcum","Gambling Chip","MawBank"],"acts_visited":["Exordium","TheCity","TheBeyond"],"potions_floor_usage":[],"damage_taken":[{"damage":6.0,"enemies":"2 Louse","floor":1.0,"turns":2.0},{"damage":0.0,"enemies":"Small Slimes","floor":4.0,"turns":2.0},{"damage":0.0,"enemies":"Jaw Worm","floor":7.0,"turns":1.0},{"damage":0.0,"enemies":"2 Fungi Beasts","floor":12.0,"turns":2.0},{"damage":4.0,"enemies":"Gremlin Nob","floor":13.0,"turns":3.0},{"damage":13.0,"enemies":"Exordium Wildlife","floor":14.0,"turns":4.0},{"damage":0.0,"enemies":"Slime Boss","floor":16.0,"turns":4.0},{"damage":24.0,"enemies":"Chosen","floor":18.0,"turns":2.0},{"damage":7.0,"enemies":"2 Thieves","floor":19.0,"turns":2.0},{"damage":2.0,"enemies":"Book of Stabbing","floor":23.0,"turns":2.0},{"damage":4.0,"enemies":"Chosen and Byrds","floor":25.0,"turns":2.0},{"damage":0.0,"enemies":"Snecko","floor":30.0,"turns":3.0},{"damage":15.0,"enemies":"Slavers","floor":31.0,"turns":2.0},{"damage":27.0,"enemies":"Champ","floor":33.0,"turns":3.0},{"damage":7.0,"enemies":"3 Shapes","floor":35.0,"turns":4.0},{"damage":0.0,"enemies":"3 Darklings","floor":36.0,"turns":2.0},{"damage":40.0,"enemies":"Nemesis","floor":40.0,"turns":5.0},{"damage":0.0,"enemies":"Giant Head","floor":45.0,"turns":1.0},{"damage":0.0,"enemies":"Nemesis","floor":47.0,"turns":1.0},{"damage":0.0,"enemies":"Spire Growth","floor":48.0,"turns":1.0},{"damage":0,"enemies":"Donu and Deca","floor":50,"turns":2}],"seed_played":"-2669066303693341788","potions_obtained":[{"floor":4.0,"key":"BlessingOfTheForge"},{"floor":12.0,"key":"GamblersBrew"},{"floor":14.0,"key":"AttackPotion"},{"floor":18.0,"key":"SneckoOil"},{"floor":23.0,"key":"Block Potion"},{"floor":30.0,"key":"AttackPotion"},{"floor":35.0,"key":"FearPotion"},{"floor":45.0,"key":"PowerPotion"},{"floor":48.0,"key":"Block Potion"}],"is_trial":false,"path_per_floor":["M","?","$","M","?","R","M","?","T","R","?","M","E","M","R","B",null,"M","M","$","?","T","E","$","M","T","R","T","?","M","E","R","B",null,"M","M","$","?","$","E","?","T","T","$","E","R","E","M","R","B",null],"character_chosen":"WATCHER","items_purchased":["Orrery","OrangePellets"],"campfire_rested":2,"item_purchase_floors":[20,37],"current_hp_per_floor":[59,59,59,59,52,52,52,34,34,34,20,20,16,3,24,24,60,36,29,29,13,13,11,11,7,14,14,14,14,19,14,37,15,63,61,66,66,61,61,26,31,36,36,51,63,63,70,79,79,79],"gold":133,"neow_bonus":"UPGRADE_CARD","is_daily":false,"chose_seed":false,"campfire_upgraded":5,"win_rate":0.0,"timestamp":1610748540,"path_taken":["M","?","$","M","?","R","M","?","T","R","?","M","E","M","R","BOSS","M","M","$","?","?","E","$","M","T","R","?","?","M","E","R","BOSS","M","M","$","?","$","E","?","?","T","$","E","R","E","M","R","BOSS"],"items_purchased_type":["Relic","Relic"],"build_version":"2020-12-22","purchased_purges":4,"victory":true,"max_hp_per_floor":[72,72,72,72,72,72,72,72,72,72,72,72,72,72,72,72,72,72,72,72,72,72,72,72,72,79,79,79,79,79,79,79,79,79,79,79,79,79,79,79,79,79,79,79,79,79,79,79,79,79],"card_choices":[{"not_picked":["ClearTheMind","FollowUp","Meditate"],"picked":"SKIP","floor":1.0},{"not_picked":["Vengeance","CrushJoints"],"picked":"FearNoEvil","floor":4.0},{"not_picked":["Wireheading","WindmillStrike","PathToVictory"],"picked":"SKIP","floor":7.0},{"not_picked":["CrushJoints","JustLucky"],"picked":"Adaptation","floor":12.0},{"not_picked":["CrushJoints","Vengeance"],"picked":"Scrawl","floor":13.0},{"not_picked":["Swivel","EmptyBody","ForeignInfluence"],"picked":"SKIP","floor":14.0},{"not_picked":["Wish","Scrawl"],"picked":"ConjureBlade","floor":16.0},{"not_picked":["SignatureMove+1","Consecrate","Crescendo+1"],"picked":"SKIP","floor":18.0},{"not_picked":["WheelKick","DeceiveReality","BowlingBash"],"picked":"SKIP","floor":19.0},{"not_picked":["Protect","ClearTheMind","EmptyBody+1"],"picked":"SKIP","floor":23.0},{"not_picked":["CarveReality","ThirdEye","EmptyBody"],"picked":"SKIP","floor":25.0},{"not_picked":["JustLucky+1","Protect+1","CutThroughFate"],"picked":"SKIP","floor":30.0},{"not_picked":["Swivel","Wallop","Evaluate"],"picked":"SKIP","floor":31.0},{"not_picked":["EmptyFist+1","Prostrate","Protect"],"picked":"SKIP","floor":35.0},{"not_picked":["BowlingBash+1","JustLucky+1","Nirvana+1"],"picked":"SKIP","floor":36.0},{"not_picked":["Violence","Good Instincts"],"picked":"Finesse","floor":38.0},{"not_picked":["TalkToTheHand+1","EmptyFist+1","ClearTheMind+1"],"picked":"SKIP","floor":40.0},{"not_picked":["SignatureMove+1","CarveReality+1"],"picked":"Tantrum+1","floor":45.0},{"not_picked":["FlurryOfBlows","Consecrate","BowlingBash+1"],"picked":"SKIP","floor":47.0},{"not_picked":["JustLucky+1","ClearTheMind+1","FollowUp+1"],"picked":"SKIP","floor":48.0}],"player_experience":166436,"relics_obtained":[{"floor":9.0,"key":"Tiny Chest"},{"floor":13.0,"key":"GoldenEye"},{"floor":21.0,"key":"Necronomicon"},{"floor":22.0,"key":"PreservedInsect"},{"floor":23.0,"key":"Lantern"},{"floor":23.0,"key":"Omamori"},{"floor":26.0,"key":"Strawberry"},{"floor":28.0,"key":"Toy Ornithopter"},{"floor":31.0,"key":"CeramicFish"},{"floor":31.0,"key":"Damaru"},{"floor":40.0,"key":"Blood Vial"},{"floor":40.0,"key":"Ancient Tea Set"},{"floor":42.0,"key":"Art of War"},{"floor":43.0,"key":"MealTicket"},{"floor":45.0,"key":"TeardropLocket"},{"floor":45.0,"key":"Orichalcum"},{"floor":47.0,"key":"Gambling Chip"},{"floor":47.0,"key":"MawBank"}],"event_choices":[{"damage_healed":0.0,"max_hp_gain":0.0,"max_hp_loss":0.0,"gold_gain":0.0,"event_name":"Big Fish","player_choice":"Box","floor":2.0,"gold_loss":0.0,"damage_taken":0.0,"relics_obtained":["WingedGreaves"],"cards_obtained":["Regret"]},{"cards_removed":["Strike_P"],"damage_healed":0.0,"max_hp_gain":0.0,"max_hp_loss":0.0,"gold_gain":0.0,"event_name":"Golden Wing","player_choice":"Card Removal","floor":5.0,"gold_loss":0.0,"damage_taken":7.0},{"damage_healed":0.0,"max_hp_gain":0.0,"max_hp_loss":0.0,"gold_gain":0.0,"event_name":"Golden Idol","player_choice":"Take Damage","floor":8.0,"gold_loss":0.0,"damage_taken":18.0,"relics_obtained":["Golden Idol"]},{"damage_healed":0.0,"max_hp_gain":0.0,"max_hp_loss":0.0,"gold_gain":0.0,"event_name":"Shining Light","player_choice":"Entered Light","floor":11.0,"gold_loss":0.0,"damage_taken":14.0,"cards_upgraded":["Strike_P","Defend_P"]},{"damage_healed":0.0,"max_hp_gain":0.0,"max_hp_loss":0.0,"gold_gain":0.0,"event_name":"Cursed Tome","player_choice":"Obtained Book","floor":21.0,"gold_loss":0.0,"damage_taken":16.0},{"damage_healed":0.0,"max_hp_gain":0.0,"max_hp_loss":0.0,"gold_gain":0.0,"event_name":"Forgotten Altar","player_choice":"Gave Idol","floor":29.0,"relics_lost":["Golden Idol"],"gold_loss":0.0,"damage_taken":0.0,"relics_obtained":["Bloody Idol"]},{"damage_healed":0.0,"max_hp_gain":0.0,"max_hp_loss":0.0,"gold_gain":0.0,"event_name":"SensoryStone","player_choice":"Memory 3","floor":38.0,"gold_loss":0.0,"damage_taken":10.0},{"damage_healed":0.0,"max_hp_gain":0.0,"max_hp_loss":0.0,"gold_gain":0.0,"event_name":"Duplicator","player_choice":"Copied","floor":41.0,"gold_loss":0.0,"damage_taken":0.0,"cards_obtained":["Finesse"]}],"is_beta":false,"boss_relics":[{"not_picked":["Velvet Choker","Fusion Hammer"],"picked":"Black Star"},{"not_picked":["Snecko Eye","Cursed Key"],"picked":"Empty Cage"}],"items_purged_floors":[3,20,37,44],"is_endless":false,"potions_floor_spawned":[4,12,14,18,23,30,35,45,48],"ascension_level":7}}