{"host":"8suwxzmsh8pwn3fh","time":1610727465,"event":{"mods":["AchievementEnabler","BaseMod","Colored Map","Curses Come First","Dark Map","Hubris","Infinite Spire","Minty Spire (QoL Compilation)","Replay The Spire","StSLib"],"gold_per_floor":[112,125,141,153,228,228,27,27,105,105,133,158,90,115,115,228,228,247,247,249,249],"floor_reached":20,"language":"ENG","playtime":876,"items_purged":[],"score":166,"play_id":"3cc0b180-9bd8-4870-b795-79c785897bdc","local_time":"20210115171745","is_ascension_mode":false,"campfire_choices":[{"data":"Replay:Bootleg Shield Generator","floor":6,"key":"SMITH"},{"data":"Tools of the Trade","floor":8,"key":"SMITH"},{"floor":15,"key":"REST"}],"circlet_count":0,"master_deck":["Strike_G","Strike_G","Strike_G","Defend_G","Defend_G","Defend_G","Defend_G","Defend_G","Survivor","Neutralize","Replay:Bootleg Shield Generator+1","Deadly Poison","Tools of the Trade+1","Bane","Backflip","Poisoned Stab","Noxious Fumes","Night Terror+1","Noxious Fumes"],"relics":["Ring of the Snake","Replay:Bandana","ReplayTheSpireMod:Ninjato","Empty Cage"],"acts_visited":["Exordium","TheCity"],"potions_floor_usage":[12,16],"damage_taken":[{"damage":0,"enemies":"Cultist","floor":1,"turns":5},{"damage":0,"enemies":"2 Louse","floor":2,"turns":2},{"damage":0,"enemies":"Jaw Worm","floor":3,"turns":3},{"damage":4,"enemies":"Exordium Wildlife","floor":4,"turns":4},{"damage":5,"enemies":"3 Louse","floor":11,"turns":4},{"damage":18,"enemies":"Gremlin Gang","floor":12,"turns":4},{"damage":8,"enemies":"Large Slime","floor":14,"turns":6},{"damage":39,"enemies":"Slime Boss","floor":16,"turns":10},{"damage":35,"enemies":"Spheric Guardian","floor":18,"turns":6},{"damage":39,"enemies":"3 Byrds","floor":20,"turns":3}],"seed_played":"-7946813941382162548","potions_obtained":[{"floor":11,"key":"PowerPotion"},{"floor":12,"key":"DistilledChaos"},{"floor":16,"key":"Swift Potion"},{"floor":18,"key":"SneckoOil"}],"is_trial":false,"path_per_floor":["M","M","M","M","?","R","$","R","T","?","M","M","$","M","R","B",null,"M","?","M"],"character_chosen":"THE_SILENT","items_purchased":["Poisoned Stab","Replay:Bandana","Noxious Fumes"],"campfire_rested":1,"item_purchase_floors":[7,7,13],"current_hp_per_floor":[70,70,70,66,55,55,55,55,55,55,50,32,32,24,45,6,70,35,35,0,0],"gold":249,"neow_bonus":"RANDOM_COLORLESS","is_daily":false,"chose_seed":false,"campfire_upgraded":2,"win_rate":0.0,"timestamp":1610727465,"path_taken":["M","?","M","M","?","R","$","R","T","?","M","M","$","?","R","BOSS","M","?","?"],"items_purchased_type":["Card","Relic","Card"],"build_version":"2020-12-22","purchased_purges":0,"victory":false,"max_hp_per_floor":[70,70,70,70,70,70,70,70,70,70,70,70,70,70,70,70,70,70,70,70,70],"card_choices":[{"not_picked":["Deep Breath","Blind"],"picked":"Replay:Bootleg Shield Generator","floor":0},{"not_picked":["Cloak And Dagger","Flying Knee"],"picked":"Deadly Poison","floor":1},{"not_picked":["Flying Knee","Dagger Spray"],"picked":"Tools of the Trade","floor":2},{"not_picked":["Sneak Up","ReplayTheSpireMod:Exploit Weakness"],"picked":"Bane","floor":3},{"not_picked":["Outmaneuver","Cloak And Dagger"],"picked":"Backflip","floor":4},{"not_picked":["Slice","Dodge and Roll","Tactician"],"picked":"SKIP","floor":11},{"not_picked":["Expertise","Cloak And Dagger","After Image"],"picked":"SKIP","floor":12},{"not_picked":["Toxin Wave","ReplayTheSpireMod:Tripwire","Hidden Blade"],"picked":"SKIP","floor":14},{"not_picked":["Burst","Grand Finale"],"picked":"Night Terror","floor":16},{"not_picked":["Hidden Blade","ReplayTheSpireMod:The Works+1"],"picked":"Noxious Fumes","floor":18}],"player_experience":376988,"relics_obtained":[{"floor":9,"key":"ReplayTheSpireMod:Ninjato"}],"event_choices":[{"damage_healed":0,"gold_gain":75,"player_choice":"Gather Gold","damage_taken":11,"max_hp_gain":0,"max_hp_loss":0,"event_name":"World of Goop","floor":5,"gold_loss":0},{"damage_healed":0,"gold_gain":0,"player_choice":"Ignored","damage_taken":0,"max_hp_gain":0,"max_hp_loss":0,"event_name":"Shining Light","floor":10,"gold_loss":0},{"damage_healed":0,"gold_gain":0,"player_choice":"Upgraded","damage_taken":0,"max_hp_gain":0,"max_hp_loss":0,"event_name":"Upgrade Shrine","floor":19,"gold_loss":0,"cards_upgraded":["Night Terror"]}],"is_beta":false,"boss_relics":[{"not_picked":["hubris:CrackedHourglass","Astrolabe"],"picked":"Empty Cage"}],"items_purged_floors":[],"is_endless":false,"potions_floor_spawned":[11,12,16,18],"killed_by":"3 Byrds","ascension_level":0}}