{"host":"poshtwjux72eqzmy","time":1610754498,"event":{"mods":["BaseMod","Bestiary","Block Reminder","Highlight Path","Minty Spire (QoL Compilation)","Relic Stats","StSLib","ojb\u0027s Info Mod"],"gold_per_floor":[211,211,222,242,242,267,267,300,368,381,15,28,62,78,78,151,151,166,216,226,45,62,94,94,129,178,190,201,201,201,216,216,292,292,311,291,308,57,67,67,117,117,187,522,533,560,570,133,133,133,133,133,133,6,40,40],"floor_reached":57,"language":"ENG","playtime":6055,"items_purged":["Strike_R","Strike_R","Strike_R","Strike_R"],"score":2723,"play_id":"ac05e0f7-0be9-473e-b446-d9cb21df6896","local_time":"20210116014818","is_ascension_mode":true,"campfire_choices":[{"data":"Rampage","floor":7.0,"key":"SMITH"},{"floor":15.0,"key":"REST"},{"floor":24.0,"key":"REST"},{"data":"True Grit","floor":29.0,"key":"SMITH"},{"data":"Demon Form","floor":32.0,"key":"SMITH"},{"data":"Double Tap","floor":40.0,"key":"SMITH"},{"data":"Uppercut","floor":42,"key":"SMITH"},{"floor":49,"key":"RECALL"},{"data":"Pommel Strike","floor":53,"key":"SMITH"}],"circlet_count":0,"master_deck":["AscendersBane","Strike_R","Defend_R","Defend_R","Defend_R","Bash","True Grit+1","Rage","Disarm","Rampage+1","Limit Break","Cleave","Spot Weakness","Battle Trance","Double Tap+1","Second Wind","Demon Form+1","Shrug It Off+1","Corruption","Armaments+1","Sentinel","Heavy Blade","Reaper","Pummel","Pummel+1","Uppercut+1","Limit Break","Pommel Strike+1","Reaper","Shockwave","Impervious","Feel No Pain","Dark Shackles"],"relics":["Burning Blood","StoneCalendar","Potion Belt","Kunai","Membership Card","Gambling Chip","Bird Faced Urn","Snecko Eye","Sling","Smiling Mask","Red Skull","Toy Ornithopter","Sundial","Coffee Dripper","Pen Nib","Medical Kit","Thread and Needle","Old Coin","StrikeDummy","Nunchaku","Happy Flower","OrangePellets","Pantograph"],"acts_visited":["Exordium","TheCity","TheBeyond","TheEnding"],"potions_floor_usage":[51,55,56,56,56],"damage_taken":[{"damage":2.0,"enemies":"2 Louse","floor":1.0,"turns":4.0},{"damage":0.0,"enemies":"Cultist","floor":3.0,"turns":3.0},{"damage":17.0,"enemies":"Jaw Worm","floor":4.0,"turns":7.0},{"damage":30.0,"enemies":"Gremlin Nob","floor":6.0,"turns":4.0},{"damage":18.0,"enemies":"Lagavulin","floor":8.0,"turns":7.0},{"damage":35.0,"enemies":"Gremlin Gang","floor":10.0,"turns":6.0},{"damage":5.0,"enemies":"Looter","floor":12.0,"turns":4.0},{"damage":12.0,"enemies":"3 Sentries","floor":13.0,"turns":5.0},{"damage":10.0,"enemies":"2 Fungi Beasts","floor":14.0,"turns":3.0},{"damage":26.0,"enemies":"Slime Boss","floor":16.0,"turns":7.0},{"damage":24.0,"enemies":"Shell Parasite","floor":18.0,"turns":7.0},{"damage":17.0,"enemies":"Chosen","floor":20.0,"turns":7.0},{"damage":7.0,"enemies":"Centurion and Healer","floor":22.0,"turns":4.0},{"damage":23.0,"enemies":"Book of Stabbing","floor":23.0,"turns":4.0},{"damage":13.0,"enemies":"Gremlin Leader","floor":25.0,"turns":4.0},{"damage":0.0,"enemies":"3 Cultists","floor":27.0,"turns":5.0},{"damage":14.0,"enemies":"Snake Plant","floor":28.0,"turns":3.0},{"damage":19.0,"enemies":"Sentry and Sphere","floor":31.0,"turns":4.0},{"damage":4.0,"enemies":"Collector","floor":33.0,"turns":6.0},{"damage":18.0,"enemies":"3 Darklings","floor":35.0,"turns":4.0},{"damage":62.0,"enemies":"3 Shapes","floor":37.0,"turns":7.0},{"damage":19.0,"enemies":"3 Darklings","floor":39.0,"turns":4.0},{"damage":30,"enemies":"2 Orb Walkers","floor":41,"turns":4},{"damage":38,"enemies":"Nemesis","floor":44,"turns":5},{"damage":35,"enemies":"Jaw Worm Horde","floor":45,"turns":5},{"damage":49,"enemies":"Reptomancer","floor":46,"turns":5},{"damage":12,"enemies":"4 Shapes","floor":47,"turns":4},{"damage":61,"enemies":"Time Eater","floor":50,"turns":10},{"damage":48,"enemies":"Awakened One","floor":51,"turns":9},{"damage":55,"enemies":"Shield and Spear","floor":55,"turns":7},{"damage":111,"enemies":"The Heart","floor":56,"turns":9}],"seed_played":"3085748151395609947","potions_obtained":[{"floor":5.0,"key":"FearPotion"},{"floor":5.0,"key":"Regen Potion"},{"floor":8.0,"key":"Ancient Potion"},{"floor":10.0,"key":"BloodPotion"},{"floor":12.0,"key":"Fire Potion"},{"floor":16.0,"key":"FearPotion"},{"floor":20.0,"key":"GamblersBrew"},{"floor":23.0,"key":"Energy Potion"},{"floor":25.0,"key":"FearPotion"},{"floor":36.0,"key":"Dexterity Potion"},{"floor":41,"key":"PowerPotion"},{"floor":44,"key":"SneckoOil"},{"floor":55,"key":"Regen Potion"}],"is_trial":false,"path_per_floor":["M","?","M","M","?","E","R","E","T","M","$","M","E","M","R","B",null,"M","?","M","$","M","E","R","E","T","M","M","R","T","M","R","B",null,"M","?","M","$","M","R","?","R","T","E","M","E","M","$","R","B","B",null,"R","$","E","B",null],"character_chosen":"IRONCLAD","items_purchased":["Membership Card","Gambling Chip","Corruption","Sling","Pen Nib","Medical Kit","Pummel","Reaper","Shockwave","Impervious","Feel No Pain","Nunchaku","Happy Flower","OrangePellets","Dark Shackles"],"campfire_rested":2,"item_purchase_floors":[11,11,21,21,38,38,38,48,48,48,48,48,48,54,54],"current_hp_per_floor":[72,72,75,64,64,40,40,43,43,14,14,30,24,20,42,22,62,46,39,30,30,33,20,42,39,39,49,45,45,45,36,36,47,68,75,75,65,65,56,56,75,75,75,75,75,32,75,75,75,75,75,75,75,75,75,27],"gold":40,"neow_bonus":"HUNDRED_GOLD","is_daily":false,"chose_seed":false,"campfire_upgraded":6,"win_rate":0.0,"timestamp":1610754498,"path_taken":["M","?","M","?","?","E","R","E","T","M","$","M","E","M","R","BOSS","M","?","M","$","M","E","R","E","T","?","M","R","?","M","R","BOSS","M","?","M","$","?","R","?","R","T","E","M","E","M","$","R","BOSS","BOSS","R","$","E","BOSS"],"items_purchased_type":["Relic","Relic","Card","Relic","Relic","Relic","Card","Card","Card","Card","Card","Relic","Relic","Relic","Card"],"build_version":"2020-12-22","purchased_purges":4,"victory":true,"max_hp_per_floor":[75,75,75,75,75,75,75,75,75,75,75,75,75,75,75,75,75,75,75,75,75,75,75,75,75,75,75,75,75,75,75,75,75,75,75,75,75,75,75,75,75,75,75,75,75,75,75,75,75,75,75,75,75,75,75,75],"relic_stats":{"Happy Flower":[11],"counters":[31,167],"StoneCalendar":[104],"Pen Nib":[9],"Smiling Mask":38,"Medical Kit":[13],"Burning Blood":147,"OrangePellets":[3],"Nunchaku":[4],"Sundial":[20],"Gambling Chip":[115],"Bird Faced Urn":[74],"Pantograph":0,"Snecko Eye":[237,245,238,224],"Kunai":[31],"obtain_stats":[{"Potion Belt":8,"Happy Flower":48,"StoneCalendar":6,"Thread and Needle":41,"Pen Nib":38,"Sling":21,"Smiling Mask":23,"Medical Kit":38,"Burning Blood":0,"Old Coin":44,"OrangePellets":54,"Nunchaku":48,"Sundial":30,"Gambling Chip":11,"Bird Faced Urn":13,"Pantograph":55,"Snecko Eye":17,"Coffee Dripper":34,"Kunai":9,"Membership Card":11,"StrikeDummy":46,"Red Skull":25,"Toy Ornithopter":26},{"Potion Belt":5,"Happy Flower":27,"StoneCalendar":4,"Thread and Needle":23,"Pen Nib":21,"Sling":12,"Smiling Mask":14,"Medical Kit":21,"Burning Blood":0,"Old Coin":24,"OrangePellets":29,"Nunchaku":27,"Sundial":17,"Gambling Chip":6,"Bird Faced Urn":8,"Pantograph":30,"Snecko Eye":10,"Coffee Dripper":19,"Kunai":5,"Membership Card":6,"StrikeDummy":26,"Red Skull":15,"Toy Ornithopter":15},{"Potion Belt":25,"Happy Flower":132,"StoneCalendar":18,"Thread and Needle":113,"Pen Nib":105,"Sling":64,"Smiling Mask":72,"Medical Kit":105,"Burning Blood":0,"Old Coin":118,"OrangePellets":151,"Nunchaku":132,"Sundial":84,"Gambling Chip":31,"Bird Faced Urn":40,"Pantograph":158,"Snecko Eye":50,"Coffee Dripper":94,"Kunai":25,"Membership Card":31,"StrikeDummy":128,"Red Skull":76,"Toy Ornithopter":76}],"Toy Ornithopter":30},"card_choices":[{"not_picked":["Sword Boomerang","Clash"],"picked":"True Grit","floor":1.0},{"not_picked":["Anger","Havoc"],"picked":"Disarm","floor":3.0},{"not_picked":["Bloodletting","True Grit"],"picked":"Rampage","floor":4.0},{"not_picked":["Perfected Strike","Twin Strike"],"picked":"Limit Break","floor":6.0},{"not_picked":["Armaments","True Grit"],"picked":"Cleave","floor":8.0},{"not_picked":["Flame Barrier","Clash"],"picked":"Spot Weakness","floor":10.0},{"not_picked":["Havoc","Flex"],"picked":"Battle Trance","floor":12.0},{"not_picked":["Clash","Burning Pact"],"picked":"Double Tap","floor":13.0},{"not_picked":["Armaments","Flame Barrier"],"picked":"Second Wind","floor":14.0},{"not_picked":["Limit Break","Juggernaut"],"picked":"Demon Form","floor":16.0},{"not_picked":["Iron Wave","Wild Strike"],"picked":"Shrug It Off+1","floor":18.0},{"not_picked":["Body Slam","Rampage","Pommel Strike"],"picked":"SKIP","floor":20.0},{"not_picked":["Spot Weakness","Sword Boomerang","Clash"],"picked":"SKIP","floor":22.0},{"not_picked":["Second Wind","Fire Breathing"],"picked":"Armaments+1","floor":23.0},{"not_picked":["Armaments","Power Through"],"picked":"Sentinel","floor":25.0},{"not_picked":["Seeing Red","Battle Trance"],"picked":"Heavy Blade","floor":27.0},{"not_picked":["Sword Boomerang","Havoc","Whirlwind"],"picked":"SKIP","floor":28.0},{"not_picked":["Spot Weakness+1","Shrug It Off","Cleave"],"picked":"SKIP","floor":31.0},{"not_picked":["Fiend Fire","Berserk"],"picked":"Reaper","floor":33.0},{"not_picked":["Reckless Charge","Heavy Blade","Clothesline"],"picked":"SKIP","floor":35.0},{"not_picked":["Wild Strike","True Grit","Blood for Blood"],"picked":"SKIP","floor":37.0},{"not_picked":["Anger","Bloodletting"],"picked":"Pummel+1","floor":39.0},{"not_picked":["Spot Weakness","Headbutt"],"picked":"Uppercut","floor":41},{"not_picked":["Anger","Rampage"],"picked":"Limit Break","floor":44},{"not_picked":["Heavy Blade","Infernal Blade"],"picked":"Pommel Strike","floor":45},{"not_picked":["Reckless Charge","Flex","Searing Blow"],"picked":"SKIP","floor":46},{"not_picked":["True Grit","Seeing Red","Perfected Strike"],"picked":"SKIP","floor":47},{"not_picked":["Searing Blow","Thunderclap","Second Wind+1"],"picked":"SKIP","floor":55}],"player_experience":1071339,"relics_obtained":[{"floor":6.0,"key":"StoneCalendar"},{"floor":8.0,"key":"Potion Belt"},{"floor":9.0,"key":"Kunai"},{"floor":13.0,"key":"Bird Faced Urn"},{"floor":23.0,"key":"Smiling Mask"},{"floor":25.0,"key":"Red Skull"},{"floor":26.0,"key":"Toy Ornithopter"},{"floor":30.0,"key":"Sundial"},{"floor":41,"key":"Thread and Needle"},{"floor":44,"key":"Old Coin"},{"floor":46,"key":"StrikeDummy"},{"floor":55,"key":"Pantograph"}],"event_choices":[{"damage_healed":0.0,"max_hp_gain":0.0,"max_hp_loss":0.0,"gold_gain":0.0,"cards_transformed":["Defend_R"],"event_name":"Transmorgrifier","player_choice":"Transformed","floor":2.0,"gold_loss":0.0,"damage_taken":0.0,"cards_obtained":["Rage"]},{"damage_healed":0.0,"max_hp_gain":0.0,"max_hp_loss":0.0,"gold_gain":0.0,"event_name":"Lab","player_choice":"Got Potions","floor":5.0,"gold_loss":0.0,"damage_taken":0.0},{"damage_healed":0.0,"max_hp_gain":0.0,"max_hp_loss":0.0,"gold_gain":50.0,"event_name":"FaceTrader","player_choice":"Touch","floor":19.0,"gold_loss":0.0,"damage_taken":7.0},{"damage_healed":0.0,"max_hp_gain":0.0,"max_hp_loss":0.0,"gold_gain":0.0,"event_name":"The Woman in Blue","player_choice":"Bought 1 Potion","floor":36.0,"gold_loss":0.0,"damage_taken":0.0},{"damage_healed":0,"gold_gain":0,"player_choice":"Fight","damage_taken":0,"max_hp_gain":0,"max_hp_loss":0,"event_name":"Mysterious Sphere","floor":41,"gold_loss":0}],"is_beta":false,"boss_relics":[{"not_picked":["Sozu","Busted Crown"],"picked":"Snecko Eye"},{"not_picked":["SacredBark","Philosopher\u0027s Stone"],"picked":"Coffee Dripper"}],"items_purged_floors":[11,21,38,48],"is_endless":false,"potions_floor_spawned":[8,10,12,16,20,23,25,28,31,39,41,44,55],"ascension_level":20}}