{"host":"8i4doyxqctgl5qb0","time":1610670247,"event":{"mods":["AchievementEnabler","BaseMod","Block Reminder","Colored Powertips","Downfall","Minty Spire (QoL Compilation)","Permanent Neow","Potion Indicator Mod","Rare Cards Sparkle","StSLib","SuperFastMode","The Jungle"],"gold_per_floor":[112,123,123,123,136,136,167,22,47,47,58,58,133,162,162,162,162],"floor_reached":16,"language":"ZHS","playtime":261,"items_purged":[],"score":162,"play_id":"e079669f-94a6-4160-b555-488e2549acce","local_time":"20210115082407","is_ascension_mode":true,"campfire_choices":[{"data":"Flex","floor":6.0,"key":"SMITH"},{"floor":15,"key":"REST"}],"circlet_count":0,"master_deck":["AscendersBane","Strike_R","Strike_R","Strike_R","Strike_R","Strike_R","Defend_R","Defend_R","Defend_R","Defend_R","Bash","Flex+1","Reaper","Shrug It Off","Cleave","Headbutt"],"relics":["Burning Blood","Bronze Scales","PreservedInsect","Art of War","Turnip"],"acts_visited":["Exordium"],"potions_floor_usage":[14],"damage_taken":[{"damage":11.0,"enemies":"Cultist","floor":1.0,"turns":4.0},{"damage":9.0,"enemies":"Jaw Worm","floor":2.0,"turns":4.0},{"damage":12.0,"enemies":"Small Slimes","floor":5.0,"turns":3.0},{"damage":5.0,"enemies":"3 Sentries","floor":7.0,"turns":3.0},{"damage":14.0,"enemies":"Looter","floor":11.0,"turns":3.0},{"damage":22,"enemies":"Lagavulin","floor":14,"turns":4},{"damage":95,"enemies":"Hexaghost","floor":16,"turns":12}],"seed_played":"-1138481289085478677","potions_obtained":[{"floor":0.0,"key":"Weak Potion"},{"floor":0.0,"key":"SneckoOil"},{"floor":0.0,"key":"ColorlessPotion"},{"floor":2.0,"key":"BlessingOfTheForge"},{"floor":11.0,"key":"Energy Potion"}],"is_trial":false,"path_per_floor":["M","M","?","$","M","R","E","$","T","$","M","?","?","E","R","B"],"character_chosen":"IRONCLAD","items_purchased":["FairyPotion","Shrug It Off"],"campfire_rested":1,"item_purchase_floors":[8,8],"current_hp_per_floor":[67,64,64,64,58,58,59,59,59,59,55,55,44,32,56,0,0],"gold":162,"neow_bonus":"THREE_SMALL_POTIONS","is_daily":false,"chose_seed":false,"campfire_upgraded":1,"win_rate":0.0,"timestamp":1610670247,"path_taken":["M","?","?","$","M","R","E","$","T","?","?","?","?","E","R","BOSS"],"items_purchased_type":["Potion","Card"],"build_version":"2020-12-22","purchased_purges":0,"victory":false,"max_hp_per_floor":[80,80,80,80,80,80,80,80,80,80,80,80,80,80,80,80,80],"card_choices":[{"not_picked":["Perfected Strike","Dropkick","Dark Embrace"],"picked":"SKIP","floor":1.0},{"not_picked":["Rage","Cleave","Clothesline"],"picked":"SKIP","floor":2.0},{"not_picked":["Rage","Feel No Pain"],"picked":"Flex","floor":5.0},{"not_picked":["Rupture","Anger"],"picked":"Reaper","floor":7.0},{"not_picked":["Iron Wave","Thunderclap"],"picked":"Cleave","floor":11.0},{"not_picked":["Hemokinesis","Dropkick"],"picked":"Headbutt","floor":14}],"player_experience":179467,"relics_obtained":[{"floor":7.0,"key":"Bronze Scales"},{"floor":9.0,"key":"PreservedInsect"},{"floor":14,"key":"Turnip"}],"event_choices":[{"damage_healed":0.0,"max_hp_gain":0.0,"max_hp_loss":0.0,"gold_gain":0.0,"event_name":"The Woman in Blue","player_choice":"Bought 0 Potions","floor":3.0,"gold_loss":0.0,"damage_taken":0.0},{"damage_healed":0,"gold_gain":0,"player_choice":"Searched \u00271\u0027 times","damage_taken":0,"relics_obtained":["Art of War"],"max_hp_gain":0,"max_hp_loss":0,"event_name":"Dead Adventurer","floor":12,"gold_loss":0},{"damage_healed":0,"gold_gain":75,"player_choice":"Gather Gold","damage_taken":11,"max_hp_gain":0,"max_hp_loss":0,"event_name":"World of Goop","floor":13,"gold_loss":0}],"is_beta":false,"boss_relics":[],"items_purged_floors":[],"is_endless":false,"potions_floor_spawned":[2,11],"killed_by":"Hexaghost","ascension_level":10}}