{"host":"utcbn1j9ebmpc40m","time":1610671872,"event":{"mods":["BaseMod","Better Altar","Better Match","GifTheSpireLib","Minty Spire (QoL Compilation)","Poor People Problems","StSLib","SuperFastMode","The IronCluck","The Servant 0.9.4"],"gold_per_floor":[113,36,36,56,71,71,105,105,154,154,182,212,233,256,256,365,365,384,120,54,54,54,54,54],"floor_reached":23,"language":"ENG","playtime":737,"items_purged":[],"score":302,"play_id":"c7ff514a-51fb-4012-844b-790ef9478642","local_time":"20210114195112","is_ascension_mode":true,"campfire_choices":[{"data":"Rage","floor":6,"key":"SMITH"},{"data":"Barricade","floor":8,"key":"SMITH"},{"floor":15,"key":"REST"}],"circlet_count":0,"master_deck":["AscendersBane","Strike_R+1","Strike_R+1","Strike_R+1","Strike_R+1","Defend_R+1","Defend_R+1","Defend_R+1","Defend_R+1","Bash","Uppercut","Entrench","Ghostly Armor","Rage+1","Barricade+1","True Grit","Iron Wave","Armaments","Feed","Entrench","Clothesline+1"],"relics":["Burning Blood","Orichalcum","Darkstone Periapt","Dream Catcher","CeramicFish","Busted Crown","Tiny Chest"],"acts_visited":["Exordium","TheCity"],"potions_floor_usage":[7,14,16,18,20],"damage_taken":[{"damage":5,"enemies":"2 Louse","floor":1,"turns":4},{"damage":1,"enemies":"Cultist","floor":4,"turns":4},{"damage":5,"enemies":"Jaw Worm","floor":5,"turns":7},{"damage":57,"enemies":"Lagavulin","floor":7,"turns":12},{"damage":8,"enemies":"Large Slime","floor":11,"turns":14},{"damage":3,"enemies":"2 Fungi Beasts","floor":13,"turns":6},{"damage":4,"enemies":"Looter","floor":14,"turns":4},{"damage":31,"enemies":"The Guardian","floor":16,"turns":26},{"damage":35,"enemies":"3 Byrds","floor":18,"turns":13},{"damage":12,"enemies":"2 Thieves","floor":20,"turns":5},{"damage":33,"enemies":"Book of Stabbing","floor":23,"turns":10}],"seed_played":"7589524196597112411","potions_obtained":[{"floor":1,"key":"EssenceOfSteel"},{"floor":4,"key":"Energy Potion"},{"floor":7,"key":"Energy Potion"},{"floor":14,"key":"DistilledChaos"},{"floor":16,"key":"Block Potion"}],"is_trial":false,"path_per_floor":["M","$","?","M","M","R","E","R","T","?","M","?","M","M","R","B",null,"M","$","M","?","?","E"],"character_chosen":"IRONCLAD","items_purchased":["Entrench","Entrench","Tiny Chest","Block Potion"],"campfire_rested":1,"item_purchase_floors":[2,19,19,19],"current_hp_per_floor":[73,73,73,78,79,79,28,28,28,25,23,23,26,28,52,27,67,38,38,32,32,32,0,0],"gold":54,"neow_bonus":"REMOVE_CARD","is_daily":false,"chose_seed":false,"campfire_upgraded":2,"win_rate":0.0,"timestamp":1610671872,"path_taken":["M","$","?","?","M","R","E","R","T","?","M","?","M","M","R","BOSS","M","$","M","?","?","E"],"items_purchased_type":["Card","Card","Relic","Potion"],"build_version":"2020-12-22","purchased_purges":0,"victory":false,"max_hp_per_floor":[80,80,80,80,80,80,80,80,80,80,80,80,80,80,80,80,80,80,80,80,80,80,80,80],"card_choices":[{"not_picked":["Intimidate","Warcry"],"picked":"Uppercut","floor":1},{"not_picked":["Twin Strike","Shockwave"],"picked":"Ghostly Armor","floor":4},{"not_picked":["Reckless Charge","Headbutt"],"picked":"Rage","floor":5},{"not_picked":["Armaments","Feel No Pain"],"picked":"Barricade","floor":7},{"not_picked":["Reckless Charge","Heavy Blade"],"picked":"True Grit","floor":11},{"not_picked":["Havoc","Searing Blow"],"picked":"Iron Wave","floor":13},{"not_picked":["Heavy Blade","Pommel Strike"],"picked":"Armaments","floor":14},{"not_picked":["Fiend Fire","Demon Form"],"picked":"Feed","floor":16},{"not_picked":["Twin Strike"],"picked":"SKIP","floor":18},{"not_picked":[],"picked":"Clothesline+1","floor":20}],"player_experience":488948,"relics_obtained":[{"floor":7,"key":"Darkstone Periapt"},{"floor":9,"key":"Dream Catcher"}],"event_choices":[{"damage_healed":0,"gold_gain":0,"player_choice":"Gave Potion","damage_taken":0,"relics_obtained":["Orichalcum"],"max_hp_gain":0,"max_hp_loss":0,"event_name":"WeMeetAgain","floor":3,"gold_loss":0},{"damage_healed":0,"gold_gain":0,"player_choice":"Success","damage_taken":3,"relics_obtained":["CeramicFish"],"max_hp_gain":0,"max_hp_loss":0,"event_name":"Scrap Ooze","floor":10,"gold_loss":0},{"damage_healed":0,"gold_gain":30,"player_choice":"Searched \u00271\u0027 times","damage_taken":0,"max_hp_gain":0,"max_hp_loss":0,"event_name":"Dead Adventurer","floor":12,"gold_loss":0},{"damage_healed":0,"gold_gain":0,"player_choice":"Ignored","damage_taken":0,"max_hp_gain":0,"max_hp_loss":0,"event_name":"Cursed Tome","floor":21,"gold_loss":0},{"damage_healed":0,"gold_gain":0,"player_choice":"Simplicity","damage_taken":0,"max_hp_gain":0,"max_hp_loss":0,"event_name":"Back to Basics","floor":22,"gold_loss":0,"cards_upgraded":["Strike_R","Strike_R","Strike_R","Strike_R","Defend_R","Defend_R","Defend_R","Defend_R"]}],"is_beta":false,"boss_relics":[{"not_picked":["Tiny House","Black Star"],"picked":"Busted Crown"}],"items_purged_floors":[],"is_endless":false,"potions_floor_spawned":[1,4,7,14,16],"killed_by":"Book of Stabbing","ascension_level":12}}