{"host":"ji1fk25fd1ga4ji1","time":1610689820,"event":{"mods":["2.2 Compatiblity","BaseMod","Colored Map","DeckTracker","Minty Spire (QoL Compilation)","Permanent Neow","Quick Restart","StSLib","SuperFastMode"],"gold_per_floor":[116,136,136,61,74,74,100,110,110,110,129,148,148,158,158,253,253,272,97,114,129,145,145,145,145],"floor_reached":24,"language":"KOR","playtime":640,"items_purged":["Strike_R","Defend_R"],"score":238,"play_id":"356b74b3-a4e3-4f0a-ba5b-75f4ad51df38","local_time":"20210115145020","is_ascension_mode":true,"campfire_choices":[{"data":"Whirlwind","floor":6,"key":"SMITH"},{"data":"Shrug It Off","floor":10,"key":"SMITH"},{"data":"Iron Wave","floor":13,"key":"SMITH"},{"data":"Warcry","floor":15,"key":"SMITH"},{"data":"Thunderclap","floor":23,"key":"SMITH"}],"circlet_count":0,"master_deck":["Strike_R","Strike_R","Strike_R","Strike_R","Defend_R","Defend_R","Defend_R","Bash","Barricade+1","Iron Wave+1","Shrug It Off+1","Whirlwind+1","Warcry+1","Offering","Battle Trance","Ghostly Armor","Thunderclap+1"],"relics":["Black Blood","Calipers","Ice Cream"],"acts_visited":["Exordium","TheCity"],"potions_floor_usage":[7,16,16,21],"damage_taken":[{"damage":2,"enemies":"Small Slimes","floor":1,"turns":5},{"damage":1,"enemies":"Cultist","floor":2,"turns":4},{"damage":6,"enemies":"Jaw Worm","floor":5,"turns":5},{"damage":0,"enemies":"Lagavulin","floor":7,"turns":8},{"damage":12,"enemies":"Looter","floor":8,"turns":4},{"damage":7,"enemies":"Blue Slaver","floor":11,"turns":5},{"damage":0,"enemies":"Lots of Slimes","floor":12,"turns":1},{"damage":16,"enemies":"Exordium Wildlife","floor":14,"turns":7},{"damage":25,"enemies":"Hexaghost","floor":16,"turns":13},{"damage":6,"enemies":"Chosen","floor":18,"turns":9},{"damage":6,"enemies":"3 Byrds","floor":20,"turns":3},{"damage":30,"enemies":"Snake Plant","floor":21,"turns":6},{"damage":14,"enemies":"Cultist and Chosen","floor":22,"turns":9},{"damage":36,"enemies":"Centurion and Healer","floor":24,"turns":16}],"seed_played":"-4686380164678504568","potions_obtained":[{"floor":2,"key":"AttackPotion"},{"floor":7,"key":"Fire Potion"},{"floor":8,"key":"AttackPotion"},{"floor":12,"key":"ColorlessPotion"},{"floor":16,"key":"Ancient Potion"},{"floor":21,"key":"ElixirPotion"},{"floor":22,"key":"SkillPotion"}],"is_trial":false,"path_per_floor":["M","M","?","$","M","R","E","M","T","R","M","M","R","M","R","B",null,"M","$","M","M","M","R","M"],"character_chosen":"IRONCLAD","items_purchased":["Ghostly Armor"],"campfire_rested":0,"item_purchase_floors":[19],"current_hp_per_floor":[60,65,65,65,65,65,71,65,65,65,64,70,70,60,60,41,80,80,80,80,62,60,60,24,24],"gold":145,"neow_bonus":"THREE_RARE_CARDS","is_daily":false,"chose_seed":false,"campfire_upgraded":5,"win_rate":0.0,"timestamp":1610689820,"path_taken":["M","M","?","$","M","R","E","?","T","R","?","M","R","M","R","BOSS","M","$","M","M","M","R","M"],"items_purchased_type":["Card"],"build_version":"2020-12-22","purchased_purges":2,"victory":false,"max_hp_per_floor":[80,80,80,80,80,80,80,80,80,80,80,80,80,80,80,80,80,80,80,80,80,80,80,80,80],"card_choices":[{"not_picked":["Juggernaut","Corruption"],"picked":"Barricade","floor":0},{"not_picked":["Perfected Strike","Clash"],"picked":"Iron Wave","floor":1},{"not_picked":["Reckless Charge","Burning Pact"],"picked":"Shrug It Off","floor":2},{"not_picked":["Warcry","Wild Strike"],"picked":"Whirlwind","floor":5},{"not_picked":["Reaper","Sentinel","Warcry"],"picked":"SKIP","floor":7},{"not_picked":["Reaper","Sentinel"],"picked":"Warcry","floor":7},{"not_picked":["Hemokinesis","Cleave","Armaments"],"picked":"SKIP","floor":8},{"not_picked":["Hemokinesis","Cleave","Armaments"],"picked":"SKIP","floor":8},{"not_picked":["Iron Wave","Wild Strike","Bludgeon"],"picked":"SKIP","floor":11},{"not_picked":["Armaments","Sever Soul","Reckless Charge"],"picked":"SKIP","floor":12},{"not_picked":["Dropkick","Pommel Strike","Fire Breathing"],"picked":"SKIP","floor":14},{"not_picked":["Juggernaut","Fiend Fire"],"picked":"Offering","floor":16},{"not_picked":["Blood for Blood","Warcry"],"picked":"Battle Trance","floor":18},{"not_picked":["Uppercut","Blood for Blood","Sentinel"],"picked":"SKIP","floor":20},{"not_picked":["Clash+1","Perfected Strike","Iron Wave"],"picked":"SKIP","floor":21},{"not_picked":["Wild Strike","Dark Embrace"],"picked":"Thunderclap","floor":22}],"player_experience":476041,"relics_obtained":[{"floor":7,"key":"Calipers"},{"floor":9,"key":"Ice Cream"}],"event_choices":[{"damage_healed":0,"gold_gain":0,"player_choice":"Upgraded","damage_taken":0,"max_hp_gain":0,"max_hp_loss":0,"event_name":"Upgrade Shrine","floor":3,"gold_loss":0,"cards_upgraded":["Barricade"]}],"is_beta":false,"boss_relics":[{"not_picked":["SlaversCollar","Runic Dome"],"picked":"Black Blood"}],"items_purged_floors":[4,19],"is_endless":false,"potions_floor_spawned":[2,7,8,12,16,21,22],"killed_by":"Centurion and Healer","ascension_level":1}}