{"host":"vddkjx04kiwje1tk","time":1610695597,"event":{"mods":["AchievementEnabler","BaseMod","Colored Map","Minty Spire (QoL Compilation)","Quick Restart","SuperFastMode"],"gold_per_floor":[112,112,112,112,129,129,163,184,208,208,235,269,289,299,299,403,403,421,432,445,459,128,128,157,157,238,153,153,153,153,169,169,169,169],"floor_reached":33,"language":"KOR","playtime":1054,"items_purged":["Defend_B"],"score":341,"play_id":"562fc84c-9af0-4ede-a51a-e8ec1937f7e7","local_time":"20210115162637","is_ascension_mode":true,"campfire_choices":[{"data":"Dualcast","floor":6,"key":"SMITH"},{"data":"Chaos","floor":10,"key":"SMITH"},{"data":"Strike_B","floor":15,"key":"PURGE"},{"data":"Defend_B","floor":23,"key":"PURGE"},{"data":"Biased Cognition","floor":25,"key":"SMITH"},{"data":"Strike_B","floor":28,"key":"PURGE"},{"data":"Strike_B","floor":32,"key":"PURGE"}],"circlet_count":0,"master_deck":["Zap+1","Dualcast+1","Chaos+1","Coolheaded","Echo Form","Self Repair","Consume","Biased Cognition+1","Loop"],"relics":["Cracked Core","NeowsBlessing","CeramicFish","Toy Ornithopter","Peace Pipe","Coffee Dripper","Mummified Hand","Question Card","Molten Egg 2"],"acts_visited":["Exordium","TheCity"],"potions_floor_usage":[16,16,16,24,29,33],"damage_taken":[{"damage":0,"enemies":"Jaw Worm","floor":1,"turns":1},{"damage":0,"enemies":"2 Louse","floor":5,"turns":1},{"damage":0,"enemies":"3 Sentries","floor":7,"turns":1},{"damage":2,"enemies":"Small Slimes","floor":8,"turns":3},{"damage":10,"enemies":"Exordium Thugs","floor":11,"turns":4},{"damage":4,"enemies":"Lagavulin","floor":12,"turns":7},{"damage":4,"enemies":"Looter","floor":13,"turns":3},{"damage":9,"enemies":"3 Louse","floor":14,"turns":4},{"damage":20,"enemies":"Slime Boss","floor":16,"turns":8},{"damage":7,"enemies":"Chosen","floor":18,"turns":4},{"damage":11,"enemies":"Spheric Guardian","floor":19,"turns":4},{"damage":35,"enemies":"Centurion and Healer","floor":20,"turns":6},{"damage":45,"enemies":"Snecko","floor":21,"turns":6},{"damage":13,"enemies":"3 Cultists","floor":24,"turns":5},{"damage":20,"enemies":"Colosseum Slavers","floor":29,"turns":3},{"damage":31,"enemies":"Centurion and Healer","floor":31,"turns":5},{"damage":71,"enemies":"Automaton","floor":33,"turns":6}],"seed_played":"-570775585719689411","potions_obtained":[{"floor":5,"key":"FearPotion"},{"floor":13,"key":"EntropicBrew"},{"floor":16,"key":"BlessingOfTheForge"},{"floor":21,"key":"Regen Potion"}],"is_trial":false,"path_per_floor":["M","?","?","?","M","R","E","M","T","R","M","E","M","M","R","B",null,"M","M","M","M","$","R","M","R","T","?","R","?","?","M","R","B"],"character_chosen":"DEFECT","items_purchased":["Mummified Hand"],"campfire_rested":0,"item_purchase_floors":[22],"current_hp_per_floor":[75,68,68,68,68,68,68,66,66,66,56,52,55,53,53,55,75,75,71,43,29,29,29,42,42,42,42,42,47,47,23,23,0,0],"gold":169,"neow_bonus":"THREE_ENEMY_KILL","is_daily":false,"chose_seed":false,"campfire_upgraded":3,"win_rate":0.0,"timestamp":1610695597,"path_taken":["M","?","?","?","M","R","E","M","T","R","M","E","M","?","R","BOSS","M","?","M","M","$","R","?","R","T","?","R","?","?","M","R","BOSS"],"items_purchased_type":["Relic"],"build_version":"2020-12-22","purchased_purges":1,"victory":false,"max_hp_per_floor":[75,75,75,75,75,75,75,75,75,75,75,75,75,75,75,75,75,75,75,75,75,75,75,75,75,75,75,75,75,75,75,75,75,75],"card_choices":[{"not_picked":["Stack","Steam","Chill"],"picked":"SKIP","floor":1},{"not_picked":["Stack","Streamline","Leap"],"picked":"SKIP","floor":5},{"not_picked":["Compile Driver","Consume"],"picked":"Chaos","floor":7},{"not_picked":["Beam Cell","Stack"],"picked":"Coolheaded","floor":8},{"not_picked":["Beam Cell","Coolheaded"],"picked":"Echo Form","floor":11},{"not_picked":["Stack","Genetic Algorithm"],"picked":"Self Repair","floor":12},{"not_picked":["White Noise","Stack"],"picked":"Consume","floor":13},{"not_picked":["Biased Cognition","Sweeping Beam","Conserve Battery"],"picked":"SKIP","floor":14},{"not_picked":["Fission","Amplify"],"picked":"Biased Cognition","floor":16},{"not_picked":["Conserve Battery","Compile Driver","Cold Snap"],"picked":"SKIP","floor":18},{"not_picked":["Steam","Cold Snap+1","FTL"],"picked":"SKIP","floor":19},{"not_picked":["Conserve Battery","Cold Snap","Auto Shields"],"picked":"SKIP","floor":20},{"not_picked":["Streamline","Compile Driver","Ball Lightning"],"picked":"SKIP","floor":21},{"not_picked":["Seek","Stack"],"picked":"Loop","floor":24},{"not_picked":["Auto Shields+1","Ball Lightning+1","Streamline+1","Steam"],"picked":"SKIP","floor":31}],"player_experience":193988,"relics_obtained":[{"floor":7,"key":"CeramicFish"},{"floor":9,"key":"Toy Ornithopter"},{"floor":12,"key":"Peace Pipe"},{"floor":26,"key":"Question Card"}],"event_choices":[{"cards_removed":["Strike_B"],"damage_healed":0,"gold_gain":0,"player_choice":"Card Removal","damage_taken":7,"max_hp_gain":0,"max_hp_loss":0,"event_name":"Golden Wing","floor":2,"gold_loss":0},{"cards_removed":["Defend_B"],"damage_healed":0,"gold_gain":0,"player_choice":"Forget","damage_taken":0,"max_hp_gain":0,"max_hp_loss":0,"event_name":"Living Wall","floor":3,"gold_loss":0},{"damage_healed":0,"gold_gain":0,"player_choice":"Upgraded","damage_taken":0,"max_hp_gain":0,"max_hp_loss":0,"event_name":"Upgrade Shrine","floor":4,"gold_loss":0,"cards_upgraded":["Zap"]},{"damage_healed":0,"gold_gain":0,"player_choice":"Obtained Relic","damage_taken":0,"relics_obtained":["Molten Egg 2"],"max_hp_gain":0,"max_hp_loss":0,"event_name":"Addict","floor":27,"gold_loss":85},{"damage_healed":0,"gold_gain":0,"player_choice":"Fight","damage_taken":0,"max_hp_gain":0,"max_hp_loss":0,"event_name":"Colosseum","floor":29,"gold_loss":0},{"damage_healed":0,"gold_gain":0,"player_choice":"Fled From Nobs","damage_taken":0,"max_hp_gain":0,"max_hp_loss":0,"event_name":"Colosseum","floor":29,"gold_loss":0},{"cards_removed":["Defend_B"],"damage_healed":0,"gold_gain":0,"player_choice":"Elegance","damage_taken":0,"max_hp_gain":0,"max_hp_loss":0,"event_name":"Back to Basics","floor":30,"gold_loss":0}],"is_beta":false,"boss_relics":[{"not_picked":["FrozenCore","Calling Bell"],"picked":"Coffee Dripper"}],"items_purged_floors":[22],"is_endless":false,"potions_floor_spawned":[5,13,16,18,19,21,29],"killed_by":"Automaton","ascension_level":4}}