{"host":"bzg9y3flbaqjj1j7","time":1610754319,"event":{"mods":["AchievementEnabler","Act Like it!","Arknights The Spire","Aspiration","BaseMod","Challenge The Spire","Dark Map","Ekko","Gensokyo","Hallownest","Hubris","Infinite Spire","Lobotomy","LobotomyExtend","Marisa????????","Marked Mod","Minty Spire (QoL Compilation)","Permanent Neow","Poor People Problems","Prisma Mod","Quick Restart","Railgun Mod","Rare Cards Sparkle","Reimu??????","Remilia??????","Replay The Spire","Shop Mod","Spicy Shops","StSLib","The Animator","The Blue Laboratory","The Bug Knight","TheSwordswoman","Waifu the Spire","WarShipGirlsR/????R mod","vexMod"],"gold_per_floor":[117,117,137,67,87,87,87,116,116,149,149,165,179,195,195,293,293],"floor_reached":16,"language":"ENG","playtime":1111,"items_purged":[],"score":162,"play_id":"a8b710e8-7fde-40ed-9d37-b0e8ace31f85","local_time":"20210115201519","is_ascension_mode":false,"campfire_choices":[{"data":"TheRailgun:Overload","floor":6.0,"key":"SMITH"},{"floor":15,"key":"REST"}],"circlet_count":0,"master_deck":["TheRailgun:Strike","TheRailgun:Strike","TheRailgun:Strike+1","TheRailgun:Strike","TheRailgun:Defend","TheRailgun:Defend","TheRailgun:Defend","TheRailgun:Defend","TheRailgun:Discharge","TheRailgun:Static+1","TheRailgun:Zip","TheRailgun:Zap","TheRailgun:Oneesama","hubris:DuctTapeCard","TheRailgun:Magnetic_Flight","TheRailgun:Iron_Dust_Vial","TheRailgun:Lightning_Speed"],"relics":["TheRailgun:CoinRelic","LetterFromLob","Hallownest:DreamNailRelic","Hallownest:StagBellRelic1","hubris:DuctTape","ReplayTheSpireMod:TigerMarble"],"acts_visited":["Exordium"],"potions_floor_usage":[10,12,16],"damage_taken":[{"damage":7.0,"enemies":"Hallownest:monsterHuskGuard","floor":1.0,"turns":4.0},{"damage":4.0,"enemies":"Hallownest:2_MossCreeps","floor":3.0,"turns":3.0},{"damage":2.0,"enemies":"Hallownest:monsterHuskWarrior","floor":5.0,"turns":2.0},{"damage":12.0,"enemies":"Hallownest:eliteVengeflyKing","floor":8.0,"turns":3.0},{"damage":26,"enemies":"Hallownest:eliteCrystalGuardian","floor":10,"turns":4},{"damage":7,"enemies":"Hallownest:Guard_and_Warrior","floor":12,"turns":4},{"damage":3,"enemies":"Hallownest:Wandering_and_Horned","floor":13,"turns":5},{"damage":0,"enemies":"Hallownest:monsterMossCharger","floor":14,"turns":2},{"damage":25,"enemies":"Hallownest:BossFalseKnight","floor":16,"turns":9}],"seed_played":"5405912465983010832","potions_obtained":[{"floor":1.0,"key":"blueLaboratory:LouseDecoction"},{"floor":8.0,"key":"Milkshake"},{"floor":10,"key":"DuplicationPotion"},{"floor":14,"key":"blueLaboratory:RememoryPotion"}],"is_trial":false,"path_per_floor":["M","?","M","?","M","R","?","E","T","E","?","M","M","M","R","B"],"character_chosen":"THE_DEFAULT","items_purchased":[],"campfire_rested":1,"item_purchase_floors":[],"current_hp_per_floor":[63,63,59,59,57,57,57,45,45,19,27,20,17,17,40,15,15],"gold":293,"neow_bonus":"ONE_RANDOM_RARE_CARD","is_daily":false,"chose_seed":false,"campfire_upgraded":1,"win_rate":0.0,"timestamp":1610754319,"path_taken":["M","?","?","?","?","R","?","E","T","E","?","M","M","M","R","BOSS"],"items_purchased_type":[],"build_version":"2020-12-22","purchased_purges":0,"victory":false,"max_hp_per_floor":[70,70,70,70,70,70,70,70,70,70,78,78,78,78,78,78,78],"card_choices":[{"not_picked":["TheRailgun:Static","TheRailgun:Mental_Out"],"picked":"TheRailgun:Zap","floor":1.0},{"not_picked":["TheRailgun:Thunderbolt","TheRailgun:Hypercharge","TheRailgun:Spark"],"picked":"SKIP","floor":3.0},{"not_picked":["TheRailgun:Hypercharge","TheRailgun:Electric_Fence"],"picked":"TheRailgun:Oneesama","floor":5.0},{"not_picked":["TheRailgun:Overload","TheRailgun:Gekota_Phone"],"picked":"TheRailgun:Magnetic_Flight","floor":8.0},{"not_picked":["TheRailgun:Supercharge","TheRailgun:Thunderbolt"],"picked":"TheRailgun:Magnetic_Flight","floor":10},{"not_picked":["TheRailgun:Teleporter","TheRailgun:Zap"],"picked":"TheRailgun:Iron_Dust_Vial","floor":12},{"not_picked":["TheRailgun:Discharge","TheRailgun:Positive_Field"],"picked":"TheRailgun:Lightning_Speed","floor":13},{"not_picked":["TheRailgun:Positive_Field","TheRailgun:Push","TheRailgun:Oneesama"],"picked":"SKIP","floor":14}],"player_experience":191996,"relics_obtained":[{"floor":1.0,"key":"LetterFromLob"},{"floor":8.0,"key":"hubris:DuctTape"},{"floor":10,"key":"ReplayTheSpireMod:TigerMarble"}],"event_choices":[],"is_beta":false,"boss_relics":[],"items_purged_floors":[],"is_endless":false,"potions_floor_spawned":[1,8,10,14],"killed_by":"Hallownest:BossFalseKnight","ascension_level":0}}