{"host":"g868zphnms2wggi3","time":1610734171,"event":{"mods":["Act Like it!","BaseMod","Colored Map","GifTheSpireLib","Infinite Spire","Marisa£®ÏF”Í°°ƒß¿Ì…≥£©","Minty Spire (QoL Compilation)","Replay The Spire","Shop Mod","StSLib"],"gold_per_floor":[117,136,153,168,168,168,179,211,235,247,247,278,290,290,290,392,392,407,422,422,439,101,101,133,133,133,133,180,213,244,275,275,372,372,392,460,503,106,118,178,222,222,246,246,282,4,29,72,72,198,198,198],"floor_reached":51,"language":"ZHS","playtime":6669,"items_purged":["Strike_MRS","Defend_MRS","Hallucinations","Strike_MRS"],"score":738,"play_id":"89d35402-b720-4be4-94e0-8df6b9013aa8","local_time":"20210116020931","is_ascension_mode":false,"campfire_choices":[{"data":"PulseMagic","floor":6,"key":"SMITH"},{"data":"MysteriousBeam","floor":11,"key":"SMITH"},{"floor":15,"key":"REST"},{"data":"1","floor":23,"key":"LIFT"},{"data":"2","floor":25,"key":"LIFT"},{"data":"3","floor":27,"key":"LIFT"},{"data":"UltimateShortwave","floor":32,"key":"SMITH"},{"data":"Magnetism","floor":42,"key":"SMITH"},{"data":"EventHorizon","floor":49,"key":"SMITH"}],"circlet_count":0,"master_deck":["MasterSpark","UpSweep","PulseMagic+1","SporeBomb","UltimateShortwave+1","MysteriousBeam+1","GravityBeat+1","EscapeVelocity","FairyDestructionRay+1","WitchOfGreed","Acceleration","Acceleration","SprinkleStarSeal","ShootTheMoon","Pot Of Greed","Pot Of Greed","MilkyWay+1","Orbital","EventHorizon+1","BinaryStars","Replay:Sluggish","Pot Of Greed","Magnetism+1","Panache","Transmutation","Flash of Steel","IllusionStar+1","MagicAbsorber+1","Madness","Madness","Occultation+1","MaximisePower","DoubleSpark","EarthLightRay","PropBag","Pot Of Greed"],"relics":["MiniHakkero","Pantograph","Nunchaku","Omamori","Coffee Dripper","Girya","Kunai","ReplayTheSpireMod:CursedCoin","Grinning Jar","infinitespire:Beetle Shell","Ice Cream","Replay:Ancient Bell","infinitespire:Satchel","Iron Hammer","MagicBroom","Bottled Tornado","ReplayTheSpireMod:ShopPack","HandmadeGrimoire","Replay:Baseball","Chemical X","Replay:Rubber Ducky","Pandora\u0027s Box"],"acts_visited":["Exordium","TheCity","TheBeyond","Exordium"],"potions_floor_usage":[8,12,12,16,28,28,31,31,39,50],"damage_taken":[{"damage":0,"enemies":"Cultist","floor":1,"turns":3},{"damage":1,"enemies":"2 Louse","floor":2,"turns":3},{"damage":0,"enemies":"Jaw Worm","floor":3,"turns":3},{"damage":17,"enemies":"Exordium Wildlife","floor":4,"turns":5},{"damage":16,"enemies":"Red Slaver","floor":7,"turns":4},{"damage":6,"enemies":"Gremlin Nob","floor":8,"turns":4},{"damage":6,"enemies":"Blue Slaver","floor":10,"turns":4},{"damage":0,"enemies":"Lagavulin","floor":12,"turns":4},{"damage":10,"enemies":"3 Louse","floor":13,"turns":2},{"damage":45,"enemies":"Hexaghost","floor":16,"turns":6},{"damage":10,"enemies":"Chosen","floor":18,"turns":3},{"damage":10,"enemies":"3 Byrds","floor":19,"turns":3},{"damage":16,"enemies":"Snake Plant","floor":21,"turns":2},{"damage":20,"enemies":"Shelled Parasite and Fungi","floor":24,"turns":3},{"damage":3,"enemies":"Nightmare","floor":28,"turns":5},{"damage":13,"enemies":"Centurion and Healer","floor":29,"turns":3},{"damage":3,"enemies":"Cultist and Chosen","floor":30,"turns":2},{"damage":2,"enemies":"Book of Stabbing","floor":31,"turns":3},{"damage":20,"enemies":"Collector","floor":33,"turns":4},{"damage":0,"enemies":"3 Darklings","floor":35,"turns":2},{"damage":3,"enemies":"3 Shapes","floor":37,"turns":1},{"damage":0,"enemies":"Jaw Worm Horde","floor":39,"turns":1},{"damage":18,"enemies":"R_Hoarder","floor":40,"turns":5},{"damage":0,"enemies":"Transient","floor":41,"turns":5},{"damage":0,"enemies":"Maw","floor":45,"turns":2},{"damage":0,"enemies":"Giant Head","floor":47,"turns":2},{"damage":0,"enemies":"3 Darklings","floor":48,"turns":1},{"damage":0,"enemies":"Replay:Hell Engine","floor":50,"turns":2}],"seed_played":"-6210847616807038410","potions_obtained":[{"floor":3,"key":"EssenceOfSteel"},{"floor":7,"key":"Block Potion"},{"floor":10,"key":"ColorlessPotion"},{"floor":13,"key":"AttackPotion"},{"floor":19,"key":"SkillPotion"},{"floor":21,"key":"SpeedPotion"},{"floor":24,"key":"SteroidPotion"},{"floor":28,"key":"SpeedPotion"},{"floor":29,"key":"SteroidPotion"},{"floor":30,"key":"DuplicationPotion"},{"floor":31,"key":"AttackPotion"},{"floor":35,"key":"Swift Potion"},{"floor":39,"key":"Dexterity Potion"},{"floor":41,"key":"Reflective Coating"},{"floor":50,"key":"FearPotion"}],"is_trial":false,"path_per_floor":["M","M","M","M","?","R","M","E","T","M","R","E","M","?","R","B",null,"M","M","AVR","M","$","R","M","R","T","R","NM","M","M","E","R","B",null,"M","?","M","$","M","E","M","R","T","?","M","$","E","M","R","B",null],"character_chosen":"MARISA","items_purchased":["WitchOfGreed","Acceleration","Kunai","ReplayTheSpireMod:CursedCoin","SprinkleStarSeal","Magnetism","ReplayTheSpireMod:ShopPack","Chemical X"],"campfire_rested":1,"item_purchase_floors":[22,22,22,22,22,38,38,46],"current_hp_per_floor":[82,81,81,64,64,64,48,42,42,36,36,36,26,26,50,30,82,72,62,62,46,46,46,26,26,26,26,82,69,66,64,64,62,82,82,50,47,47,47,29,29,29,29,19,19,19,19,19,19,44,82,82],"gold":198,"neow_bonus":"TEN_PERCENT_HP_BONUS","is_daily":false,"chose_seed":false,"campfire_upgraded":5,"win_rate":0.0,"timestamp":1610734171,"path_taken":["M","?","M","M","?","R","M","E","T","M","R","E","M","?","R","BOSS","M","M","AVR","M","$","R","M","R","T","R","NM","M","M","E","R","BOSS","M","?","M","$","M","E","?","R","T","?","M","?","E","M","R","BOSS"],"items_purchased_type":["Card","Card","Relic","Relic","Card","Card","Relic","Relic"],"build_version":"2020-12-22","purchased_purges":4,"victory":false,"max_hp_per_floor":[82,82,82,82,82,82,82,82,82,82,82,82,82,82,82,82,82,82,82,82,82,82,82,82,82,82,82,82,82,82,82,82,82,82,82,82,82,82,82,82,82,82,82,82,82,82,82,82,82,82,82,82],"card_choices":[{"not_picked":["LuminesStrike","DarkSpark","DeepEcoloBomb"],"picked":"SKIP","floor":1},{"not_picked":["IllusionStar","DC"],"picked":"PulseMagic","floor":2},{"not_picked":["NonDirectionalLaser","PulseMagic"],"picked":"SporeBomb","floor":3},{"not_picked":["EnergyRecoil","SprinkleStarSeal","GalacticHalo"],"picked":"SKIP","floor":4},{"not_picked":["DoubleSpark","GravityBeat"],"picked":"UltimateShortwave","floor":7},{"not_picked":["AsteroidBelt","DoubleSpark","JA"],"picked":"SKIP","floor":8},{"not_picked":["AsteroidBelt","DoubleSpark","JA"],"picked":"SKIP","floor":8},{"not_picked":["GrandCross","MilkyWay"],"picked":"MysteriousBeam","floor":10},{"not_picked":["OneTimeOff","ChargeUpSpray","MaximisePower"],"picked":"SKIP","floor":12},{"not_picked":["EnergyRecoil","BlazeAway","SporeBomb"],"picked":"SKIP","floor":13},{"not_picked":["FinalSpark","MaximisePower"],"picked":"EscapeVelocity","floor":16},{"not_picked":["WitchLeyline+1","Robbery"],"picked":"FairyDestructionRay+1","floor":18},{"not_picked":["DC+1","LuminesStrike+1","Robbery+1"],"picked":"SKIP","floor":19},{"not_picked":["FairyDestructionRay","DoubleSpark","PowerUp+1"],"picked":"SKIP","floor":21},{"not_picked":["IllusionStar+1","GravityBeat"],"picked":"ShootTheMoon","floor":24},{"not_picked":["BlazingStar","FairyDestructionRay"],"picked":"MilkyWay+1","floor":28},{"not_picked":["ManaConvection+1","WitchOfGreed+1"],"picked":"Orbital","floor":29},{"not_picked":["WitchLeyline","SprinkleStarSeal"],"picked":"EventHorizon","floor":30},{"not_picked":["EventHorizon+1","ManaConvection","DragonMeteor"],"picked":"SKIP","floor":31},{"not_picked":["SatelliteIllusion","EscapeVelocity"],"picked":"BinaryStars","floor":33},{"not_picked":["ReplayTheSpireMod:Splinters","Looming Evil"],"picked":"Writhe","floor":34},{"not_picked":["Replay:Hysterical Blindness","Amnesia"],"picked":"Hallucinations","floor":34},{"not_picked":["Wraith","infinitespire:Pacifist"],"picked":"Replay:Sluggish","floor":34},{"not_picked":["ShootingEcho+1","GrandCross","UnstableBomb+1"],"picked":"SKIP","floor":35},{"not_picked":["ChargingUp+1","DC","GalacticHalo+1"],"picked":"SKIP","floor":37},{"not_picked":["Midas Touch","Secret Weapon"],"picked":"Panache","floor":38},{"not_picked":["Swift Strike","HandOfGreed"],"picked":"Transmutation","floor":38},{"not_picked":["Jack Of All Trades","Mind Blast"],"picked":"Flash of Steel","floor":38},{"not_picked":["UnstableBomb","ShootTheMoon","RefractionSpark+1"],"picked":"SKIP","floor":39},{"not_picked":["SporeBomb","ShootingEcho"],"picked":"IllusionStar+1","floor":40},{"not_picked":["SprinkleStarSeal+1","AbsoluteMagnitude"],"picked":"MagicAbsorber+1","floor":41},{"not_picked":["MilkyWay+1","UnstableBomb+1"],"picked":"Occultation+1","floor":45},{"not_picked":["EnergyRecoil+1","ChargingUp+1","SprinkleStarSeal"],"picked":"SKIP","floor":47},{"not_picked":["AsteroidBelt","FairyDestructionRay","EventHorizon+1"],"picked":"SKIP","floor":48},{"not_picked":["BlazingStar","BigCrunch"],"picked":"MaximisePower","floor":50}],"player_experience":168685,"relics_obtained":[{"floor":8,"key":"Pantograph"},{"floor":9,"key":"Nunchaku"},{"floor":12,"key":"Omamori"},{"floor":26,"key":"Grinning Jar"},{"floor":28,"key":"infinitespire:Beetle Shell"},{"floor":31,"key":"Ice Cream"},{"floor":36,"key":"Bottled Tornado"},{"floor":40,"key":"HandmadeGrimoire"},{"floor":43,"key":"Replay:Baseball"},{"floor":47,"key":"Replay:Rubber Ducky"}],"event_choices":[{"cards_removed":["Defend_MRS"],"damage_healed":0,"gold_gain":0,"player_choice":"Forget","damage_taken":0,"max_hp_gain":0,"max_hp_loss":0,"event_name":"Living Wall","floor":5,"gold_loss":0},{"damage_healed":0,"gold_gain":0,"player_choice":"Embrace Madness","damage_taken":10,"max_hp_gain":0,"max_hp_loss":0,"event_name":"Winding Halls","floor":44,"gold_loss":0,"cards_obtained":["Madness","Madness"]}],"is_beta":false,"boss_relics":[{"not_picked":["Honey Jar","Velvet Choker"],"picked":"Coffee Dripper"},{"not_picked":["Philosopher\u0027s Stone","Sozu"],"picked":"Replay:Ancient Bell"},{"not_picked":["ShroomBag","Lantern"],"picked":"infinitespire:Satchel"},{"not_picked":["The Courier","Garlic"],"picked":"Iron Hammer"},{"not_picked":["Unceasing Top","Incense Burner"],"picked":"MagicBroom"},{"not_picked":["Fusion Hammer","Runic Pyramid"],"picked":"Pandora\u0027s Box"}],"items_purged_floors":[20,22,38,46],"is_endless":true,"potions_floor_spawned":[3,7,10,13,19,21,29,30,31,35,39,41],"ascension_level":0}}