{"host":"0009l0kk6tb2u2kt","time":1610724500,"event":{"mods":["BaseMod","Downfall","Hubris","Minty Spire (QoL Compilation)","Replay The Spire","StSLib"],"gold_per_floor":[114,124,124,25,41,67,67,94,120,150,150,1,1,18,18,115,115,125,141,153,170,181,181,181,181],"floor_reached":24,"language":"ENG","playtime":2418,"items_purged":[],"score":218,"play_id":"5dc31deb-cf2e-4430-b21e-52918cbde7b4","local_time":"20210115162820","is_ascension_mode":false,"campfire_choices":[{"data":"ReplayTheSpireMod:Scrap Shanks","floor":7,"key":"SMITH"},{"data":"Storm of Steel","floor":15,"key":"SMITH"},{"floor":23,"key":"REST"}],"circlet_count":0,"master_deck":["Strike_G","Strike_G","Strike_G","Strike_G","Defend_G","Defend_G","Defend_G","Defend_G","Defend_G","Survivor","Neutralize","Storm of Steel+1","Escape Plan","ReplayTheSpireMod:Scrap Shanks+1","Infinite Blades","Backflip","Cloak And Dagger","Prepared","Backflip","A Thousand Cuts","Acrobatics","Prepared+1","Cloak And Dagger+1","Adrenaline"],"relics":["Sizzling Blood","ReplayTheSpireMod:TigerMarble","Vampiric Spirits","hubris:Reverence","Membership Card","Replay:Bronze Core"],"acts_visited":["Exordium","TheCity"],"potions_floor_usage":[6,6,10,19,24],"damage_taken":[{"damage":0,"enemies":"Small Slimes","floor":1,"turns":3},{"damage":2,"enemies":"Cultist","floor":2,"turns":4},{"damage":3,"enemies":"Jaw Worm","floor":5,"turns":3},{"damage":11,"enemies":"Gremlin Nob","floor":6,"turns":4},{"damage":4,"enemies":"Lagavulin","floor":8,"turns":6},{"damage":3,"enemies":"3 Sentries","floor":10,"turns":7},{"damage":0,"enemies":"2 Fungi Beasts","floor":14,"turns":3},{"damage":48,"enemies":"Fading Forest","floor":16,"turns":11},{"damage":13,"enemies":"Spheric Guardian","floor":18,"turns":5},{"damage":19,"enemies":"2 Thieves","floor":19,"turns":4},{"damage":39,"enemies":"Snake Plant","floor":20,"turns":6},{"damage":24,"enemies":"Cultist and Chosen","floor":21,"turns":7},{"damage":7,"enemies":"Centurion and Healer","floor":22,"turns":5},{"damage":37,"enemies":"Gremlin Leader","floor":24,"turns":2}],"seed_played":"9198489635277818624","potions_obtained":[{"floor":1,"key":"Swift Potion"},{"floor":2,"key":"Adrenaline Potion"},{"floor":6,"key":"LifebloodPotion"},{"floor":18,"key":"Guardian:BlockOnCardUsePotion"},{"floor":21,"key":"Milkshake"}],"is_trial":false,"path_per_floor":["M","M","?","$","M","E","R","E","T","E","?","$","?","M","R","B",null,"M","M","M","M","M","R","E"],"character_chosen":"THE_SILENT","items_purchased":["Infinite Blades","Backflip","Membership Card"],"campfire_rested":1,"item_purchase_floors":[4,4,12],"current_hp_per_floor":[70,68,72,72,73,66,66,66,66,69,69,69,69,74,74,30,74,65,50,21,11,12,34,0,0],"gold":181,"neow_bonus":"ONE_RANDOM_RARE_CARD","is_daily":false,"chose_seed":false,"campfire_upgraded":2,"win_rate":0.0,"timestamp":1610724500,"path_taken":["M","M","?","$","M","E","R","E","T","E","?","$","?","M","R","BOSS","M","M","?","M","M","R","E"],"items_purchased_type":["Card","Card","Relic"],"build_version":"2020-12-22","purchased_purges":0,"victory":false,"max_hp_per_floor":[70,70,74,74,74,74,74,74,74,74,74,74,74,74,74,74,74,74,74,74,74,74,74,74,74],"card_choices":[{"not_picked":["Poisoned Stab","Dagger Spray"],"picked":"Escape Plan","floor":1},{"not_picked":["Deflect","Dagger Throw"],"picked":"ReplayTheSpireMod:Scrap Shanks","floor":2},{"not_picked":["Flying Knee","Sucker Punch","Eviscerate"],"picked":"SKIP","floor":5},{"not_picked":["Infinite Blades","Footwork"],"picked":"Cloak And Dagger","floor":6},{"not_picked":["Slice","Backflip","PiercingWail"],"picked":"SKIP","floor":8},{"not_picked":["hubris:TrickCloak","Unload"],"picked":"Prepared","floor":10},{"not_picked":["Quick Slash","Outmaneuver"],"picked":"Backflip","floor":14},{"not_picked":["ReplayTheSpireMod:Necrosis","Venomology"],"picked":"A Thousand Cuts","floor":16},{"not_picked":["PiercingWail","Draining Mist"],"picked":"Acrobatics","floor":18},{"not_picked":["Infinite Blades","Poisoned Stab"],"picked":"Prepared+1","floor":19},{"not_picked":["Expertise","Tactician+1"],"picked":"Cloak And Dagger+1","floor":20},{"not_picked":["Poisoned Stab+1","ReplayTheSpireMod:Exploit Weakness"],"picked":"Adrenaline","floor":21},{"not_picked":["Outmaneuver","Skewer","Dodge and Roll"],"picked":"SKIP","floor":22}],"player_experience":226056,"relics_obtained":[{"floor":6,"key":"ReplayTheSpireMod:TigerMarble"},{"floor":8,"key":"Vampiric Spirits"},{"floor":10,"key":"hubris:Reverence"}],"event_choices":[{"cards_removed":["Strike_G"],"damage_healed":0,"gold_gain":0,"player_choice":"Purged","damage_taken":0,"max_hp_gain":0,"max_hp_loss":0,"event_name":"Purifier","floor":13,"gold_loss":0}],"is_beta":false,"boss_relics":[{"not_picked":["Astrolabe","Runic Pyramid"],"picked":"Replay:Bronze Core"}],"items_purged_floors":[],"is_endless":false,"potions_floor_spawned":[1,2,6,18,21],"killed_by":"Gremlin Leader","ascension_level":0}}