{"host":"gp9wjf2ye6pu5sn4","time":1610676621,"event":{"mods":["BaseMod","Downfall","Minty Spire (QoL Compilation)","StSLib"],"gold_per_floor":[99,99,119,137,148,181,181,261,711,736,121,133,133,146,162,263,263,188,200,200,14,26,11,11,21,21,21,39,54,68,168,185,283,283,208,208,219,234,247,247,247,247,265,298,223,187,221,271,286,286,286,312,19,19,19],"floor_reached":56,"language":"ZHS","playtime":6523,"items_purged":["Pain","Guardian:Defend_Guardian","Slimebound:Icky"],"score":1296,"play_id":"003d4649-b3b7-43be-884a-800298299add","local_time":"20210115101021","is_ascension_mode":false,"campfire_choices":[{"data":"Guardian:TwinSlam","floor":1.0,"key":"SMITH"},{"floor":13.0,"key":"REST"},{"floor":18.0,"key":"RECALL"},{"data":"Guardian:TimeSifter","floor":35,"key":"SMITH"},{"data":"expansioncontent:Chronoboost","floor":42,"key":"SMITH"},{"floor":45,"key":"REST"},{"data":"Guardian:MultiBeam","floor":54,"key":"SMITH"}],"circlet_count":0,"master_deck":["Guardian:Strike_Guardian","Guardian:Strike_Guardian","Guardian:Strike_Guardian","Guardian:Strike_Guardian","Guardian:Defend_Guardian","Guardian:Defend_Guardian","Guardian:Defend_Guardian+1","Guardian:CurlUp","Guardian:TwinSlam+1","Guardian:ArmoredProtocol","Guardian:Reroute","Guardian:RefractedBeam","Guardian:TemporalShield","Slimebound:Icky","Guardian:MultiBeam+1","Guardian:Clone+1","Guardian:ShieldCharger","Guardian:ChargeUp","Guardian:ExploitGems","Guardian:TemporalStrike+1","Guardian:TemporalStrike+1","Guardian:SentryBeam+1","Guardian:TemporalShield+1","Guardian:Emergency+1","Guardian:Harden+1","Guardian:TimeBomb+1","Guardian:DonusPower+1","Guardian:TimeCapacitor","Guardian:BronzeOrb+1","Guardian:ShieldCharger+1","Guardian:TimeSifter+1","expansioncontent:Flail+1","expansioncontent:Chronoboost+1","expansioncontent:PrepareCrush+1","Guardian:Incinerate+1","Guardian:Clone+1","Chrysalis+1","expansioncontent:Collect","Guardian:TemporalShield+1","Guardian:CrystalBeam+1","Guardian:BronzeOrb+1"],"relics":["Guardian:ModeShifterPlus","WarpedTongs","Thread and Needle","Bottled Flame","Incense Burner","Molten Egg 2","PreservedInsect","Membership Card","Sozu","downfall:HeartBlessingBlue","Toxic Egg 2","Torii","StoneCalendar","Gremlin Horn","downfall:HeartBlessingRed","War Paint","Ancient Tea Set","downfall:HeartBlessingGreen","Eternal Feather","Strange Spoon","Bag of Marbles","TungstenRod","Ornamental Fan","Bottled Lightning","HandDrill"],"acts_visited":["Exordium","TheCity","TheBeyond","TheEnding"],"potions_floor_usage":[46,50,55],"damage_taken":[{"damage":4.0,"enemies":"Small Slimes","floor":3.0,"turns":4.0},{"damage":7.0,"enemies":"Cultist","floor":4.0,"turns":3.0},{"damage":4.0,"enemies":"2 Louse","floor":5.0,"turns":2.0},{"damage":12.0,"enemies":"3 Sentries","floor":6.0,"turns":9.0},{"damage":27.0,"enemies":"Lagavulin","floor":10.0,"turns":12.0},{"damage":0.0,"enemies":"downfall:FleeingMerchant","floor":11.0,"turns":4.0},{"damage":9.0,"enemies":"Exordium Wildlife","floor":12.0,"turns":5.0},{"damage":19.0,"enemies":"Large Slime","floor":14.0,"turns":6.0},{"damage":0.0,"enemies":"Exordium Wildlife","floor":15.0,"turns":2.0},{"damage":25.0,"enemies":"downfall:Defect","floor":16.0,"turns":9.0},{"damage":8.0,"enemies":"Shell Parasite","floor":19.0,"turns":5.0},{"damage":0.0,"enemies":"downfall:FleeingMerchant","floor":21.0,"turns":4.0},{"damage":7.0,"enemies":"Spheric Guardian","floor":22.0,"turns":4.0},{"damage":0.0,"enemies":"downfall:FleeingMerchant","floor":23.0,"turns":4.0},{"damage":0.0,"enemies":"Cultist and Chosen","floor":25.0,"turns":4.0},{"damage":1.0,"enemies":"Snecko","floor":28.0,"turns":5.0},{"damage":6.0,"enemies":"Centurion and Healer","floor":29.0,"turns":6.0},{"damage":0.0,"enemies":"Snake Plant","floor":30.0,"turns":4.0},{"damage":8.0,"enemies":"downfall:Silent","floor":31.0,"turns":6.0},{"damage":0.0,"enemies":"Cultist and Chosen","floor":32.0,"turns":5.0},{"damage":10.0,"enemies":"downfall:Ironclad","floor":33.0,"turns":8.0},{"damage":0,"enemies":"Orb Walker","floor":37,"turns":3},{"damage":0,"enemies":"3 Darklings","floor":38,"turns":4},{"damage":11,"enemies":"Writhing Mass","floor":39,"turns":4},{"damage":14,"enemies":"Jaw Worm Horde","floor":43,"turns":6},{"damage":0,"enemies":"Nemesis","floor":44,"turns":5},{"damage":0,"enemies":"downfall:FleeingMerchant","floor":46,"turns":4},{"damage":1,"enemies":"Giant Head","floor":47,"turns":8},{"damage":2,"enemies":"Mind Bloom Boss Battle","floor":48,"turns":6},{"damage":0,"enemies":"3 Darklings","floor":49,"turns":4},{"damage":51,"enemies":"downfall:Silent","floor":50,"turns":12},{"damage":15,"enemies":"downfall:CharBossMerchant","floor":52,"turns":8},{"damage":55,"enemies":"downfall:NeowBoss","floor":55,"turns":24}],"seed_played":"-4715570987927519359","potions_obtained":[{"floor":3.0,"key":"Fire Potion"},{"floor":10.0,"key":"Fire Potion"},{"floor":15.0,"key":"Strength Potion"},{"floor":16.0,"key":"DistilledChaos"}],"is_trial":false,"path_per_floor":["R","?","M","M","M","E","T","T","?","E","$","M","R","M","M","B",null,"R","M","?","$","M","$","T","M","?","?","M","M","M","?","M","B",null,"R","?","M","M","M","?","T","R","M","E","R","$","E","?","M","B",null,"E","$","R","B",null],"character_chosen":"GUARDIAN","items_purchased":["Molten Egg 2","PreservedInsect","Membership Card","Toxic Egg 2","Guardian:SentryBeam+1","Eternal Feather","Strange Spoon","Chrysalis+1","expansioncontent:Collect","Bottled Lightning","HandDrill","Guardian:BronzeOrb+1"],"campfire_rested":2,"item_purchase_floors":[11,11,11,21,21,46,46,46,46,53,53,53],"current_hp_per_floor":[88,88,84,77,73,61,61,61,61,34,34,25,51,32,32,7,88,98,90,90,90,83,83,83,83,83,83,82,76,76,68,68,58,98,98,88,88,88,77,77,77,77,63,63,92,92,91,89,89,38,98,83,83,98,43],"gold":19,"neow_bonus":"TEN_PERCENT_HP_BONUS","is_daily":false,"chose_seed":false,"campfire_upgraded":4,"win_rate":0.0,"timestamp":1610676621,"path_taken":["R","?","M","M","?","E","T","?","?","E","$","M","R","M","M","BOSS","R","M","?","$","M","$","T","M","?","?","M","?","M","?","M","BOSS","R","?","M","M","M","?","T","R","M","E","R","$","E","?","M","BOSS","E","$","R","BOSS"],"items_purchased_type":["Relic","Relic","Relic","Relic","Card","Relic","Relic","Card","Card","Relic","Relic","Card"],"build_version":"2020-12-22","purchased_purges":3,"victory":true,"max_hp_per_floor":[88,88,88,88,88,88,88,88,88,88,88,88,88,88,88,88,88,98,98,98,98,98,98,98,98,98,98,98,98,98,98,98,98,98,98,98,98,98,98,98,98,98,98,98,98,98,98,98,98,98,98,98,98,98,98],"card_choices":[{"not_picked":["Guardian:Emergency","Guardian:ShieldCharger"],"picked":"Guardian:ArmoredProtocol","floor":3.0},{"not_picked":["Guardian:Preprogram","Guardian:Emergency"],"picked":"Guardian:Reroute","floor":4.0},{"not_picked":["Guardian:ChargeCore","Guardian:TimeCapacitor"],"picked":"Guardian:RefractedBeam","floor":5.0},{"not_picked":["Guardian:StasisField","Guardian:Repulse"],"picked":"Guardian:TemporalShield","floor":6.0},{"not_picked":["Guardian:TemporalStrike","Guardian:Gem_Red"],"picked":"Guardian:MultiBeam","floor":10.0},{"not_picked":["Guardian:WalkerClaw","Guardian:Suspension"],"picked":"Guardian:Clone","floor":11.0},{"not_picked":["Guardian:ChargeCore+1","Guardian:RollAttack+1"],"picked":"Guardian:Gem_Orange","floor":12.0},{"not_picked":["Guardian:Gem_Lightblue","Guardian:Gem_Cyan"],"picked":"Guardian:ShieldCharger","floor":14.0},{"not_picked":["Guardian:DecasProtection","Guardian:Gem_Red"],"picked":"Guardian:ChargeUp","floor":15.0},{"not_picked":["Guardian:Gem_Synthetic","Guardian:Gem_Orange"],"picked":"Guardian:ExploitGems","floor":16.0},{"not_picked":["Guardian:CrystalBeam+1","Guardian:Suspension"],"picked":"Guardian:TemporalStrike+1","floor":19.0},{"not_picked":["Guardian:FloatingOrbs","Guardian:ArmoredProtocol"],"picked":"Guardian:TemporalStrike+1","floor":21.0},{"not_picked":["Guardian:Repulse+1","Guardian:PolyBeam+1"],"picked":"Guardian:TemporalShield+1","floor":22.0},{"not_picked":["Guardian:Gem_Red","Guardian:Repulse"],"picked":"Guardian:Emergency+1","floor":23.0},{"not_picked":["Guardian:Preprogram+1","Guardian:WalkerClaw+1"],"picked":"Guardian:Harden+1","floor":25.0},{"not_picked":["Guardian:Clone+1","Guardian:SentryBeam+1"],"picked":"Guardian:DonusPower+1","floor":28.0},{"not_picked":["Guardian:Gem_Lightblue","Guardian:TimeBomb+1"],"picked":"Guardian:Gem_Blue","floor":29.0},{"not_picked":["Guardian:RollAttack+1","Guardian:Reroute+1"],"picked":"Guardian:TimeCapacitor","floor":30.0},{"not_picked":["Guardian:Gem_Red","Guardian:Gem_White"],"picked":"Guardian:BronzeOrb+1","floor":31.0},{"not_picked":["Guardian:Planning+1","Guardian:PiercingHide+1"],"picked":"Guardian:ShieldCharger+1","floor":32.0},{"not_picked":["Guardian:FastForward+1","Guardian:HyperBeam_Guardian+1"],"picked":"Guardian:TimeSifter","floor":33.0},{"not_picked":["expansioncontent:Hexaburn+1","expansioncontent:Sear+1"],"picked":"expansioncontent:Flail+1","floor":36},{"not_picked":["expansioncontent:DefensiveStance","expansioncontent:LastStand"],"picked":"expansioncontent:Chronoboost","floor":36},{"not_picked":["expansioncontent:SlimeTackle+1","expansioncontent:SuperHexaguard+1"],"picked":"expansioncontent:PrepareCrush+1","floor":36},{"not_picked":["Guardian:Emergency+1","Guardian:RollAttack+1"],"picked":"Guardian:Incinerate+1","floor":37},{"not_picked":["Guardian:CrystalBeam+1","Guardian:Reroute+1","Guardian:VentSteam+1"],"picked":"SKIP","floor":38},{"not_picked":["Guardian:VentSteam+1","Guardian:EvasiveProtocol"],"picked":"Guardian:Gem_Green","floor":39},{"not_picked":["Guardian:Gem_Fragmented","Guardian:PrimingBeam+1"],"picked":"Guardian:Gem_Red","floor":43},{"not_picked":["Guardian:Gem_Green","Guardian:PiercingHide+1"],"picked":"Guardian:Gem_White","floor":44},{"not_picked":["Guardian:Gem_Lightblue","Guardian:ChargeCore+1"],"picked":"Guardian:Clone+1","floor":46},{"not_picked":["Guardian:Gem_Lightblue","Guardian:WalkerClaw+1","Guardian:TimeSifter"],"picked":"SKIP","floor":47},{"not_picked":["Guardian:Gem_Purple","Guardian:Gem_Lightblue"],"picked":"Guardian:TemporalShield+1","floor":48},{"not_picked":["Guardian:ShieldCharger+1","Guardian:Incinerate+1"],"picked":"Guardian:Gem_Purple","floor":49},{"not_picked":["Guardian:TemporalStrike+1","Guardian:PrimingBeam+1"],"picked":"Guardian:CrystalBeam+1","floor":52}],"player_experience":174077,"relics_obtained":[{"floor":6.0,"key":"Thread and Needle"},{"floor":8.0,"key":"Bottled Flame"},{"floor":10.0,"key":"Incense Burner"},{"floor":24.0,"key":"Torii"},{"floor":31.0,"key":"StoneCalendar"},{"floor":31.0,"key":"Gremlin Horn"},{"floor":41,"key":"War Paint"},{"floor":44,"key":"Ancient Tea Set"},{"floor":47,"key":"Bag of Marbles"},{"floor":48,"key":"TungstenRod"},{"floor":52,"key":"Ornamental Fan"}],"event_choices":[{"damage_healed":0.0,"max_hp_gain":0.0,"max_hp_loss":0.0,"gold_gain":0.0,"event_name":"The Library","player_choice":"Read","floor":26.0,"gold_loss":0.0,"damage_taken":0.0,"cards_obtained":["Guardian:TimeBomb"]},{"damage_healed":0.0,"max_hp_gain":0.0,"max_hp_loss":0.0,"gold_gain":0.0,"event_name":"Vampires","player_choice":"Ignored","floor":27.0,"gold_loss":0.0,"damage_taken":0.0},{"damage_healed":0,"gold_gain":0,"player_choice":"Ignored","damage_taken":0,"max_hp_gain":0,"max_hp_loss":0,"event_name":"NoteForYourself","floor":40,"gold_loss":0}],"is_beta":false,"boss_relics":[{"not_picked":["downfall:Hecktoplasm","SacredBark"],"picked":"Sozu"},{"not_picked":["Runic Pyramid","Velvet Choker"],"picked":"Guardian:ModeShifterPlus"}],"items_purged_floors":[11,46,53],"is_endless":false,"potions_floor_spawned":[3,10,15,16,19,25,28,30,32,38,39,43,48,52],"ascension_level":0}}