{"host":"1t0llcfp0lo7rmr4","time":1610727993,"event":{"mods":["AchievementEnabler","Aspiration","BaseMod","Beaked The Cultist","Better Note","Block Reminder","Colored Powertips","Downfall","GifTheSpireLib","Hermit","Hubris","Jorbs\u0027s Wanderer Trilogy","Minty Spire (QoL Compilation)","Permanent Neow","Potionbrewer","Quick Restart","Relic Filter","Replay The Spire","StSLib","SuperFastMode","The Bladedancer","The Bug Knight","The Cursed","The Death Knight","The Druid","The Elementalist","The Exalted","The Forsaken","The Judge","The Poker Player","The Runesmith","vexMod"],"gold_per_floor":[115,129,147,158,108,108,138,138,163,163,183,227,251,176,176,305,305,324,324,19,35,35,66,66,114,191,215,215,230,230,250,250,370,370,384,384,434,455,468,468,509,509,509,549,549,570,590,611,611,611,611,611,53,89,89],"floor_reached":56,"language":"ENG","playtime":2569,"items_purged":["Injury"],"score":1458,"play_id":"83ca9ed4-c847-4c37-aa05-2ccffbfb510d","local_time":"20210116032633","is_ascension_mode":true,"campfire_choices":[{"floor":6.0,"key":"RECALL"},{"floor":8.0,"key":"REST"},{"floor":15.0,"key":"REST"},{"data":"1","floor":30.0,"key":"LIFT"},{"floor":32.0,"key":"REST"},{"floor":40.0,"key":"REST"},{"data":"2","floor":42.0,"key":"LIFT"},{"floor":49.0,"key":"REST"},{"data":"Pain","floor":52.0,"key":"PURGE"}],"circlet_count":0,"master_deck":["blademaster:Strike+1","blademaster:Strike+1","blademaster:Strike+1","blademaster:Strike","blademaster:Defend+1","blademaster:Defend","blademaster:Defend","blademaster:RagingBlow+1","blademaster:HighVoltage+1","blademaster:AwakeningDefend+1","blademaster:Flurry","blademaster:AspectOfLightning","blademaster:Frontflip","blademaster:BladeCross+1","blademaster:TraverseCut","blademaster:ThreePointStrike+1","blademaster:Stormstrike+1","Skim","blademaster:AwakeningStrike+1","Machine Learning","Crystallizer+1","blademaster:StanceMastery","Buffer+1","blademaster:Sharpen+1","blademaster:Slice+1","blademaster:EyeOfTheTornado+1","blademaster:WrongfulFootwork","Heatsinks","Conserve Battery+1","Defragment","hubris:EnhanceAbility","Undo+1"],"relics":["vexMod:ImprovementManual","Snack Pack","Gremlin Food","Golden Idol","Replay:Multitool","aspiration:DefectSkillbook","Durian","Girya","Toxic Egg 2","Cursed Key","Incense Burner","potionbrewer:BottledElixir","aspiration:FetidBarrel","WarpedTongs","Blue Doll","Bronze Scales","Mango"],"acts_visited":["Exordium","TheCity","TheBeyond","TheEnding"],"potions_floor_usage":[55],"damage_taken":[{"damage":0.0,"enemies":"Cultist","floor":1.0,"turns":3.0},{"damage":0.0,"enemies":"2 Louse","floor":2.0,"turns":3.0},{"damage":0.0,"enemies":"Jaw Worm","floor":3.0,"turns":4.0},{"damage":16.0,"enemies":"Blue Slaver","floor":4.0,"turns":5.0},{"damage":22.0,"enemies":"Lagavulin","floor":7.0,"turns":8.0},{"damage":0.0,"enemies":"Gremlin Gang","floor":11.0,"turns":5.0},{"damage":36.0,"enemies":"3 Sentries","floor":12.0,"turns":15.0},{"damage":10.0,"enemies":"3 Louse","floor":13.0,"turns":3.0},{"damage":16.0,"enemies":"Slime Boss","floor":16.0,"turns":9.0},{"damage":2.0,"enemies":"Shell Parasite","floor":18.0,"turns":5.0},{"damage":9.0,"enemies":"2 Thieves","floor":21.0,"turns":3.0},{"damage":19.0,"enemies":"Gremlin Leader","floor":23.0,"turns":8.0},{"damage":7.0,"enemies":"Cultist and Chosen","floor":27.0,"turns":5.0},{"damage":0.0,"enemies":"Centurion and Healer","floor":29.0,"turns":5.0},{"damage":3.0,"enemies":"Sentry and Sphere","floor":31.0,"turns":5.0},{"damage":47.0,"enemies":"Collector","floor":33.0,"turns":8.0},{"damage":11.0,"enemies":"Orb Walker","floor":35.0,"turns":3.0},{"damage":16.0,"enemies":"3 Shapes","floor":38.0,"turns":3.0},{"damage":15.0,"enemies":"Maw","floor":39.0,"turns":6.0},{"damage":22.0,"enemies":"Nemesis","floor":41.0,"turns":5.0},{"damage":12.0,"enemies":"Giant Head","floor":44.0,"turns":7.0},{"damage":15.0,"enemies":"Jaw Worm Horde","floor":46.0,"turns":5.0},{"damage":0.0,"enemies":"Spire Growth","floor":47.0,"turns":3.0},{"damage":38.0,"enemies":"4 Shapes","floor":48.0,"turns":5.0},{"damage":39.0,"enemies":"Donu and Deca","floor":50.0,"turns":8.0},{"damage":37.0,"enemies":"Shield and Spear","floor":54.0,"turns":7.0},{"damage":32,"enemies":"The Heart","floor":55,"turns":8}],"seed_played":"154807131505483204","potions_obtained":[{"floor":2.0,"key":"Block Potion"},{"floor":4.0,"key":"sneckomod:MuddlingPotion"},{"floor":12.0,"key":"Block Potion"},{"floor":16.0,"key":"Explosive Potion"},{"floor":21.0,"key":"potionbrewer:CleansingPotion"},{"floor":23.0,"key":"potionbrewer:MidasPotion"},{"floor":27.0,"key":"Venom Potion"},{"floor":38.0,"key":"Swift Potion"},{"floor":44.0,"key":"potionbrewer:FreezingPotion"}],"is_trial":false,"path_per_floor":["M","M","M","M","?","R","E","R","T","?","M","E","M","$","R","B",null,"M","?","$","M","?","E","?","T","T","M","$","M","R","M","R","B",null,"M","?","?","M","M","R","E","R","T","E","?","M","M","M","R","B",null,"R","$","E","B",null],"character_chosen":"THE_BLADEMASTER","items_purchased":["Durian","Blue Doll","Defragment","Bronze Scales","hubris:EnhanceAbility"],"campfire_rested":5,"item_purchase_floors":[20,53,53,53,53],"current_hp_per_floor":[75,75,75,59,59,59,37,59,59,59,61,27,25,25,47,45,75,75,75,80,79,55,46,46,46,46,47,47,57,57,62,80,43,80,75,75,75,67,62,80,68,68,68,70,70,65,75,43,67,44,80,80,80,65,43],"gold":89,"neow_bonus":"BOSS_RELIC","is_daily":false,"chose_seed":false,"campfire_upgraded":0,"win_rate":0.0,"timestamp":1610727993,"path_taken":["M","M","?","M","?","R","E","R","T","?","M","E","M","$","R","BOSS","M","?","$","?","?","E","?","?","T","M","?","M","R","M","R","BOSS","M","?","?","M","M","R","E","R","T","E","?","?","M","M","R","BOSS","R","$","E","BOSS"],"items_purchased_type":["Relic","Relic","Card","Relic","Card"],"build_version":"2020-12-22","purchased_purges":1,"victory":true,"max_hp_per_floor":[75,75,75,75,75,75,75,75,75,75,75,75,75,75,75,75,75,75,75,80,80,80,80,80,80,80,80,80,80,80,80,80,80,80,80,80,80,80,80,80,80,80,80,80,80,80,80,80,80,80,80,80,80,94,94],"card_choices":[{"not_picked":["blademaster:WindSlash","blademaster:OneTrickPony"],"picked":"blademaster:AwakeningDefend","floor":1.0},{"not_picked":["blademaster:DaggerAndCloak","blademaster:FuriousStrike"],"picked":"blademaster:EyeOfTheTornado","floor":2.0},{"not_picked":["blademaster:HighVoltage","blademaster:Bloodbath"],"picked":"blademaster:Flurry","floor":3.0},{"not_picked":["blademaster:Reversal","blademaster:WindSlash"],"picked":"blademaster:AspectOfLightning","floor":4.0},{"not_picked":["blademaster:Sharpen","blademaster:AwakeningStrike"],"picked":"blademaster:Frontflip","floor":7.0},{"not_picked":["blademaster:Safeguard","blademaster:FuriousStrike"],"picked":"blademaster:BladeCross","floor":11.0},{"not_picked":["blademaster:LeechingStrike","blademaster:CombatPrep"],"picked":"blademaster:TraverseCut","floor":12.0},{"not_picked":["blademaster:AirSlash","blademaster:Quickness","blademaster:AspectOfLightning"],"picked":"SKIP","floor":13.0},{"not_picked":["blademaster:RollingTyphoon","blademaster:StanceMastery"],"picked":"blademaster:ThreePointStrike","floor":16.0},{"not_picked":["blademaster:Slice","blademaster:CombatPrep","Sweeping Beam"],"picked":"blademaster:SlyStabs","floor":18.0},{"not_picked":["blademaster:CombatPrep","Streamline","blademaster:Sunder"],"picked":"Skim","floor":21.0},{"not_picked":["hubris:SpecializedCircuitry","blademaster:Quickness","FIFO Queue"],"picked":"blademaster:AwakeningStrike+1","floor":23.0},{"not_picked":["blademaster:Cut","Sweeping Beam","blademaster:Slice"],"picked":"Machine Learning","floor":27.0},{"not_picked":["blademaster:ThunderingOpener","Barrage","Consume+1"],"picked":"Crystallizer","floor":29.0},{"not_picked":["blademaster:Discharge+1","Cold Snap","blademaster:Frontflip+1"],"picked":"blademaster:StanceMastery","floor":31.0},{"not_picked":["blademaster:HighVoltage+1","Machine Learning","blademaster:EnchantedCuirass"],"picked":"Buffer","floor":33.0},{"not_picked":["Turbo+1","Time Bomb+1","blademaster:AncestralHealing+1"],"picked":"blademaster:Sharpen+1","floor":35.0},{"not_picked":["Hologram+1","blademaster:Frontflip+1","Undo+1","Steam Power+1"],"picked":"SKIP","floor":38.0},{"not_picked":["blademaster:AspectOfLightning+1","Gash","blademaster:Stability"],"picked":"blademaster:Slice+1","floor":39.0},{"not_picked":["Hologram+1","Beam Cell+1","Undo+1"],"picked":"blademaster:EyeOfTheTornado+1","floor":41.0},{"not_picked":["Scrape+1","blademaster:SharpBlades","Darkness+1","blademaster:Hailwind"],"picked":"SKIP","floor":44.0},{"not_picked":["Conserve Battery+1","Gash+1","blademaster:LightningCrash+1"],"picked":"Heatsinks","floor":46.0},{"not_picked":["aspiration:Polymerization+1","blademaster:Frontflip+1","Stack+1","ReplayTheSpireMod:GoodbyeWorld+1"],"picked":"SKIP","floor":47.0},{"not_picked":["blademaster:OneTrickPony","blademaster:AwakeningDefend+1","blademaster:BrainBloom+1"],"picked":"Conserve Battery+1","floor":48.0},{"not_picked":["Ball Lightning+1","blademaster:AspectOfLightning+1","Barrage"],"picked":"Undo+1","floor":54.0}],"player_experience":903084,"relics_obtained":[{"floor":7.0,"key":"Snack Pack"},{"floor":7.0,"key":"blademaster:BleedingMoreDamagePerk"},{"floor":9.0,"key":"Gremlin Food"},{"floor":12.0,"key":"Replay:Multitool"},{"floor":12.0,"key":"blademaster:StanceHealPerk"},{"floor":23.0,"key":"Girya"},{"floor":23.0,"key":"blademaster:ComboEveryTurnPerk"},{"floor":26.0,"key":"Toxic Egg 2"},{"floor":41.0,"key":"Incense Burner"},{"floor":41.0,"key":"blademaster:OnAttackedChargePerk"},{"floor":43.0,"key":"potionbrewer:BottledElixir"},{"floor":44.0,"key":"aspiration:FetidBarrel"},{"floor":44.0,"key":"blademaster:DextrousPerk"},{"floor":54.0,"key":"Mango"},{"floor":54.0,"key":"blademaster:FinisherDrawCardPerk"}],"event_choices":[{"cards_removed":["blademaster:Defend"],"damage_healed":0.0,"max_hp_gain":0.0,"max_hp_loss":0.0,"gold_gain":0.0,"event_name":"The Cleric","player_choice":"Card Removal","floor":5.0,"gold_loss":50.0,"damage_taken":0.0},{"damage_healed":0.0,"max_hp_gain":0.0,"max_hp_loss":0.0,"gold_gain":0.0,"event_name":"Golden Idol","player_choice":"Take Wound","floor":10.0,"gold_loss":0.0,"damage_taken":0.0,"relics_obtained":["Golden Idol"],"cards_obtained":["Injury"]},{"damage_healed":0.0,"max_hp_gain":0.0,"max_hp_loss":0.0,"gold_gain":0.0,"cards_transformed":["blademaster:EyeOfTheTornado"],"event_name":"Transmorgrifier","player_choice":"Transformed","floor":19.0,"gold_loss":0.0,"damage_taken":0.0,"cards_obtained":["blademaster:Stormstrike"]},{"cards_removed":["blademaster:SlyStabs"],"damage_healed":0.0,"max_hp_gain":0.0,"max_hp_loss":0.0,"gold_gain":0.0,"event_name":"Falling","player_choice":"Removed Skill","floor":36.0,"gold_loss":0.0,"damage_taken":0.0},{"damage_healed":0.0,"max_hp_gain":0.0,"max_hp_loss":0.0,"gold_gain":0.0,"event_name":"Accursed Blacksmith","player_choice":"Rummage","floor":45.0,"gold_loss":0.0,"damage_taken":0.0,"relics_obtained":["WarpedTongs"],"cards_obtained":["Pain"]}],"is_beta":false,"boss_relics":[{"not_picked":["aspiration:RunicSpoon","Snecko Eye"],"picked":"aspiration:DefectSkillbook"},{"not_picked":["Pandora\u0027s Box","Philosopher\u0027s Stone"],"picked":"Cursed Key"}],"items_purged_floors":[14],"is_endless":false,"potions_floor_spawned":[2,4,12,16,21,23,27,38,39,44],"ascension_level":2}}