{"host":"vra53s4gynvpqhud","time":1610729209,"event":{"mods":["100% Spire Juice","A Magickal Journey","AchievementEnabler","Aspiration","BaseMod","Better Match","Better Third Choice","BetterRewards","Conspire","Downfall","Energized Spire","Evolution","Friendly Minions","GifTheSpireLib","Hermit","HexUI Lib","Highlight Path","Hubris","Infinite Spire","Jorbs\u0027s Wanderer Trilogy","Luminous","Mad Scientist","Magitek Elite","Minty Spire (QoL Compilation)","Permanent Neow","Poor People Problems","Rare Cards Sparkle","Remove Card Discount Mod","Replay The Spire","Shop Mod","Somnambulant","StSLib","The Cursed","The Dragon Tamer","The Gatherer","The Hierophant","The Jungle","The Necromancer","The Poker Player","The Runesmith","TheArtist","TheBandit","Trackpad","egg"],"gold_per_floor":[113,113,125,135,5,5,37,79,79,79,79],"floor_reached":10,"language":"ENG","playtime":726,"items_purged":["Moonworks:Strike","Moonworks:Strike","Moonworks:Ambush","Moonworks:Defend","Moonworks:CloudOfSeagulls"],"score":68,"play_id":"9cb8e2a3-74a0-44af-aed9-5c3f58577108","local_time":"20210115114649","is_ascension_mode":false,"campfire_choices":[{"data":"Moonworks:EvilSpyWorkPreparation","floor":6,"key":"SMITH"}],"circlet_count":0,"master_deck":["Moonworks:CloudOfSeagulls","Moonworks:Defend","Moonworks:Defend","Moonworks:Defend","Moonworks:LongDistanceShot","Moonworks:EvilSpyWorkPreparation+1","Moonworks:BigBangBell","Moonworks:Dash","Moonworks:Accelerator","Moonworks:DeployBits"],"relics":["Moonworks:BrokenBomb","Moonworks:Homemark","EVO:Axolotl","trackpad:HandOfMidas","Replay:Accelerometer"],"acts_visited":["Exordium"],"potions_floor_usage":[8,10,10],"damage_taken":[{"damage":10,"enemies":"Small Slimes","floor":1,"turns":5},{"damage":0,"enemies":"2 Louse","floor":3,"turns":3},{"damage":13,"enemies":"Jaw Worm","floor":4,"turns":5},{"damage":34,"enemies":"3 Sentries","floor":7,"turns":6},{"damage":0,"enemies":"Looter","floor":8,"turns":1},{"damage":22,"enemies":"Gremlin Nob","floor":10,"turns":3}],"seed_played":"3995953367807655233","potions_obtained":[{"floor":4,"key":"BlessingOfTheForge"},{"floor":7,"key":"Fire Potion"},{"floor":8,"key":"DistilledChaos"}],"is_trial":false,"path_per_floor":["M","?","M","M","$","R","E","M","T","E"],"character_chosen":"THE_STARBREAKER","items_purchased":[],"campfire_rested":0,"item_purchase_floors":[],"current_hp_per_floor":[50,53,53,40,40,40,6,6,6,0,0],"gold":79,"neow_bonus":"THREE_CARDS","is_daily":false,"chose_seed":false,"campfire_upgraded":1,"win_rate":0.0,"timestamp":1610729209,"path_taken":["M","?","M","M","$","R","E","M","T","E"],"items_purchased_type":[],"build_version":"2020-12-22","purchased_purges":5,"victory":false,"max_hp_per_floor":[60,63,63,63,63,63,63,63,63,63,63],"card_choices":[{"not_picked":["Moonworks:SakisCookie","Moonworks:JonathanRush"],"picked":"Moonworks:EvilSpyWorkPreparation","floor":1},{"not_picked":["Moonworks:BigMagnum","Moonworks:SakisCookie"],"picked":"Moonworks:BigBangBell","floor":3},{"not_picked":["Moonworks:BeyondHell","Moonworks:x16BigRocket"],"picked":"Moonworks:Dash","floor":4},{"not_picked":["Moonworks:IndiscriminateFireSupport","Moonworks:AngelHand"],"picked":"Moonworks:Accelerator","floor":7},{"not_picked":["Moonworks:UnpaidWork","Moonworks:ReproductionOfRecords"],"picked":"Moonworks:DeployBits","floor":8}],"player_experience":154294,"relics_obtained":[{"floor":7,"key":"trackpad:HandOfMidas"},{"floor":9,"key":"Replay:Accelerometer"}],"event_choices":[],"is_beta":false,"boss_relics":[],"items_purged_floors":[5,5,5,5,5],"is_endless":false,"potions_floor_spawned":[4,7,8],"killed_by":"Gremlin Nob","ascension_level":0}}