{"host":"s794kqxf2n1qz2yr","time":1610728097,"event":{"mods":["100% Spire Juice","2.2 Compatiblity","AchievementEnabler","Aspiration","Bard","BaseMod","ChefMod","Downfall","Friendly Minions","Hermit","Marisa????????","Minty Spire (QoL Compilation)","Permanent Neow","StSLib","The Animator","The Cursed","TheHeartMod"],"gold_per_floor":[129,157,232,302,302,302,332,357,380,380,410,453,42,62,62,177,177,210,210,210,210,210,210,223,81,81,81,81,115,149,189,189,318,318,332,342,342,376,376,376,457,486,533,533,566,596,8,41,41,41],"floor_reached":51,"language":"ENG","playtime":4481,"items_purged":[],"score":847,"play_id":"8e4cd3ed-4de5-449f-bd98-c6871993154e","local_time":"20210115162817","daily_mods":["SealedDeck"],"is_ascension_mode":false,"campfire_choices":[{"data":"GravityBeat","floor":6,"key":"SMITH"},{"floor":10,"key":"REST"},{"data":"MagicChant","floor":15,"key":"SMITH"},{"floor":23,"key":"REST"},{"floor":32,"key":"REST"},{"data":"GravityBeat","floor":40,"key":"SMITH"},{"data":"PulseMagic","floor":44,"key":"SMITH"},{"data":"Acceleration","floor":49,"key":"SMITH"}],"circlet_count":0,"master_deck":["SporeBomb","AsteroidBelt","MilkyWay","EnergyRecoil","GravityBeat+1","Acceleration","PropBag","PropBag","GravityBeat+1","EnergyRecoil","Singularity","EnergyRecoil","PulseMagic+1","Acceleration","Acceleration+1","Master of Strategy","MagicChant+1","GalacticHalo","GalacticHalo","Orbital","PropBag","Dark Shackles","WitchOfGreed","GalacticHalo+1","bard:Greatness+1","Master of Strategy+1","TheCursedMod:CircleOfCorruption+1","hexamod:GhostOfSpirePast+1","EnergyRecoil+1","PropBag+1","Thinking Ahead+1"],"relics":["MiniHakkero","StrikeDummy","Omamori","PreservedInsect","Potion Belt","Tiny Chest","sneckomod:SneckoTalon","PrismaticShard","Orichalcum","Mummified Hand","Necronomicon","Toxic Egg 2","Red Mask","Philosopher\u0027s Stone","InkBottle","Ancient Tea Set","aspiration:FetidBarrel"],"acts_visited":["Exordium","TheCity","TheBeyond"],"potions_floor_usage":[18,24,30,50,50,50],"damage_taken":[{"damage":8,"enemies":"Cultist","floor":1,"turns":18},{"damage":0,"enemies":"Small Slimes","floor":2,"turns":7},{"damage":16,"enemies":"Jaw Worm","floor":7,"turns":6},{"damage":3,"enemies":"Large Slime","floor":11,"turns":7},{"damage":0,"enemies":"Lagavulin","floor":12,"turns":5},{"damage":0,"enemies":"Exordium Thugs","floor":14,"turns":4},{"damage":0,"enemies":"Hexaghost","floor":16,"turns":4},{"damage":0,"enemies":"Chosen","floor":18,"turns":6},{"damage":0,"enemies":"3 Byrds","floor":24,"turns":3},{"damage":0,"enemies":"Snecko","floor":29,"turns":3},{"damage":17,"enemies":"Masked Bandits","floor":30,"turns":6},{"damage":5,"enemies":"Centurion and Healer","floor":31,"turns":4},{"damage":0,"enemies":"Collector","floor":33,"turns":4},{"damage":0,"enemies":"3 Shapes","floor":35,"turns":2},{"damage":0,"enemies":"Orb Walker","floor":36,"turns":2},{"damage":0,"enemies":"Maw","floor":38,"turns":5},{"damage":0,"enemies":"Jaw Worm Horde","floor":42,"turns":6},{"damage":0,"enemies":"3 Darklings","floor":45,"turns":11},{"damage":0,"enemies":"Writhing Mass","floor":46,"turns":3},{"damage":0,"enemies":"Maw","floor":48,"turns":4},{"damage":40,"enemies":"Time Eater","floor":50,"turns":6}],"seed_played":"3560059495853889060","potions_obtained":[{"floor":7,"key":"StarNLove"},{"floor":7,"key":"AttackPotion"},{"floor":12,"key":"Block Potion"},{"floor":16,"key":"AttackPotion"},{"floor":16,"key":"FearPotion"},{"floor":18,"key":"LiquidMemories"},{"floor":24,"key":"ColorlessPotion"},{"floor":31,"key":"SteroidPotion"},{"floor":33,"key":"Regen Potion"},{"floor":33,"key":"SpeedPotion"},{"floor":48,"key":"CultistPotion"},{"floor":48,"key":"SpeedPotion"}],"is_trial":true,"path_per_floor":["M","M","?","T","?","R","M","T","T","R","M","E","$","M","R","B",null,"M","?","?","?","T","R","M","$","T","?","T","M","?","M","R","B",null,"M","M","?","M","?","R","T","M","T","R","M","M","$","M","R","B",null],"character_chosen":"MARISA","items_purchased":["Acceleration","Master of Strategy","MagicChant","Tiny Chest","Dark Shackles","WitchOfGreed","EnergyRecoil+1","PropBag+1","Thinking Ahead+1","aspiration:FetidBarrel"],"campfire_rested":3,"item_purchase_floors":[13,13,13,13,25,25,47,47,47,47],"current_hp_per_floor":[67,67,56,56,56,56,40,40,40,62,59,59,59,59,59,59,75,75,67,67,53,53,77,77,77,77,61,61,61,44,39,63,63,80,80,80,80,80,80,80,80,80,80,80,80,80,80,80,80,45],"gold":41,"neow_bonus":"","is_daily":false,"chose_seed":false,"campfire_upgraded":5,"win_rate":0.0,"timestamp":1610728097,"path_taken":["M","?","?","?","?","R","?","?","T","R","M","E","$","M","R","BOSS","M","?","?","?","?","R","?","?","T","?","?","M","?","M","R","BOSS","M","M","?","M","?","R","?","?","T","R","M","M","$","M","R","BOSS"],"items_purchased_type":["Card","Card","Card","Relic","Card","Card","Card","Card","Card","Relic"],"build_version":"2020-12-22","purchased_purges":0,"victory":true,"max_hp_per_floor":[75,75,75,75,75,75,75,75,75,75,75,75,75,75,75,75,75,75,75,75,80,80,80,80,80,80,80,80,80,80,80,80,80,80,80,80,80,80,80,80,80,80,80,80,80,80,80,80,80,80],"card_choices":[{"not_picked":["OortCloud","MachineGunSpark"],"picked":"EnergyRecoil","floor":1},{"not_picked":["SporeBomb","LuminesStrike"],"picked":"Singularity","floor":2},{"not_picked":["WitchLeyline","DoubleSpark"],"picked":"EnergyRecoil","floor":7},{"not_picked":["WitchLeyline","BlazeAway"],"picked":"PulseMagic","floor":11},{"not_picked":["BinaryStars","OortCloud"],"picked":"Acceleration","floor":12},{"not_picked":["MeteoricShower","NonDirectionalLaser"],"picked":"GalacticHalo","floor":14},{"not_picked":["GravityBeat","MysteriousBeam+1"],"picked":"GalacticHalo","floor":18},{"not_picked":["EnergyFlow+1","6A+1"],"picked":"Orbital","floor":19},{"not_picked":["BowlingBash","chefmod:QuickChop+1","chefmod:ZaruSoba"],"picked":"SKIP","floor":24},{"not_picked":["champ:TornadoPunch","Moonworks:LulusLuckyEgg+1"],"picked":"GalacticHalo+1","floor":29},{"not_picked":["Guardian:ChargeCore","theHeart:Hypertension","Iron Wave"],"picked":"SKIP","floor":31},{"not_picked":["Slimebound:DivideAndConquer+1","Streamline+1"],"picked":"bard:Greatness+1","floor":35},{"not_picked":["Sweeping Beam+1","Slimebound:Repurpose+1","animator:AcuraAkari+1"],"picked":"SKIP","floor":36},{"not_picked":["expansioncontent:DefensiveMode","Moonworks:SakisCookie+1","EmptyBody+1"],"picked":"SKIP","floor":38},{"not_picked":["theHeart:HyperTrophy","Moonworks:ImOnFire+1"],"picked":"TheCursedMod:CircleOfCorruption+1","floor":42},{"not_picked":["Guardian:TemporalStrike","bard:EnGarde","sneckomod:SoulCleanse+1"],"picked":"SKIP","floor":45},{"not_picked":["Nirvana","Guardian:WalkerClaw"],"picked":"hexamod:GhostOfSpirePast+1","floor":46},{"not_picked":["Poisoned Stab+1","Guardian:PiercingHide+1","animator:SilverFang+1"],"picked":"SKIP","floor":48}],"player_experience":376257,"relics_obtained":[{"floor":4,"key":"StrikeDummy"},{"floor":8,"key":"Omamori"},{"floor":9,"key":"PreservedInsect"},{"floor":12,"key":"Potion Belt"},{"floor":19,"key":"PrismaticShard"},{"floor":22,"key":"Orichalcum"},{"floor":26,"key":"Mummified Hand"},{"floor":27,"key":"Necronomicon"},{"floor":28,"key":"Toxic Egg 2"},{"floor":30,"key":"Red Mask"},{"floor":41,"key":"InkBottle"},{"floor":43,"key":"Ancient Tea Set"}],"event_choices":[{"damage_healed":0,"gold_gain":75,"player_choice":"Gather Gold","damage_taken":11,"max_hp_gain":0,"max_hp_loss":0,"event_name":"World of Goop","floor":3,"gold_loss":0},{"damage_healed":0,"gold_gain":0,"player_choice":"Bought 0 Potions","damage_taken":0,"max_hp_gain":0,"max_hp_loss":0,"event_name":"The Woman in Blue","floor":5,"gold_loss":0},{"damage_healed":0,"gold_gain":0,"player_choice":"Read","damage_taken":0,"max_hp_gain":0,"max_hp_loss":0,"event_name":"The Library","floor":20,"gold_loss":0,"cards_obtained":["PropBag"]},{"damage_healed":0,"gold_gain":0,"player_choice":"Shed Blood","damage_taken":19,"max_hp_gain":5,"max_hp_loss":0,"event_name":"Forgotten Altar","floor":21,"gold_loss":0},{"damage_healed":0,"gold_gain":0,"player_choice":"Obtained Book","damage_taken":16,"max_hp_gain":0,"max_hp_loss":0,"event_name":"Cursed Tome","floor":27,"gold_loss":0},{"damage_healed":0,"gold_gain":0,"player_choice":"Fought Bandits","damage_taken":0,"max_hp_gain":0,"max_hp_loss":0,"event_name":"Masked Bandits","floor":30,"gold_loss":0},{"cards_removed":["WitchOfGreed"],"damage_healed":0,"gold_gain":0,"player_choice":"Removed Power","damage_taken":0,"max_hp_gain":0,"max_hp_loss":0,"event_name":"Falling","floor":37,"gold_loss":0},{"damage_healed":0,"gold_gain":0,"player_choice":"Copied","damage_taken":0,"max_hp_gain":0,"max_hp_loss":0,"event_name":"Duplicator","floor":39,"gold_loss":0,"cards_obtained":["Master of Strategy"]}],"is_beta":false,"boss_relics":[{"not_picked":["Coffee Dripper","Empty Cage"],"picked":"sneckomod:SneckoTalon"},{"not_picked":["Astrolabe","BewitchedHakkero"],"picked":"Philosopher\u0027s Stone"}],"items_purged_floors":[],"is_endless":false,"potions_floor_spawned":[7,12,16,24,29,33,38,48],"ascension_level":0}}