{"host":"ws1rigs6jhqnf67d","time":1610715872,"event":{"mods":["BaseMod","Friendly Minions","KinomotoSakuraMod(ƒæ÷Æ±æ”£)","Kiyohime£®«Âºß£©","Lobotomy","LobotomyExtend","Marisa£®ÏF”Í°°ƒß¿Ì…≥£©","Minty Spire (QoL Compilation)","Remilia£®¿Ÿ√◊¿Ú—«£©","StSLib","The Bug Knight","Youmu£®ªÍ∆«—˝√Œ£©","[IsaacMod]“‘»ˆº‚À˛"],"gold_per_floor":[110,124,124,140,159,184,184,202,252,252,263,292,292,324,324,423,423,434,434,349,360,110,110,110],"floor_reached":23,"language":"ZHS","playtime":584,"items_purged":[],"score":295,"play_id":"5bab3693-1673-44ed-8bb0-71a53e7074ba","local_time":"20210115210431","is_ascension_mode":true,"campfire_choices":[{"floor":7,"key":"REST"},{"data":"Storm","floor":10,"key":"SMITH"},{"data":"Creative AI","floor":15,"key":"SMITH"}],"circlet_count":0,"master_deck":["Strike_B","Strike_B","Strike_B","Strike_B","Defend_B","Defend_B+1","Defend_B","Defend_B","Zap+1","Dualcast","Storm+1","Storm","Rip and Tear","Sunder","Creative AI+1"],"relics":["Cracked Core","HushsDoor","DoctorsRemote","LetterFromLob","Dead Branch","War Paint","Letter Opener","StrikeDummy","Inserter","Potion Belt","AntiCross"],"acts_visited":["Exordium","TheCity"],"potions_floor_usage":[5,14,16,21],"damage_taken":[{"damage":0,"enemies":"2 Louse","floor":1,"turns":1},{"damage":0,"enemies":"Cultist","floor":2,"turns":1},{"damage":4,"enemies":"Small Slimes","floor":4,"turns":3},{"damage":12,"enemies":"Looter","floor":5,"turns":3},{"damage":24,"enemies":"Gremlin Nob","floor":6,"turns":4},{"damage":11,"enemies":"Blue Slaver","floor":8,"turns":4},{"damage":0,"enemies":"Exordium Wildlife","floor":11,"turns":1},{"damage":2,"enemies":"3 Sentries","floor":12,"turns":2},{"damage":12,"enemies":"Gremlin Nob","floor":14,"turns":4},{"damage":16,"enemies":"The Guardian","floor":16,"turns":9},{"damage":17,"enemies":"Chosen","floor":18,"turns":6},{"damage":10,"enemies":"3 Byrds","floor":21,"turns":2},{"damage":41,"enemies":"Slavers","floor":23,"turns":2}],"seed_played":"-5228110038995446441","potions_obtained":[{"floor":0,"key":"EssenceOfSteel"},{"floor":0,"key":"ColorlessPotion"},{"floor":0,"key":"SpeedPotion"},{"floor":11,"key":"CultistPotion"},{"floor":13,"key":"Block Potion"},{"floor":14,"key":"EssenceOfDarkness"},{"floor":18,"key":"PowerPotion"}],"is_trial":false,"path_per_floor":["M","M","?","M","M","E","R","M","T","R","M","E","?","E","R","B",null,"M","?","?","M","$","E"],"character_chosen":"DEFECT","items_purchased":["AntiCross"],"campfire_rested":1,"item_purchase_floors":[22],"current_hp_per_floor":[68,68,68,64,52,28,50,39,39,39,39,37,37,25,25,9,59,42,42,42,32,32,0,0],"gold":110,"neow_bonus":"THREE_SMALL_POTIONS","is_daily":false,"chose_seed":false,"campfire_upgraded":2,"win_rate":0.0,"timestamp":1610715871,"path_taken":["M","M","?","M","?","E","R","M","T","R","M","E","?","E","R","BOSS","M","?","?","M","?","E"],"items_purchased_type":["Relic"],"build_version":"2020-12-22","purchased_purges":0,"victory":false,"max_hp_per_floor":[75,75,75,75,75,75,75,75,75,75,75,75,75,75,75,75,75,75,75,75,75,75,75,75],"card_choices":[{"not_picked":[],"picked":"ChaosCard","floor":0},{"not_picked":["Loop","Conserve Battery"],"picked":"Bomb","floor":0},{"not_picked":["Pulse","Machine Learning"],"picked":"Storm","floor":1},{"not_picked":["Double Energy","Lockon","Steam Power"],"picked":"SKIP","floor":2},{"not_picked":["Barrage","Hologram"],"picked":"Storm","floor":4},{"not_picked":["Conserve Battery","Rebound","Barrage"],"picked":"SKIP","floor":5},{"not_picked":["Conserve Battery","Reprogram"],"picked":"Rip and Tear","floor":6},{"not_picked":["Redo","Hologram","Rip and Tear"],"picked":"SKIP","floor":8},{"not_picked":["Barrage","Coolheaded"],"picked":"Sunder","floor":11},{"not_picked":["Pulse","Consume","Sweeping Beam"],"picked":"SKIP","floor":12},{"not_picked":["Ball Lightning","Heatsinks"],"picked":"Creative AI","floor":14},{"not_picked":["Beam Cell+1","Rebound+1","Stack"],"picked":"SKIP","floor":18},{"not_picked":["Leap+1","Conserve Battery","Steam"],"picked":"SKIP","floor":21}],"player_experience":820802,"relics_obtained":[{"floor":1,"key":"LetterFromLob"},{"floor":6,"key":"Dead Branch"},{"floor":9,"key":"War Paint"},{"floor":12,"key":"Letter Opener"},{"floor":14,"key":"StrikeDummy"}],"event_choices":[{"damage_healed":0,"gold_gain":0,"player_choice":"Got Potions","damage_taken":0,"max_hp_gain":0,"max_hp_loss":0,"event_name":"Lab","floor":13,"gold_loss":0},{"damage_healed":0,"gold_gain":0,"player_choice":"Obtained Relic","damage_taken":0,"relics_obtained":["Potion Belt"],"max_hp_gain":0,"max_hp_loss":0,"event_name":"Addict","floor":20,"gold_loss":85}],"is_beta":false,"boss_relics":[{"not_picked":["FrozenCore","Pandora\u0027s Box"],"picked":"Inserter"},{"not_picked":[]}],"items_purged_floors":[],"is_endless":false,"potions_floor_spawned":[1,4,11,14,18],"killed_by":"Slavers","ascension_level":8}}