{"host":"65jin1tlag1hqw3w","time":1610684820,"event":{"mods":["BaseMod","Colored Map","Downfall","Hermit","Minty Spire (QoL Compilation)","StSLib","The Cursed"],"gold_per_floor":[15,31,50,50,70,102,112,112,160,160,160,160,179,191,191,290,290,305,5,19,39,57,57,17,17,17,17,44,44,44,58,58,58,58],"floor_reached":33,"language":"ENG","playtime":1465,"items_purged":[],"score":440,"play_id":"9afd6db6-278e-47b2-9a86-b00b1f0603bc","local_time":"20210114222700","is_ascension_mode":true,"campfire_choices":[{"data":"Whirlwind","floor":8,"key":"SMITH"},{"floor":12,"key":"REST"},{"data":"Pummel","floor":15,"key":"SMITH"},{"data":"Bludgeon","floor":23,"key":"SMITH"},{"data":"Metallicize","floor":25,"key":"SMITH"},{"floor":32,"key":"REST"}],"circlet_count":0,"master_deck":["Strike_R+1","Strike_R+1","Strike_R+1","Strike_R+1","Strike_R+1","Defend_R+1","Defend_R+1","Defend_R+1","Defend_R+1","Bash","Inflame+1","Whirlwind+1","Disarm","Thunderclap+1","Shrug It Off","Pummel+1","Bludgeon+1","Ghostly Armor","Second Wind+1","Metallicize+1"],"relics":["Burning Blood","Ice Cream","Singing Bowl","Potion Belt","CultistMask","Velvet Choker","Meat on the Bone","White Beast Statue","Smiling Mask"],"acts_visited":["Exordium","TheCity"],"potions_floor_usage":[6,16,16,21,21,28,33,33],"damage_taken":[{"damage":5,"enemies":"2 Louse","floor":1,"turns":3},{"damage":2,"enemies":"Small Slimes","floor":2,"turns":4},{"damage":6,"enemies":"Cultist","floor":3,"turns":3},{"damage":16,"enemies":"Red Slaver","floor":5,"turns":6},{"damage":35,"enemies":"Lagavulin","floor":6,"turns":5},{"damage":14,"enemies":"Gremlin Gang","floor":7,"turns":3},{"damage":12,"enemies":"Large Slime","floor":13,"turns":6},{"damage":11,"enemies":"Looter","floor":14,"turns":2},{"damage":19,"enemies":"Slime Boss","floor":16,"turns":6},{"damage":22,"enemies":"Shell Parasite","floor":18,"turns":3},{"damage":20,"enemies":"2 Thieves","floor":20,"turns":5},{"damage":18,"enemies":"Snake Plant","floor":21,"turns":3},{"damage":37,"enemies":"Centurion and Healer","floor":22,"turns":4},{"damage":16,"enemies":"Book of Stabbing","floor":28,"turns":6},{"damage":18,"enemies":"Snecko","floor":31,"turns":5},{"damage":82,"enemies":"Automaton","floor":33,"turns":10}],"seed_played":"3465393768155644289","potions_obtained":[{"floor":1,"key":"champ:CounterPotion"},{"floor":5,"key":"DistilledChaos"},{"floor":13,"key":"Block Potion"},{"floor":16,"key":"Strength Potion"},{"floor":22,"key":"Strength Potion"},{"floor":28,"key":"SpeedPotion"},{"floor":31,"key":"SkillPotion"}],"is_trial":false,"path_per_floor":["M","M","M","?","M","E","M","R","T","?","?","R","M","M","R","B",null,"M","$","M","M","M","R","$","R","T","?","E","?","$","M","R","B"],"character_chosen":"IRONCLAD","items_purchased":["Meat on the Bone","AttackPotion","Metallicize"],"campfire_rested":2,"item_purchase_floors":[19,19,24],"current_hp_per_floor":[89,93,93,86,76,49,43,43,43,23,23,53,47,42,42,29,82,66,66,66,66,49,49,49,49,49,28,32,32,32,34,67,0,0],"gold":58,"neow_bonus":"TWENTY_PERCENT_HP_BONUS","is_daily":false,"chose_seed":false,"campfire_upgraded":4,"win_rate":0.0,"timestamp":1610684820,"path_taken":["M","M","M","?","M","E","M","R","T","?","?","R","M","M","R","BOSS","M","?","?","M","?","R","$","R","T","?","E","?","?","M","R","BOSS"],"items_purchased_type":["Relic","Potion","Card"],"build_version":"2020-12-22","purchased_purges":0,"victory":false,"max_hp_per_floor":[96,96,96,96,96,98,100,100,100,100,100,100,100,100,100,100,100,100,100,102,102,104,104,104,104,104,109,111,111,111,113,113,113,113],"card_choices":[{"not_picked":["Shockwave","Shrug It Off"],"picked":"Inflame","floor":1},{"not_picked":["Clash","Flex"],"picked":"Whirlwind","floor":2},{"not_picked":["Cleave","Shockwave"],"picked":"Disarm","floor":3},{"not_picked":["Sword Boomerang","Fire Breathing"],"picked":"Thunderclap","floor":5},{"not_picked":["Whirlwind","Brutality","Iron Wave"],"picked":"Singing Bowl","floor":6},{"not_picked":["Body Slam","Heavy Blade","Flex"],"picked":"Singing Bowl","floor":7},{"not_picked":["Heavy Blade","Pommel Strike"],"picked":"Shrug It Off","floor":13},{"not_picked":["Body Slam","Iron Wave"],"picked":"Pummel","floor":14},{"not_picked":["Brutality","Offering"],"picked":"Bludgeon","floor":16},{"not_picked":["Headbutt","Sword Boomerang"],"picked":"Ghostly Armor","floor":18},{"not_picked":["Anger","Iron Wave","Headbutt"],"picked":"Singing Bowl","floor":20},{"not_picked":["Perfected Strike+1","Sever Soul+1"],"picked":"Second Wind+1","floor":21},{"not_picked":["Flex","Thunderclap","Fiend Fire"],"picked":"Singing Bowl","floor":22},{"not_picked":["Dropkick","Hemokinesis","Flex"],"picked":"Singing Bowl","floor":28},{"not_picked":["Thunderclap","Reckless Charge","Carnage"],"picked":"Singing Bowl","floor":31}],"player_experience":326444,"relics_obtained":[{"floor":6,"key":"Singing Bowl"},{"floor":9,"key":"Potion Belt"},{"floor":26,"key":"White Beast Statue"},{"floor":28,"key":"Smiling Mask"}],"event_choices":[{"damage_healed":0,"gold_gain":0,"player_choice":"Success","damage_taken":7,"relics_obtained":["Ice Cream"],"max_hp_gain":0,"max_hp_loss":0,"event_name":"Scrap Ooze","floor":4,"gold_loss":0},{"damage_healed":0,"gold_gain":0,"player_choice":"Entered Light","damage_taken":20,"max_hp_gain":0,"max_hp_loss":0,"event_name":"Shining Light","floor":10,"gold_loss":0,"cards_upgraded":["Thunderclap","Inflame"]},{"damage_healed":0,"gold_gain":0,"player_choice":"Trade","damage_taken":0,"relics_obtained":["CultistMask"],"max_hp_gain":0,"max_hp_loss":0,"event_name":"FaceTrader","floor":11,"gold_loss":0},{"damage_healed":0,"gold_gain":0,"player_choice":"Shed Blood","damage_taken":26,"max_hp_gain":5,"max_hp_loss":0,"event_name":"Forgotten Altar","floor":27,"gold_loss":0},{"damage_healed":0,"gold_gain":0,"player_choice":"Simplicity","damage_taken":0,"max_hp_gain":0,"max_hp_loss":0,"event_name":"Back to Basics","floor":29,"gold_loss":0,"cards_upgraded":["Strike_R","Strike_R","Strike_R","Strike_R","Strike_R","Defend_R","Defend_R","Defend_R","Defend_R"]}],"is_beta":false,"boss_relics":[{"not_picked":["SacredBark","Black Blood"],"picked":"Velvet Choker"}],"items_purged_floors":[],"is_endless":false,"potions_floor_spawned":[1,5,13,16,22,28,31],"killed_by":"Automaton","ascension_level":9}}