{"host":"0c22z74nxhh6l98a","time":1610744684,"event":{"mods":["BaseMod","BetterRewards","Card Forge","GungeonMod","Hubris","Infinite Spire","Minty Spire (QoL Compilation)","Potionbrewer","Shop Mod","StSLib"],"gold_per_floor":[114,114,189,189,253,253,253],"floor_reached":6,"language":"ENG","playtime":288,"items_purged":[],"score":57,"play_id":"4036193a-e8b4-4ab8-b934-e8cddc77fcc1","local_time":"20210115150444","daily_mods":["Shiny","Blue Cards","Elite Swarm"],"is_ascension_mode":false,"campfire_choices":[],"circlet_count":0,"master_deck":["Hyperbeam","Machine Learning","Buffer","Seek","Echo Form","All For One","Reboot","Fission","Core Surge","Multi-Cast","Thunder Strike","hubris:DoWhile","Biased Cognition","Electrodynamics","Rainbow","Meteor Strike","Amplify","hubris:Prefetch","hubris:SpecializedCircuitry","Creative AI","Corpse Explosion","Die Die Die","Adrenaline","Envenom","Doppelganger","Burst","Wraith Form v2","Tools of the Trade","After Image","A Thousand Cuts","Venomology","Malaise","Phantasmal Killer","Night Terror","infinitespire:Neurotoxin","Unload","Bullet Time","Storm of Steel","Glass Knife","Grand Finale","hubris:Sniper"],"relics":["Ring of the Snake","Hammer of Thor","Seething Fire","Anvil of the Gods","hubris:Towel"],"acts_visited":["Exordium"],"potions_floor_usage":[1,6,6],"damage_taken":[{"damage":6,"enemies":"Cultist","floor":1,"turns":3},{"damage":69,"enemies":"Gremlin Nob","floor":6,"turns":4}],"seed_played":"5830580211590973081","potions_obtained":[{"floor":1,"key":"potionbrewer:NoxiousPotion"}],"is_trial":false,"path_per_floor":["M","$","?","?","?","E"],"character_chosen":"THE_SILENT","items_purchased":[],"campfire_rested":0,"item_purchase_floors":[],"current_hp_per_floor":[64,64,53,53,53,0,0],"gold":253,"neow_bonus":"","is_daily":true,"chose_seed":false,"campfire_upgraded":0,"win_rate":0.0,"timestamp":1610744684,"path_taken":["M","$","?","?","?","E"],"items_purchased_type":[],"build_version":"2020-12-22","purchased_purges":0,"victory":false,"max_hp_per_floor":[70,70,70,70,70,70,70],"card_choices":[{"not_picked":["Dodge and Roll","Go for the Eyes"],"picked":"hubris:Sniper","floor":1}],"player_experience":867595,"relics_obtained":[],"event_choices":[{"damage_healed":0,"gold_gain":75,"player_choice":"Gather Gold","damage_taken":11,"max_hp_gain":0,"max_hp_loss":0,"event_name":"World of Goop","floor":3,"gold_loss":0},{"damage_healed":0,"gold_gain":64,"player_choice":"Gained Gold","damage_taken":0,"max_hp_gain":0,"max_hp_loss":0,"event_name":"Golden Wing","floor":5,"gold_loss":0}],"is_beta":false,"boss_relics":[],"items_purged_floors":[],"is_endless":false,"potions_floor_spawned":[1],"killed_by":"Gremlin Nob","ascension_level":0}}