{"host":"lcnwkjlokfwcnxxu","time":1610693284,"event":{"mods":["BaseMod","Colored Map","Downfall","GifTheSpireLib","Hermit","Koishi","Marisa（霧雨　魔理沙）","Minty Spire (QoL Compilation)","Quick Restart","Replay The Spire","StSLib","The Cursed","The Disciple","The Hierophant","The Servant 0.9.4"],"gold_per_floor":[113,126,201,219,0,0,11,11,36,36,53,66,66,66,66,162,162,182,281,127,52,52],"floor_reached":21,"language":"ENG","playtime":754,"items_purged":["Strike_G"],"score":169,"play_id":"ed721ac7-b518-431f-abbd-4b34fec236f0","local_time":"20210114224804","is_ascension_mode":false,"campfire_choices":[{"data":"Dash","floor":6,"key":"SMITH"},{"data":"Neutralize","floor":13,"key":"SMITH"},{"data":"Noxious Fumes","floor":15,"key":"SMITH"}],"circlet_count":0,"master_deck":["Strike_G","Strike_G","Strike_G","Strike_G","Defend_G","Defend_G","Defend_G","Defend_G","Survivor","Neutralize+1","Dagger Spray","Dash+1","Bane","Noxious Fumes+1","Draining Mist","Deflect","ReplayTheSpireMod:Necrosis","Catalyst","Leg Sweep"],"relics":["Ring of the Snake","Oddly Smooth Stone","Omamori","SacredBark"],"acts_visited":["Exordium","TheCity"],"potions_floor_usage":[16],"damage_taken":[{"damage":2,"enemies":"Small Slimes","floor":1,"turns":4},{"damage":3,"enemies":"Jaw Worm","floor":2,"turns":4},{"damage":0,"enemies":"2 Louse","floor":4,"turns":3},{"damage":0,"enemies":"Blue Slaver","floor":7,"turns":5},{"damage":8,"enemies":"Lots of Slimes","floor":11,"turns":3},{"damage":8,"enemies":"Exordium Thugs","floor":12,"turns":4},{"damage":5,"enemies":"The Guardian","floor":16,"turns":12},{"damage":30,"enemies":"Spheric Guardian","floor":18,"turns":6},{"damage":21,"enemies":"2 Thieves","floor":21,"turns":4}],"seed_played":"-4487392241156011002","potions_obtained":[{"floor":2,"key":"LiquidMemories"},{"floor":7,"key":"BlessingOfTheForge"},{"floor":11,"key":"Energy Potion"},{"floor":18,"key":"SkillPotion"}],"is_trial":false,"path_per_floor":["M","M","?","M","$","R","M","?","T","$","M","M","R","?","R","B",null,"M","?","$","M"],"character_chosen":"THE_SILENT","items_purchased":["Noxious Fumes","Oddly Smooth Stone","Leg Sweep"],"campfire_rested":0,"item_purchase_floors":[5,5,20],"current_hp_per_floor":[68,65,54,54,54,54,54,54,54,54,46,38,38,55,55,50,70,40,40,40,19,19],"gold":52,"neow_bonus":"THREE_CARDS","is_daily":false,"chose_seed":false,"campfire_upgraded":3,"win_rate":0.0,"timestamp":1610693284,"path_taken":["M","M","?","M","$","R","M","?","T","?","?","M","R","?","R","BOSS","M","?","$","M"],"items_purchased_type":["Card","Relic","Card"],"build_version":"2020-12-22","purchased_purges":1,"victory":false,"max_hp_per_floor":[70,70,70,70,70,70,70,70,70,70,70,70,70,70,70,70,70,70,70,70,70,70],"card_choices":[{"not_picked":["Underhanded Strike","Quick Slash"],"picked":"Dagger Spray","floor":0},{"not_picked":["Flying Knee","Quick Slash"],"picked":"Dash","floor":1},{"not_picked":["Sneak Up","Endless Agony","Hidden Blade"],"picked":"SKIP","floor":2},{"not_picked":["Sneak Up","Accuracy"],"picked":"Bane","floor":4},{"not_picked":["Terror","Deflect"],"picked":"Draining Mist","floor":7},{"not_picked":["Cloak And Dagger","Flying Knee"],"picked":"Deflect","floor":11},{"not_picked":["ReplayTheSpireMod:The Works","Dagger Spray","Noxious Fumes"],"picked":"SKIP","floor":12},{"not_picked":["Adrenaline","Storm of Steel"],"picked":"ReplayTheSpireMod:Necrosis","floor":16},{"not_picked":["Blade Dance","Prepared"],"picked":"Catalyst","floor":18}],"player_experience":86473,"relics_obtained":[{"floor":9,"key":"Omamori"}],"event_choices":[{"damage_healed":0,"gold_gain":75,"player_choice":"Gather Gold","damage_taken":11,"max_hp_gain":0,"max_hp_loss":0,"event_name":"World of Goop","floor":3,"gold_loss":0},{"damage_healed":17,"gold_gain":0,"player_choice":"Healed and dodged fight","damage_taken":0,"max_hp_gain":0,"max_hp_loss":0,"event_name":"Mushrooms","floor":14,"gold_loss":0,"cards_obtained":["Parasite"]},{"damage_healed":0,"gold_gain":99,"player_choice":"Stole From Cult","damage_taken":0,"max_hp_gain":0,"max_hp_loss":0,"event_name":"Nest","floor":19,"gold_loss":0}],"is_beta":false,"boss_relics":[{"not_picked":["ReplayTheSpireMod:DimensionalGlitch","Honey Jar"],"picked":"SacredBark"}],"items_purged_floors":[20],"is_endless":false,"potions_floor_spawned":[2,7,11,18],"killed_by":"2 Thieves","ascension_level":0}}