{"host":"dm4yvegl9um2tlqd","time":1610719435,"event":{"mods":["2.2 Compatiblity","AchievementEnabler","BaseMod","Colored Map","DeckTracker","Highlight Path","KOR Keyword Fix","Keyboard Shortcuts","Minty Spire (QoL Compilation)","Permanent Neow","Quick Restart","Random Character Button","StSLib","SuperFastMode","everything is the same but u backflip on backflip"],"gold_per_floor":[118,118,128,147,72,72,147,147,173,173,185,38,38,67,67,162,162,181,81,181,181,181,181],"floor_reached":22,"language":"KOR","playtime":487,"items_purged":["Strike_B","Strike_B"],"score":207,"play_id":"bc696284-e312-4a12-a0fe-dcf22f4e6ce2","local_time":"20210115230355","is_ascension_mode":true,"campfire_choices":[{"data":"Defragment","floor":6,"key":"SMITH"},{"floor":8,"key":"REST"},{"data":"Zap","floor":10,"key":"SMITH"},{"floor":15,"key":"REST"}],"circlet_count":0,"master_deck":["Strike_B","Strike_B+1","Defend_B","Defend_B","Defend_B","Defend_B","Zap+1","Dualcast+1","Sweeping Beam","Defragment+1","Ball Lightning","Coolheaded","Seek","White Noise","Echo Form","Steam+1"],"relics":["Cracked Core","Tiny Chest","Ancient Tea Set","Runic Capacitor","HornCleat","Philosopher\u0027s Stone","Matryoshka"],"acts_visited":["Exordium","TheCity"],"potions_floor_usage":[18],"damage_taken":[{"damage":7,"enemies":"Jaw Worm","floor":1,"turns":3},{"damage":0,"enemies":"2 Louse","floor":3,"turns":2},{"damage":10,"enemies":"Small Slimes","floor":4,"turns":2},{"damage":4,"enemies":"Red Slaver","floor":11,"turns":2},{"damage":3,"enemies":"Gremlin Nob","floor":14,"turns":3},{"damage":7,"enemies":"The Guardian","floor":16,"turns":9},{"damage":37,"enemies":"2 Thieves","floor":18,"turns":4},{"damage":38,"enemies":"3 Byrds","floor":22,"turns":3}],"seed_played":"-74143731256557126","potions_obtained":[{"floor":1,"key":"SmokeBomb"},{"floor":4,"key":"ColorlessPotion"},{"floor":16,"key":"Block Potion"},{"floor":18,"key":"DistilledChaos"}],"is_trial":false,"path_per_floor":["M","?","M","M","$","R","?","R","T","R","M","$","?","E","R","B",null,"M","$","?","T","M"],"character_chosen":"DEFECT","items_purchased":["Runic Capacitor"],"campfire_rested":2,"item_purchase_floors":[12],"current_hp_per_floor":[68,43,43,33,33,33,22,44,44,44,40,40,25,22,44,37,75,38,38,38,38,0,0],"gold":181,"neow_bonus":"THREE_CARDS","is_daily":false,"chose_seed":false,"campfire_upgraded":2,"win_rate":0.0,"timestamp":1610719435,"path_taken":["M","?","M","M","$","R","?","R","T","R","M","$","?","E","R","BOSS","M","$","?","?","M"],"items_purchased_type":["Relic"],"build_version":"2020-12-22","purchased_purges":2,"victory":false,"max_hp_per_floor":[75,75,75,75,75,75,75,75,75,75,75,75,75,75,75,75,75,75,75,75,75,75,75],"card_choices":[{"not_picked":["Steam Power","Ball Lightning"],"picked":"Sweeping Beam","floor":0},{"not_picked":["Compile Driver","Scrape"],"picked":"Defragment","floor":1},{"not_picked":["Beam Cell","Hologram"],"picked":"Ball Lightning","floor":3},{"not_picked":["Beam Cell","Fusion"],"picked":"Coolheaded","floor":4},{"not_picked":["Chaos","Stack"],"picked":"Seek","floor":11},{"not_picked":["Blizzard","Lockon"],"picked":"White Noise","floor":14},{"not_picked":["Amplify","Thunder Strike"],"picked":"Echo Form","floor":16},{"not_picked":["BootSequence","Barrage+1"],"picked":"Steam+1","floor":18}],"player_experience":47228,"relics_obtained":[{"floor":9,"key":"Ancient Tea Set"},{"floor":14,"key":"HornCleat"},{"floor":21,"key":"Matryoshka"}],"event_choices":[{"damage_healed":0,"gold_gain":0,"player_choice":"Success","damage_taken":25,"relics_obtained":["Tiny Chest"],"max_hp_gain":0,"max_hp_loss":0,"event_name":"Scrap Ooze","floor":2,"gold_loss":0},{"damage_healed":0,"gold_gain":75,"player_choice":"Gather Gold","damage_taken":11,"max_hp_gain":0,"max_hp_loss":0,"event_name":"World of Goop","floor":7,"gold_loss":0},{"damage_healed":0,"gold_gain":0,"player_choice":"Entered Light","damage_taken":15,"max_hp_gain":0,"max_hp_loss":0,"event_name":"Shining Light","floor":13,"gold_loss":0,"cards_upgraded":["Dualcast","Strike_B"]},{"damage_healed":0,"gold_gain":100,"player_choice":"Pray","damage_taken":0,"max_hp_gain":0,"max_hp_loss":0,"event_name":"Golden Shrine","floor":20,"gold_loss":0}],"is_beta":false,"boss_relics":[{"not_picked":["Ectoplasm","Fusion Hammer"],"picked":"Philosopher\u0027s Stone"}],"items_purged_floors":[5,19],"is_endless":false,"potions_floor_spawned":[1,4,16,18],"killed_by":"3 Byrds","ascension_level":3}}