{"host":"ee2njjf408o9d0kx","time":1610754299,"event":{"mods":["Act Like it!","Arknights The Spire","Bartender","BaseMod","Colored Powertips","Duelist Mod","GifTheSpireLib","Hallownest","Hermit","Melee Mod","Minty Spire (QoL Compilation)","Quick Restart","StSLib","Td1madao Mod","The Animator","The Bug Knight","The Necromancer","The Servant 0.9.4","The Wild Card"],"gold_per_floor":[14,14,32,42,56,56,9,9,9,9,27,27,42,75,75,179,179,193,49,66,76,86,86,113,124,124,135,153,153,153,153],"floor_reached":30,"language":"ENG","playtime":2314,"items_purged":[],"score":256,"play_id":"6644ea71-8965-4de9-96e7-9119460ddab6","local_time":"20210115154459","is_ascension_mode":false,"campfire_choices":[{"data":"HollowMod:ShadowDash","floor":6,"key":"SMITH"},{"data":"HollowMod:MonarchWings","floor":8,"key":"SMITH"},{"data":"HollowMod:FocusHealStart","floor":10,"key":"SMITH"},{"floor":15,"key":"REST"},{"floor":23,"key":"REST"}],"circlet_count":0,"master_deck":["HollowMod:NailStrikeStart","HollowMod:NailStrikeStart","HollowMod:NailStrikeStart","HollowMod:NailStrikeStart","HollowMod:QuickDashStart","HollowMod:QuickDashStart","HollowMod:QuickDashStart","HollowMod:QuickDashStart","HollowMod:FocusHealStart+1","HollowMod:PogoStrike","HollowMod:PureVessel","HollowMod:CycloneSlash","HollowMod:MonarchWings+1","HollowMod:VengefulVoid","HollowMod:ShadowDash+1","HollowMod:VengefulVoid","HollowMod:FastStrike","HollowMod:VengefulVoid","HollowMod:LifebloodCore","HollowMod:ZotesMagnificence","CurseOfTheBell","HollowMod:SharpenedShadows","HollowMod:ShadowDash+1","HollowMod:DesolateDive+1","HollowMod:HeavyBlow+1","HollowMod:DescendingDark","HollowMod:HuntersJournal","HollowMod:BlackTendrils","HollowMod:DoubleDash+1"],"relics":["HollowMod:VesselMask","Lantern","Letter Opener","Calling Bell","HollowMod:KingsBrand","Matryoshka","Choco_Feather","PreservedInsect","Pen Nib","Dream Catcher","Question Card","White Beast Statue"],"acts_visited":["Exordium","TheCity"],"potions_floor_usage":[14,22],"damage_taken":[{"damage":0,"enemies":"Small Slimes","floor":1,"turns":3},{"damage":6,"enemies":"Jaw Worm","floor":3,"turns":3},{"damage":0,"enemies":"Cultist","floor":4,"turns":3},{"damage":8,"enemies":"Exordium Wildlife","floor":5,"turns":4},{"damage":17,"enemies":"2 Fungi Beasts","floor":11,"turns":3},{"damage":12,"enemies":"HollowMod:HuskWarrior","floor":13,"turns":5},{"damage":32,"enemies":"3 Sentries","floor":14,"turns":6},{"damage":55,"enemies":"Slime Boss","floor":16,"turns":14},{"damage":14,"enemies":"2 Thieves","floor":18,"turns":3},{"damage":29,"enemies":"Shell Parasite","floor":20,"turns":6},{"damage":34,"enemies":"Chosen and Byrds","floor":21,"turns":6},{"damage":16,"enemies":"Cultist and Chosen","floor":22,"turns":7},{"damage":31,"enemies":"Slavers","floor":24,"turns":5},{"damage":13,"enemies":"Snecko","floor":25,"turns":5},{"damage":0,"enemies":"3 Cultists","floor":27,"turns":3},{"damage":17,"enemies":"Cultist and Chosen","floor":28,"turns":4},{"damage":24,"enemies":"HollowMod:Nosk","floor":30,"turns":2}],"seed_played":"1475545510016121690","potions_obtained":[{"floor":11,"key":"ColorlessPotion"},{"floor":13,"key":"SpeedPotion"},{"floor":16,"key":"Energy Potion"},{"floor":24,"key":"SteroidPotion"},{"floor":25,"key":"SpeedPotion"},{"floor":28,"key":"Fire Potion"}],"is_trial":false,"path_per_floor":["M","?","M","M","M","R","$","R","T","R","M","$","M","E","R","B",null,"M","$","M","M","M","R","E","M","T","M","M","?","E"],"character_chosen":"THE_BUGKNIGHT","items_purchased":["HollowMod:VengefulVoid","PreservedInsect"],"campfire_rested":2,"item_purchase_floors":[7,19],"current_hp_per_floor":[75,80,74,74,66,66,66,66,66,66,59,59,57,35,59,16,80,66,66,47,23,17,41,20,13,13,13,10,10,0,0],"gold":153,"neow_bonus":"THREE_RARE_CARDS","is_daily":false,"chose_seed":false,"campfire_upgraded":3,"win_rate":0.0,"timestamp":1610754299,"path_taken":["M","?","M","M","M","R","?","R","T","R","M","$","M","E","R","BOSS","M","$","M","M","M","R","E","M","T","M","M","?","E"],"items_purchased_type":["Card","Relic"],"build_version":"2020-12-22","purchased_purges":0,"victory":false,"max_hp_per_floor":[75,80,80,80,80,80,80,80,80,80,80,80,80,80,80,80,80,80,80,80,80,80,80,80,80,80,80,80,80,80,80],"card_choices":[{"not_picked":["HollowMod:theNailsmith","HollowMod:MidwifesHunger"],"picked":"HollowMod:PureVessel","floor":0},{"not_picked":["HollowMod:CornifersMapStart","HollowMod:MawleksShell"],"picked":"HollowMod:CycloneSlash","floor":1},{"not_picked":["HollowMod:DungDefenderAura","HollowMod:GoodIntentions"],"picked":"HollowMod:MonarchWings","floor":3},{"not_picked":["HollowMod:WraithStrike","HollowMod:DreamGate"],"picked":"HollowMod:VengefulVoid","floor":4},{"not_picked":["HollowMod:InfectionAssault","HollowMod:CycloneSlash"],"picked":"HollowMod:ShadowDash","floor":5},{"not_picked":["HollowMod:MonarchWings","HollowMod:SharpenedNail"],"picked":"HollowMod:FastStrike","floor":11},{"not_picked":["HollowMod:SoulStrike","HollowMod:NewJinnsSoul"],"picked":"HollowMod:VengefulVoid","floor":13},{"not_picked":["HollowMod:DreamGate","HollowMod:HowlingWraiths"],"picked":"HollowMod:LifebloodCore","floor":14},{"not_picked":["HollowMod:ElderbugsWisdom","HollowMod:theNailsmith"],"picked":"HollowMod:ZotesMagnificence","floor":16},{"not_picked":["HollowMod:Grubsong","HollowMod:CrystalDash"],"picked":"HollowMod:SharpenedShadows","floor":18},{"not_picked":["HollowMod:HeavyBlow","HollowMod:SharpenedNail+1"],"picked":"HollowMod:ShadowDash+1","floor":20},{"not_picked":["HollowMod:ChannelNail","HollowMod:PureNailStrike+1"],"picked":"HollowMod:DesolateDive+1","floor":21},{"not_picked":["HollowMod:NewJinnsSoul","HollowMod:GreatSlash"],"picked":"HollowMod:HeavyBlow+1","floor":22},{"not_picked":["HollowMod:FastStrike","HollowMod:QuirrelsAssistance"],"picked":"HollowMod:DescendingDark","floor":24},{"not_picked":["HollowMod:InfectionAssault","HollowMod:CloakDash"],"picked":"HollowMod:HuntersJournal","floor":25},{"not_picked":["HollowMod:SoulStrike+1","HollowMod:VoidDash","HollowMod:NewJinnsSoul"],"picked":"HollowMod:BlackTendrils","floor":27},{"not_picked":["HollowMod:LifebloodCocoon","HollowMod:HowlingWraiths","HollowMod:DreamGate"],"picked":"HollowMod:DoubleDash+1","floor":28}],"player_experience":40267,"relics_obtained":[{"floor":9,"key":"Lantern"},{"floor":14,"key":"Letter Opener"},{"floor":17,"key":"HollowMod:KingsBrand"},{"floor":17,"key":"Matryoshka"},{"floor":17,"key":"Choco_Feather"},{"floor":24,"key":"Pen Nib"},{"floor":26,"key":"Dream Catcher"},{"floor":26,"key":"Question Card"}],"event_choices":[{"damage_healed":0,"gold_gain":0,"player_choice":"Donut","damage_taken":0,"max_hp_gain":5,"max_hp_loss":0,"event_name":"Big Fish","floor":2,"gold_loss":0},{"damage_healed":0,"gold_gain":0,"player_choice":"Gave Potion","damage_taken":0,"relics_obtained":["White Beast Statue"],"max_hp_gain":0,"max_hp_loss":0,"event_name":"WeMeetAgain","floor":29,"gold_loss":0}],"is_beta":false,"boss_relics":[{"not_picked":["Runic Pyramid","SlaversCollar"],"picked":"Calling Bell"}],"items_purged_floors":[],"is_endless":false,"potions_floor_spawned":[11,13,16,24,25,28],"killed_by":"HollowMod:Nosk","ascension_level":0}}