{"host":"eu5wvbbtjeiar27l","time":1610744234,"event":{"mods":["Astrologer","BaseMod","Colored Powertips","Conspire","Energized Spire","Hubris","Infinite Spire","Mad Scientist","Melee Mod","Minty Spire (QoL Compilation)","Potionbrewer","Rare Cards Sparkle","StSLib","The Construct","The Factory","The Jungle","The Runesmith","The Valiant","Treasure Hunter","themimic","vexMod"],"gold_per_floor":[109,109,109,109,127,153,153,103,154,154,189,199,52,67,67,172,172,185,185,185,204,217,217,167,167,167],"floor_reached":25,"language":"ENG","playtime":773,"items_purged":["construct:DefenseMode"],"score":234,"play_id":"f0bd98e8-5993-4684-b2e1-e874e23b902d","local_time":"20210115205714","is_ascension_mode":false,"campfire_choices":[{"data":"construct:ShiftStrike","floor":7,"key":"SMITH"},{"data":"construct:AttackMode","floor":10,"key":"SMITH"},{"data":"construct:PointDefense","floor":15,"key":"SMITH"},{"data":"construct:GatlingGun","floor":23,"key":"SMITH"}],"circlet_count":0,"master_deck":["construct:Strike_Gold","construct:Strike_Gold","construct:Strike_Gold","construct:Strike_Gold","construct:Strike_Gold","construct:Defend_Gold","construct:Defend_Gold","construct:Defend_Gold","construct:AttackMode+1","construct:ScopeCore","construct:ShiftStrike+1","construct:GatlingGun+1","construct:Zapper","construct:PointDefense+1","construct:GatlingGun","construct:Boost","RitualDagger","RitualDagger","construct:Boost"],"relics":["construct:Cogwheel","NeowsBlessing","hubris:Icosahedron","Dream Catcher","Smiling Mask","infinitespire:Lucky Rock","potionbrewer:Keyblade","hubris:CrackedHourglass"],"acts_visited":["Exordium","TheCity"],"potions_floor_usage":[16,16],"damage_taken":[{"damage":0,"enemies":"Jaw Worm","floor":1,"turns":1},{"damage":0,"enemies":"2 Louse","floor":5,"turns":1},{"damage":0,"enemies":"Lagavulin","floor":6,"turns":1},{"damage":14,"enemies":"Gremlin Nob","floor":11,"turns":3},{"damage":0,"enemies":"Small Slimes","floor":12,"turns":2},{"damage":9,"enemies":"Looter","floor":14,"turns":3},{"damage":25,"enemies":"The Guardian","floor":16,"turns":5},{"damage":25,"enemies":"2 Thieves","floor":18,"turns":4},{"damage":34,"enemies":"3 Byrds","floor":21,"turns":5},{"damage":9,"enemies":"Centurion and Healer","floor":22,"turns":3},{"damage":13,"enemies":"Book of Stabbing","floor":25,"turns":2}],"seed_played":"-3615055799375426639","potions_obtained":[{"floor":1,"key":"Strength Potion"},{"floor":5,"key":"Explosive Potion"},{"floor":12,"key":"DistilledChaos"},{"floor":16,"key":"Ancient Potion"},{"floor":22,"key":"conspire:TimeTravelPotion"}],"is_trial":false,"path_per_floor":["M","?","$","?","M","E","R","?","T","R","E","M","$","M","R","B",null,"M","?","?","M","M","R","$","E"],"character_chosen":"THE_CONSTRUCT_MOD","items_purchased":["potionbrewer:Keyblade"],"campfire_rested":0,"item_purchase_floors":[13],"current_hp_per_floor":[85,78,78,78,78,78,78,78,78,78,64,64,64,55,55,30,85,60,54,54,20,11,11,11,0,0],"gold":167,"neow_bonus":"THREE_ENEMY_KILL","is_daily":false,"chose_seed":false,"campfire_upgraded":4,"win_rate":0.0,"timestamp":1610744234,"path_taken":["M","?","$","?","M","E","R","?","T","R","E","M","?","M","R","BOSS","M","?","?","?","M","R","$","E"],"items_purchased_type":["Relic"],"build_version":"2020-12-22","purchased_purges":1,"victory":false,"max_hp_per_floor":[85,85,85,85,85,85,85,85,85,85,85,85,85,85,85,85,85,85,85,85,85,85,85,85,85,85],"card_choices":[{"not_picked":["construct:SaveState","construct:Backfire"],"picked":"construct:ScopeCore","floor":1},{"not_picked":["construct:Accumulate","construct:FocusedBeam","construct:HeavyBolt"],"picked":"SKIP","floor":5},{"not_picked":["construct:VentSteam","construct:ClusterMines"],"picked":"construct:ShiftStrike","floor":6},{"not_picked":["TH:ElvenBoots","TH:CursedSword"],"picked":"SKIP","floor":6},{"not_picked":["TH:DeckOfManyThings","TH:EnergyPotion"],"picked":"SKIP","floor":9},{"not_picked":["construct:Disrupt","construct:Backfire"],"picked":"construct:GatlingGun","floor":11},{"not_picked":["TH:CopperCoins","TH:PixieDust"],"picked":"SKIP","floor":11},{"not_picked":["construct:FlameCore","construct:Antimatter"],"picked":"construct:Zapper","floor":12},{"not_picked":["construct:ReactiveShield","construct:SyphonStrike"],"picked":"construct:PointDefense","floor":14},{"not_picked":["construct:ClockworkEgg","construct:HyperBeam"],"picked":"construct:GatlingGun","floor":16},{"not_picked":["construct:Backup","construct:Construct_Overclock"],"picked":"construct:Boost","floor":18},{"not_picked":["construct:Accumulate","construct:FlakBarrage","construct:BatteryAcid+1"],"picked":"SKIP","floor":21},{"not_picked":["construct:Anticipate","construct:HeavyBolt"],"picked":"construct:Boost","floor":22}],"player_experience":190880,"relics_obtained":[{"floor":6,"key":"Dream Catcher"},{"floor":9,"key":"Smiling Mask"},{"floor":11,"key":"infinitespire:Lucky Rock"}],"event_choices":[{"cards_removed":["construct:Defend_Gold"],"damage_healed":0,"gold_gain":0,"player_choice":"Card Removal","damage_taken":7,"max_hp_gain":0,"max_hp_loss":0,"event_name":"Golden Wing","floor":2,"gold_loss":0},{"cards_removed":["construct:Defend_Gold"],"damage_healed":0,"gold_gain":0,"player_choice":"Card Removal","damage_taken":0,"max_hp_gain":0,"max_hp_loss":0,"event_name":"The Cleric","floor":8,"gold_loss":50},{"damage_healed":0,"gold_gain":0,"player_choice":"Joined the Cult","damage_taken":6,"max_hp_gain":0,"max_hp_loss":0,"event_name":"Nest","floor":19,"gold_loss":0,"cards_obtained":["RitualDagger"]},{"damage_healed":0,"gold_gain":0,"player_choice":"Copied","damage_taken":0,"max_hp_gain":0,"max_hp_loss":0,"event_name":"Duplicator","floor":20,"gold_loss":0,"cards_obtained":["RitualDagger"]}],"is_beta":false,"boss_relics":[{"not_picked":["Runic Pyramid","Philosopher\u0027s Stone"],"picked":"hubris:CrackedHourglass"}],"items_purged_floors":[24],"is_endless":false,"potions_floor_spawned":[1,5,12,14,16,22],"killed_by":"Book of Stabbing","ascension_level":0}}