{"host":"q8niu1x2pgv94o1d","time":1610715765,"event":{"mods":["AchievementEnabler","BaseMod","Colored Map","Colored Powertips","Minty Spire (QoL Compilation)","StSLib"],"gold_per_floor":[114,389,404,404,13,13,29,29,100,120,151,215,195,212,212,212,212],"floor_reached":16,"language":"ENG","playtime":741,"items_purged":["Regret"],"score":200,"play_id":"f6bc3235-e37c-4c41-a9f2-0362d67f31f0","local_time":"20210115140245","is_ascension_mode":true,"campfire_choices":[{"data":"Eruption","floor":6,"key":"SMITH"},{"data":"Consecrate","floor":8,"key":"SMITH"},{"data":"LessonLearned","floor":15,"key":"SMITH"}],"circlet_count":0,"master_deck":["AscendersBane","Strike_P","Strike_P","Strike_P","Strike_P","Defend_P","Defend_P","Defend_P","Defend_P","Eruption+1","Vigilance","EmptyMind","Consecrate+1","Wireheading","InnerPeace","Wallop","TalkToTheHand","CutThroughFate","LessonLearned+1"],"relics":["PureWater","Strawberry","Membership Card","Prayer Wheel","Matryoshka","Pear","Blood Vial"],"acts_visited":["Exordium"],"potions_floor_usage":[16],"damage_taken":[{"damage":0.0,"enemies":"Cultist","floor":1.0,"turns":2.0},{"damage":6.0,"enemies":"Jaw Worm","floor":3.0,"turns":4.0},{"damage":0,"enemies":"Small Slimes","floor":7,"turns":2},{"damage":9,"enemies":"2 Fungi Beasts","floor":10,"turns":3},{"damage":11,"enemies":"3 Sentries","floor":11,"turns":5},{"damage":4,"enemies":"3 Sentries","floor":12,"turns":4},{"damage":11,"enemies":"Exordium Thugs","floor":14,"turns":6},{"damage":25,"enemies":"Hexaghost","floor":16,"turns":9}],"seed_played":"-2589709379912742588","potions_obtained":[{"floor":1.0,"key":"FearPotion"},{"floor":7,"key":"Regen Potion"}],"is_trial":false,"path_per_floor":["M","?","M","?","$","R","M","R","T","M","E","?","?","M","R","B"],"character_chosen":"WATCHER","items_purchased":["Membership Card","Prayer Wheel","Wireheading"],"campfire_rested":0,"item_purchase_floors":[5,5,5],"current_hp_per_floor":[68,68,62,62,62,62,62,62,62,53,52,48,48,39,39,16,16],"gold":212,"neow_bonus":"RANDOM_COMMON_RELIC","is_daily":false,"chose_seed":false,"campfire_upgraded":3,"win_rate":0.0,"timestamp":1610715765,"path_taken":["M","?","?","?","$","R","M","R","T","M","E","?","?","?","R","BOSS"],"items_purchased_type":["Relic","Relic","Card"],"build_version":"2020-12-22","purchased_purges":1,"victory":false,"max_hp_per_floor":[75,75,75,75,75,75,75,75,75,75,85,85,85,85,85,85,85],"card_choices":[{"not_picked":["PathToVictory","JustLucky"],"picked":"EmptyMind","floor":1.0},{"not_picked":["ThirdEye","Crescendo"],"picked":"Consecrate","floor":3.0},{"not_picked":["PathToVictory","Collect"],"picked":"InnerPeace","floor":7},{"not_picked":["Devotion","WindmillStrike","Crescendo"],"picked":"SKIP","floor":7},{"not_picked":["Devotion","WindmillStrike","Crescendo"],"picked":"SKIP","floor":7},{"not_picked":["Halt","CrushJoints"],"picked":"Wallop","floor":10},{"not_picked":["Evaluate","BowlingBash","WreathOfFlame"],"picked":"SKIP","floor":10},{"not_picked":["FollowUp","WheelKick"],"picked":"TalkToTheHand","floor":11},{"not_picked":["Vengeance","Consecrate"],"picked":"CutThroughFate","floor":12},{"not_picked":["Evaluate","CrushJoints"],"picked":"LessonLearned","floor":14},{"not_picked":["Worship","BowlingBash","Indignation"],"picked":"SKIP","floor":14}],"player_experience":1803728,"relics_obtained":[{"floor":9,"key":"Matryoshka"},{"floor":11,"key":"Pear"},{"floor":12,"key":"Blood Vial"}],"event_choices":[{"damage_healed":0.0,"max_hp_gain":0.0,"max_hp_loss":0.0,"gold_gain":275.0,"event_name":"Golden Shrine","player_choice":"Desecrate","floor":2.0,"gold_loss":0.0,"damage_taken":0.0,"cards_obtained":["Regret"]},{"damage_healed":0.0,"max_hp_gain":0.0,"max_hp_loss":0.0,"gold_gain":0.0,"event_name":"Liars Game","player_choice":"Ignored","floor":4.0,"gold_loss":0.0,"damage_taken":0.0},{"damage_healed":0,"gold_gain":0,"player_choice":"Searched \u00271\u0027 times","damage_taken":0,"max_hp_gain":0,"max_hp_loss":0,"event_name":"Dead Adventurer","floor":12,"gold_loss":0},{"damage_healed":0,"gold_gain":0,"player_choice":"Bought 1 Potion","damage_taken":0,"max_hp_gain":0,"max_hp_loss":0,"event_name":"The Woman in Blue","floor":13,"gold_loss":0}],"is_beta":false,"boss_relics":[],"items_purged_floors":[5],"is_endless":false,"potions_floor_spawned":[1,7,14],"killed_by":"Hexaghost","ascension_level":20}}