{"host":"vlqejv0notyktumz","time":1610677486,"event":{"mods":["AchievementEnabler","BaseMod","Googly Eyes","Minty Spire (QoL Compilation)"],"gold_per_floor":[109,34,34,50,70,70,85,85,85,114,114,133,160,189,189,289,289,308,308,308],"floor_reached":19,"language":"ENG","playtime":488,"items_purged":[],"score":242,"play_id":"b8e7e624-fc04-4ae5-8c2c-e3155d9380fd","local_time":"20210114202446","is_ascension_mode":true,"campfire_choices":[{"data":"Wallop","floor":6,"key":"SMITH"},{"data":"EmptyFist","floor":8,"key":"SMITH"},{"data":"WaveOfTheHand","floor":11,"key":"SMITH"},{"data":"Halt","floor":15,"key":"SMITH"}],"circlet_count":0,"master_deck":["Strike_P","Strike_P","Strike_P","Strike_P","Defend_P","Defend_P","Defend_P","Defend_P","Eruption","Vigilance","Halt","Tantrum","Wallop+1","SashWhip","EmptyFist+1","WaveOfTheHand+1","FollowUp","Halt+1","ClearTheMind"],"relics":["HolyWater","Pen Nib","Lizard Tail","Pantograph","The Courier","Odd Mushroom"],"acts_visited":["Exordium","TheCity"],"potions_floor_usage":[13,13,14,14,14],"damage_taken":[{"damage":0,"enemies":"2 Louse","floor":1,"turns":1},{"damage":0,"enemies":"Cultist","floor":4,"turns":2},{"damage":0,"enemies":"Jaw Worm","floor":5,"turns":1},{"damage":0,"enemies":"Blue Slaver","floor":7,"turns":2},{"damage":0,"enemies":"Lagavulin","floor":10,"turns":3},{"damage":0,"enemies":"2 Fungi Beasts","floor":12,"turns":4},{"damage":15,"enemies":"3 Sentries","floor":13,"turns":4},{"damage":13,"enemies":"The Mushroom Lair","floor":14,"turns":4},{"damage":42,"enemies":"Hexaghost","floor":16,"turns":9},{"damage":30,"enemies":"2 Thieves","floor":18,"turns":4},{"damage":8,"enemies":"Shell Parasite","floor":19,"turns":5}],"seed_played":"6934687222801335268","potions_obtained":[{"floor":10,"key":"EntropicBrew"},{"floor":12,"key":"Strength Potion"},{"floor":18,"key":"FearPotion"}],"is_trial":false,"path_per_floor":["M","$","?","M","M","R","M","R","T","E","R","M","E","?","R","B",null,"M","M"],"character_chosen":"WATCHER","items_purchased":["Tantrum"],"campfire_rested":0,"item_purchase_floors":[2],"current_hp_per_floor":[72,72,72,72,72,72,72,72,72,72,72,72,57,44,44,27,72,42,34,34],"gold":308,"neow_bonus":"RANDOM_COMMON_RELIC","is_daily":false,"chose_seed":false,"campfire_upgraded":4,"win_rate":0.0,"timestamp":1610677486,"path_taken":["M","$","?","M","?","R","M","R","T","E","R","M","E","?","R","BOSS","M","M"],"items_purchased_type":["Card"],"build_version":"2020-12-22","purchased_purges":0,"victory":false,"max_hp_per_floor":[72,72,72,72,72,72,72,72,72,72,72,72,72,72,72,72,72,72,72,72],"card_choices":[{"not_picked":["FlyingSleeves","SashWhip"],"picked":"Halt","floor":1},{"not_picked":["Conclude","EmptyMind"],"picked":"Wallop","floor":4},{"not_picked":["MentalFortress","FlyingSleeves"],"picked":"SashWhip","floor":5},{"not_picked":["Sanctity","FlyingSleeves"],"picked":"EmptyFist","floor":7},{"not_picked":["Nirvana","TalkToTheHand"],"picked":"WaveOfTheHand","floor":10},{"not_picked":["BowlingBash","Consecrate","Prostrate"],"picked":"SKIP","floor":12},{"not_picked":["CutThroughFate","WreathOfFlame"],"picked":"FollowUp","floor":13},{"not_picked":["ClearTheMind","SashWhip"],"picked":"Halt","floor":14},{"not_picked":["FlurryOfBlows","WheelKick"],"picked":"ClearTheMind","floor":18}],"player_experience":346206,"relics_obtained":[{"floor":9,"key":"Lizard Tail"},{"floor":10,"key":"Pantograph"},{"floor":13,"key":"The Courier"},{"floor":14,"key":"Odd Mushroom"}],"event_choices":[{"damage_healed":0,"gold_gain":0,"player_choice":"Ignored","damage_taken":0,"max_hp_gain":0,"max_hp_loss":0,"event_name":"WeMeetAgain","floor":3,"gold_loss":0},{"damage_healed":0,"gold_gain":0,"player_choice":"Fought Mushrooms","damage_taken":0,"max_hp_gain":0,"max_hp_loss":0,"event_name":"Mushrooms","floor":14,"gold_loss":0}],"is_beta":false,"boss_relics":[{"not_picked":["Fusion Hammer","Tiny House"],"picked":"HolyWater"}],"items_purged_floors":[],"is_endless":false,"potions_floor_spawned":[10,12,13,18],"killed_by":"Shell Parasite","ascension_level":4}}