{"host":"9jj9tzo2iym4bpat","time":1610670828,"event":{"mods":["Act Like it!","BaseMod","CapriCore","Dark Map","Luminous","Marisa????????","Minty Spire (QoL Compilation)","Permanent Neow","StSLib","Td1madao Mod","The Animator","The Immortal","The Marked","The Servant 0.9.4","Yakumo Yukari mod"],"gold_per_floor":[133,153,169,19,19,48,48,61,61,61,236,44,55,68,68,168,168,185,65,65,81,96,96,124,124,124],"floor_reached":25,"language":"ENG","playtime":846,"items_purged":[],"score":234,"play_id":"1eefe36f-02d2-43b7-93a8-0943bc3529fd","local_time":"20210114183348","is_ascension_mode":true,"campfire_choices":[{"floor":10,"key":"REST"},{"floor":15,"key":"REST"},{"floor":23,"key":"REST"}],"circlet_count":0,"master_deck":["AT_purpleEX","Defend_purpleEX","Defend_purpleEX","Defend_purpleEX","Defend_purpleEX","Observe_purple_1","Observe_purple_2","Umbrella_purple","Mirror_FormAndEmptin_purple+1","DimensionStaggered_purple","Umbrella_purple","OmniscientAndOmnipotent_Monster_purple","Doubt","Charmbait_purple","WorldDissolvedintheRealm_purple","Boundary_DynamicStaticEquilibrium_purple","EighthInstrument_OneDividesIntoTwo_purple","WorldDissolvedintheRealm_purple","BarrageBoundary_PipeDream_purple","WingOfChimera_purple+1","Line_surface_state_purple+1","Boundary_LightAndDark_purple+1","Line_surface_state_purple+1","Nest_LightFlightworm_purple","Umbrella_purple","OmniscientAndOmnipotent_Monster_purple+1","AdvanceAttack_purple","Charmbait_purple"],"relics":["Boundary_crack","Memoryfragments_purpleEX","NeowsBlessing","Akabeko","Meat on the Bone","Mummified Hand","Kunai","Astrolabe","Toy Ornithopter"],"acts_visited":["Exordium","TheCity"],"potions_floor_usage":[14,16,24],"damage_taken":[{"damage":0,"enemies":"Cultist","floor":1,"turns":1},{"damage":0,"enemies":"Small Slimes","floor":2,"turns":1},{"damage":0,"enemies":"Jaw Worm","floor":3,"turns":1},{"damage":51,"enemies":"3 Sentries","floor":6,"turns":13},{"damage":9,"enemies":"2 Fungi Beasts","floor":8,"turns":5},{"damage":15,"enemies":"Looter","floor":13,"turns":3},{"damage":8,"enemies":"Gremlin Gang","floor":14,"turns":6},{"damage":45,"enemies":"The Guardian","floor":16,"turns":9},{"damage":21,"enemies":"Chosen","floor":18,"turns":6},{"damage":17,"enemies":"Shell Parasite","floor":21,"turns":5},{"damage":26,"enemies":"Cultist and Chosen","floor":22,"turns":6},{"damage":41,"enemies":"Gremlin Leader","floor":24,"turns":8},{"damage":22,"enemies":"Snecko","floor":25,"turns":3}],"seed_played":"8209699650042779109","potions_obtained":[{"floor":1,"key":"GamblersBrew"},{"floor":2,"key":"Regen Potion"},{"floor":6,"key":"Fire Potion"},{"floor":18,"key":"Explosive Potion"},{"floor":21,"key":"DuplicationPotion"}],"is_trial":false,"path_per_floor":["M","M","M","$","?","E","?","M","T","R","?","$","M","M","R","B",null,"M","$","?","M","M","R","E","M"],"character_chosen":"Youkari","items_purchased":["Akabeko","Charmbait_purple","WorldDissolvedintheRealm_purple","Boundary_DynamicStaticEquilibrium_purple","Nest_LightFlightworm_purple","Umbrella_purple"],"campfire_rested":3,"item_purchase_floors":[4,12,12,12,19,19],"current_hp_per_floor":[70,70,70,70,70,24,12,19,19,40,40,40,39,50,70,41,70,49,49,49,44,30,51,22,0,0],"gold":124,"neow_bonus":"THREE_ENEMY_KILL","is_daily":false,"chose_seed":false,"campfire_upgraded":0,"win_rate":0.0,"timestamp":1610670828,"path_taken":["M","M","?","?","?","E","?","?","T","R","?","$","M","M","R","BOSS","M","$","?","M","M","R","E","M"],"items_purchased_type":["Relic","Card","Card","Card","Card","Card"],"build_version":"2020-12-22","purchased_purges":0,"victory":false,"max_hp_per_floor":[70,70,70,70,70,70,70,70,70,70,70,70,70,70,70,70,70,70,70,70,70,70,70,70,70,70],"card_choices":[{"not_picked":["StretchesForeverDream_purple","Yakumo_Ran_purple"],"picked":"Umbrella_purple","floor":1},{"not_picked":["SharpContractionReality_purple","Charmbait_purple"],"picked":"Mirror_FormAndEmptin_purple","floor":2},{"not_picked":["Yakumo_Ran_purple","OpenedBox_purple"],"picked":"DimensionStaggered_purple","floor":3},{"not_picked":["ExistenceContinue_purple","Monsters_DoubleDeathButterfly_purple"],"picked":"Umbrella_purple","floor":6},{"not_picked":["RuleDissolution_purple","AdvanceAttack_purple"],"picked":"OmniscientAndOmnipotent_Monster_purple","floor":8},{"not_picked":["Worldmountain_purple","OpenedBox_purple"],"picked":"EighthInstrument_OneDividesIntoTwo_purple","floor":13},{"not_picked":["MeetDecomposer_purple","Charmbait_purple"],"picked":"WorldDissolvedintheRealm_purple","floor":14},{"not_picked":["ContainerChange_purple","Mirror_TwoAndThreeElementRealm_purple"],"picked":"BarrageBoundary_PipeDream_purple","floor":16},{"not_picked":["Worldmountain_purple","Bait_Toxicbait_purple"],"picked":"Line_surface_state_purple+1","floor":18},{"not_picked":["WatchEChange_purple","RuptureOfTimeAndSpace_purple"],"picked":"OmniscientAndOmnipotent_Monster_purple+1","floor":21},{"not_picked":["Nest_LightFlightworm_purple","SfantasyHide_purple"],"picked":"AdvanceAttack_purple","floor":22},{"not_picked":["Realm_recovery_purpleEX+1","MeetDecomposer_purple"],"picked":"Charmbait_purple","floor":24}],"player_experience":246594,"relics_obtained":[{"floor":6,"key":"Meat on the Bone"},{"floor":9,"key":"Kunai"},{"floor":24,"key":"Toy Ornithopter"}],"event_choices":[{"damage_healed":0,"gold_gain":0,"player_choice":"Grow","damage_taken":0,"max_hp_gain":0,"max_hp_loss":0,"event_name":"Living Wall","floor":5,"gold_loss":0,"cards_upgraded":["Mirror_FormAndEmptin_purple"]},{"damage_healed":0,"gold_gain":0,"player_choice":"Success","damage_taken":12,"relics_obtained":["Mummified Hand"],"max_hp_gain":0,"max_hp_loss":0,"event_name":"Scrap Ooze","floor":7,"gold_loss":0},{"damage_healed":0,"gold_gain":175,"player_choice":"AGREE","damage_taken":0,"max_hp_gain":0,"max_hp_loss":0,"event_name":"Liars Game","floor":11,"gold_loss":0,"cards_obtained":["Doubt"]},{"damage_healed":0,"gold_gain":0,"player_choice":"Ignored","damage_taken":0,"max_hp_gain":0,"max_hp_loss":0,"event_name":"Ghosts","floor":20,"gold_loss":0}],"is_beta":false,"boss_relics":[{"not_picked":["Pandora\u0027s Box","Runic Dome"],"picked":"Astrolabe"}],"items_purged_floors":[],"is_endless":false,"potions_floor_spawned":[1,2,6,13,18,21],"killed_by":"Snecko","ascension_level":1}}