{"host":"r53pw7z744tg3fxg","time":1610721675,"event":{"mods":["AchievementEnabler","BaseMod","Colored Map","Colored Powertips","Highlight Path","Minty Spire (QoL Compilation)","Quick Restart","Transform Curses"],"gold_per_floor":[15,40,52,69,69,102,79,109,133,133,161,175,30,40,40,111,111,128,128,128,43,143,143,162,162,162,180,212,16,36,64,64,135,135,151,4,16,16,16,16,26,56,82,99,99,130,141,171,171,171],"floor_reached":51,"language":"ENG","playtime":1680,"items_purged":[],"score":1417,"play_id":"73f608e8-4819-4337-985a-8f56307d8c99","local_time":"20210115074115","is_ascension_mode":true,"campfire_choices":[{"floor":10.0,"key":"REST"},{"floor":15.0,"key":"REST"},{"data":"Devotion","floor":23.0,"key":"SMITH"},{"floor":25.0,"key":"REST"},{"floor":32.0,"key":"REST"},{"data":"ForeignInfluence","floor":40.0,"key":"SMITH"},{"floor":45.0,"key":"REST"},{"floor":49,"key":"REST"}],"circlet_count":0,"master_deck":["AscendersBane","Strike_P","Strike_P","Strike_P","Defend_P","Defend_P","Defend_P","Defend_P","Eruption+1","Vigilance","MasterReality","Tantrum","SpiritShield","FollowUp","CarveReality","BattleHymn","BowlingBash","Wallop","Devotion+1","CurseOfTheBell","EmptyFist","Necronomicurse","Prostrate+1","ReachHeaven","ForeignInfluence+1","Pray","WindmillStrike","ThirdEye+1","Halt","Scrawl"],"relics":["PureWater","Anchor","Regal Pillow","Art of War","Nunchaku","StrikeDummy","Lantern","Calling Bell","Damaru","Ornamental Fan","Du-Vu Doll","Necronomicon","Juzu Bracelet","Meat on the Bone","Bag of Marbles","Membership Card","Pen Nib","Busted Crown","Happy Flower","Boot","Bird Faced Urn","Centennial Puzzle","Letter Opener","Unceasing Top"],"acts_visited":["Exordium","TheCity","TheBeyond"],"potions_floor_usage":[50],"damage_taken":[{"damage":2.0,"enemies":"Cultist","floor":1.0,"turns":3.0},{"damage":3.0,"enemies":"Small Slimes","floor":3.0,"turns":5.0},{"damage":0.0,"enemies":"Jaw Worm","floor":4.0,"turns":4.0},{"damage":10.0,"enemies":"Lagavulin","floor":6.0,"turns":5.0},{"damage":28.0,"enemies":"3 Sentries","floor":8.0,"turns":6.0},{"damage":12.0,"enemies":"Lagavulin","floor":11.0,"turns":4.0},{"damage":0.0,"enemies":"Blue Slaver","floor":12.0,"turns":3.0},{"damage":0.0,"enemies":"Exordium Wildlife","floor":14.0,"turns":1.0},{"damage":63.0,"enemies":"Hexaghost","floor":16.0,"turns":6.0},{"damage":10.0,"enemies":"2 Thieves","floor":18.0,"turns":4.0},{"damage":16.0,"enemies":"Spheric Guardian","floor":24.0,"turns":4.0},{"damage":0.0,"enemies":"Centurion and Healer","floor":27.0,"turns":3.0},{"damage":10.0,"enemies":"Book of Stabbing","floor":28.0,"turns":4.0},{"damage":0.0,"enemies":"Snecko","floor":30.0,"turns":1.0},{"damage":21.0,"enemies":"Gremlin Leader","floor":31.0,"turns":4.0},{"damage":11.0,"enemies":"Automaton","floor":33.0,"turns":5.0},{"damage":0.0,"enemies":"Orb Walker","floor":35.0,"turns":3.0},{"damage":0.0,"enemies":"3 Shapes","floor":37.0,"turns":2.0},{"damage":0.0,"enemies":"Transient","floor":41.0,"turns":5.0},{"damage":43.0,"enemies":"Nemesis","floor":42.0,"turns":5.0},{"damage":10.0,"enemies":"Maw","floor":44.0,"turns":4.0},{"damage":31.0,"enemies":"Giant Head","floor":46.0,"turns":6.0},{"damage":12,"enemies":"Sphere and 2 Shapes","floor":47,"turns":3},{"damage":30,"enemies":"Nemesis","floor":48,"turns":5},{"damage":55,"enemies":"Time Eater","floor":50,"turns":5}],"seed_played":"5154789032940352011","potions_obtained":[{"floor":1.0,"key":"Block Potion"},{"floor":6.0,"key":"Energy Potion"},{"floor":8.0,"key":"SneckoOil"},{"floor":11.0,"key":"DuplicationPotion"},{"floor":16.0,"key":"Strength Potion"},{"floor":18.0,"key":"Weak Potion"},{"floor":28.0,"key":"AttackPotion"},{"floor":33.0,"key":"Ancient Potion"},{"floor":39.0,"key":"Regen Potion"},{"floor":47,"key":"StancePotion"}],"is_trial":false,"path_per_floor":["M","T","M","M","?","E","$","E","T","R","E","M","$","M","R","B",null,"M","?","?","?","?","R","M","R","T","M","E","$","M","E","R","B",null,"M","$","M","?","?","R","M","E","T","M","R","E","M","E","R","B",null],"character_chosen":"WATCHER","items_purchased":["FollowUp","Lantern","Membership Card","ForeignInfluence","Happy Flower","Boot"],"campfire_rested":6,"item_purchase_floors":[7,13,29,29,36,36],"current_hp_per_floor":[63,63,60,60,60,50,50,22,22,58,46,46,46,46,72,9,56,46,30,54,54,54,54,38,72,72,72,62,62,62,41,72,61,69,69,69,69,69,69,69,69,38,38,46,72,41,45,33,69,31],"gold":171,"neow_bonus":"THREE_RARE_CARDS","is_daily":false,"chose_seed":false,"campfire_upgraded":2,"win_rate":0.0,"timestamp":1610721675,"path_taken":["M","?","M","M","?","E","$","E","T","R","E","M","?","M","R","BOSS","M","?","?","?","?","R","M","R","T","M","E","$","M","E","R","BOSS","M","$","M","?","?","R","M","E","T","M","R","E","M","E","R","BOSS"],"items_purchased_type":["Card","Relic","Relic","Card","Relic","Relic"],"build_version":"2020-12-22","purchased_purges":0,"victory":true,"max_hp_per_floor":[72,72,72,72,72,72,72,72,72,72,72,72,72,72,72,72,72,72,72,72,72,72,72,72,72,72,72,72,72,72,72,72,72,72,72,72,72,72,72,72,72,72,72,72,72,72,72,72,72,72],"card_choices":[{"not_picked":["Alpha","Vault"],"picked":"MasterReality","floor":0.0},{"not_picked":["TalkToTheHand","FlyingSleeves"],"picked":"Tantrum","floor":1.0},{"not_picked":["Perseverance","EmptyFist","Protect"],"picked":"SKIP","floor":3.0},{"not_picked":["Worship","Study","Crescendo"],"picked":"SKIP","floor":4.0},{"not_picked":["Fasting2","WaveOfTheHand"],"picked":"SpiritShield","floor":6.0},{"not_picked":["SignatureMove","Tantrum"],"picked":"CarveReality","floor":8.0},{"not_picked":["Indignation","EmptyFist"],"picked":"BattleHymn","floor":11.0},{"not_picked":["CarveReality","Crescendo"],"picked":"BowlingBash","floor":12.0},{"not_picked":["Prostrate","Protect"],"picked":"Wallop","floor":14.0},{"not_picked":["Scrawl","Wish"],"picked":"Devotion","floor":16.0},{"not_picked":["FollowUp","SashWhip"],"picked":"EmptyFist","floor":18.0},{"not_picked":["JustLucky","BattleHymn"],"picked":"Prostrate+1","floor":24.0},{"not_picked":["FollowUp","Halt","Indignation"],"picked":"SKIP","floor":27.0},{"not_picked":["FlurryOfBlows","FearNoEvil"],"picked":"ReachHeaven","floor":28.0},{"not_picked":["Perseverance","Crescendo","CarveReality"],"picked":"SKIP","floor":30.0},{"not_picked":["MasterReality","FollowUp+1"],"picked":"Pray","floor":31.0},{"not_picked":[],"picked":"WindmillStrike","floor":35.0},{"not_picked":["EmptyFist+1"],"picked":"SKIP","floor":37.0},{"not_picked":["Prostrate"],"picked":"SKIP","floor":41.0},{"not_picked":[],"picked":"ThirdEye+1","floor":42.0},{"not_picked":["CrushJoints"],"picked":"SKIP","floor":44.0},{"not_picked":["ConjureBlade"],"picked":"SKIP","floor":46.0},{"not_picked":[],"picked":"Halt","floor":47},{"not_picked":[],"picked":"Scrawl","floor":48}],"player_experience":1263970,"relics_obtained":[{"floor":2.0,"key":"Anchor"},{"floor":6.0,"key":"Regal Pillow"},{"floor":8.0,"key":"Art of War"},{"floor":9.0,"key":"Nunchaku"},{"floor":11.0,"key":"StrikeDummy"},{"floor":17.0,"key":"Damaru"},{"floor":17.0,"key":"Ornamental Fan"},{"floor":17.0,"key":"Du-Vu Doll"},{"floor":19.0,"key":"Necronomicon"},{"floor":26.0,"key":"Meat on the Bone"},{"floor":28.0,"key":"Bag of Marbles"},{"floor":31.0,"key":"Pen Nib"},{"floor":42.0,"key":"Bird Faced Urn"},{"floor":43.0,"key":"Centennial Puzzle"},{"floor":46.0,"key":"Letter Opener"},{"floor":48,"key":"Unceasing Top"}],"event_choices":[{"damage_healed":0.0,"max_hp_gain":0.0,"max_hp_loss":0.0,"gold_gain":0.0,"event_name":"Living Wall","player_choice":"Grow","floor":5.0,"gold_loss":0.0,"damage_taken":0.0,"cards_upgraded":["Eruption"]},{"damage_healed":0.0,"max_hp_gain":0.0,"max_hp_loss":0.0,"gold_gain":0.0,"event_name":"Cursed Tome","player_choice":"Obtained Book","floor":19.0,"gold_loss":0.0,"damage_taken":16.0},{"damage_healed":24.0,"max_hp_gain":0.0,"max_hp_loss":0.0,"gold_gain":0.0,"event_name":"The Library","player_choice":"Heal","floor":20.0,"gold_loss":0.0,"damage_taken":0.0},{"damage_healed":0.0,"max_hp_gain":0.0,"max_hp_loss":0.0,"gold_gain":0.0,"event_name":"Addict","player_choice":"Obtained Relic","floor":21.0,"gold_loss":85.0,"damage_taken":0.0,"relics_obtained":["Juzu Bracelet"]},{"damage_healed":0.0,"max_hp_gain":0.0,"max_hp_loss":0.0,"gold_gain":100.0,"event_name":"Golden Shrine","player_choice":"Pray","floor":22.0,"gold_loss":0.0,"damage_taken":0.0},{"cards_removed":["Strike_P"],"damage_healed":0.0,"max_hp_gain":0.0,"max_hp_loss":0.0,"gold_gain":0.0,"event_name":"Falling","player_choice":"Removed Attack","floor":38.0,"gold_loss":0.0,"damage_taken":0.0},{"damage_healed":0.0,"max_hp_gain":0.0,"max_hp_loss":0.0,"gold_gain":0.0,"event_name":"Lab","player_choice":"Got Potions","floor":39.0,"gold_loss":0.0,"damage_taken":0.0}],"is_beta":false,"boss_relics":[{"not_picked":["Astrolabe","Velvet Choker"],"picked":"Calling Bell"},{"not_picked":["Snecko Eye","SacredBark"],"picked":"Busted Crown"}],"items_purged_floors":[],"is_endless":false,"potions_floor_spawned":[1,6,8,11,16,18,24,28,33,41,42,47],"ascension_level":13}}