{"host":"10b2ljh1rg6srmxa","time":1610739584,"event":{"mods":["AchievementEnabler","BaseMod","Colored Powertips","Conspire","Downfall","Googly Eyes","Hubris","Infinite Spire","Minty Spire (QoL Compilation)","Replay The Spire","StSLib"],"gold_per_floor":[118,118,118,129,129,129,164,164,164,193,99,115,132,142,142,239,239,249,274,45,95,95,121,121,140,165,165,165,193,207,227,227,329,329,342,355,355,355,365,365,398,398,398,398,298,317,61,74,74,74],"floor_reached":51,"language":"ENG","playtime":3522,"items_purged":["Strike_G","hubris:Gluttony","Looming Evil"],"score":815,"play_id":"70a09d65-59f1-4e86-9f78-eca5ea63dd03","local_time":"20210115203944","is_ascension_mode":true,"campfire_choices":[{"data":"hubris:Fate","floor":6,"key":"SMITH"},{"data":"Blade Dance","floor":8,"key":"SMITH"},{"data":"Fluid Movement","floor":15,"key":"SMITH"},{"data":"Noxious Fumes","floor":24,"key":"SMITH"},{"data":"infinitespire:Neurotoxin","floor":28,"key":"SMITH"},{"data":"Tools of the Trade","floor":32,"key":"SMITH"},{"data":"Venomology","floor":40,"key":"SMITH"},{"floor":42,"key":"REST"},{"data":"Neutralize","floor":44,"key":"SMITH"},{"data":"hubris:EnhanceAbility","floor":49,"key":"SMITH"}],"circlet_count":0,"master_deck":["Strike_G","Strike_G","Strike_G","Strike_G","Defend_G","Defend_G","Defend_G","Defend_G","Survivor","Neutralize+1","champ:Execute","Poisoned Strike","Blade Dance+1","hubris:Fate+1","Dash+1","infinitespire:Neurotoxin+1","Fluid Movement+1","Noxious Fumes+1","Venomology+1","Terror+1","Toxin Wave","Languid","Tools of the Trade+1","hubris:Sniper","Backflip+1","conspire:DoublingDagger+1","Underhanded Strike+1","Footwork+1","hubris:EnhanceAbility+1","conspire:Banana"],"relics":["Ring of the Snake","MealTicket","infinitespire:WardingShard","Meat on the Bone","infinitespire:CheckeredPen","infinitespire:Cupcake","Red Mask","Pen Nib","Ring of Greed","Blue Doll","Replay:Wax Seal","infinitespire:CursedDice","hubris:PeanutButter","hubris:ScarierMask","Replay:Rubber Ducky","CaptainsWheel","ReplayTheSpireMod:ShopPack"],"acts_visited":["Exordium","TheCity","TheBeyond"],"potions_floor_usage":[7,19,23,23,25,29,30,31,33,33,33,33,37,39,41,50,50,50,50],"damage_taken":[{"damage":7,"enemies":"2 Louse","floor":1,"turns":3},{"damage":0,"enemies":"Jaw Worm","floor":4,"turns":2},{"damage":0,"enemies":"Replay:BlueRogue","floor":7,"turns":5},{"damage":0,"enemies":"Lagavulin","floor":10,"turns":1},{"damage":0,"enemies":"Cultist","floor":12,"turns":2},{"damage":9,"enemies":"Blue Slaver","floor":13,"turns":3},{"damage":0,"enemies":"Large Slime","floor":14,"turns":2},{"damage":0,"enemies":"The Guardian","floor":16,"turns":3},{"damage":5,"enemies":"2 Thieves","floor":18,"turns":3},{"damage":24,"enemies":"Masked Bandits","floor":19,"turns":5},{"damage":5,"enemies":"Gremlin Leader","floor":23,"turns":6},{"damage":5,"enemies":"3 Byrds","floor":25,"turns":3},{"damage":12,"enemies":"Slavers","floor":29,"turns":6},{"damage":0,"enemies":"Shelled Parasite and Fungi","floor":30,"turns":2},{"damage":10,"enemies":"Snake Plant","floor":31,"turns":3},{"damage":51,"enemies":"conspire:MysteriousRune","floor":33,"turns":5},{"damage":5,"enemies":"3 Darklings","floor":35,"turns":4},{"damage":0,"enemies":"3 Shapes","floor":36,"turns":2},{"damage":43,"enemies":"Transient","floor":37,"turns":5},{"damage":0,"enemies":"Sphere and 2 Shapes","floor":39,"turns":4},{"damage":25,"enemies":"R_Hoarder","floor":41,"turns":7},{"damage":0,"enemies":"Spire Growth","floor":46,"turns":3},{"damage":0,"enemies":"4 Shapes","floor":48,"turns":3},{"damage":51,"enemies":"Time Eater","floor":50,"turns":10}],"seed_played":"5291001756436543865","potions_obtained":[{"floor":1,"key":"Toxic Potion"},{"floor":10,"key":"Adrenaline Potion"},{"floor":14,"key":"SkillPotion"},{"floor":16,"key":"Guardian:BlockOnCardUsePotion"},{"floor":19,"key":"LiquidBronze"},{"floor":23,"key":"Slimebound:ThreeZeroPotion"},{"floor":41,"key":"ColorlessPotion"}],"is_trial":false,"path_per_floor":["M","?","?","M","?","R","E","R","T","E","?","M","M","M","R","B",null,"M","?","$","?","$","E","R","M","T","?","R","E","M","M","R","B",null,"M","M","M","?","M","R","E","R","T","R","$","M","$","M","R","B",null],"character_chosen":"THE_SILENT","items_purchased":["Pen Nib","ReplayTheSpireMod:ShopPack"],"campfire_rested":1,"item_purchase_floors":[20,47],"current_hp_per_floor":[68,51,51,51,51,51,51,51,51,51,51,51,42,42,42,42,70,70,46,61,61,70,70,70,70,70,70,70,58,58,53,53,14,70,65,65,39,39,39,39,32,53,53,53,68,71,71,72,72,39],"gold":74,"neow_bonus":"RANDOM_COLORLESS_2","is_daily":false,"chose_seed":false,"campfire_upgraded":9,"win_rate":0.0,"timestamp":1610739584,"path_taken":["M","?","?","M","?","R","E","R","T","E","?","M","M","?","R","BOSS","M","?","$","?","$","E","R","M","T","?","R","E","M","?","R","BOSS","M","M","M","?","M","R","E","R","T","R","$","M","$","M","R","BOSS"],"items_purchased_type":["Relic","Relic"],"build_version":"2020-12-22","purchased_purges":3,"victory":true,"max_hp_per_floor":[70,70,70,70,70,70,70,70,70,70,70,70,70,70,70,70,70,70,70,70,70,70,70,70,70,70,70,70,70,70,70,70,70,70,70,70,70,70,70,70,71,71,71,71,71,71,71,72,72,73],"card_choices":[{"not_picked":["Transmutation","hubris:EnhanceAbility"],"picked":"Poisoned Strike","floor":0},{"not_picked":["Flechettes","Dodge and Roll"],"picked":"Blade Dance","floor":1},{"not_picked":["ReplayTheSpireMod:Haul","infinitespire:Oblivion"],"picked":"hubris:Fate","floor":2},{"not_picked":["Blade Dance","Bane"],"picked":"Dash","floor":4},{"not_picked":["Concentrate","ReplayTheSpireMod:Exploit Weakness","Dagger Spray"],"picked":"SKIP","floor":7},{"not_picked":["Predator","Cloak And Dagger"],"picked":"infinitespire:Neurotoxin","floor":10},{"not_picked":["Flying Knee","Underhanded Strike"],"picked":"Fluid Movement","floor":12},{"not_picked":["Dagger Spray","Concentrate","Well Laid Plans"],"picked":"SKIP","floor":13},{"not_picked":["Setup","Prepared"],"picked":"Noxious Fumes","floor":14},{"not_picked":["Bullet Time","Malaise"],"picked":"Venomology","floor":16},{"not_picked":["Dodge and Roll","Dagger Throw+1"],"picked":"Terror+1","floor":18},{"not_picked":["Flying Knee","hubris:Counter"],"picked":"Toxin Wave","floor":19},{"not_picked":["ReplayTheSpireMod:Tripwire","Dodge and Roll","Quick Slash"],"picked":"SKIP","floor":23},{"not_picked":["Acrobatics","Underhanded Strike"],"picked":"Tools of the Trade","floor":25},{"not_picked":["Envenom","Dagger Spray","Slice+1"],"picked":"SKIP","floor":29},{"not_picked":["Endless Agony","ReplayTheSpireMod:Exploit Weakness","Dagger Spray"],"picked":"SKIP","floor":30},{"not_picked":["Hidden Blade+1","Flechettes"],"picked":"hubris:Sniper","floor":31},{"not_picked":["Flying Knee","Masterful Stab+1"],"picked":"Backflip+1","floor":35},{"not_picked":["Dodge and Roll","hubris:SlightOfHand+1"],"picked":"conspire:DoublingDagger+1","floor":36},{"not_picked":["ReplayTheSpireMod:Exploit Weakness+1","Finisher+1","All Out Attack+1"],"picked":"SKIP","floor":37},{"not_picked":["Poisoned Stab","Dagger Throw+1","Sucker Punch"],"picked":"SKIP","floor":39},{"not_picked":["Cloak And Dagger","Backflip+1"],"picked":"Underhanded Strike+1","floor":41},{"not_picked":["Flying Knee","Concentrate+1"],"picked":"Footwork+1","floor":46},{"not_picked":["Sadistic Nature","expansioncontent:Corrupt"],"picked":"hubris:EnhanceAbility","floor":47},{"not_picked":["ReplayUltimateDefense","Chrysalis"],"picked":"conspire:Banana","floor":47},{"not_picked":["Expertise","Sneak Up","Well Laid Plans"],"picked":"SKIP","floor":48}],"player_experience":343548,"relics_obtained":[{"floor":7,"key":"MealTicket"},{"floor":9,"key":"infinitespire:WardingShard"},{"floor":10,"key":"Meat on the Bone"},{"floor":19,"key":"Red Mask"},{"floor":21,"key":"Ring of Greed"},{"floor":21,"key":"Blue Doll"},{"floor":21,"key":"Replay:Wax Seal"},{"floor":23,"key":"infinitespire:CursedDice"},{"floor":29,"key":"hubris:PeanutButter"},{"floor":41,"key":"Replay:Rubber Ducky"},{"floor":43,"key":"CaptainsWheel"}],"event_choices":[{"damage_healed":0,"gold_gain":0,"player_choice":"Grow","damage_taken":0,"max_hp_gain":0,"max_hp_loss":0,"event_name":"Living Wall","floor":5,"gold_loss":0,"cards_upgraded":["Dash"]},{"damage_healed":0,"gold_gain":0,"player_choice":"Paid Gold","damage_taken":0,"relics_obtained":["infinitespire:CheckeredPen"],"max_hp_gain":0,"max_hp_loss":0,"event_name":"WeMeetAgain","floor":11,"gold_loss":94},{"damage_healed":0,"gold_gain":0,"player_choice":"Fought Bandits","damage_taken":0,"max_hp_gain":0,"max_hp_loss":0,"event_name":"Masked Bandits","floor":19,"gold_loss":0},{"damage_healed":0,"gold_gain":0,"player_choice":"Ignored","damage_taken":0,"max_hp_gain":0,"max_hp_loss":0,"event_name":"Vampires","floor":27,"gold_loss":0},{"cards_removed":["Defend_G"],"damage_healed":0,"gold_gain":0,"player_choice":"Removed Skill","damage_taken":0,"max_hp_gain":0,"max_hp_loss":0,"event_name":"Falling","floor":38,"gold_loss":0}],"is_beta":false,"boss_relics":[{"not_picked":["Replay:Bronze Core","Busted Crown"],"picked":"infinitespire:Cupcake"},{"not_picked":["Replay:Ancient Bell","Snecko Scales"],"picked":"hubris:ScarierMask"}],"items_purged_floors":[20,45,47],"is_endless":false,"potions_floor_spawned":[1,10,14,16,19,23,30,31,41,48],"ascension_level":3}}