{"host":"Rowan","time":1610754765,"event":{"mods":["BaseMod","Minty Spire (QoL Compilation)"],"gold_per_floor":[114,289,300,300,300,300,311,322,367,401,401,419,437,451,451,554,554,572,591,610,610,525,525,525,525,549,549,165,185,185,198,198,293,293,312,323,323,64,64,83,183,202,202,53,53,53,68,82,82,82,82],"floor_reached":50,"language":"ENG","playtime":4286,"items_purged":[],"score":446,"play_id":"36009da9-f21e-4c90-8d98-e736e0e13d09","local_time":"20210115155245","is_ascension_mode":false,"campfire_choices":[{"floor":6,"key":"RECALL"},{"data":"Bullet Time","floor":11,"key":"SMITH"},{"floor":15,"key":"REST"},{"data":"Distraction","floor":23,"key":"SMITH"},{"data":"Outmaneuver","floor":25,"key":"SMITH"},{"data":"Neutralize","floor":27,"key":"SMITH"},{"data":"Adrenaline","floor":32,"key":"SMITH"},{"data":"Acrobatics","floor":45,"key":"SMITH"},{"data":"Acrobatics","floor":49,"key":"SMITH"}],"circlet_count":0,"master_deck":["Strike_G+1","Strike_G+1","Strike_G+1","Strike_G+1","Strike_G+1","Defend_G+1","Defend_G+1","Defend_G+1","Defend_G+1","Defend_G+1","Survivor","Neutralize+1","Sucker Punch+1","Bouncing Flask","All Out Attack","Heel Hook","Bullet Time+1","Cloak And Dagger","Bane","Outmaneuver+1","Dodge and Roll+1","Distraction+1","Adrenaline+1","Noxious Fumes","Deadly Poison","Noxious Fumes","Acrobatics+1","After Image+1","Acrobatics+1","Bouncing Flask+1","Backflip+1","Caltrops+1"],"relics":["Ring of the Serpent","NeowsBlessing","Vajra","Lantern","Eternal Feather","PreservedInsect","Snake Skull","Sozu","Bottled Tornado","Du-Vu Doll","Bronze Scales"],"acts_visited":["Exordium","TheCity","TheBeyond"],"potions_floor_usage":[10,16,19,19,29,29,50],"damage_taken":[{"damage":0,"enemies":"Small Slimes","floor":1,"turns":1},{"damage":0,"enemies":"2 Louse","floor":3,"turns":1},{"damage":0,"enemies":"Jaw Worm","floor":7,"turns":1},{"damage":17,"enemies":"Large Slime","floor":8,"turns":7},{"damage":14,"enemies":"Gremlin Nob","floor":10,"turns":4},{"damage":0,"enemies":"Blue Slaver","floor":12,"turns":4},{"damage":0,"enemies":"Gremlin Gang","floor":13,"turns":5},{"damage":4,"enemies":"Exordium Thugs","floor":14,"turns":4},{"damage":18,"enemies":"The Guardian","floor":16,"turns":10},{"damage":2,"enemies":"Shell Parasite","floor":18,"turns":4},{"damage":12,"enemies":"2 Thieves","floor":19,"turns":3},{"damage":6,"enemies":"Snecko","floor":20,"turns":5},{"damage":0,"enemies":"Sentry and Sphere","floor":29,"turns":3},{"damage":12,"enemies":"Snake Plant","floor":31,"turns":4},{"damage":42,"enemies":"Automaton","floor":33,"turns":11},{"damage":3,"enemies":"3 Darklings","floor":35,"turns":5},{"damage":0,"enemies":"Orb Walker","floor":36,"turns":4},{"damage":2,"enemies":"Jaw Worm Horde","floor":40,"turns":5},{"damage":0,"enemies":"Spire Growth","floor":42,"turns":5},{"damage":0,"enemies":"Transient","floor":47,"turns":5},{"damage":3,"enemies":"4 Shapes","floor":48,"turns":4},{"damage":69,"enemies":"Time Eater","floor":50,"turns":8}],"seed_played":"3423550988115705702","potions_obtained":[{"floor":7,"key":"Swift Potion"},{"floor":8,"key":"Swift Potion"},{"floor":13,"key":"Poison Potion"},{"floor":14,"key":"PowerPotion"},{"floor":19,"key":"Energy Potion"},{"floor":20,"key":"Fire Potion"},{"floor":33,"key":"SpeedPotion"}],"is_trial":false,"path_per_floor":["M","?","M","?","?","R","M","M","T","E","R","M","M","M","R","B",null,"M","M","M","?","?","R","T","R","T","R","$","M","?","M","R","B",null,"M","M","?","$","?","M","?","M","T","$","R","$","M","M","R","B"],"character_chosen":"THE_SILENT","items_purchased":["Snake Skull","Adrenaline","Noxious Fumes","Bottled Tornado","Bronze Scales"],"campfire_rested":1,"item_purchase_floors":[28,28,28,38,44],"current_hp_per_floor":[70,70,70,56,56,56,56,39,39,25,25,25,25,21,42,24,70,68,56,50,50,50,50,50,62,62,70,70,70,70,58,70,28,70,67,67,66,66,66,64,64,64,64,64,66,66,66,63,66,0,0],"gold":82,"neow_bonus":"THREE_ENEMY_KILL","is_daily":false,"chose_seed":false,"campfire_upgraded":7,"win_rate":0.0,"timestamp":1610754765,"path_taken":["M","?","M","?","?","R","M","M","T","E","R","M","M","M","R","BOSS","M","M","M","?","?","R","?","R","T","R","$","?","?","M","R","BOSS","M","M","?","$","?","?","?","M","T","?","R","$","M","M","R","BOSS"],"items_purchased_type":["Relic","Card","Card","Relic","Relic"],"build_version":"2020-12-18","purchased_purges":0,"victory":false,"max_hp_per_floor":[70,70,70,70,70,70,70,70,70,70,70,70,70,70,70,70,70,70,70,70,70,70,70,70,70,70,70,70,70,70,70,70,70,70,70,70,66,66,66,66,66,66,66,66,66,66,66,66,66,66,66],"card_choices":[{"not_picked":["Underhanded Strike","Calculated Gamble"],"picked":"Sucker Punch","floor":1},{"not_picked":["Quick Slash","Flying Knee"],"picked":"Bouncing Flask","floor":3},{"not_picked":["Predator","Cloak And Dagger"],"picked":"All Out Attack","floor":7},{"not_picked":["Expertise","Blur"],"picked":"Heel Hook","floor":8},{"not_picked":["Finisher","Dodge and Roll"],"picked":"Bullet Time","floor":10},{"not_picked":["Riddle With Holes","Masterful Stab"],"picked":"Cloak And Dagger","floor":12},{"not_picked":["Tactician","Calculated Gamble"],"picked":"Bane","floor":13},{"not_picked":["Dagger Throw","Blade Dance"],"picked":"Outmaneuver","floor":14},{"not_picked":["Cloak And Dagger","Sucker Punch"],"picked":"Dodge and Roll+1","floor":18},{"not_picked":["Bane","Poisoned Stab"],"picked":"Distraction","floor":19},{"not_picked":["Dodge and Roll","Heel Hook+1","Predator"],"picked":"SKIP","floor":20},{"not_picked":["Blade Dance","Concentrate"],"picked":"Deadly Poison","floor":29},{"not_picked":["Predator","Slice"],"picked":"Acrobatics","floor":31},{"not_picked":["Wraith Form v2","Phantasmal Killer"],"picked":"After Image","floor":33},{"not_picked":["Blur","Predator"],"picked":"Acrobatics","floor":35},{"not_picked":["Backflip","Skewer"],"picked":"Bouncing Flask+1","floor":36},{"not_picked":["Flechettes+1","Sucker Punch+1"],"picked":"Backflip+1","floor":40},{"not_picked":["Deadly Poison+1","Backstab+1","Endless Agony+1"],"picked":"SKIP","floor":42},{"not_picked":["Dagger Spray+1","Eviscerate+1"],"picked":"Caltrops+1","floor":47},{"not_picked":["Dagger Spray+1","Bane","PiercingWail"],"picked":"SKIP","floor":48}],"player_experience":392928,"relics_obtained":[{"floor":10,"key":"Vajra"},{"floor":24,"key":"Eternal Feather"},{"floor":26,"key":"PreservedInsect"},{"floor":43,"key":"Du-Vu Doll"}],"event_choices":[{"damage_healed":0,"gold_gain":175,"player_choice":"AGREE","damage_taken":0,"max_hp_gain":0,"max_hp_loss":0,"event_name":"Liars Game","floor":2,"gold_loss":0,"cards_obtained":["Doubt"]},{"damage_healed":0,"gold_gain":0,"player_choice":"Entered Light","damage_taken":14,"max_hp_gain":0,"max_hp_loss":0,"event_name":"Shining Light","floor":4,"gold_loss":0,"cards_upgraded":["Strike_G","Sucker Punch"]},{"cards_removed":["Doubt"],"damage_healed":0,"gold_gain":0,"player_choice":"Forget","damage_taken":0,"max_hp_gain":0,"max_hp_loss":0,"event_name":"Living Wall","floor":5,"gold_loss":0},{"damage_healed":0,"gold_gain":0,"player_choice":"Simplicity","damage_taken":0,"max_hp_gain":0,"max_hp_loss":0,"event_name":"Back to Basics","floor":21,"gold_loss":0,"cards_upgraded":["Strike_G","Strike_G","Strike_G","Strike_G","Defend_G","Defend_G","Defend_G","Defend_G","Defend_G"]},{"damage_healed":0,"gold_gain":0,"player_choice":"Obtained Relic","damage_taken":0,"relics_obtained":["Lantern"],"max_hp_gain":0,"max_hp_loss":0,"event_name":"Addict","floor":22,"gold_loss":85},{"damage_healed":0,"gold_gain":0,"player_choice":"Read","damage_taken":0,"max_hp_gain":0,"max_hp_loss":0,"event_name":"The Library","floor":30,"gold_loss":0,"cards_obtained":["Noxious Fumes"]},{"damage_healed":0,"gold_gain":0,"player_choice":"Max HP","damage_taken":0,"max_hp_gain":0,"max_hp_loss":4,"event_name":"Winding Halls","floor":37,"gold_loss":0},{"damage_healed":0,"gold_gain":0,"player_choice":"Upgraded","damage_taken":0,"max_hp_gain":0,"max_hp_loss":0,"event_name":"Upgrade Shrine","floor":39,"gold_loss":0,"cards_upgraded":["After Image"]},{"damage_healed":0,"gold_gain":100,"player_choice":"Pray","damage_taken":0,"max_hp_gain":0,"max_hp_loss":0,"event_name":"Golden Shrine","floor":41,"gold_loss":0}],"is_beta":true,"boss_relics":[{"not_picked":["Fusion Hammer","Cursed Key"],"picked":"Ring of the Serpent"},{"not_picked":["SacredBark","Velvet Choker"],"picked":"Sozu"}],"items_purged_floors":[],"is_endless":false,"potions_floor_spawned":[7,8,13,14,19,20,33,42,47],"killed_by":"Time Eater","ascension_level":0}}