{"host":"5ffrjkuvgrxgllwx","time":1610682853,"event":{"mods":["AchievementEnabler","BaseMod","Colored Map","Colored Powertips","Conspire","Hubris","Minty Spire (QoL Compilation)","Quick Restart","Rare Cards Sparkle","Replay The Spire","StSLib","everything is the same but u backflip on backflip"],"gold_per_floor":[112,112,112,125,49,75,75,110,188,188,188,264,264,275,275,353,353,313,328,328,0,16,47,47,47,47,47,47],"floor_reached":27,"language":"ENG","playtime":1203,"items_purged":[],"score":438,"play_id":"4f2ed269-0753-450b-85f4-0b7de307af10","local_time":"20210114225413","is_ascension_mode":true,"campfire_choices":[{"floor":7,"key":"REST"},{"floor":10,"key":"REST"},{"data":"Armaments","floor":15,"key":"SMITH"},{"data":"Iron Wave","floor":25,"key":"SMITH"}],"circlet_count":0,"master_deck":["AscendersBane","Strike_R","Strike_R","Strike_R","Defend_R","Defend_R","Defend_R","Defend_R+1","Bash+1","Armaments+1","Uppercut","conspire:ExplosiveBarrier","Rampage+1","Replay:Many Hands+1","Shrug It Off+1","Iron Wave+1","Barricade+1"],"relics":["Cursed Key","hubris:TinFlute","Akabeko","Ornamental Fan","Golden Egg","Replay:Drink Me","Ice Cream","Juzu Bracelet","Question Card"],"acts_visited":["Exordium","TheCity"],"potions_floor_usage":[8,16,18,23,27],"damage_taken":[{"damage":7,"enemies":"Small Slimes","floor":1,"turns":3},{"damage":0,"enemies":"Cultist","floor":4,"turns":4},{"damage":22,"enemies":"3 Sentries","floor":6,"turns":11},{"damage":2,"enemies":"Lagavulin","floor":8,"turns":6},{"damage":1,"enemies":"2 Louse","floor":14,"turns":3},{"damage":14,"enemies":"The Guardian","floor":16,"turns":10},{"damage":7,"enemies":"2 Thieves","floor":18,"turns":5},{"damage":8,"enemies":"Shell Parasite","floor":19,"turns":4},{"damage":13,"enemies":"Snecko","floor":22,"turns":5},{"damage":7,"enemies":"Replay:Snechameleon","floor":23,"turns":7},{"damage":118,"enemies":"conspire:Head Lice","floor":27,"turns":4}],"seed_played":"8533510089117276879","potions_obtained":[{"floor":1,"key":"BlessingOfTheForge"},{"floor":6,"key":"Energy Potion"},{"floor":8,"key":"Fire Potion"},{"floor":16,"key":"Ancient Potion"},{"floor":19,"key":"LifebloodPotion"},{"floor":22,"key":"GamblersBrew"}],"is_trial":false,"path_per_floor":["M","?","?","M","$","E","R","E","T","R","$","T","?","M","R","B",null,"M","M","?","$","M","E","?","R","T","E"],"character_chosen":"IRONCLAD","items_purchased":["conspire:ExplosiveBarrier","Ice Cream"],"campfire_rested":2,"item_purchase_floors":[5,21],"current_hp_per_floor":[61,38,38,38,38,16,38,36,36,58,58,58,58,57,57,43,54,47,39,57,57,44,37,48,48,48,0,0],"gold":47,"neow_bonus":"BOSS_RELIC","is_daily":false,"chose_seed":false,"campfire_upgraded":2,"win_rate":0.0,"timestamp":1610682853,"path_taken":["M","?","?","?","$","E","R","E","T","R","$","?","?","?","R","BOSS","M","M","?","$","?","E","?","R","T","E"],"items_purchased_type":["Card","Relic"],"build_version":"2020-12-22","purchased_purges":0,"victory":false,"max_hp_per_floor":[75,75,75,75,75,75,75,75,75,75,75,75,75,75,75,75,57,57,57,57,57,57,57,57,57,57,57,57],"card_choices":[{"not_picked":["Rage","hubris:ReadiedAction"],"picked":"Armaments","floor":1},{"not_picked":["Intimidate","Entrench"],"picked":"Uppercut","floor":4},{"not_picked":["Havoc","Headbutt"],"picked":"Rampage","floor":6},{"not_picked":["True Grit","Twin Strike","Havoc"],"picked":"SKIP","floor":8},{"not_picked":["Twin Strike","hubris:ReadiedAction","Body Slam"],"picked":"SKIP","floor":14},{"not_picked":["Impervious","Berserk"],"picked":"Replay:Many Hands","floor":16},{"not_picked":["Hemokinesis+1","Twin Strike"],"picked":"Shrug It Off+1","floor":18},{"not_picked":["Wild Strike","True Grit"],"picked":"Iron Wave","floor":19},{"not_picked":["Wild Strike+1","Pommel Strike","Iron Wave"],"picked":"SKIP","floor":22},{"not_picked":["ReplayTheSpireMod:Muscle Training","Anger"],"picked":"Barricade","floor":23}],"player_experience":1390192,"relics_obtained":[{"floor":6,"key":"hubris:TinFlute"},{"floor":8,"key":"Akabeko"},{"floor":9,"key":"Ornamental Fan"},{"floor":12,"key":"Golden Egg"},{"floor":23,"key":"Juzu Bracelet"},{"floor":26,"key":"Question Card"}],"event_choices":[{"damage_healed":0,"gold_gain":0,"player_choice":"Entered Light","damage_taken":23,"max_hp_gain":0,"max_hp_loss":0,"event_name":"Shining Light","floor":2,"gold_loss":0,"cards_upgraded":["Defend_R","Bash"]},{"cards_removed":["Strike_R"],"damage_healed":0,"gold_gain":0,"player_choice":"Offered Basic","damage_taken":0,"max_hp_gain":0,"max_hp_loss":0,"event_name":"Bonfire Elementals","floor":3,"gold_loss":0},{"damage_healed":0,"gold_gain":0,"player_choice":"Upgraded","damage_taken":0,"max_hp_gain":0,"max_hp_loss":0,"event_name":"Upgrade Shrine","floor":13,"gold_loss":0,"cards_upgraded":["Rampage"]},{"damage_healed":18,"gold_gain":0,"player_choice":"Full Heal","damage_taken":0,"max_hp_gain":0,"max_hp_loss":0,"event_name":"Wheel of Change","floor":20,"gold_loss":0},{"damage_healed":11,"gold_gain":0,"player_choice":"Heal","damage_taken":0,"max_hp_gain":0,"max_hp_loss":0,"event_name":"The Library","floor":24,"gold_loss":0}],"is_beta":false,"boss_relics":[{"not_picked":["conspire:SeveredTorchhead","hubris:VirtuousBlindfold"],"picked":"Replay:Drink Me"}],"items_purged_floors":[],"is_endless":false,"potions_floor_spawned":[1,6,8,16,19,22],"killed_by":"conspire:Head Lice","ascension_level":17}}