{"host":"0rxdudjy6rylha1k","time":1610689286,"event":{"mods":["Aspiration","BaseMod","Colored Map","Colored Powertips","Downfall","Highlight Path","Hubris","Minty Spire (QoL Compilation)","StSLib"],"gold_per_floor":[99,118,137,149,162,162,186,186,186,200,24,42,75,75,86,187,187,187,202,202,215,228,65,65,65,83,83,83,96,96,110,125,222,222,222,239,254,254,266,281,281,281,281,281,295,295,295,313,328,328],"floor_reached":51,"language":"ENG","playtime":6841,"items_purged":[],"score":682,"play_id":"65356d87-5722-4f7f-a2b0-f1d4b4ae873b","local_time":"20210114224126","is_ascension_mode":false,"campfire_choices":[{"floor":1.0,"key":"RECALL"},{"data":"Guardian:FuturePlans","floor":6.0,"key":"SMITH"},{"data":"Guardian:DecasProtection","floor":9.0,"key":"SMITH"},{"data":"Guardian:DonusPower","floor":18.0,"key":"SMITH"},{"data":"Guardian:CompilePackage","floor":25.0,"key":"SMITH"},{"data":"Guardian:FloatingOrbs","floor":28.0,"key":"SMITH"},{"data":"Barrage","floor":30.0,"key":"SMITH"},{"data":"Guardian:StasisEngine","floor":35.0,"key":"SMITH"},{"floor":42.0,"key":"REST"},{"data":"Barrage","floor":47,"key":"SMITH"}],"circlet_count":0,"master_deck":["Guardian:Strike_Guardian","Guardian:Strike_Guardian","Guardian:Strike_Guardian","Guardian:Strike_Guardian","Guardian:Defend_Guardian","Guardian:Defend_Guardian","Guardian:Defend_Guardian+1","Guardian:Defend_Guardian+1","Guardian:CurlUp","Guardian:TwinSlam","Guardian:PiercingHide","Guardian:VentSteam","Guardian:FuturePlans+1","Guardian:DecasProtection+1","Guardian:BronzeArmor","Guardian:StasisEngine+1","Guardian:CompilePackage+1","Parasite","Guardian:DonusPower+1","Guardian:GemFinder","Beam Cell+1","Guardian:FloatingOrbs+1","Guardian:FloatingOrbs+1","Barrage+1","Guardian:Gem_Cyan","Guardian:Gem_Blue","Machine Learning","Guardian:SpikerProtocol+1","Force Field+1","Barrage+1","Guardian:Gem_Green","Guardian:Gem_Lightblue","BootSequence+1","Beam Cell+1","Guardian:VentSteam+1","Guardian:Gem_Red"],"relics":["Guardian:ModeShifter","Lantern","aspiration:DefectSkillbook","Guardian:StasisUpgradeRelic","aspiration:StickyExplosives_weak","hubris:ScarierMask","Incense Burner"],"acts_visited":["Exordium","TheCity","TheBeyond"],"potions_floor_usage":[45,49,50],"damage_taken":[{"damage":1.0,"enemies":"Cultist","floor":2.0,"turns":4.0},{"damage":5.0,"enemies":"Small Slimes","floor":3.0,"turns":3.0},{"damage":1.0,"enemies":"2 Louse","floor":4.0,"turns":3.0},{"damage":6.0,"enemies":"Large Slime","floor":5.0,"turns":7.0},{"damage":10.0,"enemies":"Exordium Thugs","floor":10.0,"turns":5.0},{"damage":5.0,"enemies":"downfall:FleeingMerchant","floor":11.0,"turns":4.0},{"damage":4.0,"enemies":"Gremlin Gang","floor":12.0,"turns":4.0},{"damage":2.0,"enemies":"3 Sentries","floor":13.0,"turns":4.0},{"damage":6.0,"enemies":"3 Louse","floor":15.0,"turns":4.0},{"damage":10.0,"enemies":"downfall:Defect","floor":16.0,"turns":6.0},{"damage":0.0,"enemies":"Chosen","floor":19.0,"turns":4.0},{"damage":0.0,"enemies":"Shell Parasite","floor":21.0,"turns":4.0},{"damage":1.0,"enemies":"Chosen and Byrds","floor":22.0,"turns":7.0},{"damage":4.0,"enemies":"downfall:FleeingMerchant","floor":23.0,"turns":4.0},{"damage":15.0,"enemies":"Snake Plant","floor":26.0,"turns":3.0},{"damage":0.0,"enemies":"Sentry and Sphere","floor":29.0,"turns":4.0},{"damage":0.0,"enemies":"Cultist and Chosen","floor":31.0,"turns":4.0},{"damage":10.0,"enemies":"3 Cultists","floor":32.0,"turns":5.0},{"damage":22.0,"enemies":"downfall:Ironclad","floor":33.0,"turns":6.0},{"damage":0.0,"enemies":"Orb Walker","floor":36.0,"turns":2.0},{"damage":10.0,"enemies":"3 Shapes","floor":37.0,"turns":3.0},{"damage":0.0,"enemies":"3 Darklings","floor":39.0,"turns":3.0},{"damage":8.0,"enemies":"Spire Growth","floor":40.0,"turns":3.0},{"damage":6,"enemies":"Writhing Mass","floor":45,"turns":3},{"damage":0,"enemies":"4 Shapes","floor":48,"turns":4},{"damage":0,"enemies":"Maw","floor":49,"turns":5},{"damage":0,"enemies":"downfall:Watcher","floor":50,"turns":5}],"seed_played":"-3269291243656056684","potions_obtained":[{"floor":10.0,"key":"Strength Potion"},{"floor":12.0,"key":"ColorlessPotion"},{"floor":13.0,"key":"champ:CounterPotion"},{"floor":16.0,"key":"sneckomod:MuddlingPotion"},{"floor":21.0,"key":"Energy Potion"},{"floor":26.0,"key":"Guardian:DefensiveModePotion"},{"floor":31.0,"key":"BlessingOfTheForge"},{"floor":36.0,"key":"Fire Potion"},{"floor":40.0,"key":"SkillPotion"},{"floor":45,"key":"DistilledChaos"},{"floor":48,"key":"SkillPotion"}],"is_trial":false,"path_per_floor":["R","M","M","M","M","R","T","?","R","M","$","M","E","?","M","B",null,"R","M","?","M","M","$","T","R","M","?","R","M","R","M","M","B",null,"R","M","M","?","M","M","T","R","?","?","M","?","R","M","M","B",null],"character_chosen":"GUARDIAN","items_purchased":["Guardian:StasisEngine","Guardian:StasisUpgradeRelic"],"campfire_rested":1,"item_purchase_floors":[11,23],"current_hp_per_floor":[80,79,74,73,67,67,67,67,67,57,52,48,46,66,60,50,80,80,80,80,80,79,75,75,75,60,80,80,80,80,80,70,48,80,80,80,70,62,62,54,54,78,78,78,72,72,72,72,72,72],"gold":328,"neow_bonus":"THREE_CARDS","is_daily":false,"chose_seed":false,"campfire_upgraded":8,"win_rate":0.0,"timestamp":1610689286,"path_taken":["R","M","M","?","M","R","T","?","R","?","$","M","E","?","M","BOSS","R","M","?","M","M","$","T","R","M","?","R","M","R","M","M","BOSS","R","M","M","?","?","M","T","R","?","?","?","?","R","M","M","BOSS"],"items_purchased_type":["Card","Relic"],"build_version":"2020-12-22","purchased_purges":0,"victory":true,"max_hp_per_floor":[80,80,80,80,80,80,80,80,80,80,80,80,80,80,80,80,80,80,80,80,80,80,80,80,80,80,80,80,80,80,80,80,80,80,80,80,80,80,80,80,80,80,80,80,80,80,80,80,80,80],"card_choices":[{"not_picked":["Guardian:Gem_Cyan","Guardian:Reroute"],"picked":"Guardian:PiercingHide","floor":0.0},{"not_picked":["Guardian:PrimingBeam","Guardian:Gem_Green"],"picked":"Guardian:VentSteam","floor":2.0},{"not_picked":["Guardian:ShieldCharger","Guardian:Suspension"],"picked":"Guardian:FuturePlans","floor":3.0},{"not_picked":["Guardian:EvasiveProtocol","Guardian:Emergency"],"picked":"Guardian:DecasProtection","floor":4.0},{"not_picked":["Guardian:TimeCapacitor","Guardian:BronzeOrb"],"picked":"Guardian:Gem_Purple","floor":5.0},{"not_picked":["Guardian:Gem_Green","Guardian:CrystalBeam"],"picked":"Guardian:Gem_Crimson","floor":10.0},{"not_picked":["Guardian:ChargeCore","Guardian:ShieldCharger"],"picked":"Guardian:BronzeArmor","floor":11.0},{"not_picked":["Guardian:PrimingBeam","Guardian:VentSteam","Guardian:WalkerClaw"],"picked":"SKIP","floor":12.0},{"not_picked":["Guardian:TemporalShield","Guardian:Gem_Green"],"picked":"Guardian:CompilePackage","floor":13.0},{"not_picked":["Guardian:TemporalStrike","Guardian:Incinerate"],"picked":"Guardian:DonusPower","floor":15.0},{"not_picked":["Guardian:StasisField","Guardian:CompilePackage"],"picked":"Guardian:GemFinder","floor":16.0},{"not_picked":["Guardian:Gem_Lightblue","Guardian:Gem_Green"],"picked":"Guardian:Gem_Cyan","floor":19.0},{"not_picked":["Gash+1","Reinforced Body","Guardian:TemporalStrike","Guardian:Gem_Lightblue"],"picked":"SKIP","floor":19.0},{"not_picked":["Darkness","Compile Driver","Guardian:TemporalShield"],"picked":"Beam Cell+1","floor":21.0},{"not_picked":["Guardian:Gem_Lightblue","Guardian:Gem_Green"],"picked":"Guardian:Gem_Cyan","floor":22.0},{"not_picked":["Guardian:Suspension","Coolheaded","Guardian:CrystalBeam"],"picked":"Guardian:FloatingOrbs+1","floor":22.0},{"not_picked":["All For One","Force Field","Barrage"],"picked":"Guardian:FloatingOrbs","floor":23.0},{"not_picked":["Heatsinks","Redo","Guardian:ShieldCharger"],"picked":"Guardian:Gem_Lightblue","floor":26.0},{"not_picked":["Rebound+1","Guardian:Repulse","Hello World"],"picked":"Barrage","floor":29.0},{"not_picked":["Guardian:Gem_Red","Guardian:Gem_Lightblue"],"picked":"Guardian:Gem_Cyan","floor":31.0},{"not_picked":["Leap","Guardian:Preprogram","Guardian:EvasiveProtocol"],"picked":"Guardian:Gem_Blue","floor":31.0},{"not_picked":["Guardian:ShieldSpikes","Leap","Guardian:RollAttack","Barrage"],"picked":"SKIP","floor":32.0},{"not_picked":["Guardian:HyperBeam_Guardian","Guardian:FierceBash","Guardian:GemFire"],"picked":"Machine Learning","floor":33.0},{"not_picked":["Rebound","Hologram","Guardian:Suspension+1"],"picked":"Guardian:SpikerProtocol+1","floor":36.0},{"not_picked":["Guardian:Emergency+1","Guardian:ShieldCharger+1","Coolheaded+1"],"picked":"Force Field+1","floor":37.0},{"not_picked":["Guardian:Incinerate+1","Steam+1","Chill","Guardian:DonusPower+1"],"picked":"SKIP","floor":39.0},{"not_picked":["Guardian:Suspension+1","Steam+1","Guardian:Recover"],"picked":"Barrage","floor":40.0},{"not_picked":["Guardian:PrimingBeam+1","Conserve Battery+1","Guardian:Gem_Cyan"],"picked":"BootSequence","floor":45},{"not_picked":["aspiration:Polymerization+1","Stack+1","Guardian:ChargeUp"],"picked":"Beam Cell+1","floor":48},{"not_picked":["Loop+1","Guardian:ShieldCharger+1","Rainbow"],"picked":"Guardian:VentSteam+1","floor":49},{"not_picked":["Guardian:Gem_Lightblue","Guardian:Gem_Green"],"picked":"Guardian:Gem_Red","floor":49}],"player_experience":2490416,"relics_obtained":[{"floor":13.0,"key":"Lantern"},{"floor":24.0,"key":"aspiration:StickyExplosives_weak"},{"floor":41.0,"key":"Incense Burner"}],"event_choices":[{"damage_healed":0.0,"max_hp_gain":0.0,"max_hp_loss":0.0,"gold_gain":0.0,"event_name":"NoteForYourself","player_choice":"Ignored","floor":8.0,"gold_loss":0.0,"damage_taken":0.0},{"damage_healed":20.0,"max_hp_gain":0.0,"max_hp_loss":0.0,"gold_gain":0.0,"event_name":"Mushrooms","player_choice":"Healed and dodged fight","floor":14.0,"gold_loss":0.0,"damage_taken":0.0,"cards_obtained":["Parasite"]},{"damage_healed":26.0,"max_hp_gain":0.0,"max_hp_loss":0.0,"gold_gain":0.0,"event_name":"The Library","player_choice":"Heal","floor":27.0,"gold_loss":0.0,"damage_taken":0.0},{"damage_healed":0,"gold_gain":0,"player_choice":"Upgraded","damage_taken":0,"max_hp_gain":0,"max_hp_loss":0,"event_name":"Upgrade Shrine","floor":46,"gold_loss":0,"cards_upgraded":["BootSequence"]}],"is_beta":false,"boss_relics":[{"not_picked":["aspiration:RunicSpoon","hubris:TerracottaHorce"],"picked":"aspiration:DefectSkillbook"},{"not_picked":["Fusion Hammer","Coffee Dripper"],"picked":"hubris:ScarierMask"}],"items_purged_floors":[],"is_endless":false,"potions_floor_spawned":[10,12,13,16,21,26,31,36,40,45,48],"ascension_level":0}}