{"host":"a5lz0e76zb3fcwkm","time":1610684119,"event":{"mods":["AchievementEnabler","BaseMod","Colored Map","Colored Powertips","Minty Spire (QoL Compilation)","StSLib","SuperFastMode"],"gold_per_floor":[11,29,45,45,320,320,20,31,31,51,63,82,82,115,115,187,487,500,500,500,500,35,50,50,50],"floor_reached":24,"language":"KOR","playtime":509,"items_purged":["Regret","Strike_R"],"score":396,"play_id":"a410b0bf-d615-4778-a61b-6f06ae345f6b","local_time":"20210115131519","is_ascension_mode":true,"campfire_choices":[{"data":"Fiend Fire","floor":6,"key":"SMITH"},{"data":"Inflame","floor":13,"key":"SMITH"},{"data":"Heavy Blade","floor":15,"key":"SMITH"}],"circlet_count":0,"master_deck":["AscendersBane","Strike_R","Strike_R","Strike_R","Strike_R+1","Defend_R+1","Defend_R","Defend_R","Defend_R","Bash","Fiend Fire+1","Thunderclap","Inflame+1","Shrug It Off","Spot Weakness","Cleave","Heavy Blade+1","CurseOfTheBell"],"relics":["Burning Blood","Pocketwatch","Shuriken","Kunai","Calling Bell","Nunchaku","InkBottle","Old Coin","Bag of Preparation","Membership Card","Omamori","Gambling Chip"],"acts_visited":["Exordium","TheCity"],"potions_floor_usage":[11,18],"damage_taken":[{"damage":9,"enemies":"2 Louse","floor":1,"turns":3},{"damage":7,"enemies":"Small Slimes","floor":2,"turns":4},{"damage":0,"enemies":"Cultist","floor":3,"turns":2},{"damage":24,"enemies":"3 Louse","floor":8,"turns":3},{"damage":0,"enemies":"2 Fungi Beasts","floor":10,"turns":4},{"damage":0,"enemies":"Blue Slaver","floor":11,"turns":2},{"damage":5,"enemies":"Exordium Wildlife","floor":12,"turns":3},{"damage":14,"enemies":"3 Sentries","floor":14,"turns":5},{"damage":33,"enemies":"Slime Boss","floor":16,"turns":5},{"damage":28,"enemies":"2 Thieves","floor":18,"turns":3},{"damage":29,"enemies":"3 Byrds","floor":23,"turns":4},{"damage":20,"enemies":"Slavers","floor":24,"turns":1}],"seed_played":"1538643947249242204","potions_obtained":[{"floor":8,"key":"CultistPotion"},{"floor":10,"key":"BloodPotion"},{"floor":11,"key":"SpeedPotion"},{"floor":14,"key":"Explosive Potion"}],"is_trial":false,"path_per_floor":["M","M","M","?","?","R","$","M","T","M","M","M","R","E","R","B",null,"M","?","?","T","$","M","E"],"character_chosen":"IRONCLAD","items_purchased":["Inflame","Shrug It Off","FairyPotion","Membership Card","Omamori","Gambling Chip"],"campfire_rested":0,"item_purchase_floors":[7,7,7,22,22,22],"current_hp_per_floor":[65,64,70,47,47,47,47,29,29,35,56,57,57,49,49,22,62,40,19,19,19,19,20,0,0],"gold":50,"neow_bonus":"ONE_RARE_RELIC","is_daily":false,"chose_seed":false,"campfire_upgraded":3,"win_rate":0.0,"timestamp":1610684119,"path_taken":["M","M","M","?","?","R","$","M","T","M","M","?","R","E","R","BOSS","M","?","?","?","$","M","E"],"items_purchased_type":["Card","Card","Potion","Relic","Relic","Relic"],"build_version":"2020-12-22","purchased_purges":2,"victory":false,"max_hp_per_floor":[75,75,75,75,75,75,75,75,75,75,75,75,75,75,75,75,75,75,80,80,80,80,80,80,80],"card_choices":[{"not_picked":["Thunderclap","Warcry","Heavy Blade"],"picked":"SKIP","floor":1},{"not_picked":["Iron Wave","Metallicize"],"picked":"Fiend Fire","floor":2},{"not_picked":["Dark Embrace","Headbutt"],"picked":"Thunderclap","floor":3},{"not_picked":["Clash","Headbutt","Body Slam"],"picked":"SKIP","floor":8},{"not_picked":["Ghostly Armor","Clothesline"],"picked":"Spot Weakness","floor":10},{"not_picked":["Twin Strike","Perfected Strike"],"picked":"Cleave","floor":11},{"not_picked":["Flex","Twin Strike"],"picked":"Heavy Blade","floor":12},{"not_picked":["Anger","Impervious","Fiend Fire"],"picked":"SKIP","floor":14},{"not_picked":["Clothesline","Twin Strike","Perfected Strike"],"picked":"SKIP","floor":18},{"not_picked":["Clash","Iron Wave","Searing Blow"],"picked":"SKIP","floor":23}],"player_experience":1730658,"relics_obtained":[{"floor":9,"key":"Shuriken"},{"floor":14,"key":"Kunai"},{"floor":17,"key":"Nunchaku"},{"floor":17,"key":"InkBottle"},{"floor":17,"key":"Old Coin"},{"floor":21,"key":"Bag of Preparation"}],"event_choices":[{"damage_healed":0,"gold_gain":0,"player_choice":"Entered Light","damage_taken":23,"max_hp_gain":0,"max_hp_loss":0,"event_name":"Shining Light","floor":4,"gold_loss":0,"cards_upgraded":["Strike_R","Defend_R"]},{"damage_healed":0,"gold_gain":275,"player_choice":"Desecrate","damage_taken":0,"max_hp_gain":0,"max_hp_loss":0,"event_name":"Golden Shrine","floor":5,"gold_loss":0,"cards_obtained":["Regret"]},{"damage_healed":0,"gold_gain":0,"player_choice":"Shed Blood","damage_taken":26,"max_hp_gain":5,"max_hp_loss":0,"event_name":"Forgotten Altar","floor":19,"gold_loss":0},{"damage_healed":0,"gold_gain":0,"player_choice":"Ignored","damage_taken":0,"max_hp_gain":0,"max_hp_loss":0,"event_name":"Vampires","floor":20,"gold_loss":0}],"is_beta":false,"boss_relics":[{"not_picked":["Runic Cube","SacredBark"],"picked":"Calling Bell"}],"items_purged_floors":[7,22],"is_endless":false,"potions_floor_spawned":[8,10,11,14],"killed_by":"Slavers","ascension_level":20}}