{"host":"b995t17pt6d05w8c","time":1610716813,"event":{"mods":["AchievementEnabler","BaseMod","Colored Map","DeckTracker","Keyboard Shortcuts","Minty Spire (QoL Compilation)","Permanent Neow","SuperFastMode"],"gold_per_floor":[117,117,117,132,132,132,132,157,157,190,190,265,265,288,288,383,383,397,411,411,425,448,448,471,471,471,490,137,152,167,92,92,92,92],"floor_reached":33,"language":"KOR","playtime":1090,"items_purged":["Defend_G+1"],"score":457,"play_id":"301d092e-9199-40c3-9cb6-f331a72aa274","local_time":"20210115222013","is_ascension_mode":true,"campfire_choices":[{"floor":6.0,"key":"REST"},{"data":"Deadly Poison","floor":11.0,"key":"SMITH"},{"floor":13.0,"key":"REST"},{"data":"Neutralize","floor":15.0,"key":"SMITH"},{"data":"Night Terror","floor":23.0,"key":"SMITH"},{"data":"Ghostly","floor":32,"key":"SMITH"}],"circlet_count":0,"master_deck":["AscendersBane","Defend_G+1","Defend_G+1","Defend_G+1","Survivor","Neutralize+1","Night Terror+1","Dagger Throw","Infinite Blades","Deadly Poison+1","Calculated Gamble","Die Die Die","All Out Attack+1","Venomology+1","Bullet Time+1","Footwork","Reflex","Ghostly+1","Ghostly","Ghostly","Escape Plan","Acrobatics","Well Laid Plans"],"relics":["Ring of the Snake","Golden Idol","Blue Candle","Orichalcum","StoneCalendar","MealTicket","Astrolabe","White Beast Statue","Happy Flower"],"acts_visited":["Exordium","TheCity"],"potions_floor_usage":[30,33,33,33],"damage_taken":[{"damage":5.0,"enemies":"2 Louse","floor":1.0,"turns":4.0},{"damage":8.0,"enemies":"Jaw Worm","floor":4.0,"turns":7.0},{"damage":26.0,"enemies":"Gremlin Nob","floor":10.0,"turns":6.0},{"damage":4.0,"enemies":"Small Slimes","floor":14.0,"turns":3.0},{"damage":18.0,"enemies":"Hexaghost","floor":16.0,"turns":7.0},{"damage":23.0,"enemies":"Spheric Guardian","floor":18.0,"turns":5.0},{"damage":14.0,"enemies":"Shell Parasite","floor":19.0,"turns":7.0},{"damage":0.0,"enemies":"Centurion and Healer","floor":21.0,"turns":8.0},{"damage":11.0,"enemies":"Shelled Parasite and Fungi","floor":22.0,"turns":7.0},{"damage":0.0,"enemies":"Snecko","floor":24.0,"turns":7.0},{"damage":0.0,"enemies":"Sentry and Sphere","floor":27.0,"turns":7.0},{"damage":12.0,"enemies":"Snake Plant","floor":29.0,"turns":6.0},{"damage":0,"enemies":"Centurion and Healer","floor":30,"turns":7},{"damage":12,"enemies":"Champ","floor":33,"turns":13}],"seed_played":"-7813518078798567493","potions_obtained":[{"floor":10.0,"key":"Fruit Juice"},{"floor":14.0,"key":"Block Potion"},{"floor":16.0,"key":"AttackPotion"},{"floor":21.0,"key":"BlessingOfTheForge"},{"floor":22.0,"key":"GamblersBrew"},{"floor":27.0,"key":"ColorlessPotion"},{"floor":29.0,"key":"PowerPotion"}],"is_trial":false,"path_per_floor":["M","?","?","M","T","R","?","T","T","E","R","?","R","M","R","B",null,"M","M","?","M","M","R","M","?","T","M","$","M","M","?","R","B"],"character_chosen":"THE_SILENT","items_purchased":["Acrobatics","Well Laid Plans","Happy Flower"],"campfire_rested":2,"item_purchase_floors":[28,28,28],"current_hp_per_floor":[54,31,24,16,16,35,57,57,57,31,31,20,46,42,42,24,59,36,22,22,22,11,11,11,11,11,11,26,14,14,14,14,2,2],"gold":92,"neow_bonus":"TRANSFORM_CARD","is_daily":false,"chose_seed":false,"campfire_upgraded":4,"win_rate":0.0,"timestamp":1610716813,"path_taken":["M","?","?","M","?","R","?","?","T","E","R","?","R","M","R","BOSS","M","M","?","M","M","R","M","?","T","M","?","M","?","?","R","BOSS"],"items_purchased_type":["Card","Card","Relic"],"build_version":"2020-12-22","purchased_purges":1,"victory":false,"max_hp_per_floor":[66,66,66,66,66,66,66,66,66,66,66,66,71,71,71,71,71,71,71,35,35,35,35,35,35,35,35,35,35,35,35,35,35,35],"card_choices":[{"not_picked":["Sucker Punch","Caltrops"],"picked":"Dagger Throw","floor":1.0},{"not_picked":["Setup","Leg Sweep"],"picked":"Infinite Blades","floor":4.0},{"not_picked":["Escape Plan","Choke"],"picked":"Deadly Poison","floor":10.0},{"not_picked":["Cloak And Dagger","Prepared"],"picked":"Calculated Gamble","floor":14.0},{"not_picked":["Venomology","Tools of the Trade"],"picked":"Die Die Die","floor":16.0},{"not_picked":["Deflect","Finisher"],"picked":"Footwork","floor":18.0},{"not_picked":["Underhanded Strike+1","Eviscerate"],"picked":"Reflex","floor":19.0},{"not_picked":["Dash","Dodge and Roll","Backflip"],"picked":"SKIP","floor":21.0},{"not_picked":["PiercingWail","Bane","Backflip"],"picked":"SKIP","floor":22.0},{"not_picked":["Flechettes","Deflect"],"picked":"Escape Plan","floor":24.0},{"not_picked":["After Image","Flying Knee","Dagger Spray"],"picked":"SKIP","floor":27.0},{"not_picked":["PiercingWail","Cloak And Dagger","Sucker Punch"],"picked":"SKIP","floor":29.0},{"not_picked":["Dagger Spray","Sucker Punch","Flechettes"],"picked":"SKIP","floor":30}],"player_experience":131775,"relics_obtained":[{"floor":5.0,"key":"Blue Candle"},{"floor":8.0,"key":"Orichalcum"},{"floor":9.0,"key":"StoneCalendar"},{"floor":10.0,"key":"MealTicket"},{"floor":26.0,"key":"White Beast Statue"}],"event_choices":[{"damage_healed":0.0,"max_hp_gain":0.0,"max_hp_loss":0.0,"gold_gain":0.0,"event_name":"Golden Idol","player_choice":"Take Damage","floor":2.0,"gold_loss":0.0,"damage_taken":23.0,"relics_obtained":["Golden Idol"]},{"cards_removed":["Strike_G"],"damage_healed":0.0,"max_hp_gain":0.0,"max_hp_loss":0.0,"gold_gain":0.0,"event_name":"Golden Wing","player_choice":"Card Removal","floor":3.0,"gold_loss":0.0,"damage_taken":7.0},{"damage_healed":22.0,"max_hp_gain":0.0,"max_hp_loss":0.0,"gold_gain":0.0,"event_name":"Big Fish","player_choice":"Banana","floor":7.0,"gold_loss":0.0,"damage_taken":0.0},{"damage_healed":0.0,"max_hp_gain":0.0,"max_hp_loss":0.0,"gold_gain":75.0,"event_name":"World of Goop","player_choice":"Gather Gold","floor":12.0,"gold_loss":0.0,"damage_taken":11.0},{"damage_healed":0.0,"max_hp_gain":0.0,"max_hp_loss":36.0,"gold_gain":0.0,"event_name":"Ghosts","player_choice":"Became a Ghost","floor":20.0,"gold_loss":0.0,"damage_taken":0.0,"cards_obtained":["Ghostly","Ghostly","Ghostly"]},{"damage_healed":0.0,"max_hp_gain":0.0,"max_hp_loss":0.0,"gold_gain":0.0,"event_name":"Back to Basics","player_choice":"Simplicity","floor":25.0,"gold_loss":0.0,"damage_taken":0.0,"cards_upgraded":["Strike_G","Defend_G","Defend_G","Defend_G","Defend_G"]},{"cards_removed":["Strike_G"],"damage_healed":0,"gold_gain":0,"player_choice":"Gave Gold","damage_taken":0,"max_hp_gain":0,"max_hp_loss":0,"event_name":"Beggar","floor":31,"gold_loss":75}],"is_beta":false,"boss_relics":[{"not_picked":["Cursed Key","Busted Crown"],"picked":"Astrolabe"}],"items_purged_floors":[28],"is_endless":false,"potions_floor_spawned":[10,14,16,21,22,27,29,30],"killed_by":"Champ","ascension_level":17}}