{"host":"kvh5342rl0c7vxi5","time":1610747406,"event":{"mods":["BaseMod","Downfall","Hermit","Jorbs\u0027s Wanderer Trilogy","Minty Spire (QoL Compilation)","Quick Restart","StSLib","SuperFastMode","The Poker Player"],"gold_per_floor":[109,109,109,127,152,193,39,79,153,153,153,189,189,205,205,335,335,358,374,374,226,226,226,242,280,307,307,307,7,47,61,61,192,192,217,235,55,76,101,101,135,158,158,158,182,182,218,218,218,218,218],"floor_reached":50,"language":"ENG","playtime":2501,"items_purged":["Writhe","hermit:Strike_Hermit"],"score":778,"play_id":"81913291-526f-41c6-a71a-ebebc5d931c9","local_time":"20210115165006","is_ascension_mode":true,"campfire_choices":[{"floor":10,"key":"REST"},{"data":"hermit:Deadeye","floor":13,"key":"SMITH"},{"data":"hermit:HighNoon","floor":15,"key":"SMITH"},{"data":"J.A.X.","floor":23,"key":"SMITH"},{"data":"hermit:Adapt","floor":27,"key":"SMITH"},{"data":"hermit:FatalDesire","floor":32,"key":"SMITH"},{"data":"hermit:FatalDesire","floor":40,"key":"SMITH"},{"floor":44,"key":"REST"},{"floor":46,"key":"REST"},{"floor":49,"key":"RECALL"}],"circlet_count":0,"master_deck":["hermit:Strike_Hermit+1","hermit:Strike_Hermit","hermit:Strike_Hermit+1","hermit:Defend_Hermit","hermit:Defend_Hermit","hermit:Defend_Hermit+1","hermit:Defend_Hermit","hermit:Snapshot","hermit:Covet+1","hermit:Ricochet","Regret","hermit:Desperado","hermit:Deadeye+1","hermit:ShadowCloak+1","hermit:Gestalt","hermit:Quickdraw","hermit:Misfire","hermit:HighNoon+1","hermit:Adapt+1","hermit:Enervate+1","hermit:Cheat+1","J.A.X.+1","hermit:Enervate+1","hermit:Cheat+1","hermit:Spite","hermit:FatalDesire+1","hermit:Grudge+1","hermit:FatalDesire+1","hermit:Coalescence+1","hermit:TakeAim","hermit:CalledShot+1","hermit:FlashPowder+1","hermit:TakeCover+1","Parasite","hermit:Snipe+1","hermit:Gestalt+1"],"relics":["hermit:ClaspedLocket","Whetstone","Golden Idol","Bird Faced Urn","Bag of Marbles","Shuriken","Ornamental Fan","Happy Flower","SlaversCollar","DollysMirror","MealTicket","Ancient Tea Set","hermit:RyeStalk","Toxic Egg 2","Frozen Egg 2","War Paint","Singing Bowl"],"acts_visited":["Exordium","TheCity","TheBeyond"],"potions_floor_usage":[8,25,30,31,38,47],"damage_taken":[{"damage":5,"enemies":"Small Slimes","floor":1,"turns":3},{"damage":2,"enemies":"2 Louse","floor":4,"turns":3},{"damage":2,"enemies":"Jaw Worm","floor":5,"turns":3},{"damage":24,"enemies":"3 Sentries","floor":6,"turns":8},{"damage":1,"enemies":"Gremlin Nob","floor":8,"turns":3},{"damage":13,"enemies":"3 Sentries","floor":12,"turns":6},{"damage":0,"enemies":"2 Fungi Beasts","floor":14,"turns":3},{"damage":1,"enemies":"Slime Boss","floor":16,"turns":6},{"damage":1,"enemies":"Chosen","floor":18,"turns":7},{"damage":2,"enemies":"Spheric Guardian","floor":19,"turns":4},{"damage":16,"enemies":"Shelled Parasite and Fungi","floor":24,"turns":5},{"damage":14,"enemies":"Book of Stabbing","floor":25,"turns":4},{"damage":25,"enemies":"Slavers","floor":30,"turns":5},{"damage":0,"enemies":"Snecko","floor":31,"turns":3},{"damage":32,"enemies":"Collector","floor":33,"turns":6},{"damage":2,"enemies":"3 Shapes","floor":35,"turns":6},{"damage":9,"enemies":"Orb Walker","floor":36,"turns":3},{"damage":23,"enemies":"4 Shapes","floor":38,"turns":7},{"damage":16,"enemies":"Spire Growth","floor":39,"turns":6},{"damage":14,"enemies":"Giant Head","floor":41,"turns":7},{"damage":35,"enemies":"Jaw Worm Horde","floor":42,"turns":6},{"damage":16,"enemies":"Writhing Mass","floor":45,"turns":12},{"damage":51,"enemies":"Reptomancer","floor":47,"turns":7},{"damage":62,"enemies":"Time Eater","floor":50,"turns":12}],"seed_played":"-5738940987034074951","potions_obtained":[{"floor":6,"key":"SteroidPotion"},{"floor":8,"key":"BlessingOfTheForge"},{"floor":14,"key":"EssenceOfSteel"},{"floor":19,"key":"GamblersBrew"},{"floor":33,"key":"Fire Potion"},{"floor":35,"key":"SteroidPotion"},{"floor":38,"key":"LiquidBronze"},{"floor":45,"key":"hermit:Eclipse"}],"is_trial":false,"path_per_floor":["M","?","?","M","M","E","$","E","T","R","?","E","R","M","R","B",null,"M","M","?","$","?","R","M","E","T","R","?","$","E","M","R","B",null,"M","M","$","M","M","R","E","M","T","R","M","R","E","T","R","B"],"character_chosen":"HERMIT","items_purchased":["hermit:ShadowCloak","hermit:Gestalt","DollysMirror","hermit:FatalDesire","GamblersBrew","hermit:TakeAim"],"campfire_rested":3,"item_purchase_floors":[7,7,21,29,29,37],"current_hp_per_floor":[63,63,63,61,59,35,35,34,34,54,54,43,43,45,45,48,64,68,69,69,69,69,69,55,43,43,43,43,58,41,47,47,23,58,66,61,69,54,51,51,51,27,27,47,46,66,26,26,26,0,0],"gold":218,"neow_bonus":"RANDOM_COMMON_RELIC","is_daily":false,"chose_seed":false,"campfire_upgraded":6,"win_rate":0.0,"timestamp":1610747406,"path_taken":["M","?","?","M","M","E","?","E","T","R","?","E","R","M","R","BOSS","M","M","?","$","?","R","M","E","T","R","?","?","E","?","R","BOSS","M","M","$","M","M","R","E","?","T","R","M","R","E","?","R","BOSS"],"items_purchased_type":["Card","Card","Relic","Card","Potion","Card"],"build_version":"2020-12-22","purchased_purges":2,"victory":false,"max_hp_per_floor":[75,69,69,69,69,69,69,69,69,69,69,69,69,69,69,69,69,69,69,69,69,69,69,69,69,69,69,69,69,69,69,69,69,69,69,69,69,69,69,69,69,69,69,69,69,69,69,69,69,69,69],"card_choices":[{"not_picked":["hermit:ItchyTrigger","hermit:Vantage"],"picked":"hermit:Ricochet","floor":1},{"not_picked":["hermit:Midnight","hermit:HoleUp","hermit:Horror"],"picked":"SKIP","floor":4},{"not_picked":["hermit:Feint","hermit:Virtue"],"picked":"hermit:Desperado","floor":5},{"not_picked":["hermit:Ricochet","hermit:ItchyTrigger"],"picked":"hermit:Deadeye","floor":6},{"not_picked":["hermit:Roulette","hermit:BigShot"],"picked":"hermit:Quickdraw","floor":8},{"not_picked":["hermit:HoleUp","hermit:Glare"],"picked":"hermit:Misfire","floor":12},{"not_picked":["hermit:BodyArmor","hermit:Desperado"],"picked":"hermit:HighNoon","floor":14},{"not_picked":["hermit:Reprieve","hermit:HeroicBravado"],"picked":"hermit:Adapt","floor":16},{"not_picked":["hermit:Horror","hermit:Coalescence"],"picked":"hermit:Enervate+1","floor":18},{"not_picked":["hermit:Manifest","hermit:BodyArmor"],"picked":"hermit:Cheat+1","floor":19},{"not_picked":["hermit:Quickdraw","hermit:Purgatory"],"picked":"hermit:Cheat+1","floor":24},{"not_picked":["hermit:HoleUp","hermit:ItchyTrigger"],"picked":"hermit:Spite","floor":25},{"not_picked":["hermit:Malice","hermit:Ricochet","hermit:LowProfile+1"],"picked":"SKIP","floor":30},{"not_picked":["hermit:Headshot","hermit:Snipe+1"],"picked":"hermit:Grudge+1","floor":31},{"not_picked":["hermit:Roughhouse","hermit:BlackWind"],"picked":"hermit:FatalDesire","floor":33},{"not_picked":["hermit:ItchyTrigger","hermit:Showdown"],"picked":"hermit:Coalescence+1","floor":35},{"not_picked":["hermit:HighCaliber","hermit:Virtue+1","hermit:Ricochet"],"picked":"SKIP","floor":36},{"not_picked":["hermit:Virtue+1","hermit:LowProfile+1"],"picked":"hermit:CalledShot+1","floor":38},{"not_picked":["hermit:Ricochet+1","hermit:BigShot+1"],"picked":"hermit:FlashPowder+1","floor":39},{"not_picked":["hermit:HighCaliber","hermit:BlackWind"],"picked":"hermit:TakeCover+1","floor":41},{"not_picked":["hermit:HighCaliber+1","hermit:Vantage+1","hermit:Misfire+1"],"picked":"SKIP","floor":42},{"not_picked":["hermit:Quickdraw","hermit:Misfire"],"picked":"hermit:Snipe+1","floor":45},{"not_picked":["hermit:Spite","hermit:Coalescence+1"],"picked":"hermit:Gestalt+1","floor":47}],"player_experience":523891,"relics_obtained":[{"floor":6,"key":"Bag of Marbles"},{"floor":8,"key":"Shuriken"},{"floor":9,"key":"Ornamental Fan"},{"floor":12,"key":"Happy Flower"},{"floor":25,"key":"MealTicket"},{"floor":26,"key":"Ancient Tea Set"},{"floor":30,"key":"Toxic Egg 2"},{"floor":41,"key":"Frozen Egg 2"},{"floor":47,"key":"War Paint"},{"floor":48,"key":"Singing Bowl"}],"event_choices":[{"damage_healed":0,"gold_gain":0,"player_choice":"Lose Max HP","damage_taken":0,"relics_obtained":["Golden Idol"],"max_hp_gain":0,"max_hp_loss":6,"event_name":"Golden Idol","floor":2,"gold_loss":0},{"damage_healed":0,"gold_gain":0,"player_choice":"Box","damage_taken":0,"relics_obtained":["Bird Faced Urn"],"max_hp_gain":0,"max_hp_loss":0,"event_name":"Big Fish","floor":3,"gold_loss":0,"cards_obtained":["Regret"]},{"damage_healed":0,"gold_gain":0,"player_choice":"Grow","damage_taken":0,"max_hp_gain":0,"max_hp_loss":0,"event_name":"Living Wall","floor":11,"gold_loss":0,"cards_upgraded":["hermit:ShadowCloak"]},{"damage_healed":0,"gold_gain":0,"player_choice":"Obtain J.A.X.","damage_taken":0,"max_hp_gain":0,"max_hp_loss":0,"event_name":"Drug Dealer","floor":20,"gold_loss":0,"cards_obtained":["J.A.X."]},{"damage_healed":0,"gold_gain":0,"player_choice":"Opened","damage_taken":0,"relics_obtained":["hermit:RyeStalk"],"max_hp_gain":0,"max_hp_loss":0,"event_name":"The Mausoleum","floor":28,"gold_loss":0,"cards_obtained":["Writhe"]}],"is_beta":false,"boss_relics":[{"not_picked":["SacredBark","hermit:BartenderGlass"],"picked":"SlaversCollar"},{"not_picked":["hermit:DentedPlate","Astrolabe"],"picked":"hermit:ClaspedLocket"}],"items_purged_floors":[29,37],"is_endless":false,"potions_floor_spawned":[6,8,14,19,33,35,38,45],"killed_by":"Time Eater","ascension_level":7}}