{"host":"lcnwkjlokfwcnxxu","time":1610692139,"event":{"mods":["BaseMod","Colored Map","Downfall","GifTheSpireLib","Hermit","Koishi","Marisa（霧雨　魔理沙）","Minty Spire (QoL Compilation)","Quick Restart","Replay The Spire","StSLib","The Cursed","The Disciple","The Hierophant","The Servant 0.9.4"],"gold_per_floor":[114,39,39,51,51,51,83,95,120,24,24,24,43,63,63,164,164,174,174,74,86,86,86,119,119,168,168,185,285,299,319,319,416,416,431,204,228,241,241,241,241,241],"floor_reached":41,"language":"ENG","playtime":2376,"items_purged":["Defend_MRS","Normality","Defend_MRS"],"score":434,"play_id":"0b331f9e-24b0-487f-88f0-c9c89f6d9972","local_time":"20210114222859","is_ascension_mode":false,"campfire_choices":[{"data":"MasterSpark","floor":6,"key":"SMITH"},{"data":"AsteroidBelt","floor":12,"key":"SMITH"},{"data":"MilkyWay","floor":15,"key":"SMITH"},{"data":"GalacticHalo","floor":23,"key":"SMITH"},{"data":"MagicAbsorber","floor":27,"key":"SMITH"},{"floor":32,"key":"REST"},{"data":"Defend_MRS","floor":40,"key":"SMITH"}],"circlet_count":0,"master_deck":["Strike_MRS+1","Strike_MRS+1","Defend_MRS","Defend_MRS+1","MasterSpark+1","UpSweep+1","AsteroidBelt+1","GalacticHalo+1","NonDirectionalLaser+1","GrandCross+1","MilkyWay+1","MagicAbsorber+1","GalacticHalo+1","CasketOfStar+1","ManaConvection"],"relics":["MiniHakkero","Whetstone","Tiny Chest","ExperimentalFamiliar","Frozen Egg 2","Pocketwatch","Nloth\u0027s Gift","CaptainsWheel","ReplayTheSpireMod:Shallot","Replay:Bronze Core","Strawberry"],"acts_visited":["Exordium","TheCity","TheBeyond"],"potions_floor_usage":[16,24,28,29,33,33],"damage_taken":[{"damage":0,"enemies":"Small Slimes","floor":1,"turns":3},{"damage":0,"enemies":"2 Louse","floor":4,"turns":2},{"damage":10,"enemies":"Gremlin Nob","floor":7,"turns":4},{"damage":3,"enemies":"Jaw Worm","floor":8,"turns":2},{"damage":0,"enemies":"Large Slime","floor":13,"turns":3},{"damage":0,"enemies":"3 Louse","floor":14,"turns":2},{"damage":14,"enemies":"The Guardian","floor":16,"turns":12},{"damage":0,"enemies":"Chosen","floor":18,"turns":3},{"damage":0,"enemies":"Shell Parasite","floor":21,"turns":7},{"damage":13,"enemies":"Book of Stabbing","floor":24,"turns":7},{"damage":4,"enemies":"Centurion and Healer","floor":28,"turns":4},{"damage":12,"enemies":"Colosseum Slavers","floor":29,"turns":4},{"damage":16,"enemies":"Colosseum Nobs","floor":29,"turns":6},{"damage":2,"enemies":"Shelled Parasite and Fungi","floor":30,"turns":5},{"damage":0,"enemies":"Snake Plant","floor":31,"turns":6},{"damage":55,"enemies":"Automaton","floor":33,"turns":12},{"damage":1,"enemies":"3 Shapes","floor":35,"turns":3},{"damage":0,"enemies":"Orb Walker","floor":38,"turns":3},{"damage":0,"enemies":"Sphere and 2 Shapes","floor":41,"turns":1}],"seed_played":"8188864518511147538","potions_obtained":[{"floor":7,"key":"SpeedPotion"},{"floor":13,"key":"Swift Potion"},{"floor":16,"key":"Dexterity Potion"},{"floor":18,"key":"Flashbang"},{"floor":21,"key":"Swift Potion"},{"floor":29,"key":"SkillPotion"},{"floor":30,"key":"BottledSpark"},{"floor":33,"key":"ColorlessPotion"}],"is_trial":false,"path_per_floor":["M","$","?","M","?","R","E","M","T","$","?","R","M","M","R","B",null,"M","?","$","M","T","R","E","?","T","R","M","?","M","M","R","B",null,"M","$","T","M","?","R","M"],"character_chosen":"MARISA","items_purchased":["MilkyWay","champ:CounterPotion","Block Potion","Dexterity Potion"],"campfire_rested":1,"item_purchase_floors":[10,10,36,36],"current_hp_per_floor":[82,82,82,82,75,75,65,62,62,62,46,46,46,46,46,32,82,82,82,82,82,82,82,69,69,69,69,65,37,35,35,59,4,82,81,81,88,88,88,88,88,88],"gold":241,"neow_bonus":"TEN_PERCENT_HP_BONUS","is_daily":false,"chose_seed":false,"campfire_upgraded":6,"win_rate":0.0,"timestamp":1610692139,"path_taken":["M","$","?","M","?","R","E","M","T","$","?","R","?","M","R","BOSS","M","?","$","M","?","R","E","?","T","R","?","?","M","M","R","BOSS","M","$","?","M","?","R","?"],"items_purchased_type":["Card","Potion","Potion","Potion"],"build_version":"2020-12-22","purchased_purges":3,"victory":false,"max_hp_per_floor":[82,82,82,82,82,82,82,82,82,82,82,82,82,82,82,82,82,82,82,82,82,82,82,82,82,82,82,82,82,82,82,82,82,82,82,82,89,89,89,89,89,89],"card_choices":[{"not_picked":["GrandCross","DarkSpark"],"picked":"AsteroidBelt","floor":1},{"not_picked":["OrrerysSun","MachineGunSpark","ShootingEcho"],"picked":"SKIP","floor":4},{"not_picked":["OrrerysSun","MachineGunSpark","ShootingEcho"],"picked":"SKIP","floor":4},{"not_picked":["OrrerysSun","DarkSpark"],"picked":"NonDirectionalLaser","floor":7},{"not_picked":["WitchOfGreed","EnergyFlow"],"picked":"GrandCross","floor":8},{"not_picked":["PowerUp","Acceleration","GrandCross"],"picked":"SKIP","floor":13},{"not_picked":["MysteriousBeam","OrrerysSun"],"picked":"MagicAbsorber","floor":14},{"not_picked":["NonDirectionalLaser+1","6A+1"],"picked":"GalacticHalo","floor":18},{"not_picked":["GrandCross","WitchLeyline","FairyDestructionRay"],"picked":"SKIP","floor":21},{"not_picked":["MeteoricShower","MilkyWay","StarlightTyphoon"],"picked":"SKIP","floor":24},{"not_picked":["ShootingEcho+1","AsteroidBelt","Singularity+1"],"picked":"SKIP","floor":28},{"not_picked":["GalacticHalo+1","6A","PropBag"],"picked":"SKIP","floor":30},{"not_picked":["DarkMatter+1","WitchLeyline","DragonMeteor"],"picked":"SKIP","floor":31},{"not_picked":["JA","SuperNova+1"],"picked":"CasketOfStar+1","floor":33},{"not_picked":["GravityBeat","SporeBomb+1"],"picked":"ManaConvection","floor":35},{"not_picked":["PropBag","AsteroidBelt+1","SporeBomb+1"],"picked":"SKIP","floor":38}],"player_experience":83726,"relics_obtained":[{"floor":7,"key":"Whetstone"},{"floor":9,"key":"Tiny Chest"},{"floor":19,"key":"Ring of Hypnosis"},{"floor":22,"key":"Frozen Egg 2"},{"floor":24,"key":"Pocketwatch"},{"floor":29,"key":"CaptainsWheel"},{"floor":29,"key":"ReplayTheSpireMod:Shallot"},{"floor":37,"key":"Strawberry"}],"event_choices":[{"cards_removed":["Strike_MRS"],"damage_healed":0,"gold_gain":0,"player_choice":"Card Removal","damage_taken":7,"max_hp_gain":0,"max_hp_loss":0,"event_name":"Golden Wing","floor":5,"gold_loss":0},{"damage_healed":0,"gold_gain":0,"player_choice":"Entered Light","damage_taken":16,"max_hp_gain":0,"max_hp_loss":0,"event_name":"Shining Light","floor":11,"gold_loss":0,"cards_upgraded":["Strike_MRS","NonDirectionalLaser"]},{"damage_healed":0,"gold_gain":0,"player_choice":"Traded Relic","damage_taken":0,"relics_obtained":["Nloth\u0027s Gift"],"max_hp_gain":0,"max_hp_loss":0,"event_name":"N\u0027loth","floor":25,"relics_lost":["Ring of Hypnosis"],"gold_loss":0},{"damage_healed":0,"gold_gain":0,"player_choice":"Fight","damage_taken":0,"max_hp_gain":0,"max_hp_loss":0,"event_name":"Colosseum","floor":29,"gold_loss":0},{"damage_healed":0,"gold_gain":0,"player_choice":"Fought Nobs","damage_taken":0,"max_hp_gain":0,"max_hp_loss":0,"event_name":"Colosseum","floor":29,"gold_loss":0},{"damage_healed":0,"gold_gain":0,"player_choice":"Forge","damage_taken":0,"max_hp_gain":0,"max_hp_loss":0,"event_name":"Accursed Blacksmith","floor":39,"gold_loss":0,"cards_upgraded":["GrandCross"]}],"is_beta":false,"boss_relics":[{"not_picked":["BewitchedHakkero","RampagingMagicTools"],"picked":"ExperimentalFamiliar"},{"not_picked":["ChewingGum","Ring of Chaos"],"picked":"Replay:Bronze Core"}],"items_purged_floors":[2,20,36],"is_endless":false,"potions_floor_spawned":[7,13,16,18,21,29,30,33,38],"killed_by":"Sphere and 2 Shapes","ascension_level":0}}