{"host":"gzsdmyo07u314vug","time":1610743562,"event":{"mods":["2.2 Compatiblity","BaseMod","Downfall","GifTheSpireLib","Minty Spire (QoL Compilation)","Quick Restart","Rare Cards Sparkle","Relic Stats","Replay The Spire","Robot Space Explorer","Shop Mod","StSLib","The Bug Knight","The Construct","The Elementalist","The IronCluck","The Marked","The Servant 0.9.4","Unceasing Turn Reminder","everything is the same but u backflip on backflip","slay the spire mod where everything is the same but ironclad has a cowboy hat","vexMod"],"gold_per_floor":[109,109,109,159,178,178,201,201,201,201,231,54,54,54,54,147,147,167,92,142,42,56,56,92,92,117,131,131,147,147,166,166,260,260,273,71,87,87,3,3,38,56,110,129,129,129,142,165,165,165,165],"floor_reached":52,"language":"ENG","playtime":4735,"items_purged":["Decay","Sickly","ReplayTheSpireMod:Splinters"],"score":1276,"play_id":"999ae3bb-0a4f-4879-b88c-e46c96395426","local_time":"20210115174602","is_ascension_mode":true,"campfire_choices":[{"data":"Envenom","floor":6.0,"key":"SMITH"},{"data":"Dagger Spray","floor":10.0,"key":"SMITH"},{"floor":13.0,"key":"REST"},{"data":"After Image","floor":15.0,"key":"SMITH"},{"data":"Blade Dance","floor":23.0,"key":"SMITH"},{"floor":25.0,"key":"REST"},{"data":"Neutralize","floor":28.0,"key":"SMITH"},{"data":"Footwork","floor":32.0,"key":"SMITH"},{"floor":40.0,"key":"REST"},{"floor":46.0,"key":"REST"},{"floor":49.0,"key":"REST"}],"circlet_count":0,"master_deck":["AscendersBane","Defend_G","Defend_G","Defend_G","Survivor","Neutralize+1","Envenom+1","Dagger Spray+1","Blade Dance+1","Infinite Blades","After Image+1","After Image","Deflect","Deflect+1","Backflip","Hidden Blade","Footwork+1","Die Die Die","Concentrate+1","Blade Dance+1","Calculated Gamble+1","Blade Dance+1","After Image","Caltrops","All Out Attack","Infinite Blades"],"relics":["Ring of the Snake","Golden Idol","Garlic","StrikeDummy","Odd Mushroom","Kintsugi","Ornamental Fan","Replay:Baseball","Astrolabe","Replay:WaspNest","HollowMod:PaleOreRelic"],"acts_visited":["Exordium","TheCity","TheBeyond"],"potions_floor_usage":[51],"damage_taken":[{"damage":8.0,"enemies":"2 Louse","floor":1.0,"turns":3.0},{"damage":6.0,"enemies":"Small Slimes","floor":5.0,"turns":4.0},{"damage":9.0,"enemies":"Cultist","floor":7.0,"turns":5.0},{"damage":15.0,"enemies":"The Mushroom Lair","floor":11.0,"turns":4.0},{"damage":27.0,"enemies":"Slime Boss","floor":16.0,"turns":9.0},{"damage":8.0,"enemies":"Spheric Guardian","floor":18.0,"turns":10.0},{"damage":0.0,"enemies":"Shell Parasite","floor":22.0,"turns":11.0},{"damage":12.0,"enemies":"Book of Stabbing","floor":24.0,"turns":8.0},{"damage":6.0,"enemies":"Snake Plant","floor":27.0,"turns":7.0},{"damage":0.0,"enemies":"Sentry and Sphere","floor":29.0,"turns":10.0},{"damage":3.0,"enemies":"Shelled Parasite and Fungi","floor":31.0,"turns":8.0},{"damage":19.0,"enemies":"Pondfish","floor":33.0,"turns":12.0},{"damage":18.0,"enemies":"3 Darklings","floor":35.0,"turns":5.0},{"damage":1.0,"enemies":"Orb Walker","floor":37.0,"turns":6.0},{"damage":7.0,"enemies":"Reptomancer","floor":41.0,"turns":8.0},{"damage":0.0,"enemies":"3 Darklings","floor":42.0,"turns":6.0},{"damage":21.0,"enemies":"Jaw Worm Horde","floor":44.0,"turns":6.0},{"damage":9.0,"enemies":"Maw","floor":47.0,"turns":8.0},{"damage":7.0,"enemies":"4 Shapes","floor":48.0,"turns":11.0},{"damage":6.0,"enemies":"Replay:Hell Engine","floor":50.0,"turns":15.0},{"damage":34,"enemies":"Awakened One","floor":51,"turns":15}],"seed_played":"-1609716168300871829","potions_obtained":[{"floor":5.0,"key":"SteroidPotion"},{"floor":11.0,"key":"PowerPotion"},{"floor":18.0,"key":"Fire Potion"},{"floor":22.0,"key":"Languid Potion"},{"floor":31.0,"key":"champ:CounterPotion"},{"floor":33.0,"key":"BlessingOfTheForge"},{"floor":35.0,"key":"Slimebound:ThreeZeroPotion"},{"floor":41.0,"key":"Swift Potion"},{"floor":48.0,"key":"LifebloodPotion"}],"is_trial":false,"path_per_floor":["M","?","?","?","M","R","M","T","T","R","?","$","R","$","R","B",null,"M","$","?","$","M","R","E","R","T","M","R","M","?","M","R","B",null,"M","$","M","?","$","R","E","M","T","M","?","R","M","M","R","B","B",null],"character_chosen":"THE_SILENT","items_purchased":["After Image","After Image","Caltrops"],"campfire_rested":5,"item_purchase_floors":[12,36,39],"current_hp_per_floor":[51,51,51,51,45,45,36,36,36,36,21,21,39,39,39,12,48,40,40,40,40,40,40,28,46,46,40,40,40,40,37,37,18,50,32,32,31,31,31,49,42,42,42,21,21,39,30,23,41,35,1],"gold":165,"neow_bonus":"THREE_RARE_CARDS","is_daily":false,"chose_seed":false,"campfire_upgraded":6,"win_rate":0.0,"timestamp":1610743562,"path_taken":["M","?","?","?","M","R","M","?","T","R","?","$","R","$","R","BOSS","M","$","?","$","M","R","E","R","T","M","R","M","?","M","R","BOSS","M","$","M","?","$","R","E","?","T","M","?","R","M","M","R","BOSS","BOSS"],"items_purchased_type":["Card","Card","Card"],"build_version":"2020-12-22","purchased_purges":3,"victory":true,"max_hp_per_floor":[66,60,60,60,60,60,60,60,60,60,60,60,60,60,60,60,60,60,60,60,60,60,60,60,60,60,60,60,60,60,60,60,60,60,60,60,60,60,60,60,60,60,60,60,60,60,60,60,60,60,60],"relic_stats":{"counters":[21,171],"Golden Idol":146,"Ornamental Fan":[520],"Astrolabe":["Concentrate","Blade Dance","Calculated Gamble"],"obtain_stats":[{"Replay:Baseball":26,"Golden Idol":2,"Ornamental Fan":24,"Astrolabe":34,"Replay:WaspNest":41,"Garlic":8,"HollowMod:PaleOreRelic":43,"Odd Mushroom":11,"Kintsugi":17,"StrikeDummy":9,"Ring of the Snake":0},{"Replay:Baseball":8,"Golden Idol":1,"Ornamental Fan":8,"Astrolabe":12,"Replay:WaspNest":15,"Garlic":3,"HollowMod:PaleOreRelic":16,"Odd Mushroom":4,"Kintsugi":5,"StrikeDummy":3,"Ring of the Snake":0},{"Replay:Baseball":54,"Golden Idol":3,"Ornamental Fan":54,"Astrolabe":91,"Replay:WaspNest":110,"Garlic":12,"HollowMod:PaleOreRelic":116,"Odd Mushroom":16,"Kintsugi":25,"StrikeDummy":12,"Ring of the Snake":0}],"Ring of the Snake":[42]},"card_choices":[{"not_picked":["Atom Bomb","Phantasmal Killer"],"picked":"Envenom","floor":0.0},{"not_picked":["Replay:Poison Smokescreen","Concentrate","Sucker Punch"],"picked":"SKIP","floor":1.0},{"not_picked":["Endless Agony","Infinite Blades"],"picked":"Dagger Spray","floor":5.0},{"not_picked":["Choke","Underhanded Strike"],"picked":"Blade Dance","floor":7.0},{"not_picked":["Prepared","Flying Knee"],"picked":"Infinite Blades","floor":11.0},{"not_picked":["Storm of Steel","Poison Darts"],"picked":"After Image","floor":16.0},{"not_picked":["Setup","Outmaneuver"],"picked":"Deflect","floor":18.0},{"not_picked":["Dagger Throw","Replay:Poison Smokescreen"],"picked":"Deflect","floor":22.0},{"not_picked":["Slice","Flechettes+1"],"picked":"Backflip","floor":24.0},{"not_picked":["Accuracy","Flechettes"],"picked":"Heel Hook","floor":27.0},{"not_picked":["Slice","Dodge and Roll"],"picked":"Hidden Blade","floor":29.0},{"not_picked":["Prepared","Doppelganger"],"picked":"Footwork","floor":31.0},{"not_picked":["Poison Darts","Wraith Form v2"],"picked":"Die Die Die","floor":33.0},{"not_picked":["Slice","Sneak Up"],"picked":"Blade Dance+1","floor":35.0},{"not_picked":["Prepared","Flechettes","ReplayTheSpireMod:Exploit Weakness"],"picked":"SKIP","floor":37.0},{"not_picked":["Hidden Blade+1","Dagger Throw","Acrobatics"],"picked":"SKIP","floor":41.0},{"not_picked":["Expertise","Sucker Punch+1","Dagger Throw"],"picked":"SKIP","floor":42.0},{"not_picked":["Eviscerate","Sucker Punch+1","Flying Knee"],"picked":"SKIP","floor":44.0},{"not_picked":["Eviscerate","Sucker Punch+1","Flying Knee"],"picked":"SKIP","floor":44.0},{"not_picked":["Poisoned Stab","Blade Dance"],"picked":"Infinite Blades","floor":47.0},{"not_picked":["Deadly Poison+1","Hidden Blade","Flying Knee"],"picked":"SKIP","floor":48.0}],"player_experience":741234,"relics_obtained":[{"floor":8.0,"key":"Garlic"},{"floor":9.0,"key":"StrikeDummy"},{"floor":11.0,"key":"Odd Mushroom"},{"floor":24.0,"key":"Ornamental Fan"},{"floor":26.0,"key":"Replay:Baseball"},{"floor":41.0,"key":"Replay:WaspNest"},{"floor":43.0,"key":"HollowMod:PaleOreRelic"}],"event_choices":[{"damage_healed":0.0,"max_hp_gain":0.0,"max_hp_loss":6.0,"gold_gain":0.0,"event_name":"Golden Idol","player_choice":"Lose Max HP","floor":2.0,"gold_loss":0.0,"damage_taken":0.0,"relics_obtained":["Golden Idol"]},{"damage_healed":0.0,"max_hp_gain":0.0,"max_hp_loss":0.0,"gold_gain":0.0,"event_name":"Mushrooms","player_choice":"Fought Mushrooms","floor":11.0,"gold_loss":0.0,"damage_taken":0.0},{"damage_healed":0.0,"max_hp_gain":0.0,"max_hp_loss":0.0,"gold_gain":50.0,"event_name":"Nest","player_choice":"Stole From Cult","floor":20.0,"gold_loss":0.0,"damage_taken":0.0},{"damage_healed":0.0,"max_hp_gain":0.0,"max_hp_loss":0.0,"gold_gain":0.0,"event_name":"Upgrade Shrine","player_choice":"Upgraded","floor":38.0,"gold_loss":0.0,"damage_taken":0.0,"cards_upgraded":["Deflect"]},{"damage_healed":0.0,"max_hp_gain":0.0,"max_hp_loss":0.0,"gold_gain":0.0,"event_name":"Match and Keep!","player_choice":"1 cards matched","floor":45.0,"gold_loss":0.0,"damage_taken":0.0,"cards_obtained":["All Out Attack"]}],"is_beta":false,"boss_relics":[{"not_picked":["Ectoplasm","Coffee Dripper"],"picked":"Kintsugi"},{"not_picked":["Replay:Grab Bag","Pandora\u0027s Box"],"picked":"Astrolabe"}],"items_purged_floors":[19,21,36],"is_endless":false,"potions_floor_spawned":[5,11,18,22,31,33,35,41,48],"ascension_level":20}}