{"host":"vzugls1u57eppbds","time":1610736372,"event":{"mods":["AchievementEnabler","BaseMod","Better Third Choice","Minty Spire (QoL Compilation)","Relic Stats","Shop Mod","StSLib","The IronCluck"],"gold_per_floor":[109,109,126,141,156,156,29,29,29,41,41,41,74,74,74,176,176,187,287,81,134,134,134,134,134,134,150,165,165,177,197,197,197,197],"floor_reached":33,"language":"ENG","playtime":853,"items_purged":[],"score":355,"play_id":"4658d2ee-935a-4909-bde2-c8d62670cb70","local_time":"20210115194612","is_ascension_mode":true,"campfire_choices":[{"floor":6,"key":"REST"},{"data":"Body Slam","floor":8,"key":"SMITH"},{"floor":11,"key":"REST"},{"floor":15,"key":"REST"},{"floor":23,"key":"REST"},{"data":"Mind Blast","floor":25,"key":"SMITH"},{"floor":32,"key":"REST"}],"circlet_count":0,"master_deck":["Strike_R","Strike_R","Strike_R","Strike_R","Defend_R","Defend_R","Defend_R","Defend_R","Dropkick","Feel No Pain","Thunderclap","Clothesline","Whirlwind","Body Slam+1","Pummel","Flex","Immolate","Feed","Iron Wave+1","Combust","Mind Blast+1","Shrug It Off","Rage","Pommel Strike","Pommel Strike+1","Rupture+1","Shrug It Off"],"relics":["Burning Blood","Tiny Chest","InkBottle","Mercury Hourglass","Runic Cube","Strawberry","Peace Pipe","Akabeko"],"acts_visited":["Exordium","TheCity"],"potions_floor_usage":[5,10,13,16,16,33,33],"damage_taken":[{"damage":22,"enemies":"Small Slimes","floor":1,"turns":5},{"damage":6,"enemies":"Cultist","floor":3,"turns":5},{"damage":4,"enemies":"Jaw Worm","floor":4,"turns":3},{"damage":34,"enemies":"Exordium Thugs","floor":5,"turns":5},{"damage":37,"enemies":"Gremlin Gang","floor":10,"turns":9},{"damage":31,"enemies":"3 Sentries","floor":13,"turns":6},{"damage":10,"enemies":"Slime Boss","floor":16,"turns":6},{"damage":19,"enemies":"Spheric Guardian","floor":18,"turns":4},{"damage":15,"enemies":"2 Thieves","floor":27,"turns":4},{"damage":35,"enemies":"Centurion and Healer","floor":28,"turns":6},{"damage":17,"enemies":"Cultist and Chosen","floor":30,"turns":5},{"damage":28,"enemies":"Sentry and Sphere","floor":31,"turns":4},{"damage":89,"enemies":"Collector","floor":33,"turns":6}],"seed_played":"2999197619918816254","potions_obtained":[{"floor":1,"key":"ElixirPotion"},{"floor":4,"key":"AttackPotion"},{"floor":10,"key":"PowerPotion"},{"floor":13,"key":"ColorlessPotion"},{"floor":14,"key":"Regen Potion"},{"floor":14,"key":"Swift Potion"},{"floor":27,"key":"ColorlessPotion"},{"floor":28,"key":"Dexterity Potion"},{"floor":31,"key":"FairyPotion"}],"is_trial":false,"path_per_floor":["M","?","M","M","M","R","$","R","T","M","R","T","E","?","R","B",null,"M","?","$","T","?","R","?","R","T","M","M","T","M","M","R","B"],"character_chosen":"IRONCLAD","items_purchased":["Pummel","Flex","Combust","Mind Blast","Shrug It Off"],"campfire_rested":5,"item_purchase_floors":[7,7,20,20,20],"current_hp_per_floor":[56,56,56,58,30,51,51,51,51,20,41,41,16,16,37,33,62,49,49,49,56,56,79,79,79,79,70,44,44,33,11,35,0,0],"gold":197,"neow_bonus":"TRANSFORM_TWO_CARDS","is_daily":false,"chose_seed":false,"campfire_upgraded":2,"win_rate":0.0,"timestamp":1610736372,"path_taken":["M","?","?","M","M","R","$","R","T","M","R","?","E","?","R","BOSS","M","?","$","?","?","R","?","R","T","?","M","?","M","M","R","BOSS"],"items_purchased_type":["Card","Card","Card","Card","Card"],"build_version":"2020-12-22","purchased_purges":0,"victory":false,"max_hp_per_floor":[72,72,72,72,72,72,72,72,72,72,72,72,72,72,72,72,72,72,72,72,79,79,79,79,79,79,79,82,82,82,82,82,82,82],"relic_stats":{"Peace Pipe":0,"counters":[13,68],"Tiny Chest":2,"obtain_stats":[{"Peace Pipe":26,"Strawberry":21,"Tiny Chest":9,"Burning Blood":0,"InkBottle":12,"Akabeko":29,"Mercury Hourglass":13,"Runic Cube":17},{"Peace Pipe":8,"Strawberry":8,"Tiny Chest":4,"Burning Blood":0,"InkBottle":5,"Akabeko":10,"Mercury Hourglass":6,"Runic Cube":7},{"Peace Pipe":43,"Strawberry":43,"Tiny Chest":18,"Burning Blood":0,"InkBottle":27,"Akabeko":53,"Mercury Hourglass":33,"Runic Cube":39}],"Burning Blood":72,"InkBottle":[12],"Mercury Hourglass":[130],"Runic Cube":[29]},"card_choices":[{"not_picked":["Shrug It Off","Clothesline"],"picked":"Thunderclap","floor":1},{"not_picked":["Sword Boomerang","Armaments"],"picked":"Clothesline","floor":3},{"not_picked":["Rupture","Evolve"],"picked":"Whirlwind","floor":4},{"not_picked":["Clothesline","True Grit"],"picked":"Body Slam","floor":5},{"not_picked":["Headbutt","Havoc"],"picked":"Immolate","floor":10},{"not_picked":["Dark Embrace","Clothesline","Hemokinesis"],"picked":"SKIP","floor":13},{"not_picked":["Fiend Fire","Corruption"],"picked":"Feed","floor":16},{"not_picked":["Heavy Blade+1","Anger"],"picked":"Iron Wave+1","floor":18},{"not_picked":["Armaments","Heavy Blade"],"picked":"Pommel Strike","floor":27},{"not_picked":["Flex+1","Shrug It Off"],"picked":"Pommel Strike+1","floor":28},{"not_picked":["Havoc+1","Reaper"],"picked":"Rupture+1","floor":30},{"not_picked":["Anger+1","Warcry+1"],"picked":"Shrug It Off","floor":31}],"player_experience":229501,"relics_obtained":[{"floor":9,"key":"Tiny Chest"},{"floor":12,"key":"InkBottle"},{"floor":13,"key":"Mercury Hourglass"},{"floor":21,"key":"Strawberry"},{"floor":26,"key":"Peace Pipe"},{"floor":29,"key":"Akabeko"}],"event_choices":[{"damage_healed":0,"gold_gain":0,"player_choice":"0 cards matched","damage_taken":0,"max_hp_gain":0,"max_hp_loss":0,"event_name":"Match and Keep!","floor":2,"gold_loss":0,"cards_obtained":[]},{"damage_healed":0,"gold_gain":0,"player_choice":"Got Potions","damage_taken":0,"max_hp_gain":0,"max_hp_loss":0,"event_name":"Lab","floor":14,"gold_loss":0},{"damage_healed":0,"gold_gain":100,"player_choice":"Pray","damage_taken":0,"max_hp_gain":0,"max_hp_loss":0,"event_name":"Golden Shrine","floor":19,"gold_loss":0},{"damage_healed":0,"gold_gain":0,"player_choice":"Ignored","damage_taken":0,"max_hp_gain":0,"max_hp_loss":0,"event_name":"Beggar","floor":22,"gold_loss":0},{"damage_healed":0,"gold_gain":0,"player_choice":"Read","damage_taken":0,"max_hp_gain":0,"max_hp_loss":0,"event_name":"The Library","floor":24,"gold_loss":0,"cards_obtained":["Rage"]}],"is_beta":false,"boss_relics":[{"not_picked":["Philosopher\u0027s Stone","Ectoplasm"],"picked":"Runic Cube"}],"items_purged_floors":[],"is_endless":false,"potions_floor_spawned":[1,4,10,13,27,28,31],"killed_by":"Collector","ascension_level":9}}