{"host":"440aydzcd8mkncjo","time":1610747800,"event":{"mods":["2.2 Compatiblity","Act Like it!","Aspiration","Astrologer","Bard","BaseMod","Beaked The Cultist","Challenge The Spire","Chen","Colored Map","Conspire","Downfall","Energized Spire","Friendly Minions","Gensokyo","Gremlin Mod","Halation","Hallownest","Hubris","Infinite Spire","Jedi Mod","Jorbs\u0027s Wanderer Trilogy","Koishi","Mad Scientist","Marisa????????","Mimic Mod","Minty Spire (QoL Compilation)","Rare Cards Sparkle","Reimu??????","Relic Sorter","Remilia??????","Replay The Spire","Shade Mod","Shop Mod","Somnambulant","StSLib","The Administrix","The Alterego","The Blackbeard","The Bug Knight","The Construct","The Cursed","The Elementalist","The Florist","The Gatherer","The Hierophant","The Jungle","The Marked","The Mystic","The Problem Sleuth","The Runesmith","The Servant 0.9.4","TheBandit","TheSwordswoman","Unknown Chances","Waifu the Spire","Youmu??????","Yuri Mod","Yuyuko","thorton","vexMod"],"gold_per_floor":[116,116,127,127,145,145,177,177,177,277,379,391,411,430,430,531,531,550,550,550,550,550,550,550,550,602,617,646,663,683,717,717,819,819,836,836,870,889,889,889,907,907,987,1001,1001,1001,1001],"floor_reached":46,"language":"ENG","playtime":3765,"items_purged":[],"score":658,"play_id":"b4ed558f-d777-464b-ab61-e604d400dfb5","local_time":"20210115215640","is_ascension_mode":false,"campfire_choices":[{"data":"elementalist:Confluence","floor":6,"key":"SMITH"},{"floor":8,"key":"REST"},{"floor":15,"key":"REST"},{"data":"hubris:InfiniteBlow+16","floor":23,"key":"SMITH"},{"floor":25,"key":"REST"},{"floor":32,"key":"REST"},{"floor":40,"key":"REST"},{"floor":42,"key":"REST"}],"circlet_count":0,"master_deck":["elementalist:Earth_Emblem","elementalist:Strike+Elemblue","elementalist:Defend_Elemblue","elementalist:Defend_Elemblue","elementalist:Defend_Elemblue","elementalist:Defend_Elemblue","elementalist:Defend_Elemblue","elementalist:Firestrike","elementalist:Earthstrike","elementalist:Waterstrike","elementalist:Airstrike","elementalist:Crystal_Chalk+1","elementalist:Aegis","elementalist:Confluence+1","elementalist:Prepared_Sand","elementalist:Solar_Form","elementalist:Flame","elementalist:Prepared_Sand","elementalist:Inferno","elementalist:Monument","elementalist:Flame","elementalist:Cauterize","elementalist:Kiln","elementalist:Monument+1","Shame","hubris:InfiniteBlow+17","elementalist:Flame+1","hubris:Rewind","elementalist:Geomancy","elementalist:Solar_Form","elementalist:Mage_Hand","elementalist:Rising_Tides+1","elementalist:Cauterize","elementalist:Gaian_Form+1","elementalist:Astral_Form","elementalist:Ignition","elementalist:Solar_Form+1","elementalist:Overheat+1","jedi:BattleThirst","elementalist:Gaian_Form","elementalist:Solar_Form+1","elementalist:Fission_Lance+1"],"relics":["elementalistmod:MagusStaff","elementalistmod:RedRibbon","hubris:ToyBattleship","elementalistmod:YellowCirclet","Regal Pillow","infinitespire:Lucky Rock","aspiration:HiddenCompartment","construct:WeddingRing","halation:PinkSoulGem","theJungle:SneckoAutograph","hubris:Towel","Tiny Chest","jedi:arcanewood","Pen Nib","conspire:Dentures","Philosopher\u0027s Stone","conspire:InfiniteJournal","vexMod:RetaliationKit","hubris:GlazedTorus","Quantum Egg","vexMod:BarristanHead"],"acts_visited":["Gensokyo:Gensokyo","Gensokyo:Gensokyo","Gensokyo:Gensokyoest"],"potions_floor_usage":[16,16,16,28],"damage_taken":[{"damage":5,"enemies":"Gensokyo:Gryphon","floor":1,"turns":6},{"damage":0,"enemies":"Gensokyo:2_Kodama","floor":3,"turns":6},{"damage":1,"enemies":"Gensokyo:Python","floor":5,"turns":6},{"damage":17,"enemies":"Gensokyo:Cirno","floor":7,"turns":7},{"damage":6,"enemies":"Gensokyo:Kitsune","floor":12,"turns":5},{"damage":13,"enemies":"Gensokyo:CorruptedTreant","floor":13,"turns":5},{"damage":4,"enemies":"Gensokyo:3_Kodama","floor":14,"turns":6},{"damage":45,"enemies":"Gensokyo:Reimu","floor":16,"turns":9},{"damage":5,"enemies":"theJungle:MUSHROOMGANG","floor":18,"turns":5},{"damage":9,"enemies":"theJungle:5_Spyders","floor":27,"turns":6},{"damage":0,"enemies":"theJungle:MamaSnecko","floor":28,"turns":5},{"damage":14,"enemies":"theJungle:Snecko_Cultist_And_Trap","floor":29,"turns":6},{"damage":9,"enemies":"theJungle:SlimyTreeVines","floor":30,"turns":5},{"damage":22,"enemies":"theJungle:2_Phrogs","floor":31,"turns":6},{"damage":0,"enemies":"theJungle:QueenSpyder","floor":33,"turns":1},{"damage":23,"enemies":"Gensokyo:3_Boulders","floor":35,"turns":6},{"damage":0,"enemies":"Gensokyo:AncientGuardian","floor":37,"turns":2},{"damage":14,"enemies":"Gensokyo:AncientGuardian","floor":38,"turns":4},{"damage":21,"enemies":"Gensokyo:Dusk_and_Dawn","floor":41,"turns":4},{"damage":47,"enemies":"Gensokyo:Rafflesia","floor":44,"turns":6},{"damage":34,"enemies":"Gensokyo:Kasen","floor":46,"turns":1}],"seed_played":"5085148876502428663","potions_obtained":[{"floor":7,"key":"BlessingOfTheForge"},{"floor":13,"key":"jedi:StrikingPotion"},{"floor":14,"key":"Reflective Coating"},{"floor":16,"key":"Swift Potion"},{"floor":27,"key":"Strength Potion"},{"floor":29,"key":"Energy Potion"},{"floor":35,"key":"SteroidPotion"}],"is_trial":false,"path_per_floor":["M","?","M","?","M","R","E","R","T","?","?","M","M","M","R","B",null,"M","?","?","?","AVR","R","?","R","T","M","E","M","M","E","R","B",null,"M","?","MIM","M","?","R","M","R","T","M","T","E"],"character_chosen":"THE_ELEMENTALIST","items_purchased":[],"campfire_rested":6,"item_purchase_floors":[],"current_hp_per_floor":[65,65,65,65,64,64,47,70,70,70,42,36,23,19,55,10,70,65,65,65,65,65,65,48,70,70,61,61,47,43,21,57,57,70,47,37,37,23,23,59,38,70,70,23,23,0,0],"gold":1001,"neow_bonus":"RANDOM_COMMON_RELIC","is_daily":false,"chose_seed":false,"campfire_upgraded":2,"win_rate":0.0,"timestamp":1610747800,"path_taken":["M","?","M","?","?","R","E","R","T","?","?","M","?","M","R","BOSS","M","?","?","?","AVR","R","?","R","T","M","E","M","?","E","R","BOSS","M","?","?","?","?","R","M","?","T","M","?","E"],"items_purchased_type":[],"build_version":"2020-12-22","purchased_purges":0,"victory":false,"max_hp_per_floor":[70,70,70,70,70,70,70,70,70,70,70,70,70,70,70,70,70,70,70,70,70,70,70,70,70,70,70,70,70,70,70,70,70,70,70,70,70,70,70,70,70,70,70,70,70,70,70],"card_choices":[{"not_picked":["elementalist:Confluence","elementalist:Cyclone"],"picked":"elementalist:Aegis","floor":1},{"not_picked":["elementalist:Mage_Hand","elementalist:Caution"],"picked":"elementalist:Confluence","floor":3},{"not_picked":["elementalist:Low_Tides","elementalist:Fission_Lance"],"picked":"elementalist:Prepared_Sand","floor":5},{"not_picked":["elementalist:Emberveil","elementalist:Overheat"],"picked":"elementalist:Solar_Form","floor":7},{"not_picked":["elementalist:Geomancy","elementalist:Wards"],"picked":"elementalist:Prepared_Sand","floor":11},{"not_picked":["elementalist:Aegis","elementalist:Undertow"],"picked":"elementalist:Inferno","floor":11},{"not_picked":["elementalist:Prepared_Sand","elementalist:Emberveil"],"picked":"elementalist:Monument","floor":12},{"not_picked":["elementalist:Overheat","elementalist:Caution"],"picked":"elementalist:Flame","floor":13},{"not_picked":["elementalist:Geomancy","elementalist:Monument"],"picked":"elementalist:Cauterize","floor":14},{"not_picked":["elementalist:Refract","elementalist:Burning_Soul"],"picked":"elementalist:Kiln","floor":16},{"not_picked":["elementalist:Fission_Lance","elementalist:Overheat+1"],"picked":"elementalist:Monument+1","floor":18},{"not_picked":["hubris:Fate","infinitespire:FutureSight"],"picked":"hubris:Rewind","floor":24},{"not_picked":["elementalist:Spout","elementalist:Prepared_Sand"],"picked":"elementalist:Geomancy","floor":27},{"not_picked":["elementalist:Monument","elementalist:Geomancy"],"picked":"elementalist:Solar_Form","floor":28},{"not_picked":["elementalist:Wards","elementalist:Emberveil"],"picked":"elementalist:Mage_Hand","floor":29},{"not_picked":["elementalist:Overheat","elementalist:Monument"],"picked":"elementalist:Rising_Tides+1","floor":30},{"not_picked":["elementalist:Wards","elementalist:Stone_to_Mud"],"picked":"elementalist:Cauterize","floor":31},{"not_picked":["elementalist:Burning_Soul","elementalist:Impact"],"picked":"elementalist:Astral_Form","floor":33},{"not_picked":["elementalist:Prepared_Sand","elementalist:Blaze"],"picked":"elementalist:Ignition","floor":35},{"not_picked":["elementalist:Spark+1","elementalist:Monument+1"],"picked":"elementalist:Solar_Form+1","floor":37},{"not_picked":["elementalist:Aero","elementalist:Spout+1"],"picked":"elementalist:Overheat+1","floor":38},{"not_picked":["elementalist:Mage_Hand+1","elementalist:Cauterize+1"],"picked":"elementalist:Solar_Form+1","floor":41},{"not_picked":["elementalist:Stone_to_Mud","elementalist:Monument"],"picked":"elementalist:Fission_Lance+1","floor":44}],"player_experience":743919,"relics_obtained":[{"floor":7,"key":"Regal Pillow"},{"floor":9,"key":"infinitespire:Lucky Rock"},{"floor":11,"key":"aspiration:HiddenCompartment"},{"floor":26,"key":"jedi:arcanewood"},{"floor":28,"key":"Pen Nib"},{"floor":31,"key":"conspire:Dentures"},{"floor":37,"key":"conspire:InfiniteJournal"},{"floor":37,"key":"vexMod:RetaliationKit"},{"floor":43,"key":"Quantum Egg"},{"floor":45,"key":"vexMod:BarristanHead"}],"event_choices":[],"is_beta":false,"boss_relics":[{"not_picked":["Busted Crown","energizedSpire:RedRose"],"picked":"construct:WeddingRing"},{"not_picked":["Replay:Drink Me","thethorton:CrushedCigarette"],"picked":"Philosopher\u0027s Stone"}],"items_purged_floors":[],"is_endless":false,"potions_floor_spawned":[7,13,14,16,27,29,35,41,44],"killed_by":"Gensokyo:Kasen","ascension_level":0}}