{"host":"da4a6z8aof69aasy","time":1610742835,"event":{"mods":["AchievementEnabler","BaseMod","Block Reminder","Colored Powertips","DeckTracker","Highlight Path","Minty Spire (QoL Compilation)","Permanent Neow","Relic Stats","StSLib"],"gold_per_floor":[114,129,129,180,180,205,205,235,287,315,335,354,126,161,161,238,238,255,170,95,95,110,141,141,167,217,242,242,256,267,367,367,444,444,459,459,459,506,523,551,564,564,564,591,603,638,344,354,354,354,354,354,23,55,55],"floor_reached":56,"language":"ENG","playtime":8134,"items_purged":["Strike_G","Quick Slash"],"score":2274,"play_id":"71262858-cf72-4bf2-aa19-5cefea3a641b","local_time":"20210115223355","is_ascension_mode":true,"campfire_choices":[{"floor":7.0,"key":"REST"},{"data":"Deadly Poison","floor":15.0,"key":"SMITH"},{"floor":24.0,"key":"REST"},{"floor":28.0,"key":"REST"},{"floor":32.0,"key":"RECALL"},{"floor":42.0,"key":"REST"},{"floor":49.0,"key":"REST"},{"floor":52.0,"key":"REST"}],"circlet_count":0,"master_deck":["AscendersBane","Survivor","Neutralize","Poisoned Stab+1","Finisher+1","Corpse Explosion+1","PiercingWail","Poisoned Stab","Backflip","Blade Dance","Deadly Poison+1","Escape Plan+1","Dagger Throw+1","Escape Plan","Calculated Gamble","Infinite Blades+1","Backflip","Predator","Catalyst","Envenom","Deflect","Bullet Time","After Image","Glass Knife","Dash","Dash+1","PiercingWail","Cloak And Dagger","Catalyst","Escape Plan","Footwork","Noxious Fumes","Deadly Poison+1","Footwork+1","PiercingWail","PiercingWail"],"relics":["Astrolabe","Bag of Preparation","Matryoshka","Blood Vial","Toy Ornithopter","Dream Catcher","War Paint","Pantograph","Fusion Hammer","Prayer Wheel","Bag of Marbles","Orichalcum","Snake Skull","Vajra","Tiny Chest","Mango","Singing Bowl","Pandora\u0027s Box","Happy Flower","Tough Bandages","Ornamental Fan","Blue Candle","The Courier","Pen Nib","Centennial Puzzle","Medical Kit","InkBottle"],"acts_visited":["Exordium","TheCity","TheBeyond","TheEnding"],"potions_floor_usage":[55,55],"damage_taken":[{"damage":10.0,"enemies":"2 Louse","floor":1.0,"turns":2.0},{"damage":2.0,"enemies":"Jaw Worm","floor":2.0,"turns":3.0},{"damage":17.0,"enemies":"Lagavulin","floor":6.0,"turns":5.0},{"damage":16.0,"enemies":"Gremlin Nob","floor":8.0,"turns":3.0},{"damage":14.0,"enemies":"Lagavulin","floor":10.0,"turns":5.0},{"damage":1.0,"enemies":"Small Slimes","floor":11.0,"turns":2.0},{"damage":7.0,"enemies":"Exordium Thugs","floor":12.0,"turns":4.0},{"damage":10.0,"enemies":"3 Sentries","floor":14.0,"turns":2.0},{"damage":20.0,"enemies":"Hexaghost","floor":16.0,"turns":8.0},{"damage":11.0,"enemies":"Spheric Guardian","floor":18.0,"turns":3.0},{"damage":1.0,"enemies":"Shell Parasite","floor":22.0,"turns":3.0},{"damage":6.0,"enemies":"Gremlin Leader","floor":23.0,"turns":6.0},{"damage":34.0,"enemies":"Book of Stabbing","floor":25.0,"turns":6.0},{"damage":0.0,"enemies":"Gremlin Leader","floor":27.0,"turns":4.0},{"damage":3.0,"enemies":"Cultist and Chosen","floor":29.0,"turns":2.0},{"damage":0.0,"enemies":"Snake Plant","floor":30.0,"turns":3.0},{"damage":2.0,"enemies":"Colosseum Slavers","floor":31.0,"turns":3.0},{"damage":0.0,"enemies":"Colosseum Nobs","floor":31.0,"turns":3.0},{"damage":60.0,"enemies":"Automaton","floor":33.0,"turns":9.0},{"damage":3.0,"enemies":"Orb Walker","floor":35.0,"turns":3.0},{"damage":0.0,"enemies":"3 Shapes","floor":39.0,"turns":3.0},{"damage":45.0,"enemies":"Nemesis","floor":40.0,"turns":7.0},{"damage":0.0,"enemies":"Maw","floor":41.0,"turns":6.0},{"damage":0.0,"enemies":"Giant Head","floor":44.0,"turns":5.0},{"damage":0.0,"enemies":"Jaw Worm Horde","floor":45.0,"turns":3.0},{"damage":18.0,"enemies":"Reptomancer","floor":46.0,"turns":5.0},{"damage":23.0,"enemies":"Spire Growth","floor":48.0,"turns":5.0},{"damage":15.0,"enemies":"Donu and Deca","floor":50.0,"turns":5.0},{"damage":21,"enemies":"Shield and Spear","floor":54,"turns":5},{"damage":76,"enemies":"The Heart","floor":55,"turns":9}],"seed_played":"1182021498782359257","potions_obtained":[{"floor":1.0,"key":"CultistPotion"},{"floor":6.0,"key":"LiquidBronze"},{"floor":8.0,"key":"Regen Potion"},{"floor":11.0,"key":"Energy Potion"},{"floor":14.0,"key":"GamblersBrew"},{"floor":16.0,"key":"EssenceOfSteel"},{"floor":27.0,"key":"SkillPotion"},{"floor":30.0,"key":"Dexterity Potion"},{"floor":31.0,"key":"BlessingOfTheForge"},{"floor":39.0,"key":"DuplicationPotion"},{"floor":40.0,"key":"Dexterity Potion"}],"is_trial":false,"path_per_floor":["M","M","?","T","?","E","R","E","T","E","M","M","$","E","R","B",null,"M","?","?","?","M","E","R","E","T","E","R","M","M","?","R","B",null,"M","?","?","T","M","E","M","R","T","E","M","E","$","M","R","B",null,"R","$","E","B",null],"character_chosen":"THE_SILENT","items_purchased":["War Paint","Footwork","SkillPotion","Pen Nib","Centennial Puzzle","Medical Kit","Dexterity Potion","Dexterity Potion","PiercingWail"],"campfire_rested":6,"item_purchase_floors":[13,47,47,47,53,53,53,53,53],"current_hp_per_floor":[49,47,52,52,45,28,49,33,33,41,42,42,42,34,34,41,64,55,55,55,55,56,52,71,42,42,44,65,64,66,87,87,27,72,73,69,64,64,68,32,34,65,65,69,71,62,62,41,72,89,101,105,105,86,40],"gold":55,"neow_bonus":"BOSS_RELIC","is_daily":false,"chose_seed":false,"campfire_upgraded":1,"win_rate":0.0,"timestamp":1610742835,"path_taken":["M","M","?","?","?","E","R","E","T","E","?","M","$","E","R","BOSS","M","?","?","?","M","E","R","E","T","E","R","M","M","?","R","BOSS","M","?","?","?","M","E","M","R","T","E","M","E","$","M","R","BOSS","R","$","E","BOSS"],"items_purchased_type":["Relic","Card","Potion","Relic","Relic","Relic","Potion","Potion","Card"],"build_version":"2020-12-22","purchased_purges":2,"victory":true,"max_hp_per_floor":[66,66,71,71,71,71,71,71,71,71,71,71,71,71,71,71,71,71,71,71,71,71,71,71,71,71,71,71,71,71,87,87,87,87,89,95,95,95,97,99,99,101,101,103,103,105,105,105,105,105,105,105,105,107,107],"relic_stats":{"Singing Bowl":22,"Happy Flower":[17],"counters":[30,132],"Astrolabe":["Poisoned Stab","Finisher","Corpse Explosion"],"Blue Candle":[0],"Snake Skull":[142],"Pen Nib":[5],"Bag of Preparation":[56],"War Paint":["Defend_G","Defend_G"],"Orichalcum":[84],"Medical Kit":[3],"Blood Vial":44,"Dream Catcher":5,"Tough Bandages":[96],"Centennial Puzzle":[6],"Ornamental Fan":[88],"Pantograph":71,"Prayer Wheel":8,"Tiny Chest":1,"Pandora\u0027s Box":["Deflect","Bullet Time","After Image","Glass Knife"],"obtain_stats":[{"Singing Bowl":31,"Vajra":26,"Mango":31,"Snake Skull":26,"Bag of Preparation":4,"Blood Vial":8,"Dream Catcher":10,"Tough Bandages":40,"Centennial Puzzle":53,"Matryoshka":6,"Pantograph":14,"Prayer Wheel":19,"Tiny Chest":27,"Fusion Hammer":17,"InkBottle":54,"Ring of the Snake":0,"Happy Flower":38,"Astrolabe":0,"Blue Candle":44,"The Courier":46,"Pen Nib":47,"War Paint":13,"Orichalcum":25,"Medical Kit":53,"Ornamental Fan":43,"Pandora\u0027s Box":34,"Bag of Marbles":23,"Toy Ornithopter":9},{"Singing Bowl":18,"Vajra":13,"Mango":18,"Snake Skull":13,"Bag of Preparation":2,"Blood Vial":4,"Dream Catcher":5,"Tough Bandages":22,"Centennial Puzzle":28,"Matryoshka":3,"Pantograph":8,"Prayer Wheel":10,"Tiny Chest":14,"Fusion Hammer":9,"InkBottle":29,"Ring of the Snake":0,"Happy Flower":20,"Astrolabe":0,"Blue Candle":24,"The Courier":26,"Pen Nib":26,"War Paint":7,"Orichalcum":13,"Medical Kit":28,"Ornamental Fan":23,"Pandora\u0027s Box":19,"Bag of Marbles":12,"Toy Ornithopter":4},{"Singing Bowl":67,"Vajra":52,"Mango":67,"Snake Skull":52,"Bag of Preparation":5,"Blood Vial":13,"Dream Catcher":18,"Tough Bandages":89,"Centennial Puzzle":118,"Matryoshka":10,"Pantograph":26,"Prayer Wheel":37,"Tiny Chest":56,"Fusion Hammer":34,"InkBottle":123,"Ring of the Snake":0,"Happy Flower":79,"Astrolabe":0,"Blue Candle":100,"The Courier":108,"Pen Nib":108,"War Paint":24,"Orichalcum":52,"Medical Kit":118,"Ornamental Fan":95,"Pandora\u0027s Box":76,"Bag of Marbles":46,"Toy Ornithopter":13}],"Toy Ornithopter":42,"InkBottle":[3]},"card_choices":[{"not_picked":["Slice","Cloak And Dagger","Prepared"],"picked":"SKIP","floor":1.0},{"not_picked":["Dodge and Roll","Backflip"],"picked":"Quick Slash","floor":2.0},{"not_picked":["Infinite Blades","Flechettes","Choke"],"picked":"SKIP","floor":6.0},{"not_picked":["Finisher","Underhanded Strike"],"picked":"PiercingWail","floor":8.0},{"not_picked":["Night Terror","Acrobatics"],"picked":"Poisoned Stab","floor":10.0},{"not_picked":["Prepared","PiercingWail"],"picked":"Backflip","floor":11.0},{"not_picked":["Expertise","Poisoned Stab"],"picked":"Blade Dance","floor":12.0},{"not_picked":["Slice","Dagger Throw"],"picked":"Deadly Poison","floor":14.0},{"not_picked":["Flying Knee+1","Deflect","Poisoned Stab"],"picked":"SKIP","floor":18.0},{"not_picked":["Setup","Poisoned Stab"],"picked":"Escape Plan+1","floor":22.0},{"not_picked":["Underhanded Strike","Bane"],"picked":"Dagger Throw+1","floor":22.0},{"not_picked":["Glass Knife","Backstab"],"picked":"Escape Plan","floor":23.0},{"not_picked":["Prepared","Flying Knee+1"],"picked":"Calculated Gamble","floor":25.0},{"not_picked":["Accuracy","Deadly Poison"],"picked":"Infinite Blades+1","floor":27.0},{"not_picked":["Endless Agony","Flying Knee"],"picked":"Backflip","floor":29.0},{"not_picked":["Flying Knee","Accuracy"],"picked":"Predator","floor":29.0},{"not_picked":["Dodge and Roll","Eviscerate"],"picked":"Catalyst","floor":30.0},{"not_picked":["Outmaneuver","Blur","Predator"],"picked":"SKIP","floor":30.0},{"not_picked":["Dagger Throw","Riddle With Holes+1","Deadly Poison"],"picked":"Singing Bowl","floor":31.0},{"not_picked":["Burst","Glass Knife"],"picked":"Envenom","floor":33.0},{"not_picked":["Underhanded Strike+1","Flechettes","Dagger Throw+1"],"picked":"Singing Bowl","floor":35.0},{"not_picked":["Outmaneuver","Slice"],"picked":"Dash","floor":35.0},{"not_picked":["Chrysalis","Secret Weapon","Madness"],"picked":"Singing Bowl","floor":36.0},{"not_picked":["Magnetism","Finesse","Swift Strike"],"picked":"Singing Bowl","floor":36.0},{"not_picked":["Discovery","Thinking Ahead","Mayhem"],"picked":"Singing Bowl","floor":36.0},{"not_picked":["Flechettes","Endless Agony+1"],"picked":"Dash+1","floor":39.0},{"not_picked":["Accuracy","Quick Slash","Outmaneuver"],"picked":"Singing Bowl","floor":39.0},{"not_picked":["Escape Plan","Unload","Quick Slash"],"picked":"Singing Bowl","floor":40.0},{"not_picked":["Backflip","Outmaneuver+1"],"picked":"PiercingWail","floor":41.0},{"not_picked":["Poisoned Stab","Heel Hook"],"picked":"Cloak And Dagger","floor":41.0},{"not_picked":["Deadly Poison","Reflex","Choke"],"picked":"Singing Bowl","floor":42.0},{"not_picked":["Accuracy","Deflect","Bane+1"],"picked":"Singing Bowl","floor":44.0},{"not_picked":["Grand Finale","Backflip"],"picked":"Catalyst","floor":45.0},{"not_picked":["Cloak And Dagger","Blade Dance"],"picked":"Escape Plan","floor":45.0},{"not_picked":["Poisoned Stab","Dodge and Roll","Endless Agony"],"picked":"Singing Bowl","floor":46.0},{"not_picked":["Slice","Backstab"],"picked":"Noxious Fumes","floor":48.0},{"not_picked":["Sucker Punch+1","Bane"],"picked":"Deadly Poison+1","floor":48.0},{"not_picked":["Choke+1","Dagger Throw"],"picked":"Footwork+1","floor":49.0},{"not_picked":["Masterful Stab","Poisoned Stab"],"picked":"PiercingWail","floor":52.0},{"not_picked":["Accuracy","Masterful Stab","Prepared"],"picked":"Singing Bowl","floor":54}],"player_experience":2062688,"relics_obtained":[{"floor":4.0,"key":"Bag of Preparation"},{"floor":6.0,"key":"Matryoshka"},{"floor":8.0,"key":"Blood Vial"},{"floor":9.0,"key":"Toy Ornithopter"},{"floor":10.0,"key":"Dream Catcher"},{"floor":14.0,"key":"Pantograph"},{"floor":23.0,"key":"Bag of Marbles"},{"floor":25.0,"key":"Orichalcum"},{"floor":26.0,"key":"Snake Skull"},{"floor":26.0,"key":"Vajra"},{"floor":27.0,"key":"Tiny Chest"},{"floor":31.0,"key":"Mango"},{"floor":31.0,"key":"Singing Bowl"},{"floor":38.0,"key":"Happy Flower"},{"floor":40.0,"key":"Tough Bandages"},{"floor":43.0,"key":"Ornamental Fan"},{"floor":44.0,"key":"Blue Candle"},{"floor":46.0,"key":"The Courier"},{"floor":54,"key":"InkBottle"}],"event_choices":[{"damage_healed":0.0,"max_hp_gain":5.0,"max_hp_loss":0.0,"gold_gain":0.0,"event_name":"Big Fish","player_choice":"Donut","floor":3.0,"gold_loss":0.0,"damage_taken":0.0},{"cards_removed":["Strike_G"],"damage_healed":0.0,"max_hp_gain":0.0,"max_hp_loss":0.0,"gold_gain":0.0,"event_name":"Golden Wing","player_choice":"Card Removal","floor":5.0,"gold_loss":0.0,"damage_taken":7.0},{"damage_healed":0.0,"max_hp_gain":0.0,"max_hp_loss":0.0,"gold_gain":0.0,"event_name":"Addict","player_choice":"Obtained Relic","floor":19.0,"gold_loss":85.0,"damage_taken":0.0,"relics_obtained":["Prayer Wheel"]},{"cards_removed":["Strike_G"],"damage_healed":0.0,"max_hp_gain":0.0,"max_hp_loss":0.0,"gold_gain":0.0,"event_name":"Beggar","player_choice":"Gave Gold","floor":20.0,"gold_loss":75.0,"damage_taken":0.0},{"damage_healed":0.0,"max_hp_gain":0.0,"max_hp_loss":0.0,"gold_gain":0.0,"event_name":"The Mausoleum","player_choice":"Ignored","floor":21.0,"gold_loss":0.0,"damage_taken":0.0},{"damage_healed":0.0,"max_hp_gain":0.0,"max_hp_loss":0.0,"gold_gain":0.0,"event_name":"Colosseum","player_choice":"Fight","floor":31.0,"gold_loss":0.0,"damage_taken":0.0},{"damage_healed":0.0,"max_hp_gain":0.0,"max_hp_loss":0.0,"gold_gain":0.0,"event_name":"Colosseum","player_choice":"Fought Nobs","floor":31.0,"gold_loss":0.0,"damage_taken":0.0},{"damage_healed":0.0,"max_hp_gain":0.0,"max_hp_loss":0.0,"gold_gain":0.0,"event_name":"SensoryStone","player_choice":"Memory 3","floor":36.0,"gold_loss":0.0,"damage_taken":10.0},{"damage_healed":0.0,"max_hp_gain":0.0,"max_hp_loss":0.0,"gold_gain":0.0,"event_name":"The Woman in Blue","player_choice":"Bought 0 Potions","floor":37.0,"gold_loss":0.0,"damage_taken":0.0}],"is_beta":false,"boss_relics":[{"not_picked":["WristBlade","Tiny House"],"picked":"Fusion Hammer"},{"not_picked":["Runic Dome","Coffee Dripper"],"picked":"Pandora\u0027s Box"}],"items_purged_floors":[13,47],"is_endless":false,"potions_floor_spawned":[1,6,8,11,14,16,23,27,30,31,39,40,48],"ascension_level":15}}