{"host":"873t0y8ybyo38pfq","time":1610729748,"event":{"mods":["BaseMod","Bestiary","Colored Map","Colored Powertips","Highlight Path","Minty Spire (QoL Compilation)","Quick Restart","RNG Fix","Rare Cards Sparkle","Relic Stats","StSLib"],"gold_per_floor":[366,366,376,10,10,10,44,44,71,71,82,107,121,152,152,229,229,244,244,273,286,286,286,299,333,333,333,347,22,22,22,22,96,96,108,108,124,104,104,104],"floor_reached":39,"language":"ENG","playtime":1334,"items_purged":["Clumsy"],"score":930,"play_id":"981647b5-e564-4680-b67d-52b0c33a1724","local_time":"20210115115548","is_ascension_mode":true,"campfire_choices":[{"floor":6.0,"key":"REST"},{"data":"Capacitor","floor":8.0,"key":"SMITH"},{"floor":10.0,"key":"REST"},{"floor":15.0,"key":"REST"},{"data":"Seek","floor":23,"key":"SMITH"},{"data":"Ghostly","floor":27,"key":"SMITH"},{"floor":32,"key":"DIG"}],"circlet_count":0,"master_deck":["AscendersBane","Strike_B","Strike_B+1","Defend_B","Defend_B","Defend_B","Defend_B","Zap+1","Dualcast","Ball Lightning","Leap","Ball Lightning","Seek+1","Zap","Capacitor+1","Genetic Algorithm","Coolheaded","Electrodynamics","Amplify","Ghostly+1","Ghostly+1","Ghostly","Redo","Leap","BootSequence+1","Loop","Glacier","Skim","Fission","Deep Breath"],"relics":["Cracked Core","Bag of Preparation","Centennial Puzzle","Meat on the Bone","Bag of Marbles","Bronze Scales","InkBottle","Busted Crown","Red Mask","Blood Vial","Shovel","Mummified Hand","Ancient Tea Set","PreservedInsect","Philosopher\u0027s Stone"],"acts_visited":["Exordium","TheCity","TheBeyond"],"potions_floor_usage":[28,33,39],"damage_taken":[{"damage":10.0,"enemies":"2 Louse","floor":1.0,"turns":2.0},{"damage":7.0,"enemies":"Jaw Worm","floor":3.0,"turns":2.0},{"damage":20.0,"enemies":"Lagavulin","floor":7.0,"turns":5.0},{"damage":0.0,"enemies":"Small Slimes","floor":11.0,"turns":2.0},{"damage":35.0,"enemies":"3 Sentries","floor":12.0,"turns":6.0},{"damage":1.0,"enemies":"Looter","floor":13.0,"turns":3.0},{"damage":8.0,"enemies":"Gremlin Nob","floor":14.0,"turns":3.0},{"damage":40.0,"enemies":"The Guardian","floor":16.0,"turns":9.0},{"damage":5.0,"enemies":"Chosen","floor":18.0,"turns":4.0},{"damage":5,"enemies":"Masked Bandits","floor":20,"turns":2},{"damage":3,"enemies":"Shell Parasite","floor":21,"turns":7},{"damage":3,"enemies":"Snake Plant","floor":24,"turns":3},{"damage":3,"enemies":"Slavers","floor":25,"turns":3},{"damage":9,"enemies":"Centurion and Healer","floor":28,"turns":8},{"damage":0,"enemies":"Collector","floor":33,"turns":7},{"damage":0,"enemies":"3 Darklings","floor":35,"turns":4},{"damage":0,"enemies":"3 Shapes","floor":37,"turns":2},{"damage":55,"enemies":"Transient","floor":39,"turns":6}],"seed_played":"3287504416736470039","potions_obtained":[{"floor":11.0,"key":"Fire Potion"},{"floor":12.0,"key":"Fire Potion"},{"floor":14.0,"key":"DuplicationPotion"},{"floor":18.0,"key":"LiquidMemories"},{"floor":21,"key":"Swift Potion"},{"floor":25,"key":"Fire Potion"},{"floor":28,"key":"PowerPotion"},{"floor":33,"key":"LiquidBronze"},{"floor":35,"key":"Regen Potion"}],"is_trial":false,"path_per_floor":["M","?","M","$","?","R","E","R","T","R","M","E","M","E","R","B",null,"M","?","?","M","?","R","M","E","T","R","M","$","?","?","R","B",null,"M","?","M","?","M"],"character_chosen":"DEFECT","items_purchased":["Bag of Preparation","Centennial Puzzle","Ball Lightning","Loop","Ancient Tea Set"],"campfire_rested":3,"item_purchase_floors":[4,4,4,29,29],"current_hp_per_floor":[54,33,26,26,26,47,27,27,27,48,48,25,36,40,61,33,62,57,35,30,27,27,27,26,25,25,25,18,18,18,18,18,20,31,33,33,35,35,0,0],"gold":104,"neow_bonus":"TWO_FIFTY_GOLD","is_daily":false,"chose_seed":false,"campfire_upgraded":3,"win_rate":0.0,"timestamp":1610729748,"path_taken":["M","?","M","$","?","R","E","R","T","R","M","E","M","E","R","BOSS","M","?","?","M","?","R","?","E","T","R","M","$","?","?","R","BOSS","M","?","M","?","M"],"items_purchased_type":["Relic","Relic","Card","Card","Relic"],"build_version":"2020-12-22","purchased_purges":1,"victory":false,"max_hp_per_floor":[71,71,71,71,71,71,71,71,71,71,71,71,71,71,71,71,71,71,35,35,35,35,35,35,35,35,35,35,35,35,35,35,35,35,35,35,35,35,35,35],"relic_stats":{"Blood Vial":12,"Centennial Puzzle":[36],"Busted Crown":20,"Shovel":1,"counters":[18,78],"Mummified Hand":[25],"Bronze Scales":[179],"PreservedInsect":0,"Bag of Preparation":[32],"obtain_stats":[{"PreservedInsect":32,"Bag of Preparation":4,"Ancient Tea Set":29,"Blood Vial":22,"Centennial Puzzle":4,"Busted Crown":17,"Shovel":25,"Mummified Hand":26,"Bronze Scales":12,"Philosopher\u0027s Stone":34,"Bag of Marbles":9,"Red Mask":20,"Cracked Core":0,"InkBottle":14,"Meat on the Bone":7},{"PreservedInsect":14,"Bag of Preparation":2,"Ancient Tea Set":14,"Blood Vial":11,"Centennial Puzzle":2,"Busted Crown":8,"Shovel":13,"Mummified Hand":13,"Bronze Scales":5,"Philosopher\u0027s Stone":15,"Bag of Marbles":3,"Red Mask":10,"Cracked Core":0,"InkBottle":7,"Meat on the Bone":3},{"PreservedInsect":59,"Bag of Preparation":4,"Ancient Tea Set":59,"Blood Vial":45,"Centennial Puzzle":4,"Busted Crown":32,"Shovel":51,"Mummified Hand":51,"Bronze Scales":17,"Philosopher\u0027s Stone":66,"Bag of Marbles":9,"Red Mask":38,"Cracked Core":0,"InkBottle":23,"Meat on the Bone":9}],"InkBottle":[23],"Meat on the Bone":48},"card_choices":[{"not_picked":["Sunder","Stack"],"picked":"Ball Lightning","floor":1.0},{"not_picked":["Force Field","Fusion"],"picked":"Leap","floor":3.0},{"not_picked":["Glacier","Gash"],"picked":"Capacitor","floor":7.0},{"not_picked":["Gash","Sweeping Beam"],"picked":"Genetic Algorithm","floor":11.0},{"not_picked":["Sweeping Beam","Tempest","Beam Cell"],"picked":"SKIP","floor":12.0},{"not_picked":["Double Energy","Sweeping Beam"],"picked":"Coolheaded","floor":13.0},{"not_picked":["Redo","Defragment"],"picked":"Electrodynamics","floor":14.0},{"not_picked":["All For One","Electrodynamics"],"picked":"Amplify","floor":16.0},{"not_picked":["FTL"],"picked":"SKIP","floor":18.0},{"not_picked":[],"picked":"Redo","floor":21},{"not_picked":[],"picked":"Leap","floor":24},{"not_picked":[],"picked":"BootSequence+1","floor":25},{"not_picked":["Streamline"],"picked":"SKIP","floor":28},{"not_picked":[],"picked":"Fission","floor":33},{"not_picked":["Cold Snap+1"],"picked":"SKIP","floor":35},{"not_picked":[],"picked":"Deep Breath","floor":36},{"not_picked":["Gash+1"],"picked":"SKIP","floor":37}],"player_experience":1637686,"relics_obtained":[{"floor":7.0,"key":"Meat on the Bone"},{"floor":9.0,"key":"Bag of Marbles"},{"floor":12.0,"key":"Bronze Scales"},{"floor":14.0,"key":"InkBottle"},{"floor":20,"key":"Red Mask"},{"floor":25,"key":"Shovel"},{"floor":26,"key":"Mummified Hand"},{"floor":32,"key":"PreservedInsect"}],"event_choices":[{"damage_healed":0.0,"max_hp_gain":0.0,"max_hp_loss":0.0,"gold_gain":0.0,"event_name":"Shining Light","player_choice":"Entered Light","floor":2.0,"gold_loss":0.0,"damage_taken":21.0,"cards_upgraded":["Zap","Strike_B"]},{"damage_healed":0.0,"max_hp_gain":0.0,"max_hp_loss":0.0,"gold_gain":0.0,"event_name":"Match and Keep!","player_choice":"2 cards matched","floor":5.0,"gold_loss":0.0,"damage_taken":0.0,"cards_obtained":["Seek","Zap"]},{"damage_healed":0.0,"max_hp_gain":0.0,"max_hp_loss":36.0,"gold_gain":0.0,"event_name":"Ghosts","player_choice":"Became a Ghost","floor":19.0,"gold_loss":0.0,"damage_taken":0.0,"cards_obtained":["Ghostly","Ghostly","Ghostly"]},{"damage_healed":0,"gold_gain":0,"player_choice":"Fought Bandits","damage_taken":0,"max_hp_gain":0,"max_hp_loss":0,"event_name":"Masked Bandits","floor":20,"gold_loss":0},{"damage_healed":0,"gold_gain":0,"player_choice":"Gave Potion","damage_taken":0,"relics_obtained":["Blood Vial"],"max_hp_gain":0,"max_hp_loss":0,"event_name":"WeMeetAgain","floor":22,"gold_loss":0},{"damage_healed":0,"gold_gain":0,"player_choice":"Forge","damage_taken":0,"max_hp_gain":0,"max_hp_loss":0,"event_name":"Accursed Blacksmith","floor":30,"gold_loss":0,"cards_upgraded":["Ghostly"]},{"damage_healed":0,"gold_gain":0,"cards_transformed":["Strike_B","Strike_B"],"player_choice":"Became Test Subject","damage_taken":0,"max_hp_gain":0,"max_hp_loss":0,"event_name":"Drug Dealer","floor":31,"gold_loss":0,"cards_obtained":["Glacier","Skim"]},{"damage_healed":0,"gold_gain":0,"player_choice":"Memory 1","damage_taken":0,"max_hp_gain":0,"max_hp_loss":0,"event_name":"SensoryStone","floor":36,"gold_loss":0},{"damage_healed":0,"gold_gain":0,"player_choice":"Bought 1 Potion","damage_taken":0,"max_hp_gain":0,"max_hp_loss":0,"event_name":"The Woman in Blue","floor":38,"gold_loss":0}],"is_beta":false,"boss_relics":[{"not_picked":["Calling Bell","SlaversCollar"],"picked":"Busted Crown"},{"not_picked":["Inserter","Tiny House"],"picked":"Philosopher\u0027s Stone"}],"items_purged_floors":[29],"is_endless":false,"potions_floor_spawned":[11,12,14,18,21,25,28,33,35],"killed_by":"Transient","ascension_level":20}}