{"host":"l2onoeb0kdqo1a9y","time":1610717480,"event":{"mods":["AchievementEnabler","BaseMod","Colored Powertips","Highlight Path","Minty Spire (QoL Compilation)","Quick Restart"],"gold_per_floor":[113,113,4,19,36,36,54,54,54,71,71,71,84,103,103,203,203,222,222,236,251,264,264,280,280,280],"floor_reached":25,"language":"ZHS","playtime":1041,"items_purged":[],"score":199,"play_id":"21461d68-f9c5-4790-90b1-7959894f4ba3","local_time":"20210115213120","is_ascension_mode":false,"campfire_choices":[{"data":"Armaments","floor":6.0,"key":"SMITH"},{"data":"Barricade","floor":8.0,"key":"SMITH"},{"data":"Infernal Blade","floor":12.0,"key":"SMITH"},{"data":"Bash","floor":15.0,"key":"SMITH"},{"data":"Impervious","floor":23,"key":"SMITH"}],"circlet_count":0,"master_deck":["Strike_R","Strike_R","Defend_R","Defend_R","Defend_R","Defend_R","Bash+1","Armaments+1","Infernal Blade+1","Pummel","Barricade+1","Disarm","Impervious+1","Battle Trance","Second Wind","Feel No Pain","Entrench"],"relics":["Burning Blood","NeowsBlessing","Bottled Lightning","Empty Cage","Nilry\u0027s Codex"],"acts_visited":["Exordium","TheCity"],"potions_floor_usage":[25],"damage_taken":[{"damage":0.0,"enemies":"Jaw Worm","floor":1.0,"turns":1.0},{"damage":0.0,"enemies":"Cultist","floor":4.0,"turns":1.0},{"damage":0.0,"enemies":"2 Louse","floor":5.0,"turns":1.0},{"damage":14.0,"enemies":"Blue Slaver","floor":7.0,"turns":4.0},{"damage":5.0,"enemies":"Red Slaver","floor":10.0,"turns":5.0},{"damage":3.0,"enemies":"Large Slime","floor":13.0,"turns":11.0},{"damage":14.0,"enemies":"Blue Slaver","floor":14.0,"turns":3.0},{"damage":11.0,"enemies":"The Guardian","floor":16.0,"turns":10.0},{"damage":8.0,"enemies":"Shell Parasite","floor":18.0,"turns":7.0},{"damage":24.0,"enemies":"Chosen","floor":20.0,"turns":14.0},{"damage":0,"enemies":"Snecko","floor":21,"turns":6},{"damage":0,"enemies":"Chosen and Byrds","floor":22,"turns":9},{"damage":12,"enemies":"Cultist and Chosen","floor":24,"turns":12},{"damage":56,"enemies":"Slavers","floor":25,"turns":4}],"seed_played":"-4054139645860243605","potions_obtained":[{"floor":1.0,"key":"Strength Potion"},{"floor":7.0,"key":"AttackPotion"},{"floor":13.0,"key":"Strength Potion"},{"floor":16.0,"key":"EssenceOfSteel"},{"floor":20.0,"key":"Strength Potion"},{"floor":22,"key":"Ancient Potion"}],"is_trial":false,"path_per_floor":["M","?","$","M","M","R","M","R","T","M","$","R","M","M","R","B",null,"M","?","M","M","M","R","M","E"],"character_chosen":"IRONCLAD","items_purchased":["Infernal Blade","Pummel"],"campfire_rested":0,"item_purchase_floors":[3,3],"current_hp_per_floor":[80,80,80,80,80,80,72,72,72,73,73,73,76,68,68,63,80,78,62,44,50,56,56,50,0,0],"gold":280,"neow_bonus":"THREE_ENEMY_KILL","is_daily":false,"chose_seed":false,"campfire_upgraded":5,"win_rate":0.0,"timestamp":1610717480,"path_taken":["M","?","$","M","M","R","?","R","T","M","?","R","M","M","R","BOSS","M","?","M","M","M","R","M","E"],"items_purchased_type":["Card","Card"],"build_version":"2020-12-22","purchased_purges":0,"victory":false,"max_hp_per_floor":[80,80,80,80,80,80,80,80,80,80,80,80,80,80,80,80,80,80,80,80,80,80,80,80,80,80],"card_choices":[{"not_picked":["Sever Soul","Headbutt"],"picked":"Armaments","floor":1.0},{"not_picked":["Pummel","Armaments","Twin Strike"],"picked":"SKIP","floor":4.0},{"not_picked":["Cleave","Clash"],"picked":"Barricade","floor":5.0},{"not_picked":["Shockwave","Intimidate"],"picked":"Disarm","floor":7.0},{"not_picked":["Havoc","Shockwave","Armaments"],"picked":"SKIP","floor":10.0},{"not_picked":["Infernal Blade","Pommel Strike","Perfected Strike"],"picked":"SKIP","floor":13.0},{"not_picked":["Rupture","Wild Strike","Sentinel"],"picked":"SKIP","floor":14.0},{"not_picked":["Fiend Fire","Reaper"],"picked":"Impervious","floor":16.0},{"not_picked":["Armaments","Perfected Strike"],"picked":"Battle Trance","floor":18.0},{"not_picked":["Cleave","Ghostly Armor"],"picked":"Second Wind","floor":20.0},{"not_picked":["Disarm","Heavy Blade+1"],"picked":"Feel No Pain","floor":21},{"not_picked":["Combust+1","Dropkick+1","Reckless Charge"],"picked":"SKIP","floor":22},{"not_picked":["Combust","Clash+1"],"picked":"Entrench","floor":24}],"player_experience":112766,"relics_obtained":[{"floor":9.0,"key":"Bottled Lightning"},{"floor":19.0,"key":"Nilry\u0027s Codex"}],"event_choices":[{"cards_removed":["Strike_R"],"damage_healed":0.0,"max_hp_gain":0.0,"max_hp_loss":0.0,"gold_gain":0.0,"event_name":"Purifier","player_choice":"Purged","floor":2.0,"gold_loss":0.0,"damage_taken":0.0},{"damage_healed":0.0,"max_hp_gain":0.0,"max_hp_loss":0.0,"gold_gain":0.0,"event_name":"Cursed Tome","player_choice":"Obtained Book","floor":19.0,"gold_loss":0.0,"damage_taken":16.0}],"is_beta":false,"boss_relics":[{"not_picked":["Snecko Eye","Tiny House"],"picked":"Empty Cage"}],"items_purged_floors":[],"is_endless":false,"potions_floor_spawned":[1,7,13,16,20,22],"killed_by":"Slavers","ascension_level":0}}