{"host":"8i4doyxqctgl5qb0","time":1610672798,"event":{"mods":["AchievementEnabler","BaseMod","Block Reminder","Colored Powertips","Downfall","Minty Spire (QoL Compilation)","Permanent Neow","Potion Indicator Mod","Rare Cards Sparkle","StSLib","SuperFastMode","The Jungle"],"gold_per_floor":[110,110,128,303,78,78,59,89,89,89,20,52,52,70,70,172,172,82,82],"floor_reached":18,"language":"ZHS","playtime":302,"items_purged":["Doubt"],"score":287,"play_id":"4f705038-2093-4c3c-a614-8427ba78cfc9","local_time":"20210115090638","is_ascension_mode":true,"campfire_choices":[{"data":"Zap","floor":6.0,"key":"SMITH"},{"data":"Ball Lightning","floor":10.0,"key":"SMITH"},{"floor":13.0,"key":"REST"},{"data":"Creative AI","floor":15.0,"key":"SMITH"}],"circlet_count":0,"master_deck":["AscendersBane","Strike_B","Strike_B","Strike_B","Defend_B","Defend_B","Defend_B","Defend_B","Zap+1","Dualcast","Capacitor","Heatsinks","Ball Lightning+1","Creative AI+1","Double Energy","Thunder Strike","Echo Form"],"relics":["Cracked Core","NeowsBlessing","Membership Card","Art of War","Meat on the Bone","Girya","Inserter"],"acts_visited":["Exordium","TheCity"],"potions_floor_usage":[],"damage_taken":[{"damage":0.0,"enemies":"2 Louse","floor":1.0,"turns":1.0},{"damage":0.0,"enemies":"Cultist","floor":3.0,"turns":1.0},{"damage":0.0,"enemies":"Lagavulin","floor":8.0,"turns":3.0},{"damage":26.0,"enemies":"Gremlin Nob","floor":12.0,"turns":4.0},{"damage":11.0,"enemies":"Jaw Worm","floor":14.0,"turns":4.0},{"damage":51.0,"enemies":"The Guardian","floor":16.0,"turns":10.0},{"damage":66,"enemies":"2 Thieves","floor":18,"turns":3}],"seed_played":"1869225934383436479","potions_obtained":[{"floor":3.0,"key":"hexamod:EctoCoolerPotion"},{"floor":14.0,"key":"Ancient Potion"}],"is_trial":false,"path_per_floor":["M","?","M","?","$","R","$","E","T","R","$","E","R","M","R","B",null,"M"],"character_chosen":"DEFECT","items_purchased":["Membership Card","Capacitor","Heatsinks","Creative AI"],"campfire_rested":1,"item_purchase_floors":[5,5,7,11],"current_hp_per_floor":[68,68,68,68,68,68,68,68,68,68,68,42,64,53,53,14,60,0,0],"gold":82,"neow_bonus":"THREE_ENEMY_KILL","is_daily":false,"chose_seed":false,"campfire_upgraded":3,"win_rate":0.0,"timestamp":1610672798,"path_taken":["M","?","?","?","$","R","$","E","T","R","?","E","R","M","R","BOSS","M"],"items_purchased_type":["Relic","Card","Card","Card"],"build_version":"2020-12-22","purchased_purges":1,"victory":false,"max_hp_per_floor":[75,75,75,75,75,75,75,75,75,75,75,75,75,75,75,75,75,75,75],"card_choices":[{"not_picked":["Stack","Cold Snap","Beam Cell"],"picked":"SKIP","floor":1.0},{"not_picked":["Streamline","Stack","Coolheaded"],"picked":"SKIP","floor":3.0},{"not_picked":["Cold Snap","FTL"],"picked":"Ball Lightning","floor":8.0},{"not_picked":["Coolheaded","Ball Lightning"],"picked":"Double Energy","floor":12.0},{"not_picked":["Recycle","Fusion"],"picked":"Thunder Strike","floor":14.0},{"not_picked":["Machine Learning","Fission"],"picked":"Echo Form","floor":16.0}],"player_experience":181562,"relics_obtained":[{"floor":8.0,"key":"Art of War"},{"floor":9.0,"key":"Meat on the Bone"},{"floor":12.0,"key":"Girya"}],"event_choices":[{"cards_removed":["Strike_B"],"damage_healed":0.0,"max_hp_gain":0.0,"max_hp_loss":0.0,"gold_gain":0.0,"event_name":"Bonfire Elementals","player_choice":"Offered Basic","floor":2.0,"gold_loss":0.0,"damage_taken":0.0},{"damage_healed":0.0,"max_hp_gain":0.0,"max_hp_loss":0.0,"gold_gain":175.0,"event_name":"Liars Game","player_choice":"AGREE","floor":4.0,"gold_loss":0.0,"damage_taken":0.0,"cards_obtained":["Doubt"]}],"is_beta":false,"boss_relics":[{"not_picked":["Runic Dome","Fusion Hammer"],"picked":"Inserter"}],"items_purged_floors":[5],"is_endless":false,"potions_floor_spawned":[3,14],"killed_by":"2 Thieves","ascension_level":10}}