{"host":"y4sghvfd0ewtcchd","time":1610743293,"event":{"mods":["Aspiration","BaseMod","Better Debug","Better Note","Better Third Choice","BetterRewards","Block Reminder","Colored Map","Colored Powertips","Downfall","Highlight Path","Hubris","Infinite Spire","Minty Spire (QoL Compilation)","Relic Sorter","Relic Stats","Replay The Spire","Shop Mod","StSLib","The Jungle","The Saiyan"],"gold_per_floor":[129,147,147,184,184,184,194,45,91,166,166,15,15,66,66,155,155,180,212,241,272,272,272,291,356,356,356,417,476,514,564,564,688,688,730,776,872,517,538,617,617,683,683,683,724,786,853,853,853,915,915,915,1269,1269,1539],"floor_reached":56,"language":"ENG","playtime":3029,"items_purged":["Strike_B"],"score":2618,"play_id":"ddf8f5d4-b963-48b8-a236-3e4804dd187f","local_time":"20210115234133","is_ascension_mode":true,"campfire_choices":[{"floor":6,"key":"REST"},{"data":"HandOfGreed","floor":11,"key":"SMITH"},{"data":"Sunder","floor":13,"key":"SMITH"},{"data":"Thunder Strike","floor":15,"key":"SMITH"},{"data":"infinitespire:NeuralNetwork","floor":23,"key":"SMITH"},{"data":"FIFO Queue","floor":27,"key":"SMITH"},{"data":"Storm","floor":32,"key":"SMITH"},{"floor":44,"key":"RECALL"},{"data":"Storm","floor":49,"key":"SMITH"},{"data":"Crystallizer","floor":52,"key":"SMITH"}],"circlet_count":0,"master_deck":["AscendersBane","Strike_B+1","Strike_B","Strike_B+1","Defend_B","Defend_B","Defend_B","Defend_B","Zap","Dualcast","FIFO Queue+1","Conserve Battery","Sunder+1","Thunder Strike+1","Conserve Battery","Redo+1","Defragment","Crystallizer+1","Crystallizer+1","Static Discharge","Redo+1","Heatsinks","Rainbow","HandOfGreed+1","Barrage","expansioncontent:Chronoboost","expansioncontent:DashGenerateEvil","Beam Cell","Glacier","Panic Button","Ball Lightning+1","Buffer","Leap+1","Skim","Steam","Streamline","infinitespire:NeuralNetwork+1","Rebound","White Noise","Storm+1","Storm+1","Conserve Battery","Barrage+1","ReplayRNGCard","hubris:DoWhile","Ball Lightning","Cold Snap+1","Sweeping Beam","Echo Form","Replay:SS_hec_2","hubris:Ukulele","White Noise","Multi-Cast","hubris:PowerSurge","FIFO Queue+1","Consume","Leap","Self Repair","Compile Driver+1","Ball Lightning+1","Steam Power","Panic Button","Self Repair","hubris:Ssssneak","hubris:EnhanceAbility","Master of Strategy","Impatience","Replay:SS_fish_3+1"],"relics":["Cracked Core","hubris:SoftwareUpdate","Ice Cream","Replay:Ringing Soul","Inserter","infinitespire:SolderingIron","hubris:EmptyBottle","DataDisk","Orrery","ClockworkSouvenir","infinitespire:Freezer","Runic Capacitor","Bag of Marbles","Bird Faced Urn","BargainBundle","Simple Rune","Replay:Rubber Ducky","Replay:Bandana","Membership Card","hubris:BlackHole","Black Star","aspiration:FaultyCoupler","Geode","ReplayTheSpireMod:Lightbulb","Blood Vial","Potion Belt","Whetstone","Du-Vu Doll","Garlic","Dream Catcher","Molten Egg 2","aspiration:Lifesprig","Omamori","hubris:Towel","hubris:NiceRug","Eternal Feather","hubris:SlimyHat","ReplayTheSpireMod:ShopPack"],"acts_visited":["Exordium","TheCity","TheBeyond","TheEnding"],"potions_floor_usage":[50,50,55,55,55,55,55,55,55,55,55,55,55,55,55,55,55],"damage_taken":[{"damage":0,"enemies":"Cultist","floor":1,"turns":3},{"damage":4,"enemies":"2 Louse","floor":2,"turns":2},{"damage":4,"enemies":"Small Slimes","floor":4,"turns":3},{"damage":0,"enemies":"Exordium Thugs","floor":7,"turns":4},{"damage":0,"enemies":"Exordium Wildlife","floor":14,"turns":4},{"damage":0,"enemies":"The Guardian","floor":16,"turns":7},{"damage":0,"enemies":"Shell Parasite","floor":18,"turns":3},{"damage":0,"enemies":"Spheric Guardian","floor":19,"turns":3},{"damage":0,"enemies":"Snecko","floor":20,"turns":4},{"damage":0,"enemies":"3 Cultists","floor":21,"turns":4},{"damage":16,"enemies":"Snake Plant","floor":24,"turns":3},{"damage":23,"enemies":"Book of Stabbing","floor":25,"turns":3},{"damage":0,"enemies":"Centurion and Healer","floor":28,"turns":3},{"damage":29,"enemies":"Slavers","floor":29,"turns":3},{"damage":10,"enemies":"Replay:Snechameleon","floor":31,"turns":3},{"damage":8,"enemies":"Automaton","floor":33,"turns":3},{"damage":12,"enemies":"3 Darklings","floor":35,"turns":2},{"damage":3,"enemies":"3 Shapes","floor":36,"turns":2},{"damage":6,"enemies":"Writhing Mass","floor":37,"turns":3},{"damage":16,"enemies":"4 Shapes","floor":39,"turns":3},{"damage":18,"enemies":"Nemesis","floor":40,"turns":3},{"damage":8,"enemies":"Giant Head","floor":42,"turns":2},{"damage":0,"enemies":"Maw","floor":45,"turns":3},{"damage":0,"enemies":"R_Hoarder","floor":46,"turns":4},{"damage":0,"enemies":"Sphere and 2 Shapes","floor":47,"turns":2},{"damage":5,"enemies":"Awakened One","floor":50,"turns":3},{"damage":0,"enemies":"hubris:Merchant","floor":53,"turns":2},{"damage":7,"enemies":"The Heart","floor":55,"turns":4}],"seed_played":"-7124021188871110452","potions_obtained":[{"floor":2,"key":"Energy Potion"},{"floor":16,"key":"Elixir"},{"floor":20,"key":"Guardian:BlockOnCardUsePotion"},{"floor":24,"key":"EntropicBrew"},{"floor":29,"key":"SpeedPotion"},{"floor":31,"key":"BlessingOfTheForge"},{"floor":33,"key":"Explosive Potion"},{"floor":53,"key":"FearPotion"}],"is_trial":false,"path_per_floor":["M","M","?","M","?","R","M","$","T","?","R","$","R","M","R","B",null,"M","M","M","M","AVR","R","M","E","T","R","M","E","?","E","R","B",null,"M","M","M","$","M","E","?","E","T","R","M","E","M","?","R","B",null,"R","$","E","B",null],"character_chosen":"DEFECT","items_purchased":["DataDisk","FIFO Queue","Orrery","Redo+1","ClockworkSouvenir","infinitespire:Freezer","Defragment","Runic Capacitor","Bag of Marbles","Crystallizer","Bird Faced Urn","Static Discharge","Redo+1","BargainBundle","Heatsinks","Rainbow","HandOfGreed","Barrage","expansioncontent:Chronoboost","Simple Rune","expansioncontent:DashGenerateEvil","Replay:Rubber Ducky","Membership Card","Echo Form","Replay:SS_hec_2","hubris:Ukulele","White Noise","infinitespire:SolderingIron","hubris:EmptyBottle"],"campfire_rested":1,"item_purchase_floors":[0,0,0,0,0,0,0,0,0,0,0,0,0,0,0,0,0,0,0,0,0,8,12,38,38,38,38,38,38],"current_hp_per_floor":[25,23,23,27,27,49,55,55,55,44,44,44,44,52,52,64,72,75,75,75,75,75,75,67,50,50,50,68,61,43,49,49,55,70,71,75,75,75,69,66,66,77,77,77,84,87,90,90,90,90,90,90,93,96,96],"gold":1539,"neow_bonus":"","is_daily":false,"chose_seed":false,"campfire_upgraded":8,"win_rate":0.0,"timestamp":1610743293,"path_taken":["M","M","?","M","?","R","M","$","T","?","R","$","R","?","R","BOSS","M","M","M","M","AVR","R","M","E","T","R","M","E","?","E","R","BOSS","M","?","M","$","M","E","?","E","T","R","M","E","M","?","R","BOSS","R","$","E","BOSS"],"items_purchased_type":["Relic","Card","Relic","Card","Relic","Relic","Card","Relic","Relic","Card","Relic","Card","Card","Relic","Card","Card","Card","Card","Card","Relic","Card","Relic","Relic","Card","Card","Card","Card","Relic","Relic"],"build_version":"2020-12-22","purchased_purges":1,"victory":true,"max_hp_per_floor":[75,75,75,75,75,75,75,75,75,75,75,75,75,75,75,75,75,75,75,75,75,75,75,75,75,75,75,75,75,75,75,75,75,75,75,75,75,75,75,78,78,81,81,81,84,87,90,90,90,90,90,90,93,96,96],"relic_stats":{"Blood Vial":14,"Dream Catcher":0,"Inserter":[5],"counters":[241,861],"Bird Faced Urn":[185],"Eternal Feather":0,"Black Star":6,"Whetstone":["Ball Lightning","Barrage"],"obtain_stats":[{"Replay:Accelerometer":49,"infinitespire:BottledMercury":11,"hubris:BallOfYels":29,"aspiration:PoetsPen_weak":17,"Whetstone":27,"Ginger":17,"Bottled Tornado":0,"hubris:MysteriousPyramids":44,"Sling":45,"Boot":54,"Blood Vial":0,"Replay:Ringing Soul":40,"aspiration:EnhancedActuators":53,"Replay:Bronze Core":17,"MealTicket":0,"hubris:DeckOfHolding":53,"Fusion Hammer":34,"Kunai":40,"hubris:TinFlute":23,"Replay:Bottled Steam":23,"aspiration:FaultyCoupler":12,"Pear":43,"Velvet Choker":34,"Eternal Feather":20,"ReplayTheSpireMod:SealedPack":20,"Pen Nib":53,"aspiration:IroncladSkillbook":34,"Cables":44,"infinitespire:EvilPickle":33,"Bird Faced Urn":30,"Pandora\u0027s Box":17,"hubris:TenFootPole":0,"aspiration:MysteriousAuxiliaryCore":38,"infinitespire:PuzzleCube":28,"Solar Panel":0,"Carrot":0,"aspiration:Lifesprig":9,"hubris:Metronome":17,"Lantern":19,"Singing Bowl":26,"Replay:Multitool":41,"Bag of Preparation":45,"hubris:EmptyBottle":38,"Replay:Rubber Ducky":53,"hubris:BlackHole":17,"Matryoshka":0,"hubris:Backtick":17,"WingedGreaves":20,"infinitespire:Eraser":54,"aspiration:ChemicalBlood":0,"Potion Belt":29,"Lee\u0027s Waffle":0,"Inserter":48,"NeowsBlessing":0,"Golden Idol":7,"PreservedInsect":0,"The Courier":24,"infinitespire:Joker Card":44,"Geode":30,"Omamori":46,"infinitespire:Lucky Rock":54,"Frozen Egg 2":13,"hubris:Towel":13,"Replay:Arrowhead":23,"Busted Crown":17,"Ornamental Fan":47,"Orrery":48,"Turnip":45,"Garlic":16,"Bottled Lightning":12,"ReplayTheSpireMod:Lightbulb":40,"Toy Ornithopter":31,"hubris:BottledRain":26,"infinitespire:Freezer":55,"Ice Cream":31,"Tiny House":44,"Calipers":0,"aspiration:Stabinomicon":25,"Runic Capacitor":50,"Centennial Puzzle":27,"infinitespire:SolderingIron":43,"DollysMirror":53,"Strawberry":14,"Philosopher\u0027s Stone":17,"Prayer Wheel":37,"Iron Hammer":29,"Toxic Egg 2":5,"Girya":26,"Happy Flower":0,"hubris:DuctTape":34,"ReplayTheSpireMod:CursedCoin":0,"hubris:SoftwareUpdate":41,"aspiration:Nostalgia":53,"Replay:Grab Bag":17,"Astrolabe":34,"Oddly Smooth Stone":0,"infinitespire:Beetle Shell":48,"Replay:Kaleidoscope":43,"Question Card":47,"aspiration:HiddenCompartment":53,"Du-Vu Doll":24,"Replay:Baseball":45,"ReplayTheSpireMod:Shallot":48,"Shuriken":43,"Bronze Scales":0,"hubris:PeanutButter":0,"Simple Rune":9,"Onion Ring":26,"Molten Egg 2":43,"ReplayTheSpireMod:TigerMarble":23,"Black Star":22,"Mirror":0,"Meat on the Bone":0,"ReplayFunnel":44,"SacredBark":17,"aspiration:TomeofQuesting":10,"hubris:SlimyHat":43,"Replay:Mystery Machine":7,"ClockworkSouvenir":23,"aspiration:StickyExplosives_weak":30,"Replay:Bandana":0,"Nunchaku":25,"Emotion Chip":38,"Dream Catcher":42,"Chameleon Ring":45,"hubris:Icosahedron":48,"Tiny Chest":7,"Cracked Core":0,"Replay:Drink Me":21,"hubris:DisguiseKit":46,"BargainBundle":0,"Guide Book":53,"Replay:WaspNest":53,"Orichalcum":56,"White Beast Statue":20,"Calling Bell":17,"CaptainsWheel":0,"DataDisk":27,"Pondfish Scales":43,"infinitespire:WardingShard":42,"infinitespire:Satchel":17,"ChewingGum":34,"hubris:BundleOfHerbs":0,"hubris:GrandSneckoEye":36,"Bag of Marbles":0,"Membership Card":0,"PureWater":53,"hubris:Potato":31,"ReplayTheSpireMod:ShopPack":21,"hubris:NiceRug":53},{"Replay:Accelerometer":97,"infinitespire:BottledMercury":105,"hubris:BallOfYels":118,"aspiration:PoetsPen_weak":194,"Whetstone":36,"Ginger":166,"Bottled Tornado":100,"hubris:MysteriousPyramids":178,"Sling":153,"Boot":184,"Blood Vial":0,"Replay:Ringing Soul":234,"aspiration:EnhancedActuators":71,"Replay:Bronze Core":7,"MealTicket":22,"hubris:DeckOfHolding":71,"Fusion Hammer":42,"Kunai":125,"hubris:TinFlute":142,"Replay:Bottled Steam":114,"aspiration:FaultyCoupler":164,"Pear":126,"Velvet Choker":14,"Eternal Feather":8,"ReplayTheSpireMod:SealedPack":32,"Pen Nib":132,"aspiration:IroncladSkillbook":147,"Cables":95,"infinitespire:EvilPickle":62,"Bird Faced Urn":40,"Pandora\u0027s Box":30,"hubris:TenFootPole":100,"aspiration:MysteriousAuxiliaryCore":65,"infinitespire:PuzzleCube":86,"Solar Panel":22,"Carrot":0,"aspiration:Lifesprig":26,"hubris:Metronome":166,"Lantern":167,"Singing Bowl":59,"Replay:Multitool":45,"Bag of Preparation":95,"hubris:EmptyBottle":232,"Replay:Rubber Ducky":157,"hubris:BlackHole":219,"Matryoshka":100,"hubris:Backtick":139,"WingedGreaves":32,"infinitespire:Eraser":133,"aspiration:ChemicalBlood":46,"Potion Belt":227,"Lee\u0027s Waffle":0,"Inserter":21,"NeowsBlessing":0,"Golden Idol":50,"PreservedInsect":134,"The Courier":170,"infinitespire:Joker Card":207,"Geode":12,"Omamori":237,"infinitespire:Lucky Rock":72,"Frozen Egg 2":53,"hubris:Towel":138,"Replay:Arrowhead":170,"Busted Crown":109,"Ornamental Fan":96,"Orrery":21,"Turnip":127,"Garlic":80,"Bottled Lightning":28,"ReplayTheSpireMod:Lightbulb":44,"Toy Ornithopter":41,"hubris:BottledRain":9,"infinitespire:Freezer":98,"Ice Cream":228,"Tiny House":95,"Calipers":159,"aspiration:Stabinomicon":35,"Runic Capacitor":97,"Centennial Puzzle":10,"infinitespire:SolderingIron":68,"DollysMirror":71,"Strawberry":79,"Philosopher\u0027s Stone":7,"Prayer Wheel":44,"Iron Hammer":199,"Toxic Egg 2":3,"Girya":197,"Happy Flower":46,"hubris:DuctTape":172,"ReplayTheSpireMod:CursedCoin":46,"hubris:SoftwareUpdate":67,"aspiration:Nostalgia":211,"Replay:Grab Bag":7,"Astrolabe":120,"Oddly Smooth Stone":22,"infinitespire:Beetle Shell":181,"Replay:Kaleidoscope":178,"Question Card":21,"aspiration:HiddenCompartment":132,"Du-Vu Doll":9,"Replay:Baseball":153,"ReplayTheSpireMod:Shallot":155,"Shuriken":152,"Bronze Scales":46,"hubris:PeanutButter":73,"Simple Rune":104,"Onion Ring":116,"Molten Egg 2":235,"ReplayTheSpireMod:TigerMarble":59,"Black Star":223,"Mirror":185,"Meat on the Bone":134,"ReplayFunnel":178,"SacredBark":7,"aspiration:TomeofQuesting":5,"hubris:SlimyHat":17,"Replay:Mystery Machine":4,"ClockworkSouvenir":9,"aspiration:StickyExplosives_weak":40,"Replay:Bandana":46,"Nunchaku":116,"Emotion Chip":149,"Dream Catcher":235,"Chameleon Ring":19,"hubris:Icosahedron":69,"Tiny Chest":162,"Cracked Core":0,"Replay:Drink Me":8,"hubris:DisguiseKit":128,"BargainBundle":22,"Guide Book":157,"Replay:WaspNest":211,"Orichalcum":99,"White Beast Statue":196,"Calling Bell":166,"CaptainsWheel":46,"DataDisk":86,"Pondfish Scales":206,"infinitespire:WardingShard":126,"infinitespire:Satchel":166,"ChewingGum":62,"hubris:BundleOfHerbs":159,"hubris:GrandSneckoEye":90,"Bag of Marbles":213,"Membership Card":100,"PureWater":211,"hubris:Potato":61,"ReplayTheSpireMod:ShopPack":8,"hubris:NiceRug":71},{"Replay:Accelerometer":396,"infinitespire:BottledMercury":423,"hubris:BallOfYels":451,"aspiration:PoetsPen_weak":711,"Whetstone":160,"Ginger":622,"Bottled Tornado":415,"hubris:MysteriousPyramids":659,"Sling":564,"Boot":680,"Blood Vial":0,"Replay:Ringing Soul":841,"aspiration:EnhancedActuators":274,"Replay:Bronze Core":30,"MealTicket":111,"hubris:DeckOfHolding":274,"Fusion Hammer":182,"Kunai":462,"hubris:TinFlute":518,"Replay:Bottled Steam":441,"aspiration:FaultyCoupler":609,"Pear":466,"Velvet Choker":72,"Eternal Feather":33,"ReplayTheSpireMod:SealedPack":147,"Pen Nib":481,"aspiration:IroncladSkillbook":539,"Cables":384,"infinitespire:EvilPickle":245,"Bird Faced Urn":173,"Pandora\u0027s Box":140,"hubris:TenFootPole":415,"aspiration:MysteriousAuxiliaryCore":252,"infinitespire:PuzzleCube":338,"Solar Panel":111,"Carrot":0,"aspiration:Lifesprig":124,"hubris:Metronome":622,"Lantern":627,"Singing Bowl":235,"Replay:Multitool":193,"Bag of Preparation":384,"hubris:EmptyBottle":835,"Replay:Rubber Ducky":582,"hubris:BlackHole":796,"Matryoshka":415,"hubris:Backtick":507,"WingedGreaves":147,"infinitespire:Eraser":482,"aspiration:ChemicalBlood":195,"Potion Belt":822,"Lee\u0027s Waffle":0,"Inserter":104,"NeowsBlessing":0,"Golden Idol":205,"PreservedInsect":485,"The Courier":636,"infinitespire:Joker Card":755,"Geode":57,"Omamori":850,"infinitespire:Lucky Rock":276,"Frozen Egg 2":214,"hubris:Towel":497,"Replay:Arrowhead":636,"Busted Crown":433,"Ornamental Fan":391,"Orrery":104,"Turnip":468,"Garlic":302,"Bottled Lightning":131,"ReplayTheSpireMod:Lightbulb":189,"Toy Ornithopter":176,"hubris:BottledRain":37,"infinitespire:Freezer":404,"Ice Cream":825,"Tiny House":384,"Calipers":592,"aspiration:Stabinomicon":156,"Runic Capacitor":396,"Centennial Puzzle":42,"infinitespire:SolderingIron":262,"DollysMirror":274,"Strawberry":299,"Philosopher\u0027s Stone":30,"Prayer Wheel":188,"Iron Hammer":728,"Toxic Egg 2":7,"Girya":720,"Happy Flower":195,"hubris:DuctTape":646,"ReplayTheSpireMod:CursedCoin":195,"hubris:SoftwareUpdate":260,"aspiration:Nostalgia":767,"Replay:Grab Bag":30,"Astrolabe":454,"Oddly Smooth Stone":111,"infinitespire:Beetle Shell":669,"Replay:Kaleidoscope":659,"Question Card":104,"aspiration:HiddenCompartment":481,"Du-Vu Doll":37,"Replay:Baseball":564,"ReplayTheSpireMod:Shallot":573,"Shuriken":560,"Bronze Scales":195,"hubris:PeanutButter":281,"Simple Rune":422,"Onion Ring":447,"Molten Egg 2":843,"ReplayTheSpireMod:TigerMarble":235,"Black Star":810,"Mirror":684,"Meat on the Bone":485,"ReplayFunnel":659,"SacredBark":30,"aspiration:TomeofQuesting":17,"hubris:SlimyHat":85,"Replay:Mystery Machine":13,"ClockworkSouvenir":37,"aspiration:StickyExplosives_weak":173,"Replay:Bandana":195,"Nunchaku":447,"Emotion Chip":545,"Dream Catcher":843,"Chameleon Ring":98,"hubris:Icosahedron":265,"Tiny Chest":603,"Cracked Core":0,"Replay:Drink Me":33,"hubris:DisguiseKit":471,"BargainBundle":111,"Guide Book":582,"Replay:WaspNest":767,"Orichalcum":408,"White Beast Statue":717,"Calling Bell":622,"CaptainsWheel":195,"DataDisk":338,"Pondfish Scales":752,"infinitespire:WardingShard":466,"infinitespire:Satchel":622,"ChewingGum":245,"hubris:BundleOfHerbs":592,"hubris:GrandSneckoEye":356,"Bag of Marbles":773,"Membership Card":415,"PureWater":767,"hubris:Potato":241,"ReplayTheSpireMod:ShopPack":33,"hubris:NiceRug":274}]},"card_choices":[{"not_picked":["Aggregate","Coolheaded"],"picked":"Conserve Battery","floor":0},{"not_picked":["Cold Snap","Redo"],"picked":"Sunder","floor":0},{"not_picked":["Compile Driver","FTL"],"picked":"Thunder Strike","floor":0},{"not_picked":["Auto Shields","BasicCrystalCard"],"picked":"Conserve Battery","floor":0},{"not_picked":["Leap","Stack"],"picked":"Beam Cell","floor":1},{"not_picked":["Rip and Tear","Conserve Battery"],"picked":"Glacier","floor":2},{"not_picked":["Leap","Fission"],"picked":"Panic Button","floor":4},{"not_picked":["Go for the Eyes","Beam Cell","Cold Snap"],"picked":"SKIP","floor":7},{"not_picked":["Cold Snap","Streamline"],"picked":"Ball Lightning","floor":14},{"not_picked":["ReplayTheSpireMod:Omega Cannon","Machine Learning"],"picked":"Buffer","floor":16},{"not_picked":["Beam Cell","Cold Snap+1"],"picked":"Leap+1","floor":18},{"not_picked":["Stack","Cold Snap"],"picked":"Skim","floor":19},{"not_picked":["Fusion","BasicCrystalCard"],"picked":"Steam","floor":20},{"not_picked":["Turbo","Panic Button"],"picked":"Streamline","floor":21},{"not_picked":["BasicCrystalCard","Panic Button"],"picked":"Rebound","floor":24},{"not_picked":["Melter","Steam"],"picked":"White Noise","floor":25},{"not_picked":["Ball Lightning+1","Reboot"],"picked":"Storm","floor":28},{"not_picked":["Consume","Defragment"],"picked":"Storm","floor":29},{"not_picked":["Cold Snap","ReplayTheSpireMod:Reroute Power"],"picked":"Conserve Battery","floor":30},{"not_picked":["Genetic Algorithm","Go for the Eyes"],"picked":"Barrage","floor":30},{"not_picked":["Blizzard","Hello World"],"picked":"ReplayRNGCard","floor":31},{"not_picked":["Machine Learning","All For One"],"picked":"hubris:DoWhile","floor":33},{"not_picked":["Cold Snap","Coolheaded"],"picked":"Ball Lightning","floor":35},{"not_picked":["Streamline","Sweeping Beam+1"],"picked":"Cold Snap+1","floor":36},{"not_picked":["Redo","Auto Shields"],"picked":"Sweeping Beam","floor":37},{"not_picked":["Rip and Tear","Cold Snap"],"picked":"Multi-Cast","floor":39},{"not_picked":["Rebound","ReplayTheSpireMod:Reroute Power"],"picked":"hubris:PowerSurge","floor":40},{"not_picked":["Streamline","Compile Driver"],"picked":"FIFO Queue+1","floor":42},{"not_picked":["Compile Driver+1","Reprogram"],"picked":"Consume","floor":45},{"not_picked":["Go for the Eyes+1","Stack"],"picked":"Leap","floor":46},{"not_picked":["Beam Cell+1","Scrape+1"],"picked":"Self Repair","floor":47},{"not_picked":[],"picked":"Compile Driver+1","floor":53},{"not_picked":[],"picked":"Ball Lightning+1","floor":53},{"not_picked":[],"picked":"Steam Power","floor":53},{"not_picked":[],"picked":"Panic Button","floor":53},{"not_picked":[],"picked":"Self Repair","floor":53},{"not_picked":[],"picked":"hubris:Ssssneak","floor":53},{"not_picked":[],"picked":"hubris:EnhanceAbility","floor":53},{"not_picked":["Magnetism","Chrysalis"],"picked":"Master of Strategy","floor":54},{"not_picked":["Madness","expansioncontent:ManipulateTime"],"picked":"Impatience","floor":54},{"not_picked":["PanicButton","hubris:Ssssneak"],"picked":"Replay:SS_fish_3","floor":54}],"player_experience":596590,"relics_obtained":[{"floor":9,"key":"Replay:Bandana"},{"floor":25,"key":"Geode"},{"floor":25,"key":"ReplayTheSpireMod:Lightbulb"},{"floor":29,"key":"Blood Vial"},{"floor":29,"key":"Potion Belt"},{"floor":30,"key":"hubris:SoftwareUpdate"},{"floor":31,"key":"Whetstone"},{"floor":31,"key":"Ice Cream"},{"floor":40,"key":"Replay:Ringing Soul"},{"floor":40,"key":"Du-Vu Doll"},{"floor":42,"key":"Garlic"},{"floor":42,"key":"Dream Catcher"},{"floor":43,"key":"Molten Egg 2"},{"floor":46,"key":"aspiration:Lifesprig"},{"floor":46,"key":"Omamori"},{"floor":53,"key":"Eternal Feather"},{"floor":53,"key":"hubris:SlimyHat"},{"floor":53,"key":"ReplayTheSpireMod:ShopPack"}],"event_choices":[{"damage_healed":23,"gold_gain":0,"player_choice":"Leave","damage_taken":0,"max_hp_gain":0,"max_hp_loss":75,"event_name":"betterThird:BetterShining","floor":3,"gold_loss":0},{"damage_healed":0,"gold_gain":75,"player_choice":"Gold","damage_taken":11,"max_hp_gain":0,"max_hp_loss":0,"event_name":"betterThird:BetterGoop","floor":10,"gold_loss":0}],"is_beta":false,"boss_relics":[{"not_picked":["Ectoplasm","hubris:Stopwatch"],"picked":"hubris:BlackHole"},{"not_picked":["hubris:ScarierMask","Velvet Choker"],"picked":"Inserter"}],"items_purged_floors":[0],"is_endless":false,"potions_floor_spawned":[2,16,18,20,24,29,31,33,36,37,45,46],"ascension_level":13}}