{"host":"2o3sockympbxxanu","time":1610727347,"event":{"mods":["AchievementEnabler","BaseMod","Colored Map","Colored Powertips","Conspire","Highlight Path","Infinite Spire","Minty Spire (QoL Compilation)","Replay The Spire","Shop Mod","StSLib","SuperFastMode"],"gold_per_floor":[110,125,139,151,151,151,186,198,198,54,70,70,245,245,245,345,345,362,277,277,294,294,294,324,324,324,324,47,64,84,102,102,202,202,220,220,32,43,57,57,74,74,74,91,101,101,153,167,167,167,167],"floor_reached":50,"language":"ZHS","playtime":3833,"items_purged":["Defend_G"],"score":596,"play_id":"dc9ed4bb-40ae-43b0-9185-798a46f65038","local_time":"20210116001547","is_ascension_mode":true,"campfire_choices":[{"data":"Terror","floor":6.0,"key":"SMITH"},{"data":"A Thousand Cuts","floor":12.0,"key":"SMITH"},{"floor":15.0,"key":"REST"},{"floor":23.0,"key":"REST"},{"floor":27.0,"key":"REST"},{"floor":32.0,"key":"REST"},{"floor":40.0,"key":"REST"},{"floor":49,"key":"RECALL"}],"circlet_count":0,"master_deck":["Strike_G","Defend_G","Survivor","Neutralize","Terror+1","Deadly Poison","Deadly Poison","Deflect+1","Backstab","Dagger Spray","A Thousand Cuts+1","Deflect","infinitespire:Neurotoxin","Outmaneuver+1","PiercingWail","Footwork","Cloak And Dagger","Hidden Blade+1","Cloak And Dagger","Concentrate","Venomology+1","Bane+1","conspire:DoublingDagger","Blade Dance","conspire:DoublingDagger","PiercingWail","Deflect+1","ReplayTheSpireMod:Tripwire"],"relics":["Ring of the Snake","Bronze Scales","TwistedFunnel","WristBlade","Chameleon Ring","Replay:PocketPolymizer","Gremlin Food","ReplayTheSpireMod:TigerMarble","infinitespire:Lucky Rock","conspire:DeflatedDodgeball","TungstenRod"],"acts_visited":["TheCity","TheBeyond"],"potions_floor_usage":[50,50],"damage_taken":[{"damage":0.0,"enemies":"Small Slimes","floor":1.0,"turns":4.0},{"damage":2.0,"enemies":"infinitespire:Voidling","floor":2.0,"turns":3.0},{"damage":3.0,"enemies":"Jaw Worm","floor":3.0,"turns":5.0},{"damage":2.0,"enemies":"2 Fungi Beasts","floor":4.0,"turns":3.0},{"damage":31.0,"enemies":"3 Sentries","floor":7.0,"turns":12.0},{"damage":0.0,"enemies":"3 Louse","floor":8.0,"turns":2.0},{"damage":2.0,"enemies":"Exordium Thugs","floor":11.0,"turns":3.0},{"damage":0.0,"enemies":"Slime Boss","floor":16.0,"turns":7.0},{"damage":8.0,"enemies":"conspire:FuzzyDice","floor":18.0,"turns":5.0},{"damage":19.0,"enemies":"Spheric Guardian","floor":21.0,"turns":3.0},{"damage":46.0,"enemies":"conspire:SneckoGhost","floor":24.0,"turns":6.0},{"damage":0.0,"enemies":"conspire:HollyBat","floor":25.0,"turns":1.0},{"damage":10.0,"enemies":"Centurion and Healer","floor":29.0,"turns":4.0},{"damage":15.0,"enemies":"Snake Plant","floor":30.0,"turns":3.0},{"damage":0.0,"enemies":"3 Cultists","floor":31.0,"turns":3.0},{"damage":19.0,"enemies":"Champ","floor":33.0,"turns":9.0},{"damage":5.0,"enemies":"3 Shapes","floor":35.0,"turns":5.0},{"damage":15.0,"enemies":"3 Darklings","floor":38.0,"turns":4.0},{"damage":14.0,"enemies":"Maw","floor":39.0,"turns":6.0},{"damage":29.0,"enemies":"Sphere and 2 Shapes","floor":41.0,"turns":4.0},{"damage":4.0,"enemies":"3 Darklings","floor":44.0,"turns":3.0},{"damage":0.0,"enemies":"Jaw Worm Horde","floor":45.0,"turns":3.0},{"damage":0.0,"enemies":"2 Orb Walkers","floor":47.0,"turns":2.0},{"damage":0.0,"enemies":"4 Shapes","floor":48.0,"turns":3.0},{"damage":31,"enemies":"Donu and Deca","floor":50,"turns":4}],"seed_played":"-4190906118886457341","potions_obtained":[{"floor":1.0,"key":"Ancient Potion"},{"floor":3.0,"key":"PowerPotion"},{"floor":5.0,"key":"SmokeBomb"},{"floor":5.0,"key":"Flashbang"},{"floor":18.0,"key":"Dexterity Potion"},{"floor":31.0,"key":"Reflective Coating"},{"floor":33.0,"key":"Strength Potion"},{"floor":38.0,"key":"SkillPotion"},{"floor":45.0,"key":"Block Potion"},{"floor":48.0,"key":"Energy Potion"}],"is_trial":false,"path_per_floor":["M","M","M","M","?","R","E","M","T","$","M","R","?","?","R","B",null,"M","?","?","M","?","R","E","M","T","R","$","M","M","M","R","B",null,"M","?","$","M","M","R","M","$","T","M","M","?","?","M","R","B"],"character_chosen":"THE_SILENT","items_purchased":["TwistedFunnel","ReplayTheSpireMod:TigerMarble","Cloak And Dagger","infinitespire:Lucky Rock","Bane+1"],"campfire_rested":5,"item_purchase_floors":[10,28,28,37,37],"current_hp_per_floor":[70,68,65,63,63,63,32,32,32,32,30,30,30,23,44,44,70,62,62,62,43,43,64,18,18,18,39,39,29,14,14,35,16,70,65,65,65,50,36,57,28,28,28,24,24,24,24,24,24,0,0],"gold":167,"neow_bonus":"TRANSFORM_CARD","is_daily":false,"chose_seed":false,"campfire_upgraded":2,"win_rate":0.0,"timestamp":1610727347,"path_taken":["M","M","M","M","?","R","E","?","T","$","M","R","?","?","R","BOSS","M","?","?","?","?","R","E","M","T","R","?","M","M","M","R","BOSS","M","?","$","?","M","R","M","$","T","M","M","?","?","M","R","BOSS"],"items_purchased_type":["Relic","Relic","Card","Relic","Card"],"build_version":"2020-12-22","purchased_purges":1,"victory":false,"max_hp_per_floor":[70,70,70,70,70,70,70,70,70,70,70,70,70,70,70,70,70,70,70,70,70,70,70,70,70,70,70,70,70,70,70,70,70,70,70,70,70,70,70,70,70,70,70,70,70,70,70,70,70,70,70],"card_choices":[{"not_picked":["Crippling Poison","Cloak And Dagger"],"picked":"Deadly Poison","floor":1.0},{"not_picked":["Deflect","Quick Slash"],"picked":"Deadly Poison","floor":2.0},{"not_picked":["Calculated Gamble","Sucker Punch"],"picked":"Deflect","floor":3.0},{"not_picked":["Hidden Blade","Concentrate"],"picked":"Backstab","floor":4.0},{"not_picked":["Slice","Sucker Punch"],"picked":"Dagger Spray","floor":7.0},{"not_picked":["Dodge and Roll","Underhanded Strike"],"picked":"A Thousand Cuts","floor":8.0},{"not_picked":["Masterful Stab","Flying Knee"],"picked":"Deflect","floor":11.0},{"not_picked":["Venomology","Die Die Die"],"picked":"infinitespire:Neurotoxin","floor":16.0},{"not_picked":["Sucker Punch","Quick Slash","Outmaneuver"],"picked":"SKIP","floor":18.0},{"not_picked":["Masterful Stab","Endless Agony"],"picked":"Outmaneuver+1","floor":21.0},{"not_picked":["All Out Attack","Grand Finale"],"picked":"PiercingWail","floor":24.0},{"not_picked":["Crippling Poison+1","Leg Sweep"],"picked":"Cloak And Dagger","floor":29.0},{"not_picked":["Sucker Punch","Sneak Up+1"],"picked":"Hidden Blade+1","floor":30.0},{"not_picked":["A Thousand Cuts","Reflex"],"picked":"Cloak And Dagger","floor":31.0},{"not_picked":["Grand Finale","infinitespire:Neurotoxin"],"picked":"Venomology","floor":33.0},{"not_picked":["Acrobatics","Predator+1","Expertise"],"picked":"SKIP","floor":35.0},{"not_picked":["Prepared+1","Outmaneuver"],"picked":"conspire:DoublingDagger","floor":38.0},{"not_picked":["Setup+1","ReplayTheSpireMod:Exploit Weakness+1"],"picked":"Blade Dance","floor":39.0},{"not_picked":["Acrobatics+1","Reflex"],"picked":"PiercingWail","floor":41.0},{"not_picked":["PiercingWail","Choke+1"],"picked":"Deflect+1","floor":44.0},{"not_picked":["Terror","Deflect","Distraction"],"picked":"SKIP","floor":45.0},{"not_picked":["Underhanded Strike+1","Wraith Form v2","Dagger Throw"],"picked":"SKIP","floor":48.0}],"player_experience":306390,"relics_obtained":[{"floor":7.0,"key":"Bronze Scales"},{"floor":24.0,"key":"Replay:PocketPolymizer"},{"floor":26.0,"key":"Gremlin Food"},{"floor":43.0,"key":"conspire:DeflatedDodgeball"},{"floor":47.0,"key":"TungstenRod"}],"event_choices":[{"damage_healed":0.0,"max_hp_gain":0.0,"max_hp_loss":0.0,"gold_gain":0.0,"event_name":"Lab","player_choice":"Got Potions","floor":5.0,"gold_loss":0.0,"damage_taken":0.0},{"damage_healed":0.0,"max_hp_gain":0.0,"max_hp_loss":0.0,"gold_gain":175.0,"event_name":"Liars Game","player_choice":"AGREE","floor":13.0,"gold_loss":0.0,"damage_taken":0.0,"cards_obtained":["Doubt"]},{"cards_removed":["Doubt"],"damage_healed":0.0,"max_hp_gain":0.0,"max_hp_loss":0.0,"gold_gain":0.0,"event_name":"Golden Wing","player_choice":"Card Removal","floor":14.0,"gold_loss":0.0,"damage_taken":7.0},{"damage_healed":0.0,"max_hp_gain":0.0,"max_hp_loss":0.0,"gold_gain":0.0,"event_name":"Addict","player_choice":"Obtained Relic","floor":19.0,"gold_loss":85.0,"damage_taken":0.0,"relics_obtained":["Chameleon Ring"]},{"cards_removed":["Strike_G"],"damage_healed":0.0,"max_hp_gain":0.0,"max_hp_loss":0.0,"gold_gain":0.0,"event_name":"Bonfire Elementals","player_choice":"Offered Basic","floor":20.0,"gold_loss":0.0,"damage_taken":0.0},{"cards_removed":["Defend_G"],"damage_healed":0.0,"max_hp_gain":0.0,"max_hp_loss":0.0,"gold_gain":0.0,"event_name":"Purifier","player_choice":"Purged","floor":36.0,"gold_loss":0.0,"damage_taken":0.0},{"cards_removed":["Strike_G"],"damage_healed":0.0,"max_hp_gain":0.0,"max_hp_loss":0.0,"gold_gain":0.0,"event_name":"Falling","player_choice":"Removed Attack","floor":46.0,"gold_loss":0.0,"damage_taken":0.0},{"damage_healed":0.0,"max_hp_gain":0.0,"max_hp_loss":0.0,"gold_gain":0.0,"event_name":"Mysterious Sphere","player_choice":"Fight","floor":47.0,"gold_loss":0.0,"damage_taken":0.0}],"is_beta":false,"boss_relics":[{"not_picked":["Runic Pyramid","SacredBark"],"picked":"WristBlade"},{"not_picked":["Busted Crown","Replay:Grab Bag","ReplayTheSpireMod:DimensionalGlitch"]}],"items_purged_floors":[28],"is_endless":false,"potions_floor_spawned":[1,3,7,8,18,25,31,33,38,45,48],"killed_by":"Donu and Deca","ascension_level":3}}