{"host":"4ag909k4xupnj24b","time":1610713154,"event":{"mods":["BaseMod","Minty Spire (QoL Compilation)","StSLib"],"gold_per_floor":[110,121,121,45,45,45,77,97,97,107,107,107,40,67,67,67,67],"floor_reached":16,"language":"ENG","playtime":285,"items_purged":[],"score":189,"play_id":"a656b0a9-ef11-41bc-b379-4bd829303ff3","local_time":"20210115041914","is_ascension_mode":true,"campfire_choices":[{"data":"Rip and Tear","floor":6,"key":"SMITH"},{"floor":11,"key":"REST"},{"floor":15,"key":"REST"}],"circlet_count":0,"master_deck":["AscendersBane","Strike_B","Strike_B","Strike_B","Defend_B","Defend_B","Defend_B","Defend_B","Zap","Dualcast","Ball Lightning","Rip and Tear+1","Fission","Undo","Capacitor","Parasite","Defragment","Force Field"],"relics":["Nuclear Battery","StrikeDummy","Potion Belt","Gremlin Horn","Oddly Smooth Stone"],"acts_visited":["Exordium"],"potions_floor_usage":[16],"damage_taken":[{"damage":4,"enemies":"Small Slimes","floor":1,"turns":4},{"damage":6,"enemies":"2 Louse","floor":2,"turns":3},{"damage":35,"enemies":"Lagavulin","floor":7,"turns":5},{"damage":1,"enemies":"Cultist","floor":8,"turns":3},{"damage":1,"enemies":"2 Fungi Beasts","floor":10,"turns":3},{"damage":41,"enemies":"Gremlin Nob","floor":14,"turns":5},{"damage":32,"enemies":"Slime Boss","floor":16,"turns":3}],"seed_played":"6265621367443213524","potions_obtained":[{"floor":14,"key":"ColorlessPotion"}],"is_trial":false,"path_per_floor":["M","M","?","$","?","R","E","M","T","M","R","?","$","E","R","B"],"character_chosen":"DEFECT","items_purchased":["Rip and Tear","Defragment"],"campfire_rested":2,"item_purchase_floors":[4,13],"current_hp_per_floor":[60,54,47,47,47,47,12,11,11,10,31,48,48,7,28,0,0],"gold":67,"neow_bonus":"BOSS_RELIC","is_daily":false,"chose_seed":false,"campfire_upgraded":1,"win_rate":0.0,"timestamp":1610713154,"path_taken":["M","M","?","$","?","R","E","M","T","?","R","?","$","E","R","BOSS"],"items_purchased_type":["Card","Card"],"build_version":"2020-12-22","purchased_purges":0,"victory":false,"max_hp_per_floor":[71,71,71,71,71,71,71,71,71,71,71,71,71,71,71,71,71],"card_choices":[{"not_picked":["Rebound","Storm"],"picked":"Ball Lightning","floor":1},{"not_picked":["Beam Cell","Go for the Eyes"],"picked":"Hologram","floor":2},{"not_picked":["Undo","Go for the Eyes"],"picked":"Fission","floor":7},{"not_picked":["Steam","Barrage"],"picked":"Undo","floor":8},{"not_picked":["Stack","Turbo"],"picked":"Capacitor","floor":10},{"not_picked":["Blizzard","Go for the Eyes"],"picked":"Force Field","floor":14}],"player_experience":837166,"relics_obtained":[{"floor":7,"key":"Potion Belt"},{"floor":9,"key":"Gremlin Horn"},{"floor":14,"key":"Oddly Smooth Stone"}],"event_choices":[{"cards_removed":["Strike_B"],"damage_healed":0,"gold_gain":0,"player_choice":"Card Removal","damage_taken":7,"max_hp_gain":0,"max_hp_loss":0,"event_name":"Golden Wing","floor":3,"gold_loss":0},{"cards_removed":["Hologram"],"damage_healed":0,"gold_gain":0,"player_choice":"Gave Card","damage_taken":0,"relics_obtained":["StrikeDummy"],"max_hp_gain":0,"max_hp_loss":0,"event_name":"WeMeetAgain","floor":5,"gold_loss":0},{"damage_healed":17,"gold_gain":0,"player_choice":"Healed and dodged fight","damage_taken":0,"max_hp_gain":0,"max_hp_loss":0,"event_name":"Mushrooms","floor":12,"gold_loss":0,"cards_obtained":["Parasite"]}],"is_beta":false,"boss_relics":[],"items_purged_floors":[],"is_endless":false,"potions_floor_spawned":[14],"killed_by":"Slime Boss","ascension_level":15}}