{"host":"ibonnlq6s1c814xj","time":1610737796,"event":{"mods":["BaseMod","BetterRewards","Minty Spire (QoL Compilation)","Shop Mod","【功能Mod】聪明的最终Boss","【遗物卡牌】REMEMod"],"gold_per_floor":[118,137,29,6,21,51,51,25,25,42,57,76,96,108,108,204,204,221,221,221,235,235,235,250,0,0,10,10,10],"floor_reached":28,"language":"ZHS","playtime":1557,"items_purged":["Strike_R","Strike_R"],"score":274,"play_id":"52b13cd7-3645-4bb4-a5a6-cf10d5f4cd69","local_time":"20210116030956","is_ascension_mode":false,"campfire_choices":[{"data":"Body Slam","floor":7,"key":"SMITH"},{"data":"Armaments","floor":15,"key":"SMITH"},{"data":"Brutality","floor":23,"key":"SMITH"}],"circlet_count":0,"master_deck":["Strike_R","Strike_R","Defend_R","Defend_R","Defend_R","Defend_R","Bash","Dramatic Entrance","Feel No Pain","REME_FearOfPain","Warcry","Rupture","Metallicize","Body Slam+1","Seeing Red","Armaments+1","Spot Weakness","Metallicize","True Grit","Brutality+1","Dual Wield","Metallicize"],"relics":["Burning Blood","REME_ComplimentaryCards","Bag of Preparation","Bottled Tornado","Pocketwatch","Incense Burner","REME_ChargedStone","Nloth\u0027s Gift","MerchantsRug","Blue Candle"],"acts_visited":["Exordium","TheCity"],"potions_floor_usage":[6,16,16,16,24,24,24],"damage_taken":[{"damage":3,"enemies":"Cultist","floor":1,"turns":6},{"damage":3,"enemies":"Jaw Worm","floor":2,"turns":6},{"damage":0,"enemies":"2 Louse","floor":5,"turns":2},{"damage":50,"enemies":"Gremlin Nob","floor":6,"turns":6},{"damage":4,"enemies":"Red Slaver","floor":10,"turns":4},{"damage":0,"enemies":"3 Louse","floor":11,"turns":1},{"damage":1,"enemies":"Blue Slaver","floor":12,"turns":6},{"damage":0,"enemies":"Gremlin Gang","floor":13,"turns":5},{"damage":1,"enemies":"2 Fungi Beasts","floor":14,"turns":5},{"damage":0,"enemies":"Slime Boss","floor":16,"turns":11},{"damage":6,"enemies":"Chosen","floor":18,"turns":7},{"damage":42,"enemies":"3 Byrds","floor":21,"turns":7},{"damage":4,"enemies":"Snecko","floor":24,"turns":5},{"damage":34,"enemies":"3 Cultists","floor":27,"turns":7},{"damage":56,"enemies":"Slavers","floor":28,"turns":4}],"seed_played":"-8164477207054075050","potions_obtained":[{"floor":2,"key":"Regen Potion"},{"floor":5,"key":"Fire Potion"},{"floor":10,"key":"PowerPotion"},{"floor":13,"key":"Regen Potion"},{"floor":16,"key":"DistilledChaos"},{"floor":18,"key":"BloodPotion"},{"floor":21,"key":"DistilledChaos"}],"is_trial":false,"path_per_floor":["M","M","$","$","M","E","R","$","T","M","M","M","M","M","R","B",null,"M","?","?","M","?","R","M","$","T","M","E"],"character_chosen":"IRONCLAD","items_purchased":["Feel No Pain","Bag of Preparation","Bottled Tornado","REME_FearOfPain","Warcry","Metallicize","Body Slam","Armaments","MerchantsRug"],"campfire_rested":0,"item_purchase_floors":[0,0,0,0,0,3,4,8,25],"current_hp_per_floor":[47,50,50,50,56,22,22,22,22,24,30,35,41,46,46,90,90,90,90,90,54,54,54,74,74,74,46,0,0],"gold":10,"neow_bonus":"","is_daily":false,"chose_seed":false,"campfire_upgraded":3,"win_rate":0.0,"timestamp":1610737796,"path_taken":["M","?","?","$","?","E","R","$","T","M","?","M","M","M","R","BOSS","M","?","?","?","?","R","M","$","T","M","E"],"items_purchased_type":["Card","Relic","Relic","Card","Card","Card","Card","Card","Relic"],"build_version":"2020-12-22","purchased_purges":2,"victory":false,"max_hp_per_floor":[80,80,80,80,80,90,90,90,90,90,90,90,90,90,90,90,90,90,90,90,90,90,90,90,90,90,90,90,90],"card_choices":[{"not_picked":["Clothesline","Shrug It Off"],"picked":"Rupture","floor":1},{"not_picked":["Clothesline","Ghostly Armor","Flame Barrier"],"picked":"SKIP","floor":2},{"not_picked":["Clothesline","Inflame"],"picked":"Seeing Red","floor":5},{"not_picked":["Fiend Fire","Inflame","Seeing Red"],"picked":"SKIP","floor":6},{"not_picked":["Anger","Flex"],"picked":"Spot Weakness","floor":10},{"not_picked":["True Grit","Pommel Strike"],"picked":"Metallicize","floor":11},{"not_picked":["Clash","Anger","Clothesline"],"picked":"SKIP","floor":12},{"not_picked":["Thunderclap","Infernal Blade","Sentinel"],"picked":"SKIP","floor":13},{"not_picked":["Havoc","Thunderclap"],"picked":"True Grit","floor":14},{"not_picked":["Immolate","Fiend Fire"],"picked":"Brutality","floor":16},{"not_picked":["Clash","Whirlwind"],"picked":"Dual Wield","floor":18},{"not_picked":["Wild Strike+1","Armaments","Anger"],"picked":"SKIP","floor":21},{"not_picked":["Uppercut","Shockwave","Shrug It Off"],"picked":"SKIP","floor":24},{"not_picked":["REME_Scribble","Twin Strike"],"picked":"Metallicize","floor":27}],"player_experience":241063,"relics_obtained":[{"floor":6,"key":"Pear"},{"floor":9,"key":"Incense Burner"},{"floor":26,"key":"Blue Candle"}],"event_choices":[{"cards_removed":["Strike_R"],"damage_healed":0,"gold_gain":0,"player_choice":"Elegance","damage_taken":0,"max_hp_gain":0,"max_hp_loss":0,"event_name":"Back to Basics","floor":19,"gold_loss":0},{"damage_healed":0,"gold_gain":0,"player_choice":"Traded Relic","damage_taken":0,"relics_obtained":["Nloth\u0027s Gift"],"max_hp_gain":0,"max_hp_loss":0,"event_name":"N\u0027loth","floor":20,"relics_lost":["Pear"],"gold_loss":0},{"damage_healed":0,"gold_gain":0,"player_choice":"Ignored","damage_taken":0,"max_hp_gain":0,"max_hp_loss":0,"event_name":"Vampires","floor":22,"gold_loss":0}],"is_beta":false,"boss_relics":[{"not_picked":["Cursed Key","Runic Pyramid"],"picked":"REME_ChargedStone"}],"items_purged_floors":[3,25],"is_endless":false,"potions_floor_spawned":[2,5,10,13,14,16,18,21],"killed_by":"Slavers","ascension_level":0}}