{"host":"a4220vmwe0snk9yx","time":1610716616,"event":{"mods":["100% Spire Juice","AchievementEnabler","BaseMod","Bestiary","Better Altar","Better Skull","BetterRewards","CapriCore","Card Forge","Chen","Gold Saver","HololiveMod","Koishi","Marisa（霧雨　魔理沙）","Minty Spire (QoL Compilation)","Prisma Mod","Reimu（博??梦）","StSLib","SuperFastMode","The Alterego","The Animator","The Immortal","The Wild Card","Waifu the Spire","WarShipGirlsR/??少女R mod","Yakumo Yukari mod"],"gold_per_floor":[179,195,206,206,281,281,313,313,313,160,190,190,225,125,125,77,77],"floor_reached":16,"language":"ENG","playtime":858,"items_purged":["animator:Strike","animator:Defend"],"score":198,"play_id":"1e9162d4-8ce2-4a9d-b45d-f68d26dd865f","local_time":"20210115081656","is_ascension_mode":true,"campfire_choices":[{"data":"animator:YuiTsuruno","floor":6,"key":"SMITH"},{"data":"animator:SayakaMiki","floor":8,"key":"SMITH"},{"data":"animator:HomuraAkemi","floor":12,"key":"SMITH"},{"data":"animator:YachiyoNanami","floor":15,"key":"SMITH"}],"circlet_count":0,"master_deck":["AscendersBane","animator:Strike_MadokaMagica","animator:Defend_MadokaMagica","animator:Strike","animator:Strike","animator:Defend","animator:Defend","animator:IrohaTamaki","animator:YuiTsuruno+1","animator:YuiTsuruno","animator:SayakaMiki+1","animator:HomuraAkemi+1","animator:IrohaTamaki","animator:YachiyoNanami+1"],"relics":["animator:LivingPicture","animator:TheMissingPiece","Hammer of Thor","Seething Fire","Anvil of the Gods","NeowsBlessing","Pear","Ornamental Fan","Bottled Lightning"],"acts_visited":["Exordium"],"potions_floor_usage":[11,16],"damage_taken":[{"damage":0.0,"enemies":"Cultist","floor":1.0,"turns":1.0},{"damage":0.0,"enemies":"2 Louse","floor":2.0,"turns":1.0},{"damage":0.0,"enemies":"Small Slimes","floor":3.0,"turns":1.0},{"damage":11,"enemies":"Looter","floor":7,"turns":3},{"damage":20,"enemies":"Lagavulin","floor":11,"turns":9},{"damage":12,"enemies":"Gremlin Nob","floor":13,"turns":6},{"damage":21,"enemies":"Hexaghost","floor":16,"turns":10}],"seed_played":"-5980974308379426053","potions_obtained":[{"floor":2.0,"key":"Fruit Juice"},{"floor":3.0,"key":"LiquidMemories"}],"is_trial":false,"path_per_floor":["M","M","M","?","?","R","M","R","T","$","E","R","E","$","R","B"],"character_chosen":"THE_ANIMATOR","items_purchased":["animator:HomuraAkemi"],"campfire_rested":0,"item_purchase_floors":[10],"current_hp_per_floor":[59,59,59,59,48,48,37,37,47,47,32,32,21,21,21,0,0],"gold":77,"neow_bonus":"THREE_ENEMY_KILL","is_daily":false,"chose_seed":false,"campfire_upgraded":4,"win_rate":0.0,"timestamp":1610716616,"path_taken":["M","?","M","?","?","R","M","R","T","$","E","R","E","$","R","BOSS"],"items_purchased_type":["Card"],"build_version":"2020-12-22","purchased_purges":2,"victory":false,"max_hp_per_floor":[66,66,66,66,66,66,66,66,76,76,81,81,82,82,82,82,82],"card_choices":[{"not_picked":["animator:YaoHaDucy","animator:GazelDwargon"],"picked":"animator:YuiTsuruno","floor":1.0},{"not_picked":["animator:Azekura","animator:Emonzaemon","animator:Shichika"],"picked":"SKIP","floor":2.0},{"not_picked":["animator:Konayuki","animator:YuiTsuruno","animator:Layla"],"picked":"SKIP","floor":3.0},{"not_picked":["animator:IrohaTamaki","animator:OrikoMikuni"],"picked":"animator:SayakaMiki","floor":7},{"not_picked":["animator:Verdia","animator:Mikaela"],"picked":"animator:IrohaTamaki","floor":11},{"not_picked":["animator:Konayuki","animator:RoryMercury"],"picked":"animator:YachiyoNanami","floor":13}],"player_experience":917200,"relics_obtained":[{"floor":9,"key":"Pear"},{"floor":11,"key":"Ornamental Fan"},{"floor":13,"key":"Bottled Lightning"}],"event_choices":[{"damage_healed":0,"gold_gain":75,"player_choice":"Gather Gold","damage_taken":11,"max_hp_gain":0,"max_hp_loss":0,"event_name":"World of Goop","floor":5,"gold_loss":0}],"is_beta":false,"boss_relics":[],"items_purged_floors":[10,14],"is_endless":false,"potions_floor_spawned":[2,3],"killed_by":"Hexaghost","ascension_level":12}}