{"host":"g01l53quoe6lrer0","time":1610676367,"event":{"mods":["2.2 Compatiblity","AchievementEnabler","BaseMod","Colored Map","Highlight Path","Keyboard Shortcuts","Minty Spire (QoL Compilation)","Permanent Neow","StSLib","SuperFastMode","everything is the same but u backflip on backflip"],"gold_per_floor":[112,129,129,146,166,166,200,216,216,216,233,233,258,23,23,23,23],"floor_reached":16,"language":"KOR","playtime":489,"items_purged":["Strike_B"],"score":213,"play_id":"1ce1b2a6-88fd-40ee-b97f-a8ef3c6217f0","local_time":"20210115110607","is_ascension_mode":true,"campfire_choices":[{"data":"Coolheaded","floor":6.0,"key":"SMITH"},{"floor":12.0,"key":"REST"},{"floor":15,"key":"REST"}],"circlet_count":0,"master_deck":["AscendersBane","Strike_B+1","Strike_B","Strike_B","Defend_B","Defend_B","Defend_B","Defend_B","Zap","Dualcast","Apotheosis+1","Go for the Eyes+1","Recycle","Hologram","Coolheaded+1","Leap","Aggregate","Stack","Loop","Heatsinks","Reboot"],"relics":["Cracked Core","Lantern","Whetstone","Boot"],"acts_visited":["Exordium"],"potions_floor_usage":[13,16],"damage_taken":[{"damage":2.0,"enemies":"Jaw Worm","floor":1.0,"turns":3.0},{"damage":0.0,"enemies":"Cultist","floor":2.0,"turns":4.0},{"damage":0.0,"enemies":"2 Louse","floor":4.0,"turns":2.0},{"damage":6.0,"enemies":"2 Fungi Beasts","floor":5.0,"turns":4.0},{"damage":24.0,"enemies":"Gremlin Nob","floor":7.0,"turns":4.0},{"damage":12.0,"enemies":"Lots of Slimes","floor":8.0,"turns":6.0},{"damage":7.0,"enemies":"3 Louse","floor":11.0,"turns":3.0},{"damage":14,"enemies":"3 Sentries","floor":13,"turns":4},{"damage":15,"enemies":"Slime Boss","floor":16,"turns":6}],"seed_played":"-260892206855824629","potions_obtained":[{"floor":4.0,"key":"Swift Potion"},{"floor":5.0,"key":"BlessingOfTheForge"},{"floor":7.0,"key":"EssenceOfDarkness"},{"floor":8.0,"key":"PowerPotion"},{"floor":13,"key":"CultistPotion"}],"is_trial":false,"path_per_floor":["M","M","?","M","M","R","E","M","T","?","M","R","E","$","R","B"],"character_chosen":"DEFECT","items_purchased":["Heatsinks","Reboot"],"campfire_rested":2,"item_purchase_floors":[14,14],"current_hp_per_floor":[62,62,62,62,56,56,32,20,20,20,13,32,18,18,37,22,22],"gold":23,"neow_bonus":"RANDOM_COLORLESS_2","is_daily":false,"chose_seed":false,"campfire_upgraded":1,"win_rate":0.0,"timestamp":1610676367,"path_taken":["M","M","?","M","?","R","E","M","T","?","M","R","E","$","R","BOSS"],"items_purchased_type":["Card","Card"],"build_version":"2020-12-22","purchased_purges":1,"victory":false,"max_hp_per_floor":[64,64,64,64,64,64,64,64,64,64,64,64,64,64,64,64,64],"card_choices":[{"not_picked":["Transmutation","Thinking Ahead"],"picked":"Apotheosis","floor":0.0},{"not_picked":["Darkness","Gash"],"picked":"Go for the Eyes","floor":1.0},{"not_picked":["Reprogram","Doom and Gloom"],"picked":"Recycle","floor":2.0},{"not_picked":["Self Repair","Conserve Battery"],"picked":"Hologram","floor":4.0},{"not_picked":["Barrage","Hologram"],"picked":"Coolheaded","floor":5.0},{"not_picked":["Hello World","Tempest"],"picked":"Leap","floor":7.0},{"not_picked":["Loop","Beam Cell"],"picked":"Aggregate","floor":8.0},{"not_picked":["Heatsinks","FTL"],"picked":"Stack","floor":11.0},{"not_picked":["Steam","Go for the Eyes"],"picked":"Loop","floor":13}],"player_experience":201510,"relics_obtained":[{"floor":7.0,"key":"Lantern"},{"floor":9.0,"key":"Whetstone"},{"floor":13,"key":"Boot"}],"event_choices":[{"damage_healed":0.0,"max_hp_gain":0.0,"max_hp_loss":0.0,"gold_gain":0.0,"event_name":"Upgrade Shrine","player_choice":"Upgraded","floor":3.0,"gold_loss":0.0,"damage_taken":0.0,"cards_upgraded":["Apotheosis"]},{"damage_healed":0.0,"max_hp_gain":0.0,"max_hp_loss":0.0,"gold_gain":0.0,"event_name":"Scrap Ooze","player_choice":"Fled","floor":10.0,"gold_loss":0.0,"damage_taken":0.0}],"is_beta":false,"boss_relics":[],"items_purged_floors":[14],"is_endless":false,"potions_floor_spawned":[4,5,7,8,13],"killed_by":"Slime Boss","ascension_level":18}}