{"host":"ac78wf4m5y9yc4g3","time":1610743839,"event":{"mods":["BaseMod","Better Third Choice","Downfall","Hermit","Marisa????????","Minty Spire (QoL Compilation)","StSLib","The Servant 0.9.4","The Wild Card"],"gold_per_floor":[99,31,41,61,61,61,61,61,46,46,46,66,51,65,79,177,177,102,102,202,217,36,55,102,119,119,119,119,119],"floor_reached":27,"language":"POL","playtime":1409,"items_purged":[],"score":251,"play_id":"043e3510-99e4-4c6c-aaa9-cc364e3140be","local_time":"20210115215039","is_ascension_mode":false,"campfire_choices":[{"floor":1,"key":"RECALL"},{"floor":6,"key":"REST"},{"floor":11,"key":"REST"},{"data":"Guardian:Strike_Guardian","floor":18,"key":"SMITH"}],"circlet_count":0,"master_deck":["Guardian:Strike_Guardian+1","Guardian:Strike_Guardian","Guardian:Strike_Guardian","Guardian:Strike_Guardian","Guardian:Defend_Guardian","Guardian:Defend_Guardian","Guardian:Defend_Guardian","Guardian:Defend_Guardian","Guardian:CurlUp","Guardian:TwinSlam","Guardian:SpikerProtocol","Guardian:Incinerate","Guardian:TemporalStrike","Guardian:TimeCapacitor","Guardian:RollAttack","Impervious+1","Guardian:RefractedBeam","Guardian:BaubleBeam","Guardian:Gem_Red","Guardian:DecasProtection","Guardian:Gem_Synthetic","Guardian:FloatingOrbs","Guardian:Reroute+1","Guardian:PolyBeam","Guardian:PiercingHide+1","Guardian:TimeSifter","Guardian:Gem_Lightblue","Guardian:Reroute","Guardian:Gem_Green","Guardian:EvasiveProtocol","Guardian:Gem_Crimson","Guardian:Gem_Fragmented"],"relics":["Guardian:ModeShifter","Guardian:PickAxe","Pear","Toy Ornithopter","Velvet Choker","downfall:HeartBlessingRed","Mango","Kunai","Tiny Chest"],"acts_visited":["Exordium","TheCity"],"potions_floor_usage":[16,16,16],"damage_taken":[{"damage":0,"enemies":"downfall:FleeingMerchant","floor":2,"turns":4},{"damage":0,"enemies":"Small Slimes","floor":3,"turns":4},{"damage":0,"enemies":"2 Louse","floor":4,"turns":3},{"damage":32,"enemies":"2 Louse","floor":5,"turns":5},{"damage":4,"enemies":"downfall:FleeingMerchant","floor":9,"turns":4},{"damage":0,"enemies":"Jaw Worm","floor":12,"turns":4},{"damage":20,"enemies":"downfall:FleeingMerchant","floor":13,"turns":4},{"damage":0,"enemies":"Large Slime","floor":14,"turns":6},{"damage":8,"enemies":"Exordium Wildlife","floor":15,"turns":4},{"damage":50,"enemies":"downfall:Silent","floor":16,"turns":13},{"damage":0,"enemies":"Chosen","floor":19,"turns":1},{"damage":23,"enemies":"downfall:Ironclad","floor":20,"turns":7},{"damage":25,"enemies":"Spheric Guardian","floor":21,"turns":4},{"damage":19,"enemies":"downfall:FleeingMerchant","floor":22,"turns":4},{"damage":14,"enemies":"Centurion and Healer","floor":23,"turns":6},{"damage":25,"enemies":"Shelled Parasite and Fungi","floor":25,"turns":8},{"damage":7,"enemies":"downfall:FleeingMerchant","floor":27,"turns":2}],"seed_played":"767421639628802457","potions_obtained":[{"floor":3,"key":"SkillPotion"},{"floor":4,"key":"Swift Potion"},{"floor":14,"key":"Guardian:AcceleratePotion"},{"floor":21,"key":"sneckomod:MuddlingPotion"},{"floor":23,"key":"Explosive Potion"},{"floor":25,"key":"EntropicBrew"}],"is_trial":false,"path_per_floor":["R","$","M","M","?","R","T","?","$","?","R","M","$","M","M","B",null,"R","M","?","M","$","M","T","M","?","$"],"character_chosen":"GUARDIAN","items_purchased":["Guardian:Incinerate","Guardian:TimeSifter","Guardian:Gem_Lightblue","Guardian:Reroute"],"campfire_rested":2,"item_purchase_floors":[2,22,22,22],"current_hp_per_floor":[88,88,88,88,56,82,92,92,88,50,79,79,59,59,51,16,98,98,98,89,64,45,31,31,6,6,0,0,0],"gold":119,"neow_bonus":"TEN_PERCENT_HP_BONUS","is_daily":false,"chose_seed":false,"campfire_upgraded":1,"win_rate":0.0,"timestamp":1610743839,"path_taken":["R","$","M","M","?","R","T","?","?","?","R","M","$","M","M","BOSS","R","M","?","M","$","M","T","M","?","$"],"items_purchased_type":["Card","Card","Card","Card"],"build_version":"2020-12-22","purchased_purges":0,"victory":false,"max_hp_per_floor":[88,88,88,88,88,88,98,98,98,98,98,98,98,98,98,98,98,98,98,112,112,112,112,112,112,112,112,112,112],"card_choices":[{"not_picked":["Guardian:TemporalShield","Guardian:Suspension"],"picked":"Guardian:SpikerProtocol","floor":2},{"not_picked":["Guardian:Suspension","Guardian:Gem_Red"],"picked":"Guardian:TemporalStrike","floor":3},{"not_picked":["Guardian:Suspension","Guardian:Reroute"],"picked":"Guardian:TimeCapacitor","floor":4},{"not_picked":["Guardian:Gem_Cyan","Guardian:TemporalStrike"],"picked":"Guardian:RollAttack","floor":9},{"not_picked":["Guardian:TemporalShield","Guardian:PiercingHide"],"picked":"Guardian:RefractedBeam","floor":12},{"not_picked":["Guardian:TimeCapacitor","Guardian:ExploitGems"],"picked":"Guardian:BaubleBeam","floor":13},{"not_picked":["Guardian:FloatingOrbs","Guardian:Incinerate"],"picked":"Guardian:Gem_Red","floor":14},{"not_picked":["Guardian:Gem_Red","Guardian:TemporalShield"],"picked":"Guardian:DecasProtection","floor":15},{"not_picked":["Guardian:RevengeProtocol","Guardian:StasisField"],"picked":"Guardian:Gem_Synthetic","floor":16},{"not_picked":["Guardian:TemporalStrike","Guardian:WalkerClaw"],"picked":"Guardian:FloatingOrbs","floor":19},{"not_picked":["Guardian:PiercingHide+1","Guardian:GuardianWhirl"],"picked":"Guardian:Reroute+1","floor":20},{"not_picked":["Guardian:TemporalStrike","Guardian:Planning+1"],"picked":"Guardian:PolyBeam","floor":21},{"not_picked":["Guardian:Harden","Guardian:Gem_Blue"],"picked":"Guardian:PiercingHide+1","floor":22},{"not_picked":["Guardian:Suspension+1","Guardian:PolyBeam"],"picked":"Guardian:Gem_Green","floor":23},{"not_picked":["Guardian:DonusPower+1","Guardian:Reroute+1"],"picked":"Guardian:EvasiveProtocol","floor":25}],"player_experience":51421,"relics_obtained":[{"floor":7,"key":"Pear"},{"floor":20,"key":"Mango"},{"floor":20,"key":"Kunai"},{"floor":24,"key":"Tiny Chest"}],"event_choices":[],"is_beta":false,"boss_relics":[{"not_picked":["Runic Dome","Sozu"],"picked":"Velvet Choker"}],"items_purged_floors":[],"is_endless":false,"potions_floor_spawned":[3,4,14,15,21,23,25],"killed_by":"downfall:FleeingMerchant","ascension_level":0}}