{"host":"a331l7x7bue2m35h","time":1610699317,"event":{"mods":["BaseMod","Lobotomy","Minty Spire (QoL Compilation)","Replay The Spire","StSLib","The Cursed"],"gold_per_floor":[118,68,143,158,158,158,158,158,158,158,58,58,91,109,109,212,212,225,225,225,225,41,41,41,67,67,67,86,86,106,123,123,123,123],"floor_reached":33,"language":"KOR","playtime":1760,"items_purged":["Writhe","Strike_P"],"score":334,"play_id":"4411d2c2-e840-4bd2-9542-25c4f573518e","local_time":"20210115172837","is_ascension_mode":false,"campfire_choices":[{"data":"WindmillStrike","floor":6,"key":"SMITH"},{"data":"ForeignInfluence","floor":10,"key":"SMITH"},{"data":"Eruption","floor":12,"key":"SMITH"},{"data":"Master of Strategy","floor":23,"key":"SMITH"},{"data":"Ghostly","floor":29,"key":"SMITH"},{"data":"Ghostly","floor":32,"key":"SMITH"}],"circlet_count":0,"master_deck":["Strike_P","Strike_P","Defend_P","Eruption+1","Vigilance","FairyFestival","EmptyBody","Woodsman","WindmillStrike+1","Steam","JustLucky+1","VoidDream","JustLucky+1","Scarecrow","DeusExMachina","Bloodbath","JustLucky+1","Ghostly+1","Ghostly+1","Ghostly","Ghostly","Ghostly","Master of Strategy+1","BlackArmy","Tantrum+1","LaLuna","InnerPeace","PunishingBird","Consecrate+1","HappyTeddy","Weave+1"],"relics":["PureWater","CogitoBucket","ReplayTheSpireMod:CursedCoin","Molten Egg 2","Replay:Towering Pillar of Hats","Prayer Wheel","VioletLotus","FleshIdol","ReplayTheSpireMod:Shallot","FossilizedHelix","Golden Egg"],"acts_visited":["Exordium","TheCity"],"potions_floor_usage":[25,33,33],"damage_taken":[{"damage":10,"enemies":"Small Slimes","floor":1,"turns":3},{"damage":12,"enemies":"Jaw Worm","floor":4,"turns":4},{"damage":0,"enemies":"Replay:BlueRogue","floor":13,"turns":3},{"damage":22,"enemies":"2 Louse","floor":14,"turns":3},{"damage":31,"enemies":"Hexaghost","floor":16,"turns":11},{"damage":25,"enemies":"2 Thieves","floor":18,"turns":4},{"damage":1,"enemies":"Book of Stabbing","floor":25,"turns":7},{"damage":0,"enemies":"Chosen","floor":28,"turns":5},{"damage":50,"enemies":"Sentry and Sphere","floor":30,"turns":9},{"damage":6,"enemies":"Snake Plant","floor":31,"turns":5},{"damage":25,"enemies":"Collector","floor":33,"turns":5}],"seed_played":"-4617202541948215155","potions_obtained":[{"floor":1,"key":"Elixir"},{"floor":16,"key":"SkillPotion"},{"floor":25,"key":"Weak Potion"},{"floor":27,"key":"Dexterity Potion"}],"is_trial":false,"path_per_floor":["M","?","$","M","?","R","?","T","T","R","$","R","E","M","R","B",null,"M","?","?","T","$","R","?","E","T","?","M","R","M","M","R","B"],"character_chosen":"WATCHER","items_purchased":["ReplayTheSpireMod:CursedCoin","Master of Strategy"],"campfire_rested":0,"item_purchase_floors":[3,22],"current_hp_per_floor":[62,62,62,54,47,47,47,47,47,47,47,47,56,48,48,29,72,52,39,38,38,38,38,38,38,38,38,38,38,13,20,20,0,0],"gold":123,"neow_bonus":"","is_daily":false,"chose_seed":false,"campfire_upgraded":6,"win_rate":0.0,"timestamp":1610699317,"path_taken":["M","?","$","M","?","R","?","?","T","R","?","R","E","?","R","BOSS","M","?","?","?","$","R","?","E","T","?","M","R","?","M","R","BOSS"],"items_purchased_type":["Relic","Card"],"build_version":"2020-12-22","purchased_purges":2,"victory":false,"max_hp_per_floor":[72,72,72,72,72,72,72,72,72,72,72,72,72,72,72,72,72,72,77,38,38,38,38,38,38,38,38,38,38,38,38,38,38,38],"card_choices":[{"not_picked":["PunishingBird","CrumblingArmor"],"picked":"FairyFestival","floor":1},{"not_picked":["CrushJoints","Replay:Vibes"],"picked":"EmptyBody","floor":1},{"not_picked":["OSAHOGD","SpiderBud"],"picked":"Woodsman","floor":4},{"not_picked":["Halt","Indignation"],"picked":"WindmillStrike","floor":4},{"not_picked":["Rudolta","CrumblingArmor"],"picked":"CherryBlossoms","floor":13},{"not_picked":["Meditate","Wallop+1"],"picked":"JustLucky+1","floor":13},{"not_picked":["Murderer","ShyLook"],"picked":"VoidDream","floor":14},{"not_picked":["ClearTheMind","Evaluate"],"picked":"FollowUp+1","floor":14},{"not_picked":["Protect","CutThroughFate+1","ClearTheMind"],"picked":"SKIP","floor":14},{"not_picked":["WallGazer","CherryBlossoms"],"picked":"Scarecrow","floor":16},{"not_picked":["ConjureBlade","Replay:AllIn"],"picked":"DeusExMachina","floor":16},{"not_picked":["OSAHOGD","WallGazer"],"picked":"Bloodbath","floor":18},{"not_picked":["FollowUp+1","Pray"],"picked":"JustLucky+1","floor":18},{"not_picked":["ThirdEye","Protect","CrushJoints+1"],"picked":"SKIP","floor":18},{"not_picked":["ThirdEye","Protect","CrushJoints+1"],"picked":"SKIP","floor":18},{"not_picked":["Alriune","LaLuna"],"picked":"BlackArmy","floor":25},{"not_picked":["Replay:Anticipation+1","LikeWater"],"picked":"Tantrum+1","floor":25},{"not_picked":["Murderer","NakedNest"],"picked":"LaLuna","floor":28},{"not_picked":["EmptyBody","Meditate"],"picked":"InnerPeace","floor":28},{"not_picked":["Wallop+1","Replay:BluntJabs+1","Protect"],"picked":"SKIP","floor":28},{"not_picked":["HappyTeddy","NakedNest"],"picked":"PunishingBird","floor":30},{"not_picked":["ReachHeaven+1","CrushJoints+1"],"picked":"Consecrate+1","floor":30},{"not_picked":["Replay:Battleflow","Replay:Vibes","Nirvana"],"picked":"SKIP","floor":30},{"not_picked":["BigBadWolf","CherryBlossoms"],"picked":"HappyTeddy","floor":31},{"not_picked":["MasterReality","Wallop+1"],"picked":"Weave+1","floor":31},{"not_picked":["LikeWater","CrushJoints+1","CutThroughFate+1"],"picked":"SKIP","floor":31}],"player_experience":165857,"relics_obtained":[{"floor":8,"key":"Molten Egg 2"},{"floor":9,"key":"Replay:Towering Pillar of Hats"},{"floor":13,"key":"Prayer Wheel"},{"floor":21,"key":"ReplayTheSpireMod:Shallot"},{"floor":25,"key":"FossilizedHelix"},{"floor":26,"key":"Golden Egg"}],"event_choices":[{"cards_removed":["Defend_P"],"damage_healed":0,"gold_gain":0,"player_choice":"Card Removal","damage_taken":0,"max_hp_gain":0,"max_hp_loss":0,"event_name":"The Cleric","floor":2,"gold_loss":50},{"cards_removed":["Defend_P"],"damage_healed":0,"gold_gain":0,"player_choice":"Card Removal","damage_taken":7,"max_hp_gain":0,"max_hp_loss":0,"event_name":"Golden Wing","floor":5,"gold_loss":0},{"damage_healed":0,"gold_gain":0,"player_choice":"Shed Blood","damage_taken":18,"max_hp_gain":5,"max_hp_loss":0,"event_name":"Forgotten Altar","floor":19,"gold_loss":0},{"damage_healed":0,"gold_gain":0,"player_choice":"Became a Ghost","damage_taken":0,"max_hp_gain":0,"max_hp_loss":39,"event_name":"Ghosts","floor":20,"gold_loss":0,"cards_obtained":["Ghostly","Ghostly","Ghostly","Ghostly","Ghostly"]},{"damage_healed":0,"gold_gain":0,"player_choice":"Ignored","damage_taken":0,"max_hp_gain":0,"max_hp_loss":0,"event_name":"Vampires","floor":24,"gold_loss":0},{"damage_healed":0,"gold_gain":0,"player_choice":"Got Potions","damage_taken":0,"max_hp_gain":0,"max_hp_loss":0,"event_name":"Lab","floor":27,"gold_loss":0}],"is_beta":false,"boss_relics":[{"not_picked":["ChewingGum","SacredBark"],"picked":"VioletLotus"}],"items_purged_floors":[3,11],"is_endless":false,"potions_floor_spawned":[1,16,25],"killed_by":"Collector","ascension_level":0}}