{"host":"d7fiu2yjkssjxoz6","time":1610678941,"event":{"mods":["AchievementEnabler","BaseMod","Duelist Mod","GifTheSpireLib","Minty Spire (QoL Compilation)","StSLib"],"gold_per_floor":[16,16,91,126,126,141,141,141],"floor_reached":7,"language":"ENG","playtime":344,"items_purged":[],"score":41,"play_id":"80243b9d-5b22-4af4-a147-320637ea6c91","local_time":"20210114184901","is_ascension_mode":true,"campfire_choices":[],"circlet_count":0,"master_deck":["theDuelist:CastleWalls","theDuelist:DarkMagician","theDuelist:MysticalElf","theDuelist:MysticalElf","theDuelist:NeoMagic","theDuelist:NeoMagic","theDuelist:Sparks","theDuelist:Sparks","theDuelist:Sparks","theDuelist:TheCreator+1","theDuelist:BlueBloodedOni","theDuelist:ExodiaLL"],"relics":["theDuelist:MillenniumPuzzle","theDuelist:CardPoolRelic","theDuelist:CardPoolBasicRelic","theDuelist:BoosterPackPoolRelic","theDuelist:CardPoolAddRelic","theDuelist:CardPoolMinusRelic","theDuelist:CardPoolSaveRelic","theDuelist:CardPoolOptionsRelic"],"acts_visited":["Exordium"],"potions_floor_usage":[],"damage_taken":[{"damage":10,"enemies":"Jaw Worm","floor":1,"turns":6},{"damage":12,"enemies":"2 Louse","floor":6,"turns":6},{"damage":77,"enemies":"Gremlin Nob","floor":7,"turns":5}],"seed_played":"-2220369036850282321","potions_obtained":[{"floor":1,"key":"theDuelist:FireBottle"},{"floor":6,"key":"theDuelist:VoidBottle"}],"is_trial":false,"path_per_floor":["M","?","?","?","?","M","E"],"character_chosen":"THE_DUELIST","items_purchased":[],"campfire_rested":0,"item_purchase_floors":[],"current_hp_per_floor":[70,70,59,59,59,47,0,0],"gold":141,"neow_bonus":"RANDOM_COLORLESS_2","is_daily":false,"chose_seed":false,"campfire_upgraded":0,"win_rate":0.0,"timestamp":1610678941,"path_taken":["M","?","?","?","?","?","E"],"items_purchased_type":[],"build_version":"2020-12-22","purchased_purges":0,"victory":false,"max_hp_per_floor":[80,80,80,80,80,80,80,80],"card_choices":[{"not_picked":["Chrysalis","theDuelist:Mathematician"],"picked":"theDuelist:TheCreator","floor":0},{"not_picked":["theDuelist:CrystalWingDragon","theDuelist:GreenGraveOni","theDuelist:GreyGreedOni","theDuelist:RedHeadedOni"],"picked":"theDuelist:BlueBloodedOni","floor":1},{"not_picked":["theDuelist:ContractExodia","theDuelist:LegendaryExodia","theDuelist:ExodiaRL","theDuelist:ExodiaRA"],"picked":"theDuelist:ExodiaLL","floor":6}],"player_experience":173085,"relics_obtained":[],"event_choices":[{"damage_healed":0,"gold_gain":0,"player_choice":"Grow","damage_taken":0,"max_hp_gain":0,"max_hp_loss":0,"event_name":"Living Wall","floor":2,"gold_loss":0,"cards_upgraded":["theDuelist:TheCreator"]},{"damage_healed":0,"gold_gain":75,"player_choice":"Gather Gold","damage_taken":11,"max_hp_gain":0,"max_hp_loss":0,"event_name":"World of Goop","floor":3,"gold_loss":0},{"damage_healed":0,"gold_gain":0,"player_choice":"Sold Castle Walls for 35 Gold.","duelist":true,"damage_taken":0,"max_hp_gain":0,"max_hp_loss":0,"event_name":"Card Trader","floor":4,"gold_loss":0},{"damage_healed":0,"gold_gain":0,"player_choice":"Leave","duelist":true,"damage_taken":0,"max_hp_gain":0,"max_hp_loss":0,"event_name":"Relic Duplicator","floor":5,"gold_loss":0}],"is_beta":false,"boss_relics":[],"items_purged_floors":[],"is_endless":false,"potions_floor_spawned":[1,6],"killed_by":"Gremlin Nob","ascension_level":1}}