{"host":"qpo5xxpqa3skbvfm","time":1610740829,"event":{"mods":["AchievementEnabler","BaseMod","Bestiary","Block Reminder","Colored Map","Colored Powertips","DeckTracker","Highlight Path","Minty Spire (QoL Compilation)","Quick Restart","Relic Sorter","StSLib","SuperFastMode"],"gold_per_floor":[115,134,134,134,151,186,186,200,200,200,200,200,51,83,83,182,182,192,192,224,239,239,239,239,251,251,2,31,31,31,47,47,152,152,168,178,178,197,197,197,209,209,233,233,40,40,54,69,69,69],"floor_reached":51,"language":"ENG","playtime":2729,"items_purged":["Defend_B"],"score":1016,"play_id":"5f400321-1bc8-486b-a19e-40142d380e76","local_time":"20210115210029","is_ascension_mode":true,"campfire_choices":[{"data":"Chill","floor":7,"key":"SMITH"},{"data":"Defragment","floor":10,"key":"SMITH"},{"data":"Zap","floor":12,"key":"SMITH"},{"data":"Electrodynamics","floor":15,"key":"SMITH"},{"data":"Dualcast","floor":23,"key":"SMITH"},{"data":"Storm","floor":29,"key":"SMITH"},{"data":"Defragment","floor":32,"key":"SMITH"},{"data":"Creative AI","floor":40,"key":"SMITH"},{"data":"Machine Learning","floor":42,"key":"SMITH"},{"floor":49,"key":"REST"}],"circlet_count":0,"master_deck":["AscendersBane","Strike_B","Strike_B","Defend_B","Defend_B","Defend_B","Zap+1","Dualcast+1","Undo","Defragment+1","Glacier","Chill+1","White Noise","Genetic Algorithm+1","Electrodynamics+1","Hologram+1","Machine Learning+1","Redo+1","Coolheaded+1","Amplify+1","Defragment+1","Storm+1","Creative AI+1","Blind+1","Good Instincts+1","Parasite","Thinking Ahead+1"],"relics":["Cracked Core","Matryoshka","Pear","StrikeDummy","The Courier","Toxic Egg 2","Sundial","SlaversCollar","Red Mask","Blue Candle","Tiny Chest","Busted Crown","CeramicFish","Torii"],"acts_visited":["Exordium","TheCity","TheBeyond"],"potions_floor_usage":[14,16,31,33,50,50,50],"damage_taken":[{"damage":10,"enemies":"2 Louse","floor":1,"turns":3},{"damage":1,"enemies":"Cultist","floor":2,"turns":3},{"damage":4,"enemies":"Jaw Worm","floor":5,"turns":5},{"damage":24,"enemies":"3 Sentries","floor":6,"turns":11},{"damage":2,"enemies":"Large Slime","floor":8,"turns":10},{"damage":5,"enemies":"Gremlin Nob","floor":14,"turns":4},{"damage":10,"enemies":"The Guardian","floor":16,"turns":11},{"damage":14,"enemies":"Shell Parasite","floor":18,"turns":7},{"damage":1,"enemies":"Masked Bandits","floor":20,"turns":3},{"damage":0,"enemies":"3 Byrds","floor":21,"turns":3},{"damage":6,"enemies":"Cultist and Chosen","floor":25,"turns":7},{"damage":13,"enemies":"Gremlin Leader","floor":28,"turns":5},{"damage":19,"enemies":"Snake Plant","floor":31,"turns":3},{"damage":2,"enemies":"Collector","floor":33,"turns":10},{"damage":2,"enemies":"3 Shapes","floor":35,"turns":3},{"damage":0,"enemies":"3 Darklings","floor":36,"turns":2},{"damage":0,"enemies":"4 Shapes","floor":38,"turns":6},{"damage":13,"enemies":"Writhing Mass","floor":41,"turns":5},{"damage":8,"enemies":"Maw","floor":47,"turns":6},{"damage":7,"enemies":"Spire Growth","floor":48,"turns":5},{"damage":9,"enemies":"Awakened One","floor":50,"turns":10}],"seed_played":"-8917302852264105993","potions_obtained":[{"floor":1,"key":"Weak Potion"},{"floor":8,"key":"GamblersBrew"},{"floor":16,"key":"SkillPotion"},{"floor":18,"key":"SpeedPotion"},{"floor":28,"key":"EntropicBrew"},{"floor":31,"key":"GamblersBrew"},{"floor":33,"key":"LiquidMemories"},{"floor":47,"key":"Swift Potion"}],"is_trial":false,"path_per_floor":["M","M","?","?","M","E","R","M","T","R","T","R","$","E","R","B",null,"M","?","?","M","?","R","?","M","T","$","E","R","$","M","R","B",null,"M","M","?","M","?","R","M","R","T","T","$","?","M","M","R","B",null],"character_chosen":"DEFECT","items_purchased":["Genetic Algorithm+1","Electrodynamics","Amplify+1","Defragment","Storm","Thinking Ahead+1"],"campfire_rested":1,"item_purchase_floors":[13,13,27,27,27,45],"current_hp_per_floor":[65,64,64,64,60,36,36,34,44,44,44,44,44,39,39,29,76,62,62,61,61,43,43,75,69,69,69,56,56,56,37,37,35,82,80,80,80,80,70,70,57,57,57,57,57,57,49,42,69,60],"gold":69,"neow_bonus":"TEN_PERCENT_HP_BONUS","is_daily":false,"chose_seed":false,"campfire_upgraded":9,"win_rate":0.0,"timestamp":1610740829,"path_taken":["M","M","?","?","M","E","R","?","T","R","?","R","$","E","R","BOSS","M","?","?","M","?","R","?","M","T","$","E","R","?","M","R","BOSS","M","M","?","M","?","R","M","R","T","?","?","?","M","M","R","BOSS"],"items_purchased_type":["Card","Card","Card","Card","Card","Card"],"build_version":"2020-12-22","purchased_purges":1,"victory":true,"max_hp_per_floor":[82,82,82,82,82,82,82,82,92,92,92,92,92,92,92,92,92,92,92,92,92,97,97,97,97,97,97,97,97,97,97,97,97,97,97,97,92,92,92,92,92,92,92,92,92,92,92,92,92,92],"card_choices":[{"not_picked":["Lockon","Hello World"],"picked":"Undo","floor":1},{"not_picked":["Compile Driver","Barrage"],"picked":"Defragment","floor":2},{"not_picked":["Stack","Lockon"],"picked":"Glacier","floor":5},{"not_picked":["Double Energy","Sweeping Beam"],"picked":"Chill","floor":6},{"not_picked":["Chill","Cold Snap"],"picked":"White Noise","floor":8},{"not_picked":["Glacier+1","Skim+1"],"picked":"Hologram+1","floor":14},{"not_picked":["Multi-Cast+1","All For One"],"picked":"Machine Learning","floor":16},{"not_picked":["Steam+1","Sweeping Beam+1","Gash"],"picked":"SKIP","floor":18},{"not_picked":["Stack+1","Gash+1"],"picked":"Redo+1","floor":20},{"not_picked":["Cold Snap","Redo+1","Streamline"],"picked":"SKIP","floor":21},{"not_picked":["Electrodynamics","Barrage"],"picked":"Coolheaded+1","floor":25},{"not_picked":["Cold Snap","Doom and Gloom","Beam Cell"],"picked":"SKIP","floor":28},{"not_picked":["Rebound","Stack+1","Go for the Eyes"],"picked":"SKIP","floor":31},{"not_picked":["Fission+1","Electrodynamics"],"picked":"Creative AI","floor":33},{"not_picked":["Conserve Battery+1"],"picked":"SKIP","floor":35},{"not_picked":["Scrape"],"picked":"SKIP","floor":36},{"not_picked":["Genetic Algorithm+1"],"picked":"SKIP","floor":38},{"not_picked":[],"picked":"Blind+1","floor":39},{"not_picked":[],"picked":"Good Instincts+1","floor":39},{"not_picked":["Ball Lightning"],"picked":"SKIP","floor":41},{"not_picked":["Aggregate+1"],"picked":"SKIP","floor":47},{"not_picked":["Consume+1"],"picked":"SKIP","floor":48}],"player_experience":1249569,"relics_obtained":[{"floor":6,"key":"Matryoshka"},{"floor":9,"key":"Pear"},{"floor":9,"key":"StrikeDummy"},{"floor":11,"key":"The Courier"},{"floor":11,"key":"Toxic Egg 2"},{"floor":14,"key":"Sundial"},{"floor":20,"key":"Red Mask"},{"floor":26,"key":"Blue Candle"},{"floor":28,"key":"Tiny Chest"},{"floor":43,"key":"CeramicFish"},{"floor":44,"key":"Torii"}],"event_choices":[{"damage_healed":0,"gold_gain":0,"player_choice":"Ignored","damage_taken":0,"max_hp_gain":0,"max_hp_loss":0,"event_name":"Liars Game","floor":3,"gold_loss":0},{"cards_removed":["Strike_B"],"damage_healed":0,"gold_gain":0,"player_choice":"Offered Basic","damage_taken":0,"max_hp_gain":0,"max_hp_loss":0,"event_name":"Bonfire Elementals","floor":4,"gold_loss":0},{"damage_healed":0,"gold_gain":0,"player_choice":"Ignored","damage_taken":0,"max_hp_gain":0,"max_hp_loss":0,"event_name":"Ghosts","floor":19,"gold_loss":0},{"damage_healed":0,"gold_gain":0,"player_choice":"Fought Bandits","damage_taken":0,"max_hp_gain":0,"max_hp_loss":0,"event_name":"Masked Bandits","floor":20,"gold_loss":0},{"damage_healed":0,"gold_gain":0,"player_choice":"Shed Blood","damage_taken":23,"max_hp_gain":5,"max_hp_loss":0,"event_name":"Forgotten Altar","floor":22,"gold_loss":0},{"damage_healed":32,"gold_gain":0,"player_choice":"Heal","damage_taken":0,"max_hp_gain":0,"max_hp_loss":0,"event_name":"The Library","floor":24,"gold_loss":0},{"damage_healed":0,"gold_gain":0,"player_choice":"Max HP","damage_taken":0,"max_hp_gain":0,"max_hp_loss":5,"event_name":"Winding Halls","floor":37,"gold_loss":0},{"damage_healed":0,"gold_gain":0,"player_choice":"Memory 3","damage_taken":10,"max_hp_gain":0,"max_hp_loss":0,"event_name":"SensoryStone","floor":39,"gold_loss":0},{"cards_removed":["Strike_B"],"damage_healed":0,"gold_gain":0,"player_choice":"Removed Attack","damage_taken":0,"max_hp_gain":0,"max_hp_loss":0,"event_name":"Falling","floor":46,"gold_loss":0}],"is_beta":false,"boss_relics":[{"not_picked":["SacredBark","Sozu"],"picked":"SlaversCollar"},{"not_picked":["Fusion Hammer","Tiny House"],"picked":"Busted Crown"}],"items_purged_floors":[45],"is_endless":false,"potions_floor_spawned":[1,8,16,18,28,31,33,36,38,41,47],"ascension_level":11}}