{"host":"iphsb0ccnjx0pfn6","time":1610697150,"event":{"mods":["2.2 Compatiblity","AchievementEnabler","BaseMod","Colored Map","DeckTracker","Keyboard Shortcuts","Minty Spire (QoL Compilation)","Permanent Neow","Quick Restart","Relic Stats","StSLib","SuperFastMode","Uncapped","everything is the same but u backflip on backflip"],"gold_per_floor":[109,125,144,69,69,69,81,81,81,104,119,119,148,160,160,160,160],"floor_reached":16,"language":"KOR","playtime":530,"items_purged":["Strike_G"],"score":204,"play_id":"eef73178-1dd4-4de9-8594-95f384ecbd3a","local_time":"20210115165230","is_ascension_mode":true,"campfire_choices":[{"data":"Deadly Poison","floor":6.0,"key":"SMITH"},{"data":"Neutralize","floor":8.0,"key":"SMITH"},{"data":"Bane","floor":12.0,"key":"SMITH"},{"data":"Burst","floor":15,"key":"SMITH"}],"circlet_count":0,"master_deck":["AscendersBane","Strike_G","Strike_G","Strike_G","Strike_G","Defend_G","Defend_G","Defend_G","Defend_G","Defend_G","Survivor","Neutralize+1","Die Die Die","Deadly Poison+1","Backstab","Burst+1","Bane+1"],"relics":["Ring of the Snake","Bag of Preparation","White Beast Statue","Pen Nib","Strawberry"],"acts_visited":["Exordium"],"potions_floor_usage":[14,16],"damage_taken":[{"damage":12.0,"enemies":"Cultist","floor":1.0,"turns":6.0},{"damage":3.0,"enemies":"2 Louse","floor":2.0,"turns":3.0},{"damage":0.0,"enemies":"Jaw Worm","floor":3.0,"turns":4.0},{"damage":0.0,"enemies":"Exordium Wildlife","floor":7.0,"turns":3.0},{"damage":0.0,"enemies":"Exordium Thugs","floor":11.0,"turns":3.0},{"damage":3,"enemies":"Gremlin Nob","floor":13,"turns":3},{"damage":4,"enemies":"3 Louse","floor":14,"turns":3},{"damage":44,"enemies":"Hexaghost","floor":16,"turns":9}],"seed_played":"-5678392343059278315","potions_obtained":[{"floor":2.0,"key":"Ancient Potion"},{"floor":7.0,"key":"Block Potion"},{"floor":11.0,"key":"EssenceOfSteel"},{"floor":14,"key":"CunningPotion"}],"is_trial":false,"path_per_floor":["M","M","M","$","?","R","M","R","T","T","M","R","E","M","R","B"],"character_chosen":"THE_SILENT","items_purchased":[],"campfire_rested":0,"item_purchase_floors":[],"current_hp_per_floor":[47,44,44,44,39,39,39,39,39,39,39,39,43,39,39,0,0],"gold":160,"neow_bonus":"ONE_RANDOM_RARE_CARD","is_daily":false,"chose_seed":false,"campfire_upgraded":4,"win_rate":0.0,"timestamp":1610697150,"path_taken":["M","M","M","?","?","R","M","R","T","?","M","R","E","M","R","BOSS"],"items_purchased_type":[],"build_version":"2020-12-22","purchased_purges":1,"victory":false,"max_hp_per_floor":[66,66,66,66,66,66,66,66,66,66,66,66,73,73,73,73,73],"relic_stats":{"counters":[8,34],"Pen Nib":[3],"Bag of Preparation":[10],"obtain_stats":[{"Strawberry":13,"Pen Nib":10,"Bag of Preparation":5,"White Beast Statue":9,"Ring of the Snake":0},{"Strawberry":6,"Pen Nib":4,"Bag of Preparation":3,"White Beast Statue":4,"Ring of the Snake":0},{"Strawberry":22,"Pen Nib":16,"Bag of Preparation":13,"White Beast Statue":16,"Ring of the Snake":0}],"Ring of the Snake":[16]},"card_choices":[{"not_picked":["Poisoned Stab","Prepared"],"picked":"Deadly Poison","floor":1.0},{"not_picked":["Expertise","Sucker Punch","Setup"],"picked":"SKIP","floor":2.0},{"not_picked":["Footwork","Endless Agony"],"picked":"Backstab","floor":3.0},{"not_picked":["Bane","Underhanded Strike"],"picked":"Burst","floor":7.0},{"not_picked":["Quick Slash","Dagger Throw"],"picked":"Bane","floor":11.0},{"not_picked":["Leg Sweep","Concentrate","Slice"],"picked":"SKIP","floor":13},{"not_picked":["Deadly Poison","Expertise","Bane"],"picked":"SKIP","floor":14}],"player_experience":1264409,"relics_obtained":[{"floor":9.0,"key":"White Beast Statue"},{"floor":10.0,"key":"Pen Nib"},{"floor":13,"key":"Strawberry"}],"event_choices":[{"damage_healed":0.0,"max_hp_gain":0.0,"max_hp_loss":0.0,"gold_gain":0.0,"event_name":"Scrap Ooze","player_choice":"Success","floor":5.0,"gold_loss":0.0,"damage_taken":5.0,"relics_obtained":["Bag of Preparation"]}],"is_beta":false,"boss_relics":[],"items_purged_floors":[4],"is_endless":false,"potions_floor_spawned":[2,7,11,13,14],"killed_by":"Hexaghost","ascension_level":20}}