{"host":"d9tpyi6mde8z2n96","time":1610714299,"event":{"mods":["100% Spire Juice","2.2 Compatiblity","AchievementEnabler","Act Like it!","AlwaysNeverKeys","Aspiration","BaseMod","Beaked The Cultist","Better Altar","Better Note","CapriCore","Challenge The Spire","Colored Map","Colored Powertips","Conspire","Dark Map","Defuse TimeMaze Blight","Dota2Spire","Downfall","Elementarium","Energized Spire","Fox Events","Friendly Minions","Gensokyo","GifTheSpireLib","Gold Saver","Halation","Hermit","HololiveMod","Hubris","Hyrulean Relics","Infinite Spire","Jess\u0027s Bottle","Jorbs\u0027s Wanderer Trilogy","Marisa????????","Melee Mod","Minty Spire (QoL Compilation)","MostiFishMod","Pale of the Ancients","Permanent Neow","Poem Panic","Potionbrewer","Quick Restart","Railgun Mod","Replay The Spire","Robot Space Explorer","RumiaBox-????????","Shop Mod","Spikes Relics","StSLib","TestMod","The Alterego","The Animator","The Blue Laboratory","The Death Knight","The Factory","The Fake Hero","The Marked","The Servant 0.9.4","The Spell Scribe","Trackpad","Transform Curses","Virulent Crown","Waifu the Spire","Wandering Minibosses","WarShipGirlsR/????R mod","Yakumo Yukari mod"],"gold_per_floor":[116,191,366,377,37,37,52,72,72,72,67,77,77,89,89,185,185,197,197,197,207,212,212,237,237,308,326,351,55,80,80,80,170,170,181,42,53,63,63,88,88,121,166,179,193,212,87,900,900,900],"floor_reached":51,"language":"ENG","playtime":3102,"items_purged":[],"score":1166,"play_id":"f559003c-1fc4-46cc-b716-b3813eb1f313","local_time":"20210115073819","is_ascension_mode":false,"campfire_choices":[{"data":"KidneyShot","floor":6.0,"key":"SMITH"},{"data":"SurpressingFire","floor":23.0,"key":"SMITH"},{"data":"Reaper","floor":25.0,"key":"SMITH"},{"data":"SilverBlades","floor":32.0,"key":"SMITH"},{"data":"SilverBlades","floor":41.0,"key":"SMITH"},{"data":"KillingDoll","floor":49.0,"key":"SMITH"}],"circlet_count":0,"master_deck":["Strike_S","Strike_S","Strike_S","Strike_S","Defend_S","Defend_S","Defend_S","Defend_S","KidneyShot+1","Exchange","Read+1","Doubt","GearUp","BestPractice+1","Reset","Spin","SurpressingFire+1","Alleviate","Defy","Replace","WasteNot","BestPractice","Potential","InstantArmor","FlawlessForm","Reaper+1","MoonPhase+1","animator:HououinKyouma+1","Unruled","Hightail","Solidify","BestPractice","Unruled","DualDimension+1","testmod-WeaknessCounterattack","SilverBlades+1","Pain","KillingDoll+1","Ricochet","FanOfKnives","FanOfKnives","SilverBlades+1","Ricochet+1","Ricochet+1","SilverBlades+1","Contraction","ShatteredReality+1","BestPractice+1","Rearm+1","Parasite","GearUp+1","DeathKnight:Outbreak+1","Rearm+1"],"relics":["Uniform","Ring of Chaos","testmod-TestBox","DaveBox","testmod-HeartOfDaVinci","CombinedTypeHook","SynthV:TestCard","Civilization","zeldaRelics:CourageTriforce","Electric Blood","hubris:ToyBattleship","Membership Card","Vajra","zeldaRelics:WisdomTriforce","WarpedTongs","ShadowXiaoBlade","testmod-Charity","zeldaRelics:PowerPiece","DeathKnight:TomeOfUnholySpecialization","wanderingMiniBosses:MasterThiefsPresence"],"acts_visited":["Exordium","TheCity","TheBeyond"],"potions_floor_usage":[],"damage_taken":[{"damage":5.0,"enemies":"Small Slimes","floor":1.0,"turns":3.0},{"damage":0.0,"enemies":"conspire:RoseBush","floor":4.0,"turns":2.0},{"damage":8.0,"enemies":"2 Louse","floor":7.0,"turns":3.0},{"damage":6.0,"enemies":"Exordium Wildlife","floor":8.0,"turns":7.0},{"damage":0.0,"enemies":"conspire:2 RoseBushes","floor":11.0,"turns":6.0},{"damage":0.0,"enemies":"Large Slime","floor":12.0,"turns":4.0},{"damage":9.0,"enemies":"Red Slaver","floor":14.0,"turns":5.0},{"damage":0.0,"enemies":"Fading Forest","floor":16.0,"turns":11.0},{"damage":0.0,"enemies":"3 Byrds","floor":18.0,"turns":2.0},{"damage":0.0,"enemies":"Shell Parasite","floor":21.0,"turns":1.0},{"damage":0.0,"enemies":"Snecko","floor":22.0,"turns":2.0},{"damage":6.0,"enemies":"Replay:Snechameleon","floor":24.0,"turns":5.0},{"damage":0.0,"enemies":"Snake Plant","floor":27.0,"turns":1.0},{"damage":0.0,"enemies":"conspire:MimicChest","floor":28.0,"turns":2.0},{"damage":0.0,"enemies":"Slavers","floor":30.0,"turns":2.0},{"damage":0.0,"enemies":"Automaton","floor":33.0,"turns":5.0},{"damage":6.0,"enemies":"3 Darklings","floor":35.0,"turns":3.0},{"damage":1.0,"enemies":"3 Shapes","floor":37.0,"turns":1.0},{"damage":9.0,"enemies":"Sphere and 2 Shapes","floor":38.0,"turns":1.0},{"damage":1.0,"enemies":"Nemesis","floor":40.0,"turns":1.0},{"damage":6.0,"enemies":"Nightmare","floor":42.0,"turns":2.0},{"damage":0.0,"enemies":"Jaw Worm Horde","floor":44.0,"turns":1.0},{"damage":7.0,"enemies":"4 Shapes","floor":45.0,"turns":1.0},{"damage":0.0,"enemies":"Writhing Mass","floor":46.0,"turns":2.0},{"damage":10.0,"enemies":"3 Darklings","floor":48.0,"turns":2.0},{"damage":0,"enemies":"hubris:GrandSnecko","floor":50,"turns":1}],"seed_played":"-2066812490180867299","potions_obtained":[{"floor":1.0,"key":"Toxic Potion"},{"floor":7.0,"key":"testmod-TimePotion"},{"floor":8.0,"key":"potionbrewer:BarricadePotion"},{"floor":18.0,"key":"Energy Potion"}],"is_trial":true,"path_per_floor":["M","?","?","M","$","R","M","M","T","?","M","M","?","M","R_BF","B",null,"M","?","?","M","M","R","E","R","T","M","?","$","E","?","R","B",null,"M","$","M","M","?","E","R","NM","T","M","M","M","$","M","R_BF","B",null],"character_chosen":"THE_SERVANT","items_purchased":["Civilization","BestPractice+1","Membership Card","Vajra","DualDimension+1","testmod-WeaknessCounterattack","testmod-Charity","FanOfKnives","SilverBlades","DeathKnight:TomeOfUnholySpecialization"],"campfire_rested":0,"item_purchase_floors":[5,5,29,29,29,29,36,36,36,47],"current_hp_per_floor":[60,49,49,49,49,49,43,41,41,48,54,62,62,62,90,112,112,133,133,133,155,178,178,196,196,196,221,247,247,276,276,276,314,314,346,346,387,423,423,468,468,509,510,560,607,662,662,715,715,777],"gold":900,"neow_bonus":"","is_daily":false,"chose_seed":false,"campfire_upgraded":6,"win_rate":0.0,"timestamp":1610714299,"path_taken":["M","?","?","M","$","R","M","M","T","?","?","M","?","M","R_BF","BOSS","M","?","?","M","?","R","E","R","T","M","?","$","E","?","R","BOSS","M","?","M","M","?","E","R","NM","T","M","?","M","?","M","R_BF","BOSS"],"items_purchased_type":["Relic","Card","Relic","Relic","Card","Card","Relic","Card","Card","Relic"],"build_version":"2020-12-22","purchased_purges":0,"victory":true,"max_hp_per_floor":[65,65,65,65,65,65,67,71,71,71,77,85,85,94,94,112,112,133,133,133,155,178,178,202,202,202,227,253,253,282,282,282,314,314,352,352,394,439,439,485,485,532,533,583,637,692,692,755,755,817],"card_choices":[{"not_picked":["DoubleEdge","Spin"],"picked":"Read","floor":1.0},{"not_picked":["ReturningBlade","Starlight","Rewind","Ricochet"],"picked":"GearUp","floor":4.0},{"not_picked":["FastForward","Revamp","Snipe","Spin"],"picked":"Reset","floor":7.0},{"not_picked":["BestPractice","Advance","ShatteredReality","StarChef"],"picked":"Spin","floor":8.0},{"not_picked":["Potential","SoulSculpture","FastForward","Starlight"],"picked":"SurpressingFire","floor":11.0},{"not_picked":["Replace","Defy","DoubleEdge","Unruled"],"picked":"Alleviate","floor":12.0},{"not_picked":["DoubleEdge","Rewind","Luminosity","Embodiment"],"picked":"InstantArmor","floor":14.0},{"not_picked":["Duplication","KillingDoll","MurderousAura","ForgedInTime"],"picked":"FlawlessForm","floor":16.0},{"not_picked":["Unruled","Ricochet","Starlight","Luminosity"],"picked":"MoonPhase+1","floor":18.0},{"not_picked":["ShatteredReality","Solidify","RealityMarble","Potential"],"picked":"Unruled","floor":21.0},{"not_picked":["Replace","Luminosity+1","Advance","FastForward"],"picked":"Hightail","floor":22.0},{"not_picked":["Misdirection","DoubleEdge+1","Unruled","PendulumOfEternity"],"picked":"Solidify","floor":24.0},{"not_picked":["Starlight","Potential","BottledTime+1","Gouge"],"picked":"BestPractice","floor":27.0},{"not_picked":["Potential+1","TimeWarp","RealityMarble","Manipulate+1"],"picked":"Unruled","floor":28.0},{"not_picked":["Unruled","Moonlight","Shuttle","SurpressingFire"],"picked":"SilverBlades","floor":30.0},{"not_picked":["FloweringNight","TheWorld","MurderousAura","ForgedInTime"],"picked":"KillingDoll","floor":33.0},{"not_picked":["Alleviate+1","TimeWarp","Advance","Rewind"],"picked":"Ricochet","floor":35.0},{"not_picked":["Moonlight","Revamp+1","ReturningBlade+1","BottledTime+1"],"picked":"Ricochet+1","floor":37.0},{"not_picked":["StarChef+1","Advance","ReturningBlade","FlawlessForm"],"picked":"Ricochet+1","floor":38.0},{"not_picked":["FastForward+1","PendulumOfEternity","DoubleEdge","ReturningBlade+1"],"picked":"Contraction","floor":40.0},{"not_picked":["Replace+1","Unruled+1","Rewind","MurderousAura"],"picked":"ShatteredReality+1","floor":42.0},{"not_picked":["Contraction","WasteNot+1","Reset+1","Foresight"],"picked":"BestPractice+1","floor":44.0},{"not_picked":["TimeWarp","Replace+1","BottledTime+1","Unruled+1"],"picked":"Rearm+1","floor":45.0},{"not_picked":["Starlight","InstantArmor","ShiftingGears+1","FastForward+1"],"picked":"GearUp+1","floor":46.0},{"not_picked":["Replace+1","TimeWarp+1","Spin","Defy"],"picked":"Rearm+1","floor":48.0}],"player_experience":1183303,"relics_obtained":[{"floor":1.0,"key":"SynthV:TestCard"},{"floor":9.0,"key":"zeldaRelics:CouragePiece"},{"floor":24.0,"key":"zeldaRelics:CouragePiece"},{"floor":26.0,"key":"zeldaRelics:CouragePiece"},{"floor":28.0,"key":"hubris:ToyBattleship"},{"floor":30.0,"key":"zeldaRelics:WisdomPiece"},{"floor":40.0,"key":"zeldaRelics:WisdomPiece"},{"floor":42.0,"key":"zeldaRelics:WisdomPiece"},{"floor":43.0,"key":"zeldaRelics:PowerPiece"},{"floor":48.0,"key":"wanderingMiniBosses:MasterThiefsPresence"}],"event_choices":[{"damage_healed":0.0,"max_hp_gain":0.0,"max_hp_loss":0.0,"gold_gain":75.0,"event_name":"World of Goop","player_choice":"Gather Gold","floor":2.0,"gold_loss":0.0,"damage_taken":11.0},{"damage_healed":0.0,"max_hp_gain":0.0,"max_hp_loss":0.0,"gold_gain":175.0,"event_name":"Liars Game","player_choice":"AGREE","floor":3.0,"gold_loss":0.0,"damage_taken":0.0,"cards_obtained":["Doubt"]},{"cards_removed":["FlawlessForm"],"damage_healed":0.0,"max_hp_gain":0.0,"max_hp_loss":0.0,"gold_gain":0.0,"event_name":"betterNote:BetterNote","player_choice":"Take \u0026 Give","floor":19.0,"gold_loss":0.0,"damage_taken":0.0,"cards_obtained":["animator:HououinKyouma"]},{"damage_healed":0.0,"max_hp_gain":0.0,"max_hp_loss":0.0,"gold_gain":0.0,"event_name":"Lab","player_choice":"Got Potions","floor":20.0,"gold_loss":0.0,"damage_taken":0.0},{"damage_healed":0.0,"max_hp_gain":0.0,"max_hp_loss":0.0,"gold_gain":0.0,"event_name":"Accursed Blacksmith","player_choice":"Rummage","floor":31.0,"gold_loss":0.0,"damage_taken":0.0,"relics_obtained":["WarpedTongs"],"cards_obtained":["Pain"]},{"damage_healed":0.0,"max_hp_gain":0.0,"max_hp_loss":0.0,"gold_gain":0.0,"event_name":"Duplicator","player_choice":"Copied","floor":39.0,"gold_loss":0.0,"damage_taken":0.0,"cards_obtained":["SilverBlades"]}],"is_beta":false,"boss_relics":[{"not_picked":["RhineSuit","aspiration:FutureDiary"],"picked":"Electric Blood"},{"not_picked":["hermit:DentedPlate","AddBug"],"picked":"ShadowXiaoBlade"}],"items_purged_floors":[],"is_endless":false,"potions_floor_spawned":[1,7,8,12,18,22,27,30,37,40,42,44,46],"ascension_level":0}}