{"host":"yvs6unqb0m2j26b0","time":1610733564,"event":{"mods":["AchievementEnabler","BaseMod","Colored Map","Colored Powertips","Minty Spire (QoL Compilation)"],"gold_per_floor":[117,131,131,131,81,81,97,110,110,128,128,203,203,234,234,337,387,405,405,419,433,343,343,355,355,355,355,386,386,386,401,401,499,499,512,30,75,87,87,87,87,104,104,29,48,81,81,96,96,96],"floor_reached":51,"language":"ENG","playtime":4611,"items_purged":["Defend_B"],"score":770,"play_id":"7a5a8d9f-2efc-4e8d-b840-588d88db2765","local_time":"20210115155924","is_ascension_mode":false,"campfire_choices":[{"data":"Glacier","floor":6.0,"key":"SMITH"},{"data":"Coolheaded","floor":13.0,"key":"SMITH"},{"floor":15.0,"key":"DIG"},{"floor":23,"key":"DIG"},{"floor":25,"key":"DIG"},{"floor":27,"key":"DIG"},{"floor":30,"key":"DIG"},{"floor":32,"key":"DIG"},{"floor":40,"key":"DIG"},{"floor":47,"key":"DIG"},{"data":"Aggregate","floor":49,"key":"SMITH"}],"circlet_count":0,"master_deck":["Strike_B","Strike_B","Strike_B","Strike_B","Zap","Dualcast+1","Glacier+1","Rebound","Coolheaded+1","Go for the Eyes","Undo","FTL+1","Machine Learning","Coolheaded","Coolheaded+1","Writhe","Coolheaded+1","Turbo+1","Reinforced Body+1","Aggregate+1","Tempest+1","Electrodynamics+1","Conserve Battery+1","Hello World+1","Cold Snap+1","Double Energy","Magnetism+1","Swift Strike","Mind Blast","Sweeping Beam","Beam Cell+1","Sweeping Beam+1","Compile Driver+1"],"relics":["Cracked Core","Happy Flower","Calipers","White Beast Statue","Shovel","Toy Ornithopter","Tiny House","Pen Nib","Unceasing Top","Frozen Egg 2","WingedGreaves","Mercury Hourglass","Eternal Feather","Du-Vu Doll","Pear","HornCleat","Black Star","Ornamental Fan","Lee\u0027s Waffle","Thread and Needle","Bird Faced Urn","Gambling Chip","Mummified Hand","Bottled Tornado","Bottled Flame","Ice Cream"],"acts_visited":["Exordium","TheCity","TheBeyond"],"potions_floor_usage":[20,21,24,28,33,33,33,33,37,38,46,46,46,50,50],"damage_taken":[{"damage":0.0,"enemies":"Small Slimes","floor":1.0,"turns":2.0},{"damage":0.0,"enemies":"2 Louse","floor":2.0,"turns":2.0},{"damage":1.0,"enemies":"Jaw Worm","floor":7.0,"turns":3.0},{"damage":0.0,"enemies":"Exordium Thugs","floor":8.0,"turns":5.0},{"damage":0.0,"enemies":"2 Fungi Beasts","floor":10.0,"turns":2.0},{"damage":7.0,"enemies":"3 Sentries","floor":14.0,"turns":10.0},{"damage":28.0,"enemies":"Hexaghost","floor":16.0,"turns":12.0},{"damage":2,"enemies":"Spheric Guardian","floor":18,"turns":6},{"damage":11,"enemies":"3 Byrds","floor":20,"turns":6},{"damage":31,"enemies":"Centurion and Healer","floor":21,"turns":15},{"damage":5,"enemies":"Shelled Parasite and Fungi","floor":24,"turns":7},{"damage":36,"enemies":"Slavers","floor":28,"turns":7},{"damage":6,"enemies":"Snake Plant","floor":31,"turns":5},{"damage":84,"enemies":"Collector","floor":33,"turns":13},{"damage":22,"enemies":"3 Darklings","floor":35,"turns":4},{"damage":33,"enemies":"2 Orb Walkers","floor":37,"turns":4},{"damage":0,"enemies":"3 Shapes","floor":38,"turns":4},{"damage":24,"enemies":"Transient","floor":42,"turns":5},{"damage":11,"enemies":"3 Darklings","floor":45,"turns":2},{"damage":51,"enemies":"Reptomancer","floor":46,"turns":4},{"damage":0,"enemies":"Maw","floor":48,"turns":5},{"damage":65,"enemies":"Awakened One","floor":50,"turns":10}],"seed_played":"-2443315884655379313","potions_obtained":[{"floor":7.0,"key":"Block Potion"},{"floor":10.0,"key":"SteroidPotion"},{"floor":14.0,"key":"ColorlessPotion"},{"floor":16.0,"key":"DistilledChaos"},{"floor":17,"key":"EntropicBrew"},{"floor":18,"key":"Explosive Potion"},{"floor":20,"key":"DistilledChaos"},{"floor":21,"key":"FairyPotion"},{"floor":24,"key":"FearPotion"},{"floor":28,"key":"Dexterity Potion"},{"floor":33,"key":"FearPotion"},{"floor":35,"key":"EssenceOfSteel"},{"floor":37,"key":"PowerPotion"},{"floor":38,"key":"Fire Potion"},{"floor":42,"key":"PotionOfCapacity"},{"floor":45,"key":"Fruit Juice"},{"floor":46,"key":"PowerPotion"},{"floor":48,"key":"Regen Potion"}],"is_trial":false,"path_per_floor":["M","M","?","?","?","R","M","M","T","M","T","?","R","E","R","B",null,"M","?","M","M","?","R","M","R","T","R","E","T","R","M","R","B",null,"M","$","?","M","?","R","?","M","T","$","M","E","R","M","R","B",null],"character_chosen":"DEFECT","items_purchased":["Ornamental Fan","Hello World+1","Lee\u0027s Waffle"],"campfire_rested":0,"item_purchase_floors":[36,36,36],"current_hp_per_floor":[75,75,75,68,68,68,67,67,67,67,67,56,56,49,49,31,80,78,78,69,43,43,43,43,43,43,43,12,12,34,28,40,7,90,68,97,69,74,64,82,82,66,66,66,63,40,58,66,84,53],"gold":96,"neow_bonus":"RANDOM_COMMON_RELIC","is_daily":false,"chose_seed":false,"campfire_upgraded":3,"win_rate":0.0,"timestamp":1610733564,"path_taken":["M","M","?","?","?","R","?","M","T","M","?","?","R","E","R","BOSS","M","?","M","M","?","R","?","R","T","R","E","?","R","M","R","BOSS","M","$","?","M","?","R","?","?","T","?","M","E","R","M","R","BOSS"],"items_purchased_type":["Relic","Card","Relic"],"build_version":"2020-12-22","purchased_purges":1,"victory":true,"max_hp_per_floor":[75,75,75,75,75,75,75,75,75,75,75,75,75,75,75,75,80,80,80,80,80,80,80,80,80,80,80,80,80,90,90,90,90,90,90,97,97,97,97,97,97,97,97,97,97,102,102,102,102,102],"card_choices":[{"not_picked":["Leap","Conserve Battery"],"picked":"Glacier","floor":1.0},{"not_picked":["Turbo","Gash"],"picked":"Rebound","floor":2.0},{"not_picked":["Leap","Go for the Eyes"],"picked":"Coolheaded","floor":7.0},{"not_picked":["Redo","Steam"],"picked":"Go for the Eyes","floor":8.0},{"not_picked":["Beam Cell","Steam"],"picked":"Undo","floor":10.0},{"not_picked":["Static Discharge","Steam"],"picked":"FTL","floor":14.0},{"not_picked":["Buffer","Rainbow"],"picked":"Machine Learning","floor":16.0},{"not_picked":["Go for the Eyes","Static Discharge"],"picked":"Coolheaded","floor":17},{"not_picked":["Barrage+1","Heatsinks"],"picked":"Coolheaded+1","floor":18},{"not_picked":["Go for the Eyes","Darkness"],"picked":"Coolheaded","floor":20},{"not_picked":["Scrape","Compile Driver"],"picked":"Turbo+1","floor":21},{"not_picked":["Force Field","Ball Lightning"],"picked":"Reinforced Body+1","floor":24},{"not_picked":["Conserve Battery","Streamline"],"picked":"Aggregate","floor":28},{"not_picked":["Skim","Steam"],"picked":"Tempest+1","floor":31},{"not_picked":["Biased Cognition+1","Amplify"],"picked":"Electrodynamics+1","floor":33},{"not_picked":["Gash+1","Hologram"],"picked":"Conserve Battery+1","floor":35},{"not_picked":["Glacier","Barrage+1"],"picked":"Cold Snap+1","floor":37},{"not_picked":["Reprogram+1","Heatsinks+1"],"picked":"Double Energy","floor":38},{"not_picked":["Enlightenment","Bandage Up"],"picked":"Magnetism+1","floor":39},{"not_picked":["PanicButton","Impatience"],"picked":"Swift Strike","floor":39},{"not_picked":["Sadistic Nature+1","Discovery"],"picked":"Mind Blast","floor":39},{"not_picked":["Redo","Barrage+1"],"picked":"Sweeping Beam","floor":42},{"not_picked":["Barrage+1","Darkness"],"picked":"Beam Cell+1","floor":45},{"not_picked":["Conserve Battery","Beam Cell"],"picked":"Sweeping Beam+1","floor":46},{"not_picked":["Gash","Darkness"],"picked":"Compile Driver+1","floor":48}],"player_experience":45170,"relics_obtained":[{"floor":9.0,"key":"Calipers"},{"floor":11.0,"key":"White Beast Statue"},{"floor":14.0,"key":"Shovel"},{"floor":15.0,"key":"Toy Ornithopter"},{"floor":23,"key":"Unceasing Top"},{"floor":25,"key":"Frozen Egg 2"},{"floor":26,"key":"WingedGreaves"},{"floor":27,"key":"Mercury Hourglass"},{"floor":28,"key":"Eternal Feather"},{"floor":29,"key":"Du-Vu Doll"},{"floor":30,"key":"Pear"},{"floor":32,"key":"HornCleat"},{"floor":37,"key":"Thread and Needle"},{"floor":40,"key":"Bird Faced Urn"},{"floor":43,"key":"Mummified Hand"},{"floor":46,"key":"Bottled Tornado"},{"floor":46,"key":"Bottled Flame"},{"floor":47,"key":"Ice Cream"}],"event_choices":[{"damage_healed":0.0,"max_hp_gain":0.0,"max_hp_loss":0.0,"gold_gain":0.0,"event_name":"Living Wall","player_choice":"Grow","floor":3.0,"gold_loss":0.0,"damage_taken":0.0,"cards_upgraded":["Dualcast"]},{"cards_removed":["Defend_B"],"damage_healed":0.0,"max_hp_gain":0.0,"max_hp_loss":0.0,"gold_gain":0.0,"event_name":"Golden Wing","player_choice":"Card Removal","floor":4.0,"gold_loss":0.0,"damage_taken":7.0},{"cards_removed":["Defend_B"],"damage_healed":0.0,"max_hp_gain":0.0,"max_hp_loss":0.0,"gold_gain":0.0,"event_name":"The Cleric","player_choice":"Card Removal","floor":5.0,"gold_loss":50.0,"damage_taken":0.0},{"damage_healed":0.0,"max_hp_gain":0.0,"max_hp_loss":0.0,"gold_gain":75.0,"event_name":"World of Goop","player_choice":"Gather Gold","floor":12.0,"gold_loss":0.0,"damage_taken":11.0},{"damage_healed":0,"gold_gain":0,"player_choice":"Opened","damage_taken":0,"relics_obtained":["Pen Nib"],"max_hp_gain":0,"max_hp_loss":0,"event_name":"The Mausoleum","floor":19,"gold_loss":0,"cards_obtained":["Writhe"]},{"cards_removed":["Defend_B"],"damage_healed":0,"gold_gain":0,"player_choice":"Upgrade and Remove","damage_taken":0,"max_hp_gain":0,"max_hp_loss":0,"event_name":"Designer","floor":22,"gold_loss":90,"cards_upgraded":["Coolheaded"]},{"damage_healed":0,"gold_gain":0,"player_choice":"Fight","damage_taken":0,"max_hp_gain":0,"max_hp_loss":0,"event_name":"Mysterious Sphere","floor":37,"gold_loss":0},{"damage_healed":0,"gold_gain":0,"player_choice":"Memory 3","damage_taken":10,"max_hp_gain":0,"max_hp_loss":0,"event_name":"SensoryStone","floor":39,"gold_loss":0},{"damage_healed":0,"gold_gain":0,"player_choice":"Gave Potion","damage_taken":0,"relics_obtained":["Gambling Chip"],"max_hp_gain":0,"max_hp_loss":0,"event_name":"WeMeetAgain","floor":41,"gold_loss":0}],"is_beta":false,"boss_relics":[{"not_picked":["Busted Crown","Ectoplasm"],"picked":"Tiny House"},{"not_picked":["Philosopher\u0027s Stone","SlaversCollar"],"picked":"Black Star"}],"items_purged_floors":[44],"is_endless":false,"potions_floor_spawned":[7,10,14,16,18,20,21,24,28,31,33,35,37,38,42,45,46,48],"ascension_level":0}}