{"host":"2n2g1vowfllvjtvi","time":1610733028,"event":{"mods":["AchievementEnabler","BaseMod","Custom Start","GifTheSpireLib","Keyboard Shortcuts","Minty Spire (QoL Compilation)","Quick Restart","Rare Cards Sparkle","StSLib","SuperFastMode"],"gold_per_floor":[113,113,124,124,124,124,153,165,191,221,233,80,80,114,114,213,213,226,126,126,143,143,143],"floor_reached":22,"language":"KOR","playtime":287,"items_purged":["Strike_R","Strike_R"],"score":238,"play_id":"fcce87f5-ca27-49a7-add2-4931722c97a9","local_time":"20210116025028","is_ascension_mode":true,"campfire_choices":[{"data":"Whirlwind","floor":6.0,"key":"SMITH"},{"data":"Blood for Blood","floor":13,"key":"SMITH"},{"data":"Rupture","floor":15,"key":"SMITH"}],"circlet_count":0,"master_deck":["Strike_R","Strike_R","Defend_R","Defend_R","Defend_R","Defend_R","Bash","Rupture+1","Whirlwind+1","Blood for Blood+1","Hemokinesis","Berserk","Bloodletting","Power Through+1"],"relics":["Burning Blood","NeowsBlessing","Regal Pillow","Anchor","Ancient Tea Set","Paper Frog","Runic Cube","Nloth\u0027s Gift"],"acts_visited":["Exordium","TheCity"],"potions_floor_usage":[16,18,18],"damage_taken":[{"damage":0.0,"enemies":"Small Slimes","floor":1.0,"turns":1.0},{"damage":0.0,"enemies":"2 Louse","floor":3.0,"turns":1.0},{"damage":0.0,"enemies":"Lagavulin","floor":7.0,"turns":1.0},{"damage":1.0,"enemies":"Cultist","floor":8.0,"turns":3.0},{"damage":20.0,"enemies":"Gremlin Nob","floor":10.0,"turns":4.0},{"damage":7,"enemies":"Exordium Thugs","floor":11,"turns":3},{"damage":21,"enemies":"3 Sentries","floor":14,"turns":7},{"damage":39,"enemies":"Hexaghost","floor":16,"turns":6},{"damage":32,"enemies":"2 Thieves","floor":18,"turns":4},{"damage":25,"enemies":"Shell Parasite","floor":21,"turns":4},{"damage":16,"enemies":"Snake Plant","floor":22,"turns":3}],"seed_played":"-4524317339436092660","potions_obtained":[{"floor":7.0,"key":"EssenceOfSteel"},{"floor":8.0,"key":"BlessingOfTheForge"},{"floor":10.0,"key":"ColorlessPotion"},{"floor":18,"key":"Dexterity Potion"}],"is_trial":false,"path_per_floor":["M","?","M","?","?","R","E","M","T","E","M","$","R","E","R","B",null,"M","$","?","M","M"],"character_chosen":"IRONCLAD","items_purchased":["Hemokinesis"],"campfire_rested":0,"item_purchase_floors":[12],"current_hp_per_floor":[80,80,80,80,80,80,80,80,80,66,65,65,65,50,50,17,80,54,54,54,35,19,19],"gold":143,"neow_bonus":"THREE_ENEMY_KILL","is_daily":false,"chose_seed":false,"campfire_upgraded":3,"win_rate":0.0,"timestamp":1610733028,"path_taken":["M","?","M","?","?","R","E","?","T","E","M","$","R","E","R","BOSS","M","$","?","M","?"],"items_purchased_type":["Card"],"build_version":"2020-12-22","purchased_purges":2,"victory":false,"max_hp_per_floor":[80,80,80,80,80,80,80,80,80,80,80,80,80,80,80,80,80,80,80,80,80,80,80],"card_choices":[{"not_picked":["Cleave","Feel No Pain"],"picked":"Rupture","floor":1.0},{"not_picked":["Sword Boomerang","Entrench"],"picked":"Whirlwind","floor":3.0},{"not_picked":["Headbutt","Searing Blow"],"picked":"Blood for Blood","floor":7.0},{"not_picked":["Iron Wave","Rampage","Wild Strike"],"picked":"SKIP","floor":8.0},{"not_picked":["Shrug It Off","Headbutt","Disarm"],"picked":"SKIP","floor":10.0},{"not_picked":["Thunderclap","Havoc","Headbutt"],"picked":"SKIP","floor":11},{"not_picked":["Flex","Headbutt","Rampage"],"picked":"SKIP","floor":14},{"not_picked":["Demon Form","Fiend Fire"],"picked":"Berserk","floor":16},{"not_picked":["Twin Strike","Dark Embrace"],"picked":"Bloodletting","floor":18},{"not_picked":["Warcry","Headbutt"],"picked":"Power Through+1","floor":21}],"player_experience":217850,"relics_obtained":[{"floor":7.0,"key":"Regal Pillow"},{"floor":9.0,"key":"Anchor"},{"floor":10.0,"key":"Ancient Tea Set"},{"floor":14,"key":"Paper Frog"}],"event_choices":[{"damage_healed":0.0,"max_hp_gain":0.0,"max_hp_loss":0.0,"gold_gain":0.0,"event_name":"Liars Game","player_choice":"Ignored","floor":2.0,"gold_loss":0.0,"damage_taken":0.0},{"cards_removed":["Strike_R"],"damage_healed":0.0,"max_hp_gain":0.0,"max_hp_loss":0.0,"gold_gain":0.0,"event_name":"Living Wall","player_choice":"Forget","floor":4.0,"gold_loss":0.0,"damage_taken":0.0},{"damage_healed":0.0,"max_hp_gain":0.0,"max_hp_loss":0.0,"gold_gain":0.0,"event_name":"FaceTrader","player_choice":"Trade","floor":5.0,"gold_loss":0.0,"damage_taken":0.0,"relics_obtained":["CultistMask"]},{"damage_healed":0,"gold_gain":0,"player_choice":"Traded Relic","damage_taken":0,"relics_obtained":["Nloth\u0027s Gift"],"max_hp_gain":0,"max_hp_loss":0,"event_name":"N\u0027loth","floor":20,"relics_lost":["CultistMask"],"gold_loss":0}],"is_beta":false,"boss_relics":[{"not_picked":["SlaversCollar","Sozu"],"picked":"Runic Cube"}],"items_purged_floors":[12,19],"is_endless":false,"potions_floor_spawned":[7,8,10,11,18],"killed_by":"Snake Plant","ascension_level":1}}