{"host":"jfbo3eu2ui08ej1u","time":1610737369,"event":{"mods":["2.2 Compatiblity","AchievementEnabler","Act Like it!","Aspiration","BaseMod","Better Altar","Better Match","Better Note","Better Sensory Stone","Better Skull","Better Third Choice","Block Reminder","Colored Map","Colored Powertips","Conspire","DeckTracker","Displayed Cursed Tome","Downfall","Energized Spire","Fox Events","GifTheSpireLib","Hubris","Infinite Spire","Marked Mod","Minty Spire (QoL Compilation)","Pale of the Ancients","Quick Restart","RRrroohrrRGHHhhh!!","Relic Filter","Reorder Act Four","Replay The Spire","Shop Mod","Spicy Shops","StSLib","Stuff the Spire","The Blue Laboratory","The Disciple","The Forsaken","The Hierophant","The Marked","Uncapped","Unceasing Turn Reminder","Wandering Minibosses"],"gold_per_floor":[117,136,170,189,78,111,111,136,162,162,105,115,115,146,146,217,217,233,25,25,25,42,42,100,100,100,100,155,215,260,260],"floor_reached":30,"language":"ENG","playtime":1044,"items_purged":[],"score":471,"play_id":"b29ac063-e9fe-435b-9bb4-3cf5b87b6a96","local_time":"20210115140249","is_ascension_mode":true,"campfire_choices":[{"floor":7.0,"key":"REST"},{"floor":10.0,"key":"REST"},{"floor":13.0,"key":"REST"},{"floor":15.0,"key":"REST"},{"floor":25.0,"key":"REST"},{"data":"StuffTheSpire:Synthwave","floor":27.0,"key":"SMITH"}],"circlet_count":0,"master_deck":["AscendersBane","Strike_B","Strike_B","Strike_B","Strike_B","Defend_B","Defend_B","Defend_B","Defend_B","Zap+1","Dualcast","Barrage","StuffTheSpire:LoadUp","rorgmod:Storm","rorgmod:Overheat","StuffTheSpire:CleanHardDrive+1","Panic Button","Redo","Redo","Rebound","rorgmod:Defragment","Ball Lightning","Buffer","rorgmod:Leap","StuffTheSpire:Synthwave+1","Shame","hubris:Ukulele","StuffTheSpire:Deluminance","StuffTheSpire:Deluminance","StuffTheSpire:Deluminance","rorgmod:Refrigerate+1","rorgmod:Zing-Zap","StuffTheSpire:LoadUp"],"relics":["Cracked Core","Chameleon Ring","hubris:BallOfYels","Replay:Accelerometer","ReplayFunnel","rorgmod:Loose Gear","Honey Jar","ReplayTheSpireMod:Ring of Challenge","Ring of Hypnosis","StuffTheSpire:BlackoutCurse","Shuriken"],"acts_visited":["Exordium","TheCity"],"potions_floor_usage":[],"damage_taken":[{"damage":0.0,"enemies":"Small Slimes","floor":1.0,"turns":3.0},{"damage":0.0,"enemies":"2 Louse","floor":2.0,"turns":3.0},{"damage":21.0,"enemies":"conspire:MimicChest","floor":3.0,"turns":5.0},{"damage":2.0,"enemies":"Jaw Worm","floor":4.0,"turns":3.0},{"damage":15.0,"enemies":"Lagavulin","floor":6.0,"turns":5.0},{"damage":35.0,"enemies":"3 Sentries","floor":8.0,"turns":7.0},{"damage":7.0,"enemies":"Looter","floor":12.0,"turns":6.0},{"damage":25.0,"enemies":"Replay:BlueRogue","floor":14.0,"turns":4.0},{"damage":7.0,"enemies":"The Guardian","floor":16.0,"turns":7.0},{"damage":21.0,"enemies":"Chosen","floor":18.0,"turns":4.0},{"damage":7.0,"enemies":"3 Byrds","floor":22.0,"turns":4.0},{"damage":65.0,"enemies":"Centurion and Healer","floor":24.0,"turns":5.0},{"damage":36.0,"enemies":"Snake Plant","floor":28.0,"turns":3.0},{"damage":7.0,"enemies":"Snecko","floor":29.0,"turns":5.0},{"damage":10,"enemies":"3 Cultists","floor":30,"turns":2}],"seed_played":"7612225023212669123","potions_obtained":[{"floor":1.0,"key":"blueLaboratory:HorrorPotion"},{"floor":3.0,"key":"FearPotion"},{"floor":4.0,"key":"PowerPotion"},{"floor":12.0,"key":"Languid Potion"},{"floor":16.0,"key":"blueLaboratory:BottleOfVodka"},{"floor":18.0,"key":"blueLaboratory:PhilterOfMotion"}],"is_trial":false,"path_per_floor":["M","M","?","M","$","E","R","E","T","R","$","M","R","E","R","B",null,"M","$","?","?","M","?","M","R","T","R","M","M","M"],"character_chosen":"DEFECT","items_purchased":["StuffTheSpire:CleanHardDrive+1","Panic Button","Rebound","StuffTheSpire:Synthwave","FairyPotion"],"campfire_rested":5,"item_purchase_floors":[5,5,11,19,19],"current_hp_per_floor":[64,64,43,41,41,26,47,12,12,33,33,26,47,22,43,36,62,41,41,41,41,34,34,29,50,50,50,14,7,0,0],"gold":260,"neow_bonus":"UPGRADE_CARD","is_daily":false,"chose_seed":false,"campfire_upgraded":1,"win_rate":0.0,"timestamp":1610737369,"path_taken":["M","M","?","M","$","E","R","E","T","R","$","M","R","E","R","BOSS","M","$","?","?","M","?","M","R","T","R","M","?","M"],"items_purchased_type":["Card","Card","Card","Card","Potion"],"build_version":"2020-12-22","purchased_purges":0,"victory":false,"max_hp_per_floor":[71,71,71,71,71,71,71,71,71,71,71,71,71,71,71,71,71,71,71,71,71,71,71,71,71,71,71,71,71,71,71],"card_choices":[{"not_picked":["BasicCrystalCard","Sweeping Beam"],"picked":"Barrage","floor":1.0},{"not_picked":["BootSequence","StuffTheSpire:SnapShoot"],"picked":"StuffTheSpire:LoadUp","floor":2.0},{"not_picked":["Cold Snap","StuffTheSpire:Plugnplay"],"picked":"rorgmod:Storm","floor":3.0},{"not_picked":["StuffTheSpire:LoadUp","rorgmod:SQL Injection"],"picked":"rorgmod:Overheat","floor":4.0},{"not_picked":["rorgmod:SQL Injection","StuffTheSpire:LoadUp"],"picked":"Redo","floor":6.0},{"not_picked":["BasicCrystalCard","Loop"],"picked":"Redo","floor":8.0},{"not_picked":["rorgmod:Black Ice","ReplayTheSpireMod:Reroute Power"],"picked":"rorgmod:Defragment","floor":12.0},{"not_picked":["Panic Button","rorgmod:Fragmentation"],"picked":"Ball Lightning","floor":14.0},{"not_picked":["Meteor Strike","ReplayRNGCard"],"picked":"Buffer","floor":16.0},{"not_picked":["rorgmod:SQL Injection","Compile Driver","Conserve Battery"],"picked":"rorgmod:Leap","floor":18.0},{"not_picked":["Barrage+1","rorgmod:Leap","rorgmod:Overcurrent"],"picked":"hubris:Ukulele","floor":22.0},{"not_picked":["Barrage","Cold Snap","rorgmod:Hot Sockets+1"],"picked":"rorgmod:Refrigerate+1","floor":24.0},{"not_picked":["Seek","Streamline","StuffTheSpire:LoadUp"],"picked":"rorgmod:Zing-Zap","floor":28.0},{"not_picked":["BasicCrystalCard","rorgmod:Claw","Stack"],"picked":"StuffTheSpire:LoadUp","floor":29.0}],"player_experience":1229789,"relics_obtained":[{"floor":3.0,"key":"Chameleon Ring"},{"floor":6.0,"key":"hubris:BallOfYels"},{"floor":8.0,"key":"Replay:Accelerometer"},{"floor":9.0,"key":"ReplayFunnel"},{"floor":14.0,"key":"rorgmod:Loose Gear"},{"floor":20.0,"key":"ReplayTheSpireMod:Ring of Challenge"},{"floor":20.0,"key":"Ring of Hypnosis"},{"floor":26.0,"key":"Shuriken"}],"event_choices":[],"is_beta":false,"boss_relics":[{"not_picked":["hubris:ScarierMask","Abe\u0027s Treasure"],"picked":"Honey Jar"}],"items_purged_floors":[],"is_endless":false,"potions_floor_spawned":[1,3,4,12,16,18],"killed_by":"3 Cultists","ascension_level":18}}