{"host":"7gewg82ormp6yt4e","time":1610709391,"event":{"mods":["BaseMod","Block Reminder","Colored Map","Colored Powertips","DeckTracker","Highlight Path","Minty Spire (QoL Compilation)","Relic Stats","StSLib","ojb\u0027s Info Mod"],"gold_per_floor":[118,134,134,134,134,134,175,175,175,196,196,220,263,299,299,395,395,418,433,433,433,433,433],"floor_reached":22,"language":"JPN","playtime":801,"items_purged":[],"score":459,"play_id":"ec1e8efe-7a72-4354-a340-d6197ff1ad85","local_time":"20210115201631","is_ascension_mode":true,"campfire_choices":[{"data":"Zap","floor":6.0,"key":"SMITH"},{"data":"Darkness","floor":8.0,"key":"SMITH"},{"data":"Dualcast","floor":11.0,"key":"SMITH"},{"data":"Static Discharge","floor":15.0,"key":"SMITH"}],"circlet_count":0,"master_deck":["AscendersBane","Defend_B","Defend_B","Defend_B","Defend_B","Zap+1","Dualcast+1","Cold Snap","Conserve Battery","Steam","Injury","Darkness+1","Ball Lightning","Turbo","Static Discharge+1","FTL","Echo Form","Hologram","Coolheaded","Bite","Bite","Bite","Bite","Bite","Fission"],"relics":["Cracked Core","NeowsBlessing","Blue Candle","Golden Idol","Nunchaku","Eternal Feather","White Beast Statue","Odd Mushroom","Cursed Key"],"acts_visited":["Exordium","TheCity"],"potions_floor_usage":[22],"damage_taken":[{"damage":0.0,"enemies":"Small Slimes","floor":1.0,"turns":1.0},{"damage":0.0,"enemies":"2 Louse","floor":2.0,"turns":1.0},{"damage":0.0,"enemies":"3 Sentries","floor":7.0,"turns":1.0},{"damage":5.0,"enemies":"Jaw Worm","floor":10.0,"turns":3.0},{"damage":0.0,"enemies":"Blue Slaver","floor":12.0,"turns":2.0},{"damage":14.0,"enemies":"Gremlin Nob","floor":13.0,"turns":3.0},{"damage":10.0,"enemies":"The Mushroom Lair","floor":14.0,"turns":4.0},{"damage":37.0,"enemies":"The Guardian","floor":16.0,"turns":10.0},{"damage":17.0,"enemies":"Spheric Guardian","floor":18.0,"turns":4.0},{"damage":45.0,"enemies":"2 Thieves","floor":19.0,"turns":4.0},{"damage":26,"enemies":"Snake Plant","floor":22,"turns":3}],"seed_played":"2888561586423763917","potions_obtained":[{"floor":7.0,"key":"PotionOfCapacity"},{"floor":12.0,"key":"DuplicationPotion"},{"floor":14.0,"key":"FairyPotion"},{"floor":16.0,"key":"Ancient Potion"},{"floor":18.0,"key":"Ancient Potion"},{"floor":19.0,"key":"SpeedPotion"}],"is_trial":false,"path_per_floor":["M","M","?","?","?","R","E","R","T","M","R","M","E","?","R","B",null,"M","M","?","?","M"],"character_chosen":"DEFECT","items_purchased":[],"campfire_rested":0,"item_purchase_floors":[],"current_hp_per_floor":[64,64,59,59,59,59,59,59,59,54,63,63,49,39,48,11,56,39,18,18,18,0,0],"gold":433,"neow_bonus":"THREE_ENEMY_KILL","is_daily":false,"chose_seed":false,"campfire_upgraded":4,"win_rate":0.0,"timestamp":1610709391,"path_taken":["M","M","?","?","?","R","E","R","T","M","R","?","E","?","R","BOSS","M","M","?","?","?"],"items_purchased_type":[],"build_version":"2020-12-22","purchased_purges":0,"victory":false,"max_hp_per_floor":[71,71,71,71,71,71,71,71,71,71,71,71,71,71,71,71,71,71,71,49,49,49,49],"relic_stats":{"Nunchaku":[4],"counters":[11,36],"Golden Idol":60,"Blue Candle":[5],"Eternal Feather":18,"Cursed Key":0,"obtain_stats":[{"Nunchaku":7,"NeowsBlessing":0,"Golden Idol":5,"Blue Candle":3,"Eternal Feather":9,"Odd Mushroom":14,"Cracked Core":0,"Cursed Key":17,"White Beast Statue":13},{"Nunchaku":3,"NeowsBlessing":0,"Golden Idol":2,"Blue Candle":2,"Eternal Feather":3,"Odd Mushroom":7,"Cracked Core":0,"Cursed Key":8,"White Beast Statue":6},{"Nunchaku":3,"NeowsBlessing":0,"Golden Idol":2,"Blue Candle":2,"Eternal Feather":3,"Odd Mushroom":15,"Cracked Core":0,"Cursed Key":25,"White Beast Statue":11}]},"card_choices":[{"not_picked":["Compile Driver","Tempest"],"picked":"Cold Snap","floor":1.0},{"not_picked":["Steam Power","Gash"],"picked":"Conserve Battery","floor":2.0},{"not_picked":["Beam Cell","Leap"],"picked":"Darkness","floor":7.0},{"not_picked":["Storm","Amplify"],"picked":"Ball Lightning","floor":10.0},{"not_picked":["Leap","Sweeping Beam"],"picked":"Turbo","floor":12.0},{"not_picked":["Stack","Lockon"],"picked":"Static Discharge","floor":13.0},{"not_picked":["Steam","Hello World"],"picked":"FTL","floor":14.0},{"not_picked":["Reboot","Multi-Cast"],"picked":"Echo Form","floor":16.0},{"not_picked":["Ball Lightning","Beam Cell"],"picked":"Hologram","floor":18.0},{"not_picked":["Redo","Ball Lightning"],"picked":"Coolheaded","floor":19.0}],"player_experience":2580474,"relics_obtained":[{"floor":7.0,"key":"Nunchaku"},{"floor":9.0,"key":"Eternal Feather"},{"floor":13.0,"key":"White Beast Statue"},{"floor":14.0,"key":"Odd Mushroom"}],"event_choices":[{"damage_healed":0.0,"max_hp_gain":0.0,"max_hp_loss":0.0,"gold_gain":0.0,"event_name":"Scrap Ooze","player_choice":"Success","floor":3.0,"gold_loss":0.0,"damage_taken":5.0,"relics_obtained":["Blue Candle"]},{"damage_healed":0.0,"max_hp_gain":0.0,"max_hp_loss":0.0,"gold_gain":0.0,"cards_transformed":["Strike_B"],"event_name":"Living Wall","player_choice":"Change","floor":4.0,"gold_loss":0.0,"damage_taken":0.0,"cards_obtained":["Steam"]},{"damage_healed":0.0,"max_hp_gain":0.0,"max_hp_loss":0.0,"gold_gain":0.0,"event_name":"Golden Idol","player_choice":"Take Wound","floor":5.0,"gold_loss":0.0,"damage_taken":0.0,"relics_obtained":["Golden Idol"],"cards_obtained":["Injury"]},{"damage_healed":0.0,"max_hp_gain":0.0,"max_hp_loss":0.0,"gold_gain":0.0,"event_name":"Mushrooms","player_choice":"Fought Mushrooms","floor":14.0,"gold_loss":0.0,"damage_taken":0.0},{"damage_healed":0.0,"max_hp_gain":0.0,"max_hp_loss":22.0,"gold_gain":0.0,"event_name":"Vampires","player_choice":"Became a vampire","floor":20.0,"gold_loss":0.0,"damage_taken":0.0,"cards_obtained":["Bite","Bite","Bite","Bite","Bite"]},{"damage_healed":0,"gold_gain":0,"player_choice":"1 cards matched","damage_taken":0,"max_hp_gain":0,"max_hp_loss":0,"event_name":"Match and Keep!","floor":21,"gold_loss":0,"cards_obtained":["Fission"]}],"is_beta":false,"boss_relics":[{"not_picked":["Busted Crown","Ectoplasm"],"picked":"Cursed Key"}],"items_purged_floors":[],"is_endless":false,"potions_floor_spawned":[7,12,14,16,18,19],"killed_by":"Snake Plant","ascension_level":20}}