{"host":"9kesdg97wkrx2bva","time":1610740470,"event":{"mods":["AchievementEnabler","BaseMod","Colored Map","Downfall","GifTheSpireLib","Infinite Spire","Minty Spire (QoL Compilation)","Replay The Spire","StSLib"],"gold_per_floor":[214,234,17,31,49,49,60,60,60,60,78,78,156,176,176,253,253,263,313,313,313,330,655,655,655,655],"floor_reached":25,"language":"ENG","playtime":693,"items_purged":["Strike_B","Strike_B"],"score":419,"play_id":"b8182606-be5a-4fbb-8739-b0361a072969","local_time":"20210115145430","is_ascension_mode":true,"campfire_choices":[{"data":"Zap","floor":6,"key":"SMITH"},{"data":"Dualcast","floor":8,"key":"SMITH"},{"floor":12,"key":"REST"},{"data":"Gash","floor":15,"key":"SMITH"},{"data":"Defragment","floor":24,"key":"SMITH"}],"circlet_count":0,"master_deck":["AscendersBane","Strike_B","Strike_B","Defend_B","Defend_B","Defend_B","Defend_B","Zap+1","Dualcast+1","Conserve Battery","Go for the Eyes","Defragment+1","Scrape","Scrape","Gash+1","Gash","Defragment","Defragment","Auto Shields","Core Surge","Ball Lightning","Defragment","Gash+1","Loop"],"relics":["Cracked Core","infinitespire:Lychee Nut","Replay:Bottled Steam","Iron Hammer","Coffee Dripper","DollysMirror","Philosopher\u0027s Stone","Old Coin"],"acts_visited":["Exordium","TheCity"],"potions_floor_usage":[5,16,25,25],"damage_taken":[{"damage":0,"enemies":"Cultist","floor":1,"turns":3},{"damage":2,"enemies":"Jaw Worm","floor":2,"turns":3},{"damage":10,"enemies":"Small Slimes","floor":4,"turns":4},{"damage":15,"enemies":"Looter","floor":5,"turns":4},{"damage":7,"enemies":"Large Slime","floor":7,"turns":5},{"damage":14,"enemies":"Blue Slaver","floor":11,"turns":3},{"damage":3,"enemies":"Looter","floor":14,"turns":3},{"damage":3,"enemies":"The Guardian","floor":16,"turns":9},{"damage":3,"enemies":"2 Thieves","floor":18,"turns":3},{"damage":9,"enemies":"Chosen","floor":22,"turns":4},{"damage":29,"enemies":"Nightmare","floor":23,"turns":6},{"damage":17,"enemies":"Gremlin Leader","floor":25,"turns":5}],"seed_played":"1568614768829694724","potions_obtained":[{"floor":4,"key":"hexamod:EctoCoolerPotion"},{"floor":7,"key":"Toxic Potion"},{"floor":14,"key":"SkillPotion"},{"floor":22,"key":"Dexterity Potion"}],"is_trial":false,"path_per_floor":["M","M","$","M","M","R","M","R","T","?","M","R","T","M","R","B",null,"M","?","?","AVR","M","NM","R","E"],"character_chosen":"DEFECT","items_purchased":["Defragment","Scrape"],"campfire_rested":1,"item_purchase_floors":[3,3],"current_hp_per_floor":[64,62,62,52,37,37,30,30,30,25,16,31,31,33,33,36,49,51,51,37,37,34,11,11,0,0],"gold":655,"neow_bonus":"HUNDRED_GOLD","is_daily":false,"chose_seed":false,"campfire_upgraded":4,"win_rate":0.0,"timestamp":1610740470,"path_taken":["M","M","$","?","M","R","M","R","T","?","M","R","?","M","R","BOSS","M","?","?","AVR","M","NM","R","E"],"items_purchased_type":["Card","Card"],"build_version":"2020-12-22","purchased_purges":2,"victory":false,"max_hp_per_floor":[71,71,71,71,71,71,71,71,53,53,53,53,53,53,53,53,53,53,53,58,58,58,58,58,58,58],"card_choices":[{"not_picked":["Hologram","Chill"],"picked":"Conserve Battery","floor":1},{"not_picked":["Compile Driver","Conserve Battery"],"picked":"Go for the Eyes","floor":2},{"not_picked":["Conserve Battery","Leap"],"picked":"Gash","floor":4},{"not_picked":["Double Energy","Turbo"],"picked":"Gash","floor":5},{"not_picked":["Cold Snap","Leap"],"picked":"Defragment","floor":7},{"not_picked":["Reinforced Body","Ball Lightning"],"picked":"Defragment","floor":11},{"not_picked":["Barrage","Skim"],"picked":"Auto Shields","floor":14},{"not_picked":["Fission","Creative AI"],"picked":"Core Surge","floor":16},{"not_picked":["Conserve Battery","Redo"],"picked":"Ball Lightning","floor":18},{"not_picked":["BasicCrystalCard","Rebound"],"picked":"Gash+1","floor":22},{"not_picked":["Fission","Steam"],"picked":"Loop","floor":23}],"player_experience":948260,"relics_obtained":[{"floor":9,"key":"infinitespire:Lychee Nut"},{"floor":13,"key":"Iron Hammer"},{"floor":23,"key":"Old Coin"}],"event_choices":[{"damage_healed":0,"gold_gain":0,"player_choice":"Success","damage_taken":5,"relics_obtained":["Replay:Bottled Steam"],"max_hp_gain":0,"max_hp_loss":0,"event_name":"Scrap Ooze","floor":10,"gold_loss":0},{"damage_healed":0,"gold_gain":50,"player_choice":"Stole From Cult","damage_taken":0,"max_hp_gain":0,"max_hp_loss":0,"event_name":"Nest","floor":19,"gold_loss":0},{"damage_healed":0,"gold_gain":0,"player_choice":"Shed Blood","damage_taken":19,"max_hp_gain":5,"max_hp_loss":0,"event_name":"Forgotten Altar","floor":20,"gold_loss":0}],"is_beta":false,"boss_relics":[{"not_picked":["Calling Bell","Replay:Wanted Poster"],"picked":"Coffee Dripper"}],"items_purged_floors":[3,21],"is_endless":false,"potions_floor_spawned":[4,7,14,22],"killed_by":"Gremlin Leader","ascension_level":17}}