{"host":"fmwbmnqnrup981we","time":1610743528,"event":{"mods":["AchievementEnabler","Act Like it!","Alarm Clock","BaseMod","Better Altar","Better Match","Better Note","Better Skull","Better Synergies","Better Third Choice","Better Vampires","Block Reminder","Curses Come First","Displayed Cursed Tome","Downfall","Duelist Mod","Ekko","Elementarium","GungeonMod","HexUI Lib","HornydragonMod","Kratos Character Expansion","Marked Mod","Minty Spire (QoL Compilation)","Pikachu Mod","Poor People Problems","Quick Restart","Relic Stats","SIMod","StSLib","The Bug Knight","The Death Knight","The Forsaken","The Marked","The Necromancer","The Runesmith","The Servant 0.9.4","The Wild Card","TheHero","TheVacant","TheVelvet","Thieving Mod","Transform Curses","Waifu the Spire","Yuri Mod","everything is the same but u backflip on backflip"],"gold_per_floor":[119,119,119,130,143,143,160,178,230,249,283,248,277,293,293,293,293],"floor_reached":16,"language":"ENG","playtime":774,"items_purged":[],"score":114,"play_id":"6513a3e1-eda6-4b55-8d82-e12b8c63e0ab","local_time":"20210115204528","is_ascension_mode":false,"campfire_choices":[{"data":"ekkoTheBoyWhoShatteredTime:HailOfBlades","floor":6,"key":"SMITH"},{"floor":15,"key":"REST"}],"circlet_count":0,"master_deck":["ekkoTheBoyWhoShatteredTime:Strike","ekkoTheBoyWhoShatteredTime:Strike","ekkoTheBoyWhoShatteredTime:Strike","ekkoTheBoyWhoShatteredTime:Strike","ekkoTheBoyWhoShatteredTime:Strike","ekkoTheBoyWhoShatteredTime:Defend","ekkoTheBoyWhoShatteredTime:Defend","ekkoTheBoyWhoShatteredTime:Defend","ekkoTheBoyWhoShatteredTime:Defend","ekkoTheBoyWhoShatteredTime:TimeMaster","ekkoTheBoyWhoShatteredTime:Powered","ekkoTheBoyWhoShatteredTime:BansheesVeil","Pain","ekkoTheBoyWhoShatteredTime:HailOfBlades+1","ekkoTheBoyWhoShatteredTime:AfterimageHit","ekkoTheBoyWhoShatteredTime:PhaseDive","ekkoTheBoyWhoShatteredTime:CalmingWaves","ekkoTheBoyWhoShatteredTime:Periocharge","ekkoTheBoyWhoShatteredTime:NashorsTooth","ekkoTheBoyWhoShatteredTime:KeepingMomentum"],"relics":["ekkoTheBoyWhoShatteredTime:zDriveResonance","NeowsBlessing","KratosMod:chalice","theMarked:Eyepatch","WarpedTongs","DemoMod:ClearGuonStone","Bronze Scales","Ancient Tea Set"],"acts_visited":["Exordium"],"potions_floor_usage":[5,11,11,16],"damage_taken":[{"damage":0,"enemies":"2 Louse","floor":1,"turns":1},{"damage":1,"enemies":"Cultist","floor":4,"turns":1},{"damage":2,"enemies":"Jaw Worm","floor":5,"turns":1},{"damage":6,"enemies":"Looter","floor":7,"turns":3},{"damage":15,"enemies":"Lots of Slimes","floor":8,"turns":5},{"damage":28,"enemies":"Gremlin Gang","floor":10,"turns":4},{"damage":18,"enemies":"Lagavulin","floor":11,"turns":5},{"damage":17,"enemies":"3 Sentries","floor":13,"turns":5},{"damage":15,"enemies":"3 Louse","floor":14,"turns":3},{"damage":25,"enemies":"The Guardian","floor":16,"turns":6}],"seed_played":"3452494752970879491","potions_obtained":[{"floor":4,"key":"Fruit Juice"},{"floor":5,"key":"Fire Potion"},{"floor":7,"key":"Fire Potion"},{"floor":11,"key":"AttackPotion"}],"is_trial":false,"path_per_floor":["M","?","?","M","M","R","M","M","T","M","E","?","E","M","R","B"],"character_chosen":"EKKO_THE_BOY_WHO_SHATTERED_TIME","items_purchased":[],"campfire_rested":1,"item_purchase_floors":[],"current_hp_per_floor":[78,78,78,77,80,80,74,59,59,31,13,33,16,1,25,0,0],"gold":293,"neow_bonus":"THREE_ENEMY_KILL","is_daily":false,"chose_seed":false,"campfire_upgraded":1,"win_rate":0.0,"timestamp":1610743528,"path_taken":["M","?","?","M","M","R","?","M","T","M","E","?","E","M","R","BOSS"],"items_purchased_type":[],"build_version":"2020-12-22","purchased_purges":0,"victory":false,"max_hp_per_floor":[78,78,78,78,83,83,83,83,83,83,83,83,83,83,83,83,83],"relic_stats":{"counters":[10,33],"Bronze Scales":[46],"obtain_stats":[{"KratosMod:chalice":2,"NeowsBlessing":0,"Bronze Scales":11,"DemoMod:GlassGuonStoneRelic":5,"DemoMod:ClearGuonStone":9,"ekkoTheBoyWhoShatteredTime:zDriveResonance":0,"Ancient Tea Set":13,"theMarked:Eyepatch":2,"WarpedTongs":3},{"KratosMod:chalice":1,"NeowsBlessing":0,"Bronze Scales":7,"DemoMod:GlassGuonStoneRelic":3,"DemoMod:ClearGuonStone":5,"ekkoTheBoyWhoShatteredTime:zDriveResonance":0,"Ancient Tea Set":8,"theMarked:Eyepatch":1,"WarpedTongs":1},{"KratosMod:chalice":1,"NeowsBlessing":0,"Bronze Scales":19,"DemoMod:GlassGuonStoneRelic":3,"DemoMod:ClearGuonStone":10,"ekkoTheBoyWhoShatteredTime:zDriveResonance":0,"Ancient Tea Set":24,"theMarked:Eyepatch":1,"WarpedTongs":1}],"WarpedTongs":[32]},"card_choices":[{"not_picked":["ekkoTheBoyWhoShatteredTime:SneakHit","ekkoTheBoyWhoShatteredTime:CommittedStrike"],"picked":"ekkoTheBoyWhoShatteredTime:BansheesVeil","floor":1},{"not_picked":["ekkoTheBoyWhoShatteredTime:Unchained","ekkoTheBoyWhoShatteredTime:Greed"],"picked":"ekkoTheBoyWhoShatteredTime:HailOfBlades","floor":4},{"not_picked":["ekkoTheBoyWhoShatteredTime:MicCheck","ekkoTheBoyWhoShatteredTime:ParallelConvergence"],"picked":"ekkoTheBoyWhoShatteredTime:AfterimageHit","floor":5},{"not_picked":["ekkoTheBoyWhoShatteredTime:Backtrack","ekkoTheBoyWhoShatteredTime:KneeNSwordCombo"],"picked":"ekkoTheBoyWhoShatteredTime:PhaseDive","floor":7},{"not_picked":["ekkoTheBoyWhoShatteredTime:WideSlice","ekkoTheBoyWhoShatteredTime:Backtrack"],"picked":"ekkoTheBoyWhoShatteredTime:CalmingWaves","floor":8},{"not_picked":["ekkoTheBoyWhoShatteredTime:Backtrack","ekkoTheBoyWhoShatteredTime:SpHit"],"picked":"ekkoTheBoyWhoShatteredTime:Periocharge","floor":10},{"not_picked":["ekkoTheBoyWhoShatteredTime:IceBreak","ekkoTheBoyWhoShatteredTime:TimeRecall","ekkoTheBoyWhoShatteredTime:LevelUp"],"picked":"SKIP","floor":11},{"not_picked":["ekkoTheBoyWhoShatteredTime:WaitForKeyTiming","ekkoTheBoyWhoShatteredTime:Playful"],"picked":"ekkoTheBoyWhoShatteredTime:NashorsTooth","floor":13},{"not_picked":["ekkoTheBoyWhoShatteredTime:CommittedStrike","ekkoTheBoyWhoShatteredTime:DefensiveStance"],"picked":"ekkoTheBoyWhoShatteredTime:KeepingMomentum","floor":14}],"player_experience":447545,"relics_obtained":[{"floor":9,"key":"DemoMod:ClearGuonStone"},{"floor":11,"key":"Bronze Scales"},{"floor":13,"key":"Ancient Tea Set"}],"event_choices":[{"damage_healed":0,"gold_gain":0,"player_choice":"Rummage","damage_taken":0,"relics_obtained":["WarpedTongs"],"max_hp_gain":0,"max_hp_loss":0,"event_name":"Accursed Blacksmith","floor":3,"gold_loss":0,"cards_obtained":["Pain"]},{"damage_healed":20,"gold_gain":0,"player_choice":"Healed","damage_taken":0,"max_hp_gain":0,"max_hp_loss":0,"event_name":"The Cleric","floor":12,"gold_loss":35}],"is_beta":false,"boss_relics":[],"items_purged_floors":[],"is_endless":false,"potions_floor_spawned":[4,5,7,11],"killed_by":"The Guardian","ascension_level":0}}