{"host":"xwog71r75u8mqwn1","time":1610669168,"event":{"mods":["BaseMod","Evolution","Minty Spire (QoL Compilation)","StSLib"],"gold_per_floor":[113,127,127,14,189,189,220,220,220,220,101,134,154,16,16,16,16],"floor_reached":16,"language":"ENG","playtime":706,"items_purged":["Defend_R","Doubt","Bash"],"score":226,"play_id":"bdcb7384-aa1e-4639-a44f-95d21ac574f7","local_time":"20210114180608","is_ascension_mode":true,"campfire_choices":[{"data":"Fire Breathing","floor":6,"key":"SMITH"},{"data":"Rage","floor":8,"key":"SMITH"},{"data":"Power Through","floor":15,"key":"SMITH"}],"circlet_count":0,"master_deck":["AscendersBane","Wild Strike","Strike_R","Strike_R","Strike_R","Strike_R","Defend_R","Defend_R+1","Defend_R","Iron Wave","Rage+1","Fire Breathing+1","Clash","True Grit+1","Metallicize","Power Through+1","Anger"],"relics":["Burning Blood","EVO:Axolotl","NeowsBlessing","Anchor","Unceasing Top","The Courier","War Paint"],"acts_visited":["Exordium"],"potions_floor_usage":[10],"damage_taken":[{"damage":0.0,"enemies":"Cultist","floor":1.0,"turns":1.0},{"damage":0,"enemies":"2 Louse","floor":2,"turns":1},{"damage":0,"enemies":"Lagavulin","floor":7,"turns":1},{"damage":10,"enemies":"Gremlin Nob","floor":10,"turns":3},{"damage":44,"enemies":"Lagavulin","floor":12,"turns":8},{"damage":0,"enemies":"Jaw Worm","floor":13,"turns":3},{"damage":47,"enemies":"Hexaghost","floor":16,"turns":11}],"seed_played":"3517653507948407935","potions_obtained":[{"floor":1,"key":"SmokeBomb"}],"is_trial":false,"path_per_floor":["M","M","?","$","?","R","E","R","T","E","$","E","M","$","R","B"],"character_chosen":"IRONCLAD","items_purchased":["Fire Breathing","True Grit","Anger"],"campfire_rested":0,"item_purchase_floors":[4,11,14],"current_hp_per_floor":[78,80,73,73,73,73,79,79,79,75,75,37,43,43,43,0,0],"gold":16,"neow_bonus":"THREE_ENEMY_KILL","is_daily":false,"chose_seed":false,"campfire_upgraded":3,"win_rate":0.0,"timestamp":1610669168,"path_taken":["M","?","?","?","?","R","E","R","T","E","$","E","M","$","R","BOSS"],"items_purchased_type":["Card","Card","Card"],"build_version":"2020-12-22","purchased_purges":3,"victory":false,"max_hp_per_floor":[80,80,80,80,80,80,80,80,80,80,80,80,80,80,80,80,80],"card_choices":[{"not_picked":["Pommel Strike","Perfected Strike"],"picked":"Iron Wave","floor":1},{"not_picked":["Sever Soul","Armaments"],"picked":"Rage","floor":2},{"not_picked":["Flame Barrier","Evolve"],"picked":"Clash","floor":7},{"not_picked":["Rampage","Thunderclap"],"picked":"Metallicize","floor":12},{"not_picked":["Thunderclap","Spot Weakness"],"picked":"Power Through","floor":13}],"player_experience":2457797,"relics_obtained":[{"floor":7,"key":"Unceasing Top"},{"floor":9,"key":"The Courier"},{"floor":12,"key":"War Paint"}],"event_choices":[{"damage_healed":0,"gold_gain":0,"player_choice":"Success","damage_taken":7,"relics_obtained":["Anchor"],"max_hp_gain":0,"max_hp_loss":0,"event_name":"Scrap Ooze","floor":3,"gold_loss":0},{"damage_healed":0,"gold_gain":175,"player_choice":"AGREE","damage_taken":0,"max_hp_gain":0,"max_hp_loss":0,"event_name":"Liars Game","floor":5,"gold_loss":0,"cards_obtained":["Doubt"]}],"is_beta":false,"boss_relics":[],"items_purged_floors":[4,11,14],"is_endless":false,"potions_floor_spawned":[1,10],"killed_by":"Hexaghost","ascension_level":12}}