{"host":"chv1qanoipyt46jc","time":1610675711,"event":{"mods":["2.2 Compatiblity","AchievementEnabler","BaseMod","BetterRewards","CapriCore","Card Filter","Evolution","Gold Saver","Grow up Mod","Minty Spire (QoL Compilation)","Rare Cards Sparkle","Relic Filter","Remove Card Discount Mod","Reorder Act Four","StSLib"],"gold_per_floor":[950,921,937,950,963,963,963,963,987,1007,1040,1040,1040,1060,1060,1180,1180,1193,1214,1238,1258,1258,1299,1299,1312,1335,1321,1337,1356,1356,1356,1356,1487,1487,1505,1505,1519,1519,1537,1578,1578,1591,1591,1610,1646,1644,1644,1668,1668,1668,1668,1666,1666,1697,1697],"floor_reached":56,"language":"ENG","playtime":2619,"items_purged":["Conserve Battery","Ball Lightning","Conserve Battery","Ball Lightning","Ball Lightning","Conserve Battery","Conserve Battery","Dualcast","Consume","Ball Lightning","Heatsinks","Capacitor","Defragment","Defragment","Conserve Battery","Heatsinks","Coolheaded","Gash"],"score":1633,"play_id":"c65a2347-1f5f-499d-a812-77e5523952b9","local_time":"20210114195511","is_ascension_mode":false,"campfire_choices":[{"data":"Zap","floor":6,"key":"SMITH"},{"data":"Consume","floor":8,"key":"SMITH"},{"data":"Fusion","floor":13,"key":"SMITH"},{"data":"Defragment","floor":15,"key":"SMITH"},{"data":"Heatsinks","floor":24,"key":"SMITH"},{"data":"Heatsinks","floor":30,"key":"SMITH"},{"data":"Defragment","floor":32,"key":"SMITH"},{"data":"Coolheaded","floor":41,"key":"SMITH"},{"data":"Machine Learning","floor":47,"key":"SMITH"},{"floor":49,"key":"RECALL"},{"data":"Loop","floor":53,"key":"SMITH"}],"circlet_count":0,"master_deck":["Zap+1","Capacitor","Coolheaded+1","Consume+1","Capacitor","Defragment+1","Heatsinks+1","Heatsinks+1","Gash","Fusion+1","Machine Learning+1","Loop+1","Gash","Defragment+1","Defragment+1","Coolheaded+1","Gash+1"],"relics":["Cracked Core","EVO:Axolotl","Membership Card","DataDisk","Ice Cream","Golden Idol","FossilizedHelix","Inserter","Eternal Feather","Anchor","Black Star","Meat on the Bone","Art of War","Sundial","Ancient Tea Set","Mummified Hand","Bronze Scales","Vajra"],"acts_visited":["Exordium","TheCity","TheBeyond","TheEnding"],"potions_floor_usage":[55,55,55],"damage_taken":[{"damage":7,"enemies":"2 Louse","floor":1,"turns":3},{"damage":4,"enemies":"Cultist","floor":3,"turns":4},{"damage":25,"enemies":"Jaw Worm","floor":4,"turns":4},{"damage":10,"enemies":"Exordium Wildlife","floor":5,"turns":3},{"damage":16,"enemies":"Blue Slaver","floor":10,"turns":4},{"damage":36,"enemies":"Lagavulin","floor":11,"turns":5},{"damage":12,"enemies":"Looter","floor":14,"turns":4},{"damage":0,"enemies":"Slime Boss","floor":16,"turns":5},{"damage":30,"enemies":"2 Thieves","floor":18,"turns":4},{"damage":52,"enemies":"3 Byrds","floor":19,"turns":4},{"damage":0,"enemies":"Snecko","floor":20,"turns":5},{"damage":31,"enemies":"Sentry and Sphere","floor":21,"turns":6},{"damage":80,"enemies":"Slavers","floor":23,"turns":5},{"damage":35,"enemies":"Snake Plant","floor":25,"turns":4},{"damage":0,"enemies":"Centurion and Healer","floor":28,"turns":6},{"damage":30,"enemies":"Shelled Parasite and Fungi","floor":29,"turns":4},{"damage":40,"enemies":"Automaton","floor":33,"turns":5},{"damage":9,"enemies":"3 Shapes","floor":35,"turns":3},{"damage":0,"enemies":"Orb Walker","floor":37,"turns":4},{"damage":0,"enemies":"Maw","floor":39,"turns":4},{"damage":0,"enemies":"Giant Head","floor":40,"turns":5},{"damage":15,"enemies":"4 Shapes","floor":42,"turns":4},{"damage":0,"enemies":"Transient","floor":44,"turns":5},{"damage":42,"enemies":"Nemesis","floor":45,"turns":5},{"damage":0,"enemies":"3 Darklings","floor":48,"turns":3},{"damage":0,"enemies":"Awakened One","floor":50,"turns":5},{"damage":10,"enemies":"Shield and Spear","floor":54,"turns":6},{"damage":35,"enemies":"The Heart","floor":55,"turns":7}],"seed_played":"-7270658684927713829","potions_obtained":[{"floor":4,"key":"AttackPotion"},{"floor":5,"key":"Ancient Potion"},{"floor":18,"key":"Weak Potion"}],"is_trial":false,"path_per_floor":["M","$","M","M","M","R","?","R","T","M","E","?","R","M","R","B",null,"M","M","M","M","?","E","R","M","T","$","M","M","R","?","R","B",null,"M","?","M","$","M","E","R","M","T","M","E","$","R","M","R","B",null,"$","R","E","B",null],"character_chosen":"DEFECT","items_purchased":["Capacitor","Membership Card","Coolheaded","Consume","Gash","DataDisk","Heatsinks","Consume","Defragment","Capacitor","Ice Cream","Defragment","Coolheaded","Heatsinks","Heatsinks","Capacitor"],"campfire_rested":0,"item_purchase_floors":[0,0,0,0,0,0,0,0,0,0,0,0,0,0,0,2],"current_hp_per_floor":[41,51,57,42,42,52,62,72,82,76,50,60,70,68,78,88,244,224,182,192,171,181,111,133,108,118,128,138,118,137,147,166,136,414,415,425,435,445,455,465,484,479,489,499,467,477,496,506,525,535,584,594,604,604,579],"gold":1697,"neow_bonus":"","is_daily":false,"chose_seed":false,"campfire_upgraded":10,"win_rate":0.0,"timestamp":1610675711,"path_taken":["M","$","M","M","M","R","?","R","T","M","E","?","R","M","R","BOSS","M","M","M","M","?","E","R","M","T","$","?","?","R","?","R","BOSS","M","?","M","$","M","E","R","M","T","M","E","$","R","M","R","BOSS","$","R","E","BOSS"],"items_purchased_type":["Card","Relic","Card","Card","Card","Relic","Card","Card","Card","Card","Relic","Card","Card","Card","Card","Card"],"build_version":"2020-12-22","purchased_purges":18,"victory":true,"max_hp_per_floor":[95,105,115,125,135,145,144,154,164,174,184,194,204,214,224,234,244,254,264,274,284,294,304,314,324,334,344,354,364,374,384,394,404,414,424,434,444,454,464,474,484,494,504,514,524,534,544,554,564,574,584,594,604,614,624],"card_choices":[{"not_picked":["Recycle","Melter","Chaos"],"picked":"SKIP","floor":1},{"not_picked":["Coolheaded","White Noise"],"picked":"Gash","floor":3},{"not_picked":["Streamline","Chaos"],"picked":"Heatsinks","floor":4},{"not_picked":["Melter","Streamline","Consume"],"picked":"SKIP","floor":5},{"not_picked":["Rebound","Chill","Redo"],"picked":"SKIP","floor":10},{"not_picked":["Sweeping Beam","Go for the Eyes"],"picked":"Defragment","floor":11},{"not_picked":["Leap","Streamline"],"picked":"Defragment","floor":14},{"not_picked":["Seek","Buffer"],"picked":"Machine Learning","floor":16},{"not_picked":["Ball Lightning","Rebound","Conserve Battery+1"],"picked":"SKIP","floor":18},{"not_picked":["Redo","Reprogram+1","Capacitor"],"picked":"SKIP","floor":19},{"not_picked":["Turbo","Ball Lightning+1"],"picked":"Loop","floor":20},{"not_picked":["Redo","Conserve Battery","Heatsinks"],"picked":"SKIP","floor":21},{"not_picked":["Fission","Capacitor","Meteor Strike"],"picked":"SKIP","floor":23},{"not_picked":["Leap","Turbo","Coolheaded"],"picked":"SKIP","floor":25},{"not_picked":["Rebound+1","Compile Driver"],"picked":"Gash","floor":28},{"not_picked":["Ball Lightning+1","Sweeping Beam","Turbo"],"picked":"SKIP","floor":29},{"not_picked":["Ball Lightning+1","Capacitor"],"picked":"Defragment+1","floor":35},{"not_picked":["Heatsinks+1","Turbo+1"],"picked":"Defragment+1","floor":37},{"not_picked":["Rebound","Redo","Leap"],"picked":"SKIP","floor":39},{"not_picked":["Redo","Go for the Eyes"],"picked":"Coolheaded+1","floor":40},{"not_picked":["Turbo","Capacitor","Rebound+1"],"picked":"SKIP","floor":42},{"not_picked":["Conserve Battery+1","Barrage+1","Leap"],"picked":"SKIP","floor":44},{"not_picked":["Reprogram+1","Seek","Barrage+1"],"picked":"SKIP","floor":45},{"not_picked":["Undo+1","Ball Lightning"],"picked":"Gash+1","floor":48},{"not_picked":["Streamline","Fission","Redo"],"picked":"SKIP","floor":54}],"player_experience":308753,"relics_obtained":[{"floor":11,"key":"FossilizedHelix"},{"floor":23,"key":"Eternal Feather"},{"floor":26,"key":"Anchor"},{"floor":40,"key":"Meat on the Bone"},{"floor":40,"key":"Art of War"},{"floor":43,"key":"Sundial"},{"floor":45,"key":"Ancient Tea Set"},{"floor":45,"key":"Mummified Hand"},{"floor":54,"key":"Bronze Scales"},{"floor":54,"key":"Vajra"}],"event_choices":[{"damage_healed":0,"gold_gain":0,"player_choice":"Lose Max HP","damage_taken":0,"relics_obtained":["Golden Idol"],"max_hp_gain":0,"max_hp_loss":11,"event_name":"Golden Idol","floor":7,"gold_loss":0},{"damage_healed":0,"gold_gain":0,"player_choice":"2 cards matched","damage_taken":0,"max_hp_gain":0,"max_hp_loss":0,"event_name":"Match and Keep!","floor":12,"gold_loss":0,"cards_obtained":["Conserve Battery","Fusion"]},{"damage_healed":0,"gold_gain":0,"player_choice":"Leave","damage_taken":0,"max_hp_gain":0,"max_hp_loss":0,"event_name":"FaceTrader","floor":22,"gold_loss":0},{"damage_healed":0,"gold_gain":0,"player_choice":"Ignored","damage_taken":0,"max_hp_gain":0,"max_hp_loss":0,"event_name":"Vampires","floor":31,"gold_loss":0},{"cards_removed":["Defragment"],"damage_healed":0,"gold_gain":0,"player_choice":"Removed Power","damage_taken":0,"max_hp_gain":0,"max_hp_loss":0,"event_name":"Falling","floor":36,"gold_loss":0}],"is_beta":false,"boss_relics":[{"not_picked":["Astrolabe","Runic Dome"],"picked":"Inserter"},{"not_picked":["Cursed Key","Busted Crown"],"picked":"Black Star"}],"items_purged_floors":[0,0,0,0,2,2,2,2,2,27,27,27,27,27,27,27,46,52],"is_endless":false,"potions_floor_spawned":[4,5,18,20,29,33,35,40,48,54],"ascension_level":0}}