{"host":"c3lc60y5x60jlt1y","time":1610738121,"event":{"mods":["AchievementEnabler","BaseMod","Bestiary","Colored Map","Minty Spire (QoL Compilation)","Quick Restart","StSLib","ojb\u0027s Info Mod"],"gold_per_floor":[115,215,233,233,38,69,88,154,178,219,242,281,300,343,343,466,466,490,509,509,529,553,606,226,226,278,320,344,7,7,51,51,189,189,214,232,232,88,113,113,156,1,1,73,120,120,120,148,148,148],"floor_reached":51,"language":"ENG","playtime":4560,"items_purged":["Strike_B","Strike_B","Strike_B"],"score":1133,"play_id":"a5376a4b-2f39-4b76-9c59-ad014ac5d050","local_time":"20210115211521","is_ascension_mode":true,"campfire_choices":[{"data":"Undo","floor":15,"key":"SMITH"},{"data":"Hyperbeam","floor":25,"key":"SMITH"},{"data":"Madness","floor":30,"key":"SMITH"},{"floor":32,"key":"REST"},{"data":"Barrage","floor":40,"key":"SMITH"},{"data":"Rainbow","floor":47,"key":"SMITH"},{"floor":49,"key":"REST"}],"circlet_count":0,"master_deck":["Strike_B","Defend_B","Defend_B","Defend_B","Zap","Dualcast","Cold Snap","Compile Driver","Leap","Madness+1","Genetic Algorithm","Blizzard","Streamline","Undo+1","Turbo","Fusion","Hyperbeam+1","Barrage+1","Core Surge","Coolheaded+1","Static Discharge+1","Capacitor+1","Force Field","Echo Form+1","Recycle+1","Madness","Madness","Skim+1","Rainbow+1","Seek","Defragment+1"],"relics":["Cracked Core","NeowsBlessing","Golden Idol","DataDisk","PreservedInsect","Oddly Smooth Stone","Blood Vial","Symbiotic Virus","Toy Ornithopter","SacredBark","Frozen Egg 2","Lantern","CeramicFish","Toolbox","Bag of Preparation","Bag of Marbles","Strange Spoon","Question Card","SlaversCollar","Runic Capacitor","Prayer Wheel","Potion Belt","Kunai","Du-Vu Doll","Bronze Scales"],"acts_visited":["Exordium","TheCity","TheBeyond"],"potions_floor_usage":[8,8,14,16,18,23,27,28,33,33,41,45,45,50],"damage_taken":[{"damage":0,"enemies":"Small Slimes","floor":1,"turns":1},{"damage":0,"enemies":"Cultist","floor":3,"turns":1},{"damage":0,"enemies":"3 Sentries","floor":6,"turns":1},{"damage":6,"enemies":"Jaw Worm","floor":7,"turns":3},{"damage":9,"enemies":"3 Sentries","floor":8,"turns":5},{"damage":17,"enemies":"Lagavulin","floor":10,"turns":6},{"damage":14,"enemies":"Large Slime","floor":11,"turns":6},{"damage":1,"enemies":"3 Sentries","floor":12,"turns":6},{"damage":0,"enemies":"Exordium Wildlife","floor":13,"turns":3},{"damage":14,"enemies":"Lagavulin","floor":14,"turns":7},{"damage":17,"enemies":"The Guardian","floor":16,"turns":16},{"damage":4,"enemies":"Shell Parasite","floor":18,"turns":5},{"damage":6,"enemies":"3 Byrds","floor":19,"turns":5},{"damage":18,"enemies":"3 Cultists","floor":21,"turns":5},{"damage":0,"enemies":"Gremlin Leader","floor":23,"turns":4},{"damage":5,"enemies":"Slavers","floor":27,"turns":3},{"damage":24,"enemies":"Snake Plant","floor":28,"turns":4},{"damage":15,"enemies":"Book of Stabbing","floor":31,"turns":5},{"damage":8,"enemies":"Champ","floor":33,"turns":7},{"damage":4,"enemies":"Orb Walker","floor":35,"turns":4},{"damage":22,"enemies":"3 Shapes","floor":39,"turns":6},{"damage":0,"enemies":"Giant Head","floor":41,"turns":7},{"damage":0,"enemies":"Mind Bloom Boss Battle","floor":44,"turns":7},{"damage":9,"enemies":"Nemesis","floor":45,"turns":7},{"damage":26,"enemies":"Spire Growth","floor":48,"turns":5},{"damage":44,"enemies":"Donu and Deca","floor":50,"turns":7}],"seed_played":"4667416833591972603","potions_obtained":[{"floor":1,"key":"GamblersBrew"},{"floor":7,"key":"Explosive Potion"},{"floor":11,"key":"Block Potion"},{"floor":12,"key":"SkillPotion"},{"floor":14,"key":"SteroidPotion"},{"floor":16,"key":"SneckoOil"},{"floor":19,"key":"GamblersBrew"},{"floor":21,"key":"AttackPotion"},{"floor":27,"key":"FocusPotion"},{"floor":31,"key":"Energy Potion"},{"floor":33,"key":"SneckoOil"},{"floor":41,"key":"Weak Potion"},{"floor":44,"key":"SneckoOil"},{"floor":45,"key":"CultistPotion"}],"is_trial":false,"path_per_floor":["M","?","M","?","$","E","M","?","T","E","M","E","M","E","R","B",null,"M","M","?","M","T","E","$","R","T","E","M","$","R","E","R","B",null,"M","?","?","$","M","R","E","$","T","?","E","?","R","M","R","B",null],"character_chosen":"DEFECT","items_purchased":["Leap","Madness","AttackPotion","PotionOfCapacity","Toolbox","Strange Spoon","Capacitor+1","Runic Capacitor","Potion Belt"],"campfire_rested":2,"item_purchase_floors":[5,5,24,24,24,29,29,38,42],"current_hp_per_floor":[68,68,68,68,68,68,62,53,53,36,24,25,27,15,15,5,53,56,52,52,36,36,43,43,43,43,45,28,28,28,15,35,39,62,60,51,51,51,31,31,38,38,38,40,43,60,60,34,52,15],"gold":148,"neow_bonus":"THREE_ENEMY_KILL","is_daily":false,"chose_seed":false,"campfire_upgraded":5,"win_rate":0.0,"timestamp":1610738121,"path_taken":["M","?","?","?","$","E","M","?","T","E","?","E","M","E","R","BOSS","M","M","?","M","?","E","$","R","T","E","M","$","R","E","R","BOSS","M","?","?","$","M","R","E","$","T","?","E","?","R","?","R","BOSS"],"items_purchased_type":["Card","Card","Potion","Potion","Relic","Relic","Card","Relic","Relic"],"build_version":"2020-12-22","purchased_purges":3,"victory":true,"max_hp_per_floor":[75,75,75,69,69,69,69,69,69,69,69,69,69,69,69,69,69,69,69,69,69,69,69,69,69,69,69,69,69,69,69,69,69,69,69,69,69,69,69,69,69,69,69,69,69,60,60,60,60,60],"card_choices":[{"not_picked":["Chaos","Rebound"],"picked":"Cold Snap","floor":1},{"not_picked":["Tempest","Conserve Battery"],"picked":"Compile Driver","floor":3},{"not_picked":["Chaos","Steam Power"],"picked":"Genetic Algorithm","floor":6},{"not_picked":["Rebound","Multi-Cast"],"picked":"Blizzard","floor":7},{"not_picked":["Compile Driver","Beam Cell"],"picked":"Streamline","floor":8},{"not_picked":["Storm","Conserve Battery"],"picked":"Undo","floor":10},{"not_picked":["Streamline","Compile Driver","Redo"],"picked":"SKIP","floor":11},{"not_picked":["All For One","Storm","Sweeping Beam"],"picked":"SKIP","floor":12},{"not_picked":["Rip and Tear","Chaos"],"picked":"Turbo","floor":13},{"not_picked":["Reinforced Body","Streamline"],"picked":"Fusion","floor":14},{"not_picked":["Echo Form","Amplify"],"picked":"Hyperbeam","floor":16},{"not_picked":["Turbo","Stack"],"picked":"Barrage","floor":18},{"not_picked":["Rebound+1","Reinforced Body","Sweeping Beam"],"picked":"SKIP","floor":19},{"not_picked":["Consume","Compile Driver","Genetic Algorithm"],"picked":"SKIP","floor":21},{"not_picked":["Compile Driver+1","Melter"],"picked":"Core Surge","floor":23},{"not_picked":["Gash","Steam"],"picked":"Coolheaded+1","floor":27},{"not_picked":["Fusion","Beam Cell"],"picked":"Static Discharge+1","floor":28},{"not_picked":["Doom and Gloom","Darkness"],"picked":"Force Field","floor":31},{"not_picked":["Electrodynamics+1","Buffer+1","Hyperbeam"],"picked":"Echo Form+1","floor":33},{"not_picked":["Gash+1","Sunder","Leap"],"picked":"Recycle+1","floor":35},{"not_picked":["White Noise","Steam+1","Rebound","Sweeping Beam"],"picked":"SKIP","floor":39},{"not_picked":["Gash","Redo","Storm+1"],"picked":"Skim+1","floor":41},{"not_picked":["Rip and Tear+1","Skim+1","Hologram"],"picked":"Rainbow","floor":44},{"not_picked":["Conserve Battery","Redo+1","Stack+1"],"picked":"Seek","floor":45},{"not_picked":["Hello World+1","Auto Shields","Sweeping Beam+1"],"picked":"Defragment+1","floor":48},{"not_picked":["Redo+1","Ball Lightning+1","Stack+1","Auto Shields"],"picked":"SKIP","floor":48}],"player_experience":8074539,"relics_obtained":[{"floor":6,"key":"DataDisk"},{"floor":8,"key":"PreservedInsect"},{"floor":9,"key":"Oddly Smooth Stone"},{"floor":10,"key":"Blood Vial"},{"floor":12,"key":"Symbiotic Virus"},{"floor":14,"key":"Toy Ornithopter"},{"floor":22,"key":"Lantern"},{"floor":23,"key":"CeramicFish"},{"floor":26,"key":"Bag of Preparation"},{"floor":27,"key":"Bag of Marbles"},{"floor":31,"key":"Question Card"},{"floor":41,"key":"Prayer Wheel"},{"floor":43,"key":"Kunai"},{"floor":44,"key":"Du-Vu Doll"},{"floor":45,"key":"Bronze Scales"}],"event_choices":[{"damage_healed":0,"gold_gain":100,"player_choice":"Pray","damage_taken":0,"max_hp_gain":0,"max_hp_loss":0,"event_name":"Golden Shrine","floor":2,"gold_loss":0},{"damage_healed":0,"gold_gain":0,"player_choice":"Lose Max HP","damage_taken":0,"relics_obtained":["Golden Idol"],"max_hp_gain":0,"max_hp_loss":6,"event_name":"Golden Idol","floor":4,"gold_loss":0},{"damage_healed":0,"gold_gain":30,"player_choice":"Searched \u00272\u0027 times","damage_taken":0,"max_hp_gain":0,"max_hp_loss":0,"event_name":"Dead Adventurer","floor":8,"gold_loss":0},{"damage_healed":0,"gold_gain":0,"player_choice":"Opened","damage_taken":0,"relics_obtained":["Frozen Egg 2"],"max_hp_gain":0,"max_hp_loss":0,"event_name":"The Mausoleum","floor":20,"gold_loss":0},{"damage_healed":0,"gold_gain":0,"player_choice":"Embrace Madness","damage_taken":9,"max_hp_gain":0,"max_hp_loss":0,"event_name":"Winding Halls","floor":36,"gold_loss":0,"cards_obtained":["Madness","Madness"]},{"cards_removed":["Defend_B"],"damage_healed":0,"gold_gain":0,"player_choice":"Removed Skill","damage_taken":0,"max_hp_gain":0,"max_hp_loss":0,"event_name":"Falling","floor":37,"gold_loss":0},{"damage_healed":0,"gold_gain":0,"player_choice":"Fight","damage_taken":0,"max_hp_gain":0,"max_hp_loss":0,"event_name":"MindBloom","floor":44,"gold_loss":0},{"damage_healed":60,"gold_gain":0,"player_choice":"Heal","damage_taken":0,"max_hp_gain":0,"max_hp_loss":9,"event_name":"The Moai Head","floor":46,"gold_loss":0}],"is_beta":false,"boss_relics":[{"not_picked":["Calling Bell","FrozenCore"],"picked":"SacredBark"},{"not_picked":["Runic Dome","Velvet Choker"],"picked":"SlaversCollar"}],"items_purged_floors":[5,24,29],"is_endless":false,"potions_floor_spawned":[1,7,11,12,14,16,19,21,27,31,33,41,44,45],"ascension_level":6}}