{"host":"2no1vwhhkhf0ohz3","time":1610725171,"event":{"mods":["AchievementEnabler","BaseMod","Colored Map","DeckTracker","Keyboard Shortcuts","Minty Spire (QoL Compilation)","Relic Stats","SuperFastMode"],"gold_per_floor":[109,129,144,244,255,255,271,288,288,306,306,306,306,325,325,325,325],"floor_reached":16,"language":"KOR","playtime":254,"items_purged":[],"score":120,"play_id":"76570ac8-b613-444e-9a5e-683c878cbd0f","local_time":"20210116003931","is_ascension_mode":true,"campfire_choices":[{"data":"Coolheaded","floor":6,"key":"SMITH"},{"data":"Hologram","floor":11,"key":"SMITH"},{"data":"Hologram","floor":15,"key":"SMITH"}],"circlet_count":0,"master_deck":["Strike_B","Strike_B","Strike_B","Strike_B","Defend_B","Defend_B","Defend_B","Defend_B","Zap","Dualcast","Gash","Hologram+1","Coolheaded+1","Genetic Algorithm","Hologram+1","FTL","Gash","Blizzard"],"relics":["Cracked Core","NeowsBlessing","Toxic Egg 2","Golden Idol"],"acts_visited":["Exordium"],"potions_floor_usage":[10,16,16],"damage_taken":[{"damage":0,"enemies":"Small Slimes","floor":1,"turns":1},{"damage":0,"enemies":"Cultist","floor":2,"turns":1},{"damage":0,"enemies":"2 Louse","floor":3,"turns":1},{"damage":13,"enemies":"2 Fungi Beasts","floor":5,"turns":4},{"damage":6,"enemies":"Blue Slaver","floor":7,"turns":4},{"damage":3,"enemies":"Looter","floor":8,"turns":3},{"damage":16,"enemies":"Gremlin Gang","floor":10,"turns":3},{"damage":2,"enemies":"Large Slime","floor":14,"turns":5},{"damage":0,"enemies":"Slime Boss","floor":16,"turns":5}],"seed_played":"4025947783841170767","potions_obtained":[{"floor":3,"key":"Explosive Potion"},{"floor":8,"key":"Energy Potion"},{"floor":10,"key":"EssenceOfSteel"},{"floor":14,"key":"SteroidPotion"}],"is_trial":false,"path_per_floor":["M","M","M","?","M","R","M","M","T","M","R","?","?","M","R","B"],"character_chosen":"DEFECT","items_purchased":[],"campfire_rested":0,"item_purchase_floors":[],"current_hp_per_floor":[75,75,75,75,62,62,56,53,53,37,37,37,37,35,35,35,35],"gold":325,"neow_bonus":"THREE_ENEMY_KILL","is_daily":false,"chose_seed":false,"campfire_upgraded":3,"win_rate":0.0,"timestamp":1610725171,"path_taken":["M","M","M","?","M","R","?","M","T","M","R","?","?","M","R","BOSS"],"items_purchased_type":[],"build_version":"2020-12-22","purchased_purges":0,"victory":false,"max_hp_per_floor":[75,75,75,75,75,75,75,75,75,75,75,75,69,69,69,69,69],"relic_stats":{"counters":[9,27],"Golden Idol":4,"obtain_stats":[{"NeowsBlessing":0,"Golden Idol":13,"Toxic Egg 2":9,"Cracked Core":0},{"NeowsBlessing":0,"Golden Idol":7,"Toxic Egg 2":6,"Cracked Core":0},{"NeowsBlessing":0,"Golden Idol":17,"Toxic Egg 2":14,"Cracked Core":0}]},"card_choices":[{"not_picked":["Stack","Hologram"],"picked":"Gash","floor":1},{"not_picked":["Conserve Battery","Compile Driver"],"picked":"Hologram","floor":2},{"not_picked":["Beam Cell","Static Discharge"],"picked":"Coolheaded","floor":3},{"not_picked":["Hologram","Darkness"],"picked":"Genetic Algorithm","floor":5},{"not_picked":["Turbo","Conserve Battery"],"picked":"Hologram","floor":7},{"not_picked":["Reboot","Reinforced Body"],"picked":"FTL","floor":8},{"not_picked":["Barrage","Stack+1"],"picked":"Gash","floor":10},{"not_picked":["Barrage","Darkness+1"],"picked":"Blizzard","floor":14}],"player_experience":294247,"relics_obtained":[{"floor":9,"key":"Toxic Egg 2"}],"event_choices":[{"damage_healed":0,"gold_gain":100,"player_choice":"Pray","damage_taken":0,"max_hp_gain":0,"max_hp_loss":0,"event_name":"Golden Shrine","floor":4,"gold_loss":0},{"damage_healed":0,"gold_gain":0,"player_choice":"Ignored","damage_taken":0,"max_hp_gain":0,"max_hp_loss":0,"event_name":"Liars Game","floor":12,"gold_loss":0},{"damage_healed":0,"gold_gain":0,"player_choice":"Lose Max HP","damage_taken":0,"relics_obtained":["Golden Idol"],"max_hp_gain":0,"max_hp_loss":6,"event_name":"Golden Idol","floor":13,"gold_loss":0}],"is_beta":false,"boss_relics":[],"items_purged_floors":[],"is_endless":false,"potions_floor_spawned":[3,8,10,14],"killed_by":"Slime Boss","ascension_level":5}}