{"host":"ertz0a1vw3taca14","time":1610729531,"event":{"mods":["BaseMod","Downfall","KinomotoSakuraMod(ƒæ÷Æ±æ”£)","Luminous","Marisa£®ÏF”Í°°ƒß¿Ì…≥£©","Minty Spire (QoL Compilation)","Remilia£®¿Ÿ√◊¿Ú—«£©","StSLib","The Administrix","The Servant 0.9.4","Yakumo Yukari mod","Youmu£®ªÍ∆«—˝√Œ£©","Yuyuko"],"gold_per_floor":[367,449,71,88,101,101,101,132,132,32,91,102,102,116,116,215,215,226,325,325,337,54,81,91,91,116,41,41,70,82,82],"floor_reached":30,"language":"ZHS","playtime":1062,"items_purged":["Decay","Strike_RM"],"score":287,"play_id":"4be9ef36-3fde-4149-b131-ac4f64a6f574","local_time":"20210116005211","is_ascension_mode":true,"campfire_choices":[{"floor":6,"key":"RECALL"},{"floor":13,"key":"REST"},{"data":"HeartBreak","floor":15,"key":"SMITH"},{"data":"DemonKingCradle","floor":25,"key":"SMITH"}],"circlet_count":0,"master_deck":["Strike_RM","Defend_RM","RedMoon","ScarletShoot","DiffusionOfMisfortune","MastersStateliness","ReincarnationDial","VampireClaw","HeartBreak+1","ScarletDevilSign","StarOfDavid","ScarletMeister","ChainGang+1","UnderTheZenith+1","BloodyCatastrophe+1","StarOfDavid+1","BloodyCatastrophe+1","MillenniumVampire","KillingBlow","ForecastOfChange","FitfulNightmare","DemonKingCradle+1","NightDance","ScarletImprint"],"relics":["ScarletHat","Darkstone Periapt","Letter Opener","Vajra","Astrolabe","Mercury Hourglass","Boot","MawBank"],"acts_visited":["Exordium","TheCity"],"potions_floor_usage":[14,14,16,30],"damage_taken":[{"damage":4,"enemies":"Cultist","floor":1,"turns":5},{"damage":1,"enemies":"Small Slimes","floor":4,"turns":3},{"damage":1,"enemies":"Jaw Worm","floor":5,"turns":4},{"damage":32,"enemies":"Lagavulin","floor":8,"turns":6},{"damage":34,"enemies":"Gremlin Gang","floor":12,"turns":5},{"damage":1,"enemies":"Exordium Wildlife","floor":14,"turns":3},{"damage":7,"enemies":"Slime Boss","floor":16,"turns":11},{"damage":4,"enemies":"Spheric Guardian","floor":18,"turns":3},{"damage":16,"enemies":"3 Byrds","floor":21,"turns":3},{"damage":8,"enemies":"Book of Stabbing","floor":23,"turns":6},{"damage":36,"enemies":"Sentry and Sphere","floor":24,"turns":4},{"damage":0,"enemies":"Centurion and Healer","floor":29,"turns":2},{"damage":46,"enemies":"Slavers","floor":30,"turns":3}],"seed_played":"4606391907382564069","potions_obtained":[{"floor":1,"key":"SneckoOil"},{"floor":12,"key":"ColorlessPotion"},{"floor":14,"key":"Fruit Juice"},{"floor":21,"key":"SpeedPotion"},{"floor":29,"key":"AttackPotion"}],"is_trial":false,"path_per_floor":["M","T","$","M","M","R","?","E","T","$","?","M","R","M","R","B",null,"M","?","?","M","$","E","M","R","T","?","T","M","E"],"character_chosen":"REMILIA","items_purchased":["MastersStateliness","Darkstone Periapt","KillingBlow","ForecastOfChange","FitfulNightmare"],"campfire_rested":1,"item_purchase_floors":[3,3,22,22,22],"current_hp_per_floor":[71,71,71,70,69,69,69,41,41,41,41,8,30,34,34,36,80,76,76,76,61,61,60,35,35,35,35,35,37,0,0],"gold":82,"neow_bonus":"TWO_FIFTY_GOLD","is_daily":false,"chose_seed":false,"campfire_upgraded":2,"win_rate":0.0,"timestamp":1610729531,"path_taken":["M","?","?","M","M","R","?","E","T","$","?","M","R","M","R","BOSS","M","?","?","?","$","E","?","R","T","?","?","M","E"],"items_purchased_type":["Card","Relic","Card","Card","Card"],"build_version":"2020-12-22","purchased_purges":2,"victory":false,"max_hp_per_floor":[75,75,75,75,75,75,75,75,75,75,75,75,75,80,80,80,80,80,80,80,80,80,80,80,80,80,80,80,80,80,80],"card_choices":[{"not_picked":["TwelveNightmare","NightDance"],"picked":"DiffusionOfMisfortune","floor":1},{"not_picked":["CharismaGuard","ChainGang"],"picked":"ReincarnationDial","floor":4},{"not_picked":["EmergencyRegeneration","ScarletImprint"],"picked":"VampireClaw","floor":5},{"not_picked":["EternalNight","EndlessAdversity"],"picked":"HeartBreak","floor":8},{"not_picked":["FavorOfDestiny","VampireKiss"],"picked":"ScarletDevilSign","floor":12},{"not_picked":["RedRainbow","UnstableMagic"],"picked":"StarOfDavid","floor":14},{"not_picked":["CurseOfVladTepes","HeartBreak"],"picked":"ScarletMeister","floor":16},{"not_picked":["BloodHunter","RedRainbow"],"picked":"StarOfDavid+1","floor":18},{"not_picked":["ScarletDevil","BloodHunter+1"],"picked":"MillenniumVampire","floor":21},{"not_picked":["RedNightlessCastle","BloodHunter"],"picked":"DemonKingCradle","floor":23},{"not_picked":["RedRainbow","CharismaGuard"],"picked":"NightDance","floor":24},{"not_picked":["DevilSight","UltimateOffering+1"],"picked":"ScarletImprint","floor":29}],"player_experience":144560,"relics_obtained":[{"floor":8,"key":"Letter Opener"},{"floor":9,"key":"Vajra"},{"floor":23,"key":"Mercury Hourglass"},{"floor":26,"key":"Boot"},{"floor":28,"key":"MawBank"}],"event_choices":[{"cards_removed":["Defend_RM"],"damage_healed":0,"gold_gain":0,"player_choice":"Forget","damage_taken":0,"max_hp_gain":0,"max_hp_loss":0,"event_name":"Living Wall","floor":7,"gold_loss":0},{"damage_healed":0,"gold_gain":59,"player_choice":"Gained Gold","damage_taken":0,"max_hp_gain":0,"max_hp_loss":0,"event_name":"Golden Wing","floor":11,"gold_loss":0},{"damage_healed":0,"gold_gain":99,"player_choice":"Stole From Cult","damage_taken":0,"max_hp_gain":0,"max_hp_loss":0,"event_name":"Nest","floor":19,"gold_loss":0},{"damage_healed":0,"gold_gain":0,"player_choice":"Copied","damage_taken":0,"max_hp_gain":0,"max_hp_loss":0,"event_name":"Duplicator","floor":20,"gold_loss":0,"cards_obtained":["BloodyCatastrophe"]},{"cards_removed":["Strike_RM"],"damage_healed":0,"gold_gain":0,"player_choice":"Gave Gold","damage_taken":0,"max_hp_gain":0,"max_hp_loss":0,"event_name":"Beggar","floor":27,"gold_loss":75}],"is_beta":false,"boss_relics":[{"not_picked":["SacredBark","Empty Cage"],"picked":"Astrolabe"}],"items_purged_floors":[3,10],"is_endless":false,"potions_floor_spawned":[1,12,14,21,29],"killed_by":"Slavers","ascension_level":1}}