{"host":"5p9hybygolzp0efr","time":1610694057,"event":{"mods":["AchievementEnabler","BaseMod","Bestiary","Colored Map","Googly Eyes","Minty Spire (QoL Compilation)","Relic Stats"],"gold_per_floor":[110,122,122,136,147,147,174,186,186,186,203,203,229,240,240,345,345,357,357,219,230,88,117,117,117,143,143,153,184,199,209,209,309,309,323,323,117,167,167,167,167],"floor_reached":40,"language":"ENG","playtime":2755,"items_purged":["Pain"],"score":537,"play_id":"fac291d7-991b-4ca3-b7ad-bc5bf5b1bd35","local_time":"20210115150057","is_ascension_mode":true,"campfire_choices":[{"floor":6.0,"key":"REST"},{"floor":12.0,"key":"REST"},{"data":"ThirdEye","floor":15.0,"key":"SMITH"},{"data":"Protect","floor":24.0,"key":"SMITH"},{"floor":32.0,"key":"REST"}],"circlet_count":0,"master_deck":["Strike_P","Strike_P","Defend_P","Defend_P","Defend_P","Defend_P","Eruption","Vigilance","ThirdEye+1","BattleHymn","FlyingSleeves","BowlingBash","FlurryOfBlows","CutThroughFate","SashWhip","Ragnarok","ClearTheMind+1","Halt","WheelKick","EmptyBody","Prostrate","Protect+1","Devotion+1","Crescendo+1","Wallop","LessonLearned","ConjureBlade","BattleHymn+1"],"relics":["Black Star","Thread and Needle","TungstenRod","WingedGreaves","WarpedTongs","Gambling Chip","Pocketwatch","Runic Pyramid","Strawberry","Nunchaku","Smiling Mask","Orichalcum","Frozen Egg 2","Incense Burner","VioletLotus","Lantern","Peace Pipe"],"acts_visited":["Exordium","TheCity","TheBeyond"],"potions_floor_usage":[],"damage_taken":[{"damage":2.0,"enemies":"2 Louse","floor":1.0,"turns":5.0},{"damage":2.0,"enemies":"Cultist","floor":2.0,"turns":4.0},{"damage":5.0,"enemies":"Small Slimes","floor":4.0,"turns":3.0},{"damage":19.0,"enemies":"3 Louse","floor":5.0,"turns":4.0},{"damage":26.0,"enemies":"3 Sentries","floor":7.0,"turns":7.0},{"damage":2.0,"enemies":"Blue Slaver","floor":8.0,"turns":5.0},{"damage":29.0,"enemies":"Exordium Thugs","floor":11.0,"turns":6.0},{"damage":14.0,"enemies":"Gremlin Nob","floor":13.0,"turns":4.0},{"damage":0.0,"enemies":"Large Slime","floor":14.0,"turns":2.0},{"damage":0.0,"enemies":"Hexaghost","floor":16.0,"turns":8.0},{"damage":18.0,"enemies":"2 Thieves","floor":18.0,"turns":3.0},{"damage":0.0,"enemies":"Chosen","floor":21.0,"turns":3.0},{"damage":0.0,"enemies":"Gremlin Leader","floor":23.0,"turns":5.0},{"damage":12.0,"enemies":"Snake Plant","floor":28.0,"turns":5.0},{"damage":45.0,"enemies":"Book of Stabbing","floor":29.0,"turns":6.0},{"damage":0.0,"enemies":"Snecko","floor":30.0,"turns":5.0},{"damage":0.0,"enemies":"Centurion and Healer","floor":31.0,"turns":5.0},{"damage":16.0,"enemies":"Automaton","floor":33.0,"turns":8.0},{"damage":1.0,"enemies":"Orb Walker","floor":35.0,"turns":5.0},{"damage":4,"enemies":"Mind Bloom Boss Battle","floor":38,"turns":6},{"damage":137,"enemies":"Reptomancer","floor":40,"turns":5}],"seed_played":"-5555651924251772943","potions_obtained":[{"floor":5.0,"key":"StancePotion"},{"floor":7.0,"key":"AttackPotion"},{"floor":11.0,"key":"Explosive Potion"},{"floor":16.0,"key":"Dexterity Potion"},{"floor":35.0,"key":"FairyPotion"}],"is_trial":false,"path_per_floor":["M","M","?","M","M","R","E","M","T","?","M","R","E","M","R","B",null,"M","?","$","M","$","E","R","?","T","?","M","E","M","M","R","B",null,"M","?","$","?","?","E"],"character_chosen":"WATCHER","items_purchased":["WheelKick","EmptyBody","Prostrate","Devotion","Lantern"],"campfire_rested":3,"item_purchase_floors":[20,20,20,22,37],"current_hp_per_floor":[70,68,68,63,44,65,39,37,37,37,8,29,15,15,15,15,72,54,54,54,54,54,61,61,61,61,61,49,4,4,4,27,11,79,78,78,78,74,74,0,0],"gold":167,"neow_bonus":"BOSS_RELIC","is_daily":false,"chose_seed":false,"campfire_upgraded":2,"win_rate":0.0,"timestamp":1610694057,"path_taken":["M","M","?","?","M","R","E","?","T","?","M","R","E","M","R","BOSS","M","?","$","M","?","E","R","?","T","?","M","E","?","M","R","BOSS","M","?","$","?","?","E"],"items_purchased_type":["Card","Card","Card","Card","Relic"],"build_version":"2020-12-22","purchased_purges":1,"victory":false,"max_hp_per_floor":[72,72,72,72,72,72,72,72,72,72,72,72,72,72,72,72,72,72,72,72,72,72,79,79,79,79,79,79,79,79,79,79,79,79,79,79,79,79,79,79,79],"relic_stats":{"Peace Pipe":0,"Nunchaku":[9],"counters":[21,104],"Gambling Chip":[20],"VioletLotus":[3],"Black Star":4,"Orichalcum":[36],"Smiling Mask":25,"obtain_stats":[{"Lantern":37,"Thread and Needle":7,"Incense Burner":29,"Orichalcum":26,"Frozen Egg 2":29,"Smiling Mask":25,"WarpedTongs":10,"Peace Pipe":38,"Nunchaku":23,"Gambling Chip":13,"Strawberry":23,"WingedGreaves":9,"VioletLotus":34,"Black Star":0,"PureWater":0,"TungstenRod":7,"Pocketwatch":13,"Runic Pyramid":17},{"Lantern":19,"Thread and Needle":5,"Incense Burner":15,"Orichalcum":13,"Frozen Egg 2":15,"Smiling Mask":13,"WarpedTongs":6,"Peace Pipe":20,"Nunchaku":13,"Gambling Chip":8,"Strawberry":13,"WingedGreaves":6,"VioletLotus":18,"Black Star":0,"PureWater":0,"TungstenRod":5,"Pocketwatch":8,"Runic Pyramid":10},{"Lantern":93,"Thread and Needle":23,"Incense Burner":70,"Orichalcum":59,"Frozen Egg 2":70,"Smiling Mask":59,"WarpedTongs":28,"Peace Pipe":99,"Nunchaku":59,"Gambling Chip":38,"Strawberry":59,"WingedGreaves":28,"VioletLotus":88,"Black Star":0,"PureWater":0,"TungstenRod":23,"Pocketwatch":38,"Runic Pyramid":48}],"TungstenRod":119,"WarpedTongs":[76],"Pocketwatch":[23]},"card_choices":[{"not_picked":["Crescendo","BowlingBash"],"picked":"ThirdEye","floor":1.0},{"not_picked":["FollowUp","SandsOfTime","PathToVictory"],"picked":"SKIP","floor":2.0},{"not_picked":["FollowUp","SandsOfTime"],"picked":"FlyingSleeves","floor":4.0},{"not_picked":["FollowUp","Study","CrushJoints"],"picked":"SKIP","floor":5.0},{"not_picked":["ThirdEye","FlyingSleeves","CarveReality"],"picked":"SKIP","floor":7.0},{"not_picked":["DeceiveReality","Halt"],"picked":"BowlingBash","floor":8.0},{"not_picked":["WreathOfFlame","WaveOfTheHand"],"picked":"FlurryOfBlows","floor":11.0},{"not_picked":["SpiritShield","Collect"],"picked":"CutThroughFate","floor":13.0},{"not_picked":["Wireheading","InnerPeace"],"picked":"SashWhip","floor":14.0},{"not_picked":["Scrawl","ConjureBlade"],"picked":"Ragnarok","floor":16.0},{"not_picked":["EmptyBody","Consecrate"],"picked":"ClearTheMind+1","floor":18.0},{"not_picked":["BowlingBash","SashWhip"],"picked":"Protect","floor":21.0},{"not_picked":["Evaluate","CutThroughFate","MasterReality"],"picked":"SKIP","floor":23.0},{"not_picked":["CarveReality","FollowUp"],"picked":"Crescendo+1","floor":28.0},{"not_picked":["EmptyBody","Crescendo"],"picked":"Wallop","floor":29.0},{"not_picked":["Weave","Pray","Protect"],"picked":"SKIP","floor":30.0},{"not_picked":["PathToVictory","WheelKick+1","Swivel"],"picked":"SKIP","floor":31.0},{"not_picked":["Ragnarok","Brilliance"],"picked":"LessonLearned","floor":33.0},{"not_picked":["WheelKick+1","CrushJoints+1","Protect+1"],"picked":"SKIP","floor":35.0}],"player_experience":451841,"relics_obtained":[{"floor":7.0,"key":"Thread and Needle"},{"floor":7.0,"key":"TungstenRod"},{"floor":9.0,"key":"WingedGreaves"},{"floor":13.0,"key":"Gambling Chip"},{"floor":13.0,"key":"Pocketwatch"},{"floor":23.0,"key":"Strawberry"},{"floor":23.0,"key":"Nunchaku"},{"floor":26.0,"key":"Orichalcum"},{"floor":29.0,"key":"Frozen Egg 2"},{"floor":29.0,"key":"Incense Burner"},{"floor":38,"key":"Peace Pipe"}],"event_choices":[{"damage_healed":0.0,"max_hp_gain":0.0,"max_hp_loss":0.0,"gold_gain":0.0,"cards_transformed":["Strike_P"],"event_name":"Transmorgrifier","player_choice":"Transformed","floor":3.0,"gold_loss":0.0,"damage_taken":0.0,"cards_obtained":["BattleHymn"]},{"damage_healed":0.0,"max_hp_gain":0.0,"max_hp_loss":0.0,"gold_gain":0.0,"event_name":"Accursed Blacksmith","player_choice":"Rummage","floor":10.0,"gold_loss":0.0,"damage_taken":0.0,"relics_obtained":["WarpedTongs"],"cards_obtained":["Pain"]},{"damage_healed":0.0,"max_hp_gain":0.0,"max_hp_loss":0.0,"gold_gain":0.0,"cards_transformed":["Strike_P"],"event_name":"Transmorgrifier","player_choice":"Transformed","floor":19.0,"gold_loss":0.0,"damage_taken":0.0,"cards_obtained":["Halt"]},{"damage_healed":0.0,"max_hp_gain":0.0,"max_hp_loss":0.0,"gold_gain":0.0,"event_name":"The Mausoleum","player_choice":"Opened","floor":25.0,"gold_loss":0.0,"damage_taken":0.0,"relics_obtained":["Smiling Mask"]},{"damage_healed":0.0,"max_hp_gain":0.0,"max_hp_loss":0.0,"gold_gain":0.0,"event_name":"Ghosts","player_choice":"Ignored","floor":27.0,"gold_loss":0.0,"damage_taken":0.0},{"damage_healed":0.0,"max_hp_gain":0.0,"max_hp_loss":0.0,"gold_gain":0.0,"event_name":"Mysterious Sphere","player_choice":"Ignored","floor":36.0,"gold_loss":0.0,"damage_taken":0.0},{"damage_healed":0,"gold_gain":0,"player_choice":"Fight","damage_taken":0,"max_hp_gain":0,"max_hp_loss":0,"event_name":"MindBloom","floor":38,"gold_loss":0},{"damage_healed":0,"gold_gain":0,"player_choice":"2 cards matched","damage_taken":0,"max_hp_gain":0,"max_hp_loss":0,"event_name":"Match and Keep!","floor":39,"gold_loss":0,"cards_obtained":["ConjureBlade","BattleHymn"]}],"is_beta":false,"boss_relics":[{"not_picked":["Cursed Key","Empty Cage"],"picked":"Runic Pyramid"},{"not_picked":["Velvet Choker","SlaversCollar"],"picked":"VioletLotus"}],"items_purged_floors":[37],"is_endless":false,"potions_floor_spawned":[5,7,11,16,18,29,30,35,38],"killed_by":"Reptomancer","ascension_level":1}}