{"host":"vyjryxuuuxkt43k4","time":1610687785,"event":{"mods":["BaseMod","Colored Map","DeckTracker","Minty Spire (QoL Compilation)","Permanent Neow","Quick Restart","StSLib","SuperFastMode","everything is the same but u backflip on backflip"],"gold_per_floor":[112,62,77,2,2,35,35,51,102,102,115,127,142,63,63,63,63],"floor_reached":16,"language":"KOR","playtime":1506,"items_purged":["Defend_P"],"score":102,"play_id":"ce7cee1d-e619-497d-be39-f84902264f2f","local_time":"20210115141625","is_ascension_mode":false,"campfire_choices":[{"data":"Eruption","floor":7,"key":"SMITH"},{"data":"EmptyFist","floor":10,"key":"SMITH"},{"data":"Adaptation","floor":15,"key":"SMITH"}],"circlet_count":0,"master_deck":["Strike_P","Strike_P","Defend_P","Defend_P","Eruption+1","Vigilance","Brilliance","EmptyFist+1","Adaptation+1"],"relics":["PureWater","Bag of Preparation","Orichalcum"],"acts_visited":["Exordium"],"potions_floor_usage":[6,16],"damage_taken":[{"damage":0,"enemies":"Jaw Worm","floor":1,"turns":1},{"damage":0,"enemies":"2 Louse","floor":3,"turns":2},{"damage":22,"enemies":"Lagavulin","floor":6,"turns":6},{"damage":0,"enemies":"Cultist","floor":8,"turns":1},{"damage":0,"enemies":"3 Louse","floor":11,"turns":2},{"damage":4,"enemies":"Exordium Thugs","floor":12,"turns":2},{"damage":4,"enemies":"Lots of Slimes","floor":13,"turns":2},{"damage":48,"enemies":"Slime Boss","floor":16,"turns":5}],"seed_played":"-2529381662828073334","potions_obtained":[{"floor":1,"key":"Explosive Potion"},{"floor":8,"key":"LiquidBronze"},{"floor":12,"key":"SmokeBomb"},{"floor":13,"key":"Ancient Potion"}],"is_trial":false,"path_per_floor":["M","?","M","$","?","E","R","M","T","R","M","M","M","$","R","B"],"character_chosen":"WATCHER","items_purchased":["Adaptation"],"campfire_rested":0,"item_purchase_floors":[14],"current_hp_per_floor":[72,72,72,72,72,50,50,50,50,50,50,46,42,42,42,0,0],"gold":63,"neow_bonus":"TRANSFORM_CARD","is_daily":false,"chose_seed":false,"campfire_upgraded":3,"win_rate":0.0,"timestamp":1610687785,"path_taken":["M","?","M","$","?","E","R","M","T","R","M","M","?","$","R","BOSS"],"items_purchased_type":["Card"],"build_version":"2020-12-22","purchased_purges":1,"victory":false,"max_hp_per_floor":[72,72,72,72,72,72,72,72,72,72,72,72,72,72,72,72,72],"card_choices":[{"not_picked":["Sanctity","BowlingBash"],"picked":"EmptyFist","floor":1},{"not_picked":["Prostrate","WreathOfFlame","WheelKick"],"picked":"SKIP","floor":3},{"not_picked":["MasterReality","Prostrate","FlyingSleeves"],"picked":"SKIP","floor":6},{"not_picked":["ThirdEye","WheelKick","DeceiveReality"],"picked":"SKIP","floor":8},{"not_picked":["Protect","FlyingSleeves","PathToVictory"],"picked":"SKIP","floor":11},{"not_picked":["WindmillStrike","TalkToTheHand","Consecrate"],"picked":"SKIP","floor":12},{"not_picked":["EmptyBody","Perseverance","Evaluate"],"picked":"SKIP","floor":13}],"player_experience":320114,"relics_obtained":[{"floor":6,"key":"Bag of Preparation"},{"floor":9,"key":"Orichalcum"}],"event_choices":[{"cards_removed":["Strike_P"],"damage_healed":0,"gold_gain":0,"player_choice":"Card Removal","damage_taken":0,"max_hp_gain":0,"max_hp_loss":0,"event_name":"The Cleric","floor":2,"gold_loss":50},{"cards_removed":["Strike_P"],"damage_healed":0,"gold_gain":0,"player_choice":"Purged","damage_taken":0,"max_hp_gain":0,"max_hp_loss":0,"event_name":"Purifier","floor":5,"gold_loss":0}],"is_beta":false,"boss_relics":[],"items_purged_floors":[4],"is_endless":false,"potions_floor_spawned":[1,8,12,13],"killed_by":"Slime Boss","ascension_level":0}}