{"host":"txhhdwa0hqfs4jhb","time":1610753799,"event":{"mods":["BaseMod","Better Third Choice","Filter the Spire","Fox Events","Minty Spire (QoL Compilation)","Relic Stats","Replay The Spire","StSLib","Thieving Mod"],"gold_per_floor":[112,31,31,43,193,219,229,261,315,315,333,353,365,396,396,475,475,490,504,504,522,114,114,142,142,142,670,1270,1299,1299,663,663,1242,1242,1759,1770,858,858,858,1393,1945,1975,2080,2092,593,593,618,0,0,0],"floor_reached":51,"language":"ENG","playtime":3174,"items_purged":["Madness"],"score":2307,"play_id":"d461bde7-5939-425a-9765-8de8b1d369fb","local_time":"20210115233639","is_ascension_mode":true,"campfire_choices":[{"data":"FIFO Queue","floor":15.0,"key":"SMITH"},{"data":"Mirror Shield","floor":23.0,"key":"SMITH"},{"data":"ReplayRNGCard","floor":25.0,"key":"SMITH"},{"floor":32.0,"key":"REST"},{"data":"Echo Form","floor":46,"key":"SMITH"},{"data":"1","floor":49,"key":"LIFT"}],"circlet_count":0,"master_deck":["AscendersBane","Strike_B","Strike_B","Defend_B","Defend_B+1","Defend_B","Defend_B+1","Zap","Dualcast","Ball Lightning","FIFO Queue+1","Sweeping Beam","Doubt","Cold Snap","Time Bomb","Ball Lightning","BasicCrystalCard","Skim","Glacier","Mirror Shield+1","Glacier","Darkness+1","Loop","ReplayRNGCard+1","Injury","Coolheaded","Chaos","Skim","Melter","Echo Form+1","Storm","Darkness+1","Defragment","Darkness+1","Decay","Sunder+1","Self Repair","Survey Options","Writhe","Shame","Apotheosis","ReplayTheSpireMod:Omega Cannon","Double Energy+1","Crystallizer","Discovery","Compile Driver","Loop"],"relics":["Snecko Eye","Mummified Hand","ReplayTheSpireMod:Ring of Collecting","Ring of Misfortune","Question Card","War Paint","Ring of Shattering","Lantern","Shuriken","Cursed Key","WingedGreaves","Medical Kit","Potion Belt","Replay:Bottled Eggs","ReplayTheSpireMod:Ring of Challenge","Regal Pillow","Solar Panel","Blue Candle","Replay:Kaleidoscope","Mirror","Singing Bowl","Geode","Cauldron","Boot","Replay:Bronze Core","Prayer Wheel","ReplayTheSpireMod:CursedCoin","Durian","InkBottle","Pantograph","Counterbalance","Bag of Preparation","Ring of Greed","Smiling Mask","MealTicket","Oddly Smooth Stone","Raider\u0027s Mask","Pocketwatch","Gambling Chip","Girya","Red Mask"],"acts_visited":["Exordium","TheCity","TheBeyond"],"potions_floor_usage":[47,50,50,50],"damage_taken":[{"damage":4.0,"enemies":"Small Slimes","floor":1.0,"turns":4.0},{"damage":0.0,"enemies":"Jaw Worm","floor":4.0,"turns":4.0},{"damage":15.0,"enemies":"3 Sentries","floor":6.0,"turns":9.0},{"damage":0.0,"enemies":"2 Louse","floor":7.0,"turns":2.0},{"damage":25.0,"enemies":"Lagavulin","floor":8.0,"turns":7.0},{"damage":0.0,"enemies":"2 Fungi Beasts","floor":11.0,"turns":2.0},{"damage":0.0,"enemies":"Blue Slaver","floor":12.0,"turns":2.0},{"damage":0.0,"enemies":"3 Louse","floor":13.0,"turns":3.0},{"damage":0.0,"enemies":"Gremlin Nob","floor":14.0,"turns":3.0},{"damage":0.0,"enemies":"Slime Boss","floor":16.0,"turns":9.0},{"damage":0.0,"enemies":"Spheric Guardian","floor":18.0,"turns":3.0},{"damage":0.0,"enemies":"Shell Parasite","floor":19.0,"turns":4.0},{"damage":0.0,"enemies":"Snake Plant","floor":21.0,"turns":4.0},{"damage":2.0,"enemies":"Book of Stabbing","floor":24.0,"turns":4.0},{"damage":2.0,"enemies":"Replay:Snechameleon","floor":27.0,"turns":5.0},{"damage":4.0,"enemies":"Colosseum Slavers","floor":28.0,"turns":5.0},{"damage":7.0,"enemies":"Colosseum Nobs","floor":28.0,"turns":3.0},{"damage":23.0,"enemies":"Slavers","floor":29.0,"turns":5.0},{"damage":0.0,"enemies":"Automaton","floor":33.0,"turns":9.0},{"damage":22.0,"enemies":"3 Shapes","floor":35.0,"turns":3.0},{"damage":21.0,"enemies":"Orb Walker","floor":36.0,"turns":3.0},{"damage":0.0,"enemies":"Nemesis","floor":40.0,"turns":11.0},{"damage":0.0,"enemies":"2 Orb Walkers","floor":41.0,"turns":3.0},{"damage":0,"enemies":"Reptomancer","floor":42,"turns":5},{"damage":6,"enemies":"Spire Growth","floor":44,"turns":3},{"damage":0,"enemies":"Mind Bloom Boss Battle","floor":47,"turns":2},{"damage":0,"enemies":"Donu and Deca","floor":50,"turns":4}],"seed_played":"6880639731974681126","potions_obtained":[{"floor":6.0,"key":"Energy Potion"},{"floor":8.0,"key":"SteroidPotion"},{"floor":12.0,"key":"Languid Potion"},{"floor":16.0,"key":"AttackPotion"},{"floor":18.0,"key":"LifebloodPotion"},{"floor":27.0,"key":"Dexterity Potion"},{"floor":29.0,"key":"Strength Potion"},{"floor":31.0,"key":"AttackPotion"},{"floor":31.0,"key":"Block Potion"},{"floor":31.0,"key":"GamblersBrew"},{"floor":36.0,"key":"ColorlessPotion"},{"floor":42,"key":"SkillPotion"},{"floor":44,"key":"Swift Potion"}],"is_trial":false,"path_per_floor":["M","$","?","M","?","E","M","E","T","?","M","M","M","E","R","B",null,"M","M","?","M","$","R","E","R","T","E","?","E","?","$","R","B",null,"M","M","$","?","?","E","?","E","T","M","$","R","?","?","R","B",null],"character_chosen":"DEFECT","items_purchased":["FIFO Queue","Medical Kit","Potion Belt","Loop","Singing Bowl","Geode","Storm","Cauldron","ReplayTheSpireMod:CursedCoin","Durian","Sunder+1","InkBottle","Self Repair","Survey Options","Adrenaline Potion","DistilledChaos","Raider\u0027s Mask","Pocketwatch","Gambling Chip","Apotheosis","ReplayTheSpireMod:Omega Cannon","Double Energy+1","Crystallizer","Discovery","Compile Driver"],"campfire_rested":1,"item_purchase_floors":[2,22,22,22,31,31,31,31,37,37,37,37,37,37,37,37,45,45,45,45,45,45,45,45,45],"current_hp_per_floor":[60,60,60,60,60,45,45,20,20,25,25,25,25,25,25,25,63,63,63,63,63,63,63,61,61,61,59,50,29,29,29,66,66,74,56,37,42,59,59,70,80,89,89,93,93,93,93,93,93,93],"gold":0,"neow_bonus":"BOSS_RELIC","is_daily":false,"chose_seed":false,"campfire_upgraded":4,"win_rate":0.0,"timestamp":1610753799,"path_taken":["M","$","?","M","?","E","M","E","T","?","M","M","M","E","R","BOSS","M","M","?","M","$","R","E","R","T","E","?","E","?","$","R","BOSS","M","M","$","?","?","E","?","E","T","M","$","R","?","?","R","BOSS"],"items_purchased_type":["Card","Relic","Relic","Card","Relic","Relic","Card","Relic","Relic","Relic","Card","Relic","Card","Card","Potion","Potion","Relic","Relic","Relic","Card","Card","Card","Card","Card","Card"],"build_version":"2020-12-22","purchased_purges":1,"victory":true,"max_hp_per_floor":[71,71,71,71,71,71,71,71,71,76,76,76,76,76,76,76,76,76,76,76,76,76,76,76,76,76,76,76,76,76,76,76,76,76,78,78,83,83,83,85,87,89,89,93,93,93,93,93,93,93],"relic_stats":{"Regal Pillow":15,"Singing Bowl":12,"counters":[27,121],"Blue Candle":[1],"Bag of Preparation":[6],"War Paint":["Defend_B","Defend_B"],"Question Card":26,"Cursed Key":2,"Medical Kit":[15],"Boot":[20],"Smiling Mask":0,"Mummified Hand":[128],"Shuriken":[19],"Pantograph":0,"Gambling Chip":[13],"Snecko Eye":[238,222,211,194],"Prayer Wheel":3,"MealTicket":0,"obtain_stats":[{"Solar Panel":27,"Lantern":9,"Regal Pillow":26,"Singing Bowl":31,"Bag of Preparation":42,"Raider\u0027s Mask":45,"Cursed Key":17,"Boot":33,"Smiling Mask":43,"Mummified Hand":2,"Replay:Bronze Core":34,"Pantograph":40,"Gambling Chip":45,"Prayer Wheel":35,"MealTicket":43,"Ring of Shattering":9,"WingedGreaves":22,"Red Mask":48,"Replay:Bottled Eggs":24,"Cracked Core":0,"InkBottle":37,"Potion Belt":22,"Girya":47,"ReplayTheSpireMod:CursedCoin":37,"Blue Candle":28,"Counterbalance":41,"Oddly Smooth Stone":43,"Geode":31,"Replay:Kaleidoscope":28,"Ring of Greed":43,"War Paint":8,"Question Card":6,"Medical Kit":22,"Cauldron":31,"Shuriken":14,"ReplayTheSpireMod:Ring of Collecting":3,"Ring of Misfortune":3,"Snecko Eye":0,"Durian":37,"ReplayTheSpireMod:Ring of Challenge":26,"Mirror":29,"Pocketwatch":45},{"Solar Panel":15,"Lantern":5,"Regal Pillow":14,"Singing Bowl":18,"Bag of Preparation":24,"Raider\u0027s Mask":25,"Cursed Key":10,"Boot":19,"Smiling Mask":24,"Mummified Hand":1,"Replay:Bronze Core":19,"Pantograph":22,"Gambling Chip":25,"Prayer Wheel":20,"MealTicket":24,"Ring of Shattering":5,"WingedGreaves":13,"Red Mask":26,"Replay:Bottled Eggs":14,"Cracked Core":0,"InkBottle":21,"Potion Belt":13,"Girya":26,"ReplayTheSpireMod:CursedCoin":21,"Blue Candle":17,"Counterbalance":23,"Oddly Smooth Stone":24,"Geode":18,"Replay:Kaleidoscope":17,"Ring of Greed":24,"War Paint":5,"Question Card":3,"Medical Kit":13,"Cauldron":18,"Shuriken":9,"ReplayTheSpireMod:Ring of Collecting":1,"Ring of Misfortune":1,"Snecko Eye":0,"Durian":21,"ReplayTheSpireMod:Ring of Challenge":14,"Mirror":18,"Pocketwatch":25},{"Solar Panel":65,"Lantern":26,"Regal Pillow":60,"Singing Bowl":78,"Bag of Preparation":112,"Raider\u0027s Mask":115,"Cursed Key":45,"Boot":87,"Smiling Mask":112,"Mummified Hand":4,"Replay:Bronze Core":87,"Pantograph":104,"Gambling Chip":115,"Prayer Wheel":89,"MealTicket":112,"Ring of Shattering":26,"WingedGreaves":56,"Red Mask":117,"Replay:Bottled Eggs":60,"Cracked Core":0,"InkBottle":93,"Potion Belt":56,"Girya":117,"ReplayTheSpireMod:CursedCoin":93,"Blue Candle":73,"Counterbalance":107,"Oddly Smooth Stone":112,"Geode":78,"Replay:Kaleidoscope":73,"Ring of Greed":112,"War Paint":26,"Question Card":17,"Medical Kit":56,"Cauldron":78,"Shuriken":36,"ReplayTheSpireMod:Ring of Collecting":4,"Ring of Misfortune":4,"Snecko Eye":0,"Durian":93,"ReplayTheSpireMod:Ring of Challenge":60,"Mirror":78,"Pocketwatch":115}],"InkBottle":[24],"Pocketwatch":[0]},"card_choices":[{"not_picked":["Streamline","Turbo"],"picked":"Ball Lightning","floor":1.0},{"not_picked":["Gash","Stack"],"picked":"Sweeping Beam","floor":4.0},{"not_picked":["Time Bomb","Crystallizer"],"picked":"Cold Snap","floor":6.0},{"not_picked":["Skim","ReplayTheSpireMod:GoodbyeWorld","Steam","Redo"],"picked":"SKIP","floor":7.0},{"not_picked":["Aggregate","Leap","ReplayTheSpireMod:Repulse"],"picked":"Time Bomb","floor":8.0},{"not_picked":["Steam","Compile Driver","Turbo"],"picked":"Ball Lightning","floor":11.0},{"not_picked":["Stack","All For One","Rebound"],"picked":"BasicCrystalCard","floor":12.0},{"not_picked":["ReplaySort","ReplayTheSpireMod:System Scan","Beam Cell"],"picked":"Skim","floor":13.0},{"not_picked":["Stack","Redo","Barrage"],"picked":"Glacier","floor":14.0},{"not_picked":["Buffer","Meteor Strike","Core Surge"],"picked":"Mirror Shield","floor":16.0},{"not_picked":["Go for the Eyes","Hologram","Rebound"],"picked":"Glacier","floor":18.0},{"not_picked":["Leap+1","FTL","Compile Driver"],"picked":"Sunder","floor":19.0},{"not_picked":["Chaos","Sunder","Steam"],"picked":"Darkness","floor":21.0},{"not_picked":["Double Energy","Core Surge","Leap"],"picked":"ReplayRNGCard","floor":24.0},{"not_picked":["Auto Shields","Turbo","Melter"],"picked":"Coolheaded","floor":27.0},{"not_picked":["Self Repair","Redo","Leap"],"picked":"Chaos","floor":28.0},{"not_picked":["Double Energy","ReplaySort+1","Consume"],"picked":"Skim","floor":29.0},{"not_picked":["Mirror Shield","Rainbow","Seek"],"picked":"ReplayTheSpireMod:Fabricate Wheel","floor":33.0},{"not_picked":["Melter","Stack","ReplaySort","Redo"],"picked":"Singing Bowl","floor":35.0},{"not_picked":["Beam Cell","Go for the Eyes","Stack"],"picked":"Darkness","floor":35.0},{"not_picked":["Coolheaded+1","Gash","Beam Cell"],"picked":"Defragment","floor":36.0},{"not_picked":["Chaos","Seek","Force Field"],"picked":"Darkness+1","floor":36.0},{"not_picked":["Hologram","Chill","Hyperbeam","Leap"],"picked":"Singing Bowl","floor":40.0},{"not_picked":["Conserve Battery","White Noise","Aggregate","Cold Snap"],"picked":"Singing Bowl","floor":41.0},{"not_picked":["Reprogram","Streamline","White Noise+1","Compile Driver"],"picked":"Singing Bowl","floor":42},{"not_picked":["Aggregate","Self Repair","Skim","Scrape"],"picked":"Singing Bowl","floor":44},{"not_picked":["Beam Cell","ReplayTheSpireMod:Calculation Training","Panic Button","Fission"],"picked":"Singing Bowl","floor":44},{"not_picked":["ReplayTheSpireMod:GoodbyeWorld","Barrage","Self Repair"],"picked":"Loop","floor":47}],"player_experience":255908,"relics_obtained":[{"floor":3.0,"key":"ReplayTheSpireMod:Ring of Collecting"},{"floor":3.0,"key":"Ring of Misfortune"},{"floor":6.0,"key":"Question Card"},{"floor":8.0,"key":"War Paint"},{"floor":9.0,"key":"Ring of Shattering"},{"floor":9.0,"key":"Lantern"},{"floor":14.0,"key":"Shuriken"},{"floor":24.0,"key":"Replay:Bottled Eggs"},{"floor":26.0,"key":"ReplayTheSpireMod:Ring of Challenge"},{"floor":26.0,"key":"Regal Pillow"},{"floor":27.0,"key":"Solar Panel"},{"floor":28.0,"key":"Blue Candle"},{"floor":28.0,"key":"Replay:Kaleidoscope"},{"floor":29.0,"key":"Mirror"},{"floor":33.0,"key":"Boot"},{"floor":40.0,"key":"Pantograph"},{"floor":41.0,"key":"Counterbalance"},{"floor":42,"key":"Bag of Preparation"},{"floor":43,"key":"Ring of Greed"},{"floor":43,"key":"Smiling Mask"},{"floor":43,"key":"MealTicket"},{"floor":43,"key":"Oddly Smooth Stone"},{"floor":47,"key":"Girya"}],"event_choices":[{"damage_healed":0.0,"max_hp_gain":0.0,"max_hp_loss":0.0,"gold_gain":150.0,"event_name":"betterThird:BetterSerpent","player_choice":"AGREE","floor":5.0,"gold_loss":0.0,"damage_taken":43.0},{"damage_healed":0.0,"max_hp_gain":5.0,"max_hp_loss":0.0,"gold_gain":0.0,"event_name":"Big Fish","player_choice":"Donut","floor":10.0,"gold_loss":0.0,"damage_taken":0.0},{"damage_healed":0.0,"max_hp_gain":0.0,"max_hp_loss":0.0,"gold_gain":0.0,"event_name":"betterThird:BetterWriting","player_choice":"Adaptability","floor":20.0,"gold_loss":0.0,"damage_taken":0.0},{"damage_healed":0.0,"max_hp_gain":0.0,"max_hp_loss":0.0,"gold_gain":0.0,"event_name":"Colosseum","player_choice":"Fight","floor":28.0,"gold_loss":0.0,"damage_taken":0.0},{"damage_healed":0.0,"max_hp_gain":0.0,"max_hp_loss":0.0,"gold_gain":0.0,"event_name":"Colosseum","player_choice":"Fought Nobs","floor":28.0,"gold_loss":0.0,"damage_taken":0.0},{"damage_healed":0.0,"max_hp_gain":0.0,"max_hp_loss":0.0,"gold_gain":0.0,"cards_transformed":["Strike_B","Strike_B"],"event_name":"Drug Dealer","player_choice":"Became Test Subject","floor":30.0,"gold_loss":0.0,"damage_taken":0.0,"cards_obtained":["Melter","Echo Form"]},{"damage_healed":17.0,"max_hp_gain":0.0,"max_hp_loss":0.0,"gold_gain":0.0,"event_name":"Winding Halls","player_choice":"Writhe","floor":38.0,"gold_loss":0.0,"damage_taken":0.0,"cards_obtained":["Writhe"]},{"cards_removed":["Sunder"],"damage_healed":0.0,"max_hp_gain":0.0,"max_hp_loss":0.0,"gold_gain":0.0,"event_name":"Falling","player_choice":"Removed Attack","floor":39.0,"gold_loss":0.0,"damage_taken":0.0},{"damage_healed":0.0,"max_hp_gain":0.0,"max_hp_loss":0.0,"gold_gain":0.0,"event_name":"Mysterious Sphere","player_choice":"Fight","floor":41.0,"gold_loss":0.0,"damage_taken":0.0},{"damage_healed":0,"gold_gain":0,"player_choice":"Fight","damage_taken":0,"max_hp_gain":0,"max_hp_loss":0,"event_name":"MindBloom","floor":47,"gold_loss":0},{"damage_healed":0,"gold_gain":0,"player_choice":"Paid","damage_taken":0,"relics_obtained":["Red Mask"],"max_hp_gain":0,"max_hp_loss":0,"event_name":"Tomb of Lord Red Mask","floor":48,"gold_loss":618}],"is_beta":false,"boss_relics":[{"not_picked":["Kintsugi","Coffee Dripper"],"picked":"Cursed Key"},{"not_picked":["ReplayTheSpireMod:DimensionalGlitch","Runic Pyramid"],"picked":"Replay:Bronze Core"}],"items_purged_floors":[37],"is_endless":false,"potions_floor_spawned":[6,8,12,16,18,27,28,29,33,36,42,44],"ascension_level":19}}