{"host":"e1wc9sdc4kdvhg3d","time":1610673357,"event":{"mods":["AchievementEnabler","BaseMod","BetterRewards","Minty Spire (QoL Compilation)","Relic Stats","StSLib"],"gold_per_floor":[113,126,144,144,161,187,187,187,187],"floor_reached":8,"language":"ENG","playtime":384,"items_purged":[],"score":87,"play_id":"18a18a0b-c8c0-47e9-9c88-eee115ef082c","local_time":"20210114191557","is_ascension_mode":true,"campfire_choices":[{"floor":7,"key":"REST"}],"circlet_count":0,"master_deck":["AscendersBane","Strike_B","Strike_B","Strike_B","Strike_B","Defend_B","Defend_B","Defend_B","Defend_B","Zap","Dualcast","Gash","Redo","Gash","Scrape","Conserve Battery"],"relics":["Cracked Core","TungstenRod","Chemical X","Bag of Marbles"],"acts_visited":["Exordium"],"potions_floor_usage":[6],"damage_taken":[{"damage":6,"enemies":"Small Slimes","floor":1,"turns":4},{"damage":0,"enemies":"2 Louse","floor":2,"turns":3},{"damage":1,"enemies":"Jaw Worm","floor":3,"turns":2},{"damage":18,"enemies":"Lots of Slimes","floor":5,"turns":4},{"damage":23,"enemies":"Gremlin Nob","floor":6,"turns":4},{"damage":48,"enemies":"Lagavulin","floor":8,"turns":6}],"seed_played":"-5100459007902266676","potions_obtained":[{"floor":5,"key":"Swift Potion"}],"is_trial":false,"path_per_floor":["M","M","M","?","M","E","R","E"],"character_chosen":"DEFECT","items_purchased":["TungstenRod","Chemical X","Gash","Redo"],"campfire_rested":1,"item_purchase_floors":[0,0,0,0],"current_hp_per_floor":[62,62,61,61,43,20,42,0,0],"gold":187,"neow_bonus":"","is_daily":false,"chose_seed":false,"campfire_upgraded":0,"win_rate":0.0,"timestamp":1610673357,"path_taken":["M","M","M","?","M","E","R","E"],"items_purchased_type":["Relic","Relic","Card","Card"],"build_version":"2020-12-22","purchased_purges":0,"victory":false,"max_hp_per_floor":[75,75,75,75,75,75,75,75,75],"relic_stats":{"counters":[22,103],"Chemical X":[1],"obtain_stats":[{"Regal Pillow":25,"Calipers":21,"Gremlin Horn":26,"Blue Candle":23,"PreservedInsect":0,"Pen Nib":9,"Omamori":10,"Whetstone":14,"MawBank":7,"Cursed Key":17,"Burning Blood":0,"Old Coin":13,"Dream Catcher":27,"Red Mask":20,"Bag of Marbles":6,"Chemical X":0,"TungstenRod":0},{"Regal Pillow":13,"Calipers":11,"Gremlin Horn":13,"Blue Candle":12,"PreservedInsect":0,"Pen Nib":5,"Omamori":6,"Whetstone":8,"MawBank":5,"Cursed Key":9,"Burning Blood":0,"Old Coin":7,"Dream Catcher":14,"Red Mask":11,"Bag of Marbles":21,"Chemical X":16,"TungstenRod":16},{"Regal Pillow":63,"Calipers":52,"Gremlin Horn":63,"Blue Candle":58,"PreservedInsect":0,"Pen Nib":19,"Omamori":24,"Whetstone":30,"MawBank":19,"Cursed Key":40,"Burning Blood":0,"Old Coin":26,"Dream Catcher":71,"Red Mask":52,"Bag of Marbles":97,"Chemical X":80,"TungstenRod":80}],"TungstenRod":12},"card_choices":[{"not_picked":["Self Repair","Beam Cell"],"picked":"Gash","floor":1},{"not_picked":["Sweeping Beam","Ball Lightning","Hello World"],"picked":"SKIP","floor":2},{"not_picked":["Sweeping Beam","Redo"],"picked":"Scrape","floor":3},{"not_picked":["Coolheaded","Streamline"],"picked":"Conserve Battery","floor":5},{"not_picked":["Heatsinks","Turbo","Barrage"],"picked":"SKIP","floor":6}],"player_experience":452981,"relics_obtained":[{"floor":6,"key":"Bag of Marbles"}],"event_choices":[{"damage_healed":0,"gold_gain":0,"player_choice":"Ignored","damage_taken":0,"max_hp_gain":0,"max_hp_loss":0,"event_name":"Liars Game","floor":4,"gold_loss":0}],"is_beta":false,"boss_relics":[],"items_purged_floors":[],"is_endless":false,"potions_floor_spawned":[5],"killed_by":"Lagavulin","ascension_level":10}}