{"host":"92108ef2q9tm8rod","time":1610727589,"event":{"mods":["BaseMod","Defuse TimeMaze Blight","Minty Spire (QoL Compilation)","StSLib","The Jungle"],"gold_per_floor":[113,113,113,113,124,124,149,183,183,195,195,225,225,240,240,345,345,365,384,384,394,404,404,424,424,424,279,279,310,310,320,320,415,415,426,283,300,311,311,311,337,297,297,297,310,340,340,357,357,357],"floor_reached":51,"language":"ENG","playtime":4315,"items_purged":[],"score":1045,"play_id":"24f587e6-00be-4cb0-bdac-a998441b7c39","local_time":"20210115161949","daily_mods":["SealedDeck","Colorless Cards","Heirloom","Flight"],"is_ascension_mode":false,"campfire_choices":[{"data":"Bouncing Flask","floor":6,"key":"SMITH"},{"data":"Footwork","floor":13,"key":"SMITH"},{"data":"Blur","floor":15,"key":"SMITH"},{"data":"Leg Sweep","floor":23,"key":"SMITH"},{"data":"Finesse","floor":25,"key":"SMITH"},{"data":"Bane","floor":28,"key":"SMITH"},{"data":"Slice","floor":30,"key":"SMITH"},{"data":"Finesse","floor":32,"key":"SMITH"},{"data":"Noxious Fumes","floor":40,"key":"SMITH"},{"data":"Dash","floor":44,"key":"SMITH"},{"floor":47,"key":"REST"},{"floor":49,"key":"REST"}],"circlet_count":0,"master_deck":["Dash+1","Leg Sweep+1","Finesse+1","Finesse+1","Footwork+1","Blur+1","Bane+1","Noxious Fumes+1","Bouncing Flask+1","Escape Plan+1","Catalyst+1","Backstab+1","Noxious Fumes+1"],"relics":["Ring of the Snake","Thread and Needle","Paper Crane","Dream Catcher","Mercury Hourglass","Kunai","Incense Burner","Question Card","Lee\u0027s Waffle","Strawberry","HoveringKite","TwistedFunnel","Toxic Egg 2","Blue Candle","Oddly Smooth Stone"],"acts_visited":["Exordium","Exordium","TheBeyond"],"potions_floor_usage":[12,22,33,50,50,50],"damage_taken":[{"damage":0,"enemies":"Jaw Worm","floor":1,"turns":4},{"damage":0,"enemies":"2 Louse","floor":5,"turns":3},{"damage":0,"enemies":"3 Sentries","floor":7,"turns":6},{"damage":0,"enemies":"Gremlin Nob","floor":8,"turns":4},{"damage":0,"enemies":"Cultist","floor":10,"turns":3},{"damage":0,"enemies":"3 Sentries","floor":12,"turns":6},{"damage":0,"enemies":"3 Louse","floor":14,"turns":3},{"damage":0,"enemies":"The Guardian","floor":16,"turns":8},{"damage":0,"enemies":"theJungle:5_Spyders","floor":18,"turns":6},{"damage":0,"enemies":"theJungle:MUSHROOMGANG","floor":19,"turns":4},{"damage":0,"enemies":"theJungle:Lyon","floor":21,"turns":4},{"damage":0,"enemies":"theJungle:JungleHuntersEncounter","floor":22,"turns":6},{"damage":0,"enemies":"Snake Plant","floor":24,"turns":4},{"damage":0,"enemies":"theJungle:Cassacara","floor":29,"turns":4},{"damage":7,"enemies":"theJungle:Lyon","floor":31,"turns":3},{"damage":17,"enemies":"theJungle:TotemBoss","floor":33,"turns":9},{"damage":0,"enemies":"Orb Walker","floor":35,"turns":3},{"damage":1,"enemies":"3 Shapes","floor":37,"turns":3},{"damage":0,"enemies":"Maw","floor":38,"turns":5},{"damage":0,"enemies":"Reptomancer","floor":41,"turns":8},{"damage":0,"enemies":"3 Darklings","floor":45,"turns":4},{"damage":0,"enemies":"Giant Head","floor":46,"turns":7},{"damage":0,"enemies":"Transient","floor":48,"turns":5},{"damage":0,"enemies":"Time Eater","floor":50,"turns":7}],"seed_played":"-4604231836000119900","potions_obtained":[{"floor":1,"key":"FearPotion"},{"floor":7,"key":"SpeedPotion"},{"floor":12,"key":"Fruit Juice"},{"floor":14,"key":"DuplicationPotion"},{"floor":21,"key":"Weak Potion"},{"floor":22,"key":"LiquidBronze"},{"floor":35,"key":"Strength Potion"}],"is_trial":true,"path_per_floor":["M","?","T","?","M","R","E","E","T","M","$","E","R","M","R","B",null,"M","M","?","M","M","R","M","R","T","$","R","E","R","M","R","B",null,"M","$","M","M","?","R","E","?","T","R","M","E","R","M","R","B",null],"character_chosen":"THE_SILENT","items_purchased":["Lee\u0027s Waffle","TwistedFunnel"],"campfire_rested":2,"item_purchase_floors":[27,36],"current_hp_per_floor":[70,70,70,70,70,70,70,70,70,70,70,75,75,75,75,75,75,75,75,75,75,75,75,75,75,75,82,82,89,89,82,82,65,89,89,89,88,88,88,88,88,88,88,88,88,88,89,89,89,89],"gold":357,"neow_bonus":"","is_daily":false,"chose_seed":false,"campfire_upgraded":10,"win_rate":0.0,"timestamp":1610727589,"path_taken":["M","?","?","?","M","R","E","E","T","?","$","E","R","M","R","BOSS","M","M","?","M","M","R","M","R","T","$","R","E","R","M","R","BOSS","M","$","M","?","?","R","E","?","T","R","?","E","R","M","R","BOSS"],"items_purchased_type":["Relic","Relic"],"build_version":"2020-12-22","purchased_purges":0,"victory":true,"max_hp_per_floor":[70,70,70,70,70,70,70,70,70,70,70,75,75,75,75,75,75,75,75,75,75,75,75,75,75,75,82,82,89,89,89,89,89,89,89,89,89,89,89,89,89,89,89,89,89,89,89,89,89,89],"card_choices":[{"not_picked":["Backflip","PiercingWail"],"picked":"Bouncing Flask","floor":1},{"not_picked":["Purity","Bouncing Flask","Slice"],"picked":"SKIP","floor":5},{"not_picked":["Blade Dance","Flechettes"],"picked":"Escape Plan","floor":7},{"not_picked":["Prepared","Dodge and Roll","Dramatic Entrance"],"picked":"SKIP","floor":8},{"not_picked":["Bane","Dodge and Roll","Endless Agony"],"picked":"SKIP","floor":10},{"not_picked":["Jack Of All Trades","Bane","Slice"],"picked":"SKIP","floor":12},{"not_picked":["Leg Sweep","Dash","Blade Dance"],"picked":"SKIP","floor":14},{"not_picked":["Blind","Dagger Spray","Underhanded Strike"],"picked":"SKIP","floor":18},{"not_picked":["Deadly Poison","Well Laid Plans"],"picked":"Catalyst+1","floor":19},{"not_picked":["Choke","Deep Breath","Slice+1"],"picked":"SKIP","floor":21},{"not_picked":["Sucker Punch","Bouncing Flask","Blind"],"picked":"SKIP","floor":22},{"not_picked":["Dodge and Roll+1","Outmaneuver+1","Terror"],"picked":"SKIP","floor":24},{"not_picked":["Dagger Spray","Caltrops","Thinking Ahead","Dagger Throw"],"picked":"SKIP","floor":29},{"not_picked":["Accuracy","Caltrops","Deflect","Backflip+1"],"picked":"SKIP","floor":31},{"not_picked":["Deadly Poison","Distraction+1","Outmaneuver+1","Blade Dance+1"],"picked":"SKIP","floor":35},{"not_picked":["Prepared","Good Instincts+1","Bouncing Flask"],"picked":"Backstab+1","floor":37},{"not_picked":["Dash","Deadly Poison+1","Concentrate"],"picked":"Noxious Fumes","floor":38},{"not_picked":["Dagger Throw","Sucker Punch+1","Prepared+1","Forethought+1"],"picked":"SKIP","floor":41},{"not_picked":["Poisoned Stab","Footwork","Quick Slash+1","Blade Dance+1"],"picked":"SKIP","floor":45},{"not_picked":["Prepared+1","Dagger Spray+1","Slice+1","Underhanded Strike+1"],"picked":"SKIP","floor":46},{"not_picked":["Tools of the Trade","Backflip+1","Dark Shackles+1","Jack Of All Trades+1"],"picked":"SKIP","floor":48}],"player_experience":3292041,"relics_obtained":[{"floor":3,"key":"Paper Crane"},{"floor":7,"key":"Dream Catcher"},{"floor":8,"key":"Mercury Hourglass"},{"floor":9,"key":"Kunai"},{"floor":12,"key":"Incense Burner"},{"floor":26,"key":"Question Card"},{"floor":29,"key":"Strawberry"},{"floor":41,"key":"Toxic Egg 2"},{"floor":43,"key":"Blue Candle"},{"floor":46,"key":"Oddly Smooth Stone"}],"event_choices":[{"damage_healed":0,"gold_gain":0,"player_choice":"Ignored","damage_taken":0,"max_hp_gain":0,"max_hp_loss":0,"event_name":"Liars Game","floor":2,"gold_loss":0},{"damage_healed":0,"gold_gain":0,"player_choice":"Grow","damage_taken":0,"max_hp_gain":0,"max_hp_loss":0,"event_name":"Living Wall","floor":4,"gold_loss":0,"cards_upgraded":["Noxious Fumes"]},{"cards_removed":["Backflip"],"damage_healed":5,"gold_gain":0,"player_choice":"Offered Common","damage_taken":0,"max_hp_gain":0,"max_hp_loss":0,"event_name":"Bonfire Elementals","floor":20,"gold_loss":0},{"cards_removed":["Backflip"],"damage_healed":5,"gold_gain":0,"player_choice":"Offered Special","damage_taken":0,"max_hp_gain":0,"max_hp_loss":0,"event_name":"Bonfire Elementals","floor":20,"gold_loss":0},{"cards_removed":["Slice"],"damage_healed":0,"gold_gain":0,"player_choice":"Removed Attack","damage_taken":0,"max_hp_gain":0,"max_hp_loss":0,"event_name":"Falling","floor":39,"gold_loss":0},{"damage_healed":0,"gold_gain":0,"player_choice":"Upgrade","damage_taken":0,"max_hp_gain":0,"max_hp_loss":0,"event_name":"Designer","floor":42,"gold_loss":40,"cards_upgraded":["Escape Plan"]}],"is_beta":false,"boss_relics":[{"not_picked":["Sozu","Snecko Eye","Coffee Dripper"]},{"not_picked":["Philosopher\u0027s Stone","Runic Pyramid"],"picked":"HoveringKite"}],"items_purged_floors":[],"is_endless":false,"potions_floor_spawned":[1,7,12,14,21,22,29,31,35,48],"ascension_level":0}}