{"host":"xu0zbcebhy6w9mdv","time":1610683272,"event":{"mods":["AchievementEnabler","Act Like it!","Aspiration","BaseMod","Better Match","Better Third Choice","BetterRewards","Colored Powertips","Downfall","Duelist Mod","Friendly Minions","Gensokyo","Hallownest","Hubris","Infinite Spire","Marisa????????","Minty Spire (QoL Compilation)","Potionbrewer","Quick Restart","READ ME - Guardian Mod","READ ME - Snecko Mod","Rare Cards Sparkle","Replay The Spire","Shop Mod","StSLib","The Animator","The Blackbeard","The Bug Knight","The Cursed","The Hierophant","The Necromancer","The Runesmith","The Servant 0.9.4"],"gold_per_floor":[117,69,69,84,84,84,101,101,127,127,143,143,143,95,95,199,199,219,319,334,334,358,489,252,252,278,278,305,305,318,330,330,425,475,489,489,489,506,506,506,518,518,518,518,532,532,532,532],"floor_reached":47,"language":"ENG","playtime":5914,"items_purged":[],"score":474,"play_id":"9af22f08-5f72-4962-a1e0-748e6d36ac3b","local_time":"20210114230112","is_ascension_mode":false,"campfire_choices":[{"data":"Summon_Undead","floor":6,"key":"SMITH"},{"data":"Negative_Energy_Arrows","floor":8,"key":"SMITH"},{"floor":15,"key":"REST"},{"floor":27,"key":"REST"},{"data":"Summon_Vampire_Lady","floor":32,"key":"SMITH"},{"data":"Summon_Death_Knight","floor":40,"key":"SMITH"},{"floor":42,"key":"REST"},{"floor":44,"key":"REST"},{"data":"Toxic_Smoke_Screen","floor":46,"key":"SMITH"}],"circlet_count":0,"master_deck":["Strike_W","Strike_W+1","Defend_W","Defend_W","Defend_W+1","Negative_Energy_Arrows+1","Bone_Wall+1","Summon_Lich","Bone_Armory","Summon_Undead+1","Acid_Javelin","Scare","Judgement+1","Summon_Vampire_Lady+1","Negative_Energy_Javelin+1","Bone_Armory+1","Skeleton_Dragon+1","Bone_Spikes+1","Bone_Armor","Epidemic+1","Life_Tap","Necronomicurse","hubris:NaturalOne","Toxic_Smoke_Screen+1","Summon_Death_Knight+1","Negative_Energy_Shield"],"relics":["Vampire_Amulet","Orichalcum","aspiration:ArtOfWarUpgrade","aspiration:ChemicalBlood","Smiling Mask","Astrolabe","hubris:Icosahedron","aspiration:Lifesprig","Ancient Tea Set","Dream Catcher","Necronomicon","Anchor","Replay:Rubber Ducky","Tiny House","Replay:Bottled Steam"],"acts_visited":["Exordium","TheCity","TheBeyond"],"potions_floor_usage":[18,28,31,31,33,33,33,33,41,45,45,45,47,47,47],"damage_taken":[{"damage":1,"enemies":"Cultist","floor":1,"turns":4},{"damage":3,"enemies":"Small Slimes","floor":4,"turns":3},{"damage":2,"enemies":"Jaw Worm","floor":7,"turns":4},{"damage":0,"enemies":"Exordium Wildlife","floor":11,"turns":4},{"damage":19,"enemies":"Slime Boss","floor":16,"turns":10},{"damage":13,"enemies":"3 Byrds","floor":18,"turns":3},{"damage":5,"enemies":"Shell Parasite","floor":20,"turns":5},{"damage":17,"enemies":"HollowMod:Nosk","floor":23,"turns":8},{"damage":21,"enemies":"Replay:Snechameleon","floor":28,"turns":7},{"damage":19,"enemies":"3 Cultists","floor":30,"turns":5},{"damage":5,"enemies":"Cultist and Chosen","floor":31,"turns":8},{"damage":53,"enemies":"Champ","floor":33,"turns":12},{"damage":2,"enemies":"Orb Walker","floor":35,"turns":5},{"damage":0,"enemies":"3 Shapes","floor":38,"turns":5},{"damage":36,"enemies":"Spire Growth","floor":41,"turns":7},{"damage":26,"enemies":"3 Darklings","floor":45,"turns":6},{"damage":107,"enemies":"Giant Head","floor":47,"turns":11}],"seed_played":"-4453345902444369305","potions_obtained":[{"floor":1,"key":"GamblersBrew"},{"floor":11,"key":"potionbrewer:DiscountPotion"},{"floor":20,"key":"potionbrewer:CleansingPotion"},{"floor":28,"key":"SpeedPotion"},{"floor":31,"key":"sneckomod:MuddlingPotion"},{"floor":34,"key":"Swift Potion"},{"floor":35,"key":"potionbrewer:AcidPotion"},{"floor":45,"key":"ColorlessPotion"},{"floor":47,"key":"ColorlessPotion"}],"is_trial":false,"path_per_floor":["M","?","?","M","?","R","M","R","T","R","M","?","?","$","R","B",null,"M","?","M","?","T","E","$","?","T","R","E","R","M","M","R","B",null,"M","?","?","M","?","R","M","R","T","R","M","R","E"],"character_chosen":"NECROMANCER","items_purchased":["Summon_Lich","Orichalcum","Bone_Armory","Death_March_Dance","Life_Tap","Dream Catcher"],"campfire_rested":4,"item_purchase_floors":[0,0,0,14,24,24],"current_hp_per_floor":[75,75,60,61,69,69,75,75,75,75,75,75,50,50,72,59,75,71,71,73,73,73,66,66,50,50,72,53,53,40,63,63,41,80,80,80,80,80,80,80,55,79,79,80,65,65,0,0],"gold":532,"neow_bonus":"","is_daily":false,"chose_seed":false,"campfire_upgraded":5,"win_rate":0.0,"timestamp":1610683272,"path_taken":["M","?","?","?","?","R","M","R","T","R","M","?","?","?","R","BOSS","M","?","?","?","?","E","$","?","T","R","E","R","M","M","R","BOSS","M","?","?","M","?","R","M","R","T","R","M","R","E"],"items_purchased_type":["Card","Relic","Card","Card","Card","Relic"],"build_version":"2020-12-22","purchased_purges":0,"victory":false,"max_hp_per_floor":[75,75,75,75,75,75,75,75,75,75,75,75,75,75,75,75,75,75,75,75,75,75,75,75,75,75,75,75,75,75,75,75,75,80,80,80,80,80,80,80,80,80,80,80,80,80,80,80],"card_choices":[{"not_picked":["Acid_Javelin","Death_Coil"],"picked":"Summon_Undead","floor":1},{"not_picked":["Spectral_Walk","Death_Coil"],"picked":"Acid_Javelin","floor":4},{"not_picked":["Strike_from_Beyond","Blood_Whip"],"picked":"Scare","floor":7},{"not_picked":["Detonate_Bones","Blood_Curse","Bone_Armory"],"picked":"SKIP","floor":11},{"not_picked":["Cloudkill","Reap_The_Weak"],"picked":"Summon_Vampire_Lady","floor":16},{"not_picked":["Blood_Is_Power","Death_March_Dance+1"],"picked":"Bone_Spikes+1","floor":18},{"not_picked":["Deaths_Shadow","Bones_to_Steel"],"picked":"Bone_Armor","floor":20},{"not_picked":["Shade_Step+1","Bone_Shift"],"picked":"Epidemic+1","floor":23},{"not_picked":["Death_Coil","Scare+1","Bones_to_Steel+1"],"picked":"SKIP","floor":28},{"not_picked":["Blood_Curse","Spectral_Armor+1"],"picked":"Toxic_Smoke_Screen","floor":30},{"not_picked":["Shade_Step+1","Bone_Spikes","Death_Coil"],"picked":"SKIP","floor":31},{"not_picked":["Detonate_Bones","Hellfire"],"picked":"Summon_Death_Knight","floor":33},{"not_picked":["Bone_Armor","Stop_Heart"],"picked":"Negative_Energy_Shield","floor":35},{"not_picked":["Negative_Energy_Sphere","Blood_Wake","Shackles_Of_Pain+1"],"picked":"SKIP","floor":38},{"not_picked":["Toxic_Smoke_Screen+1","Thousand_Bone_Knives","Bone_Armor"],"picked":"SKIP","floor":41},{"not_picked":["Thousand_Bone_Knives","Shackles_Of_Pain","Death_Coil"],"picked":"SKIP","floor":45}],"player_experience":634163,"relics_obtained":[{"floor":9,"key":"Art of War"},{"floor":22,"key":"aspiration:Lifesprig"},{"floor":23,"key":"Ancient Tea Set"},{"floor":25,"key":"Necronomicon"},{"floor":26,"key":"Anchor"},{"floor":28,"key":"Replay:Rubber Ducky"},{"floor":43,"key":"Replay:Bottled Steam"}],"event_choices":[{"damage_healed":0,"gold_gain":0,"player_choice":"Left","damage_taken":0,"max_hp_gain":0,"max_hp_loss":0,"event_name":"betterThird:BetterGoop","floor":2,"gold_loss":48},{"damage_healed":75,"gold_gain":0,"player_choice":"Upgrade","damage_taken":15,"max_hp_gain":0,"max_hp_loss":75,"event_name":"betterThird:BetterShining","floor":3,"gold_loss":0,"cards_upgraded":["Defend_W","Bone_Wall"]},{"damage_healed":0,"gold_gain":0,"player_choice":"Leave","damage_taken":0,"max_hp_gain":0,"max_hp_loss":0,"event_name":"The Cleric","floor":12,"gold_loss":0},{"damage_healed":0,"gold_gain":1,"player_choice":"Relic Relic Card ","damage_taken":25,"max_hp_gain":0,"max_hp_loss":0,"event_name":"betterThird:BetterScrap","floor":13,"gold_loss":0,"cards_obtained":["Judgement","Rainbow"]},{"damage_healed":0,"gold_gain":100,"player_choice":"Pray","damage_taken":0,"max_hp_gain":0,"max_hp_loss":0,"event_name":"Golden Shrine","floor":19,"gold_loss":0},{"damage_healed":0,"gold_gain":0,"player_choice":"Obtained Book","damage_taken":16,"max_hp_gain":0,"max_hp_loss":0,"event_name":"Cursed Tome","floor":25,"gold_loss":0},{"cards_removed":["Strike_W"],"damage_healed":0,"gold_gain":0,"player_choice":"Removed Attack","damage_taken":0,"max_hp_gain":0,"max_hp_loss":0,"event_name":"Falling","floor":37,"gold_loss":0},{"damage_healed":0,"gold_gain":0,"player_choice":"Ignored","damage_taken":0,"max_hp_gain":0,"max_hp_loss":0,"event_name":"Tomb of Lord Red Mask","floor":39,"gold_loss":0}],"is_beta":false,"boss_relics":[{"not_picked":["aspiration:RitualDagger","Runesmith:UraniumAnvil"],"picked":"Astrolabe"},{"not_picked":["Snecko Eye","Cursed Key"],"picked":"Tiny House"}],"items_purged_floors":[],"is_endless":false,"potions_floor_spawned":[1,11,16,18,20,31,35],"killed_by":"Giant Head","ascension_level":0}}