{"host":"8i4doyxqctgl5qb0","time":1610690409,"event":{"mods":["AchievementEnabler","BaseMod","Block Reminder","Colored Powertips","Downfall","Minty Spire (QoL Compilation)","Permanent Neow","Potion Indicator Mod","Rare Cards Sparkle","StSLib","SuperFastMode","The Jungle"],"gold_per_floor":[215,228,228,243,61,61,88,105,155,1,17,33,33,52,52,149,149,163,178,178,178],"floor_reached":20,"language":"ZHS","playtime":523,"items_purged":[],"score":276,"play_id":"3f27df01-e5b3-47ca-b49f-259ad481fdda","local_time":"20210115140009","is_ascension_mode":true,"campfire_choices":[{"data":"Static Discharge","floor":6,"key":"SMITH"},{"floor":15,"key":"REST"}],"circlet_count":0,"master_deck":["AscendersBane","Strike_B","Strike_B","Strike_B","Strike_B","Defend_B","Defend_B","Defend_B","Zap","Dualcast","Hologram","Heatsinks","Ball Lightning","Static Discharge+1","Core Surge","Sweeping Beam","Undo","Steam","White Noise+1","Sweeping Beam","Hyperbeam","Turbo","BootSequence","Machine Learning","Force Field","Glacier"],"relics":["Cracked Core","MealTicket","Darkstone Periapt","PreservedInsect","Orrery"],"acts_visited":["Exordium","TheCity"],"potions_floor_usage":[16],"damage_taken":[{"damage":7,"enemies":"2 Louse","floor":1,"turns":2},{"damage":5,"enemies":"Cultist","floor":2,"turns":4},{"damage":4,"enemies":"Small Slimes","floor":4,"turns":4},{"damage":27,"enemies":"3 Sentries","floor":7,"turns":4},{"damage":10,"enemies":"Gremlin Gang","floor":8,"turns":3},{"damage":18,"enemies":"Lots of Slimes","floor":11,"turns":2},{"damage":0,"enemies":"Looter","floor":12,"turns":4},{"damage":3,"enemies":"Blue Slaver","floor":14,"turns":3},{"damage":21,"enemies":"Hexaghost","floor":16,"turns":9},{"damage":41,"enemies":"3 Byrds","floor":18,"turns":5},{"damage":15,"enemies":"Spheric Guardian","floor":19,"turns":3},{"damage":17,"enemies":"Centurion and Healer","floor":20,"turns":2}],"seed_played":"7697403769839347382","potions_obtained":[{"floor":4,"key":"FearPotion"},{"floor":11,"key":"Swift Potion"}],"is_trial":false,"path_per_floor":["M","M","?","M","$","R","E","M","T","$","M","M","?","M","R","B",null,"M","M","M"],"character_chosen":"DEFECT","items_purchased":["MealTicket","Static Discharge","Orrery"],"campfire_rested":1,"item_purchase_floors":[5,5,10],"current_hp_per_floor":[61,56,56,52,52,52,25,15,15,30,12,12,12,9,31,10,59,18,3,0,0],"gold":178,"neow_bonus":"HUNDRED_GOLD","is_daily":false,"chose_seed":false,"campfire_upgraded":1,"win_rate":0.0,"timestamp":1610690409,"path_taken":["M","M","?","?","$","R","E","?","T","$","M","M","?","M","R","BOSS","M","M","?"],"items_purchased_type":["Relic","Card","Relic"],"build_version":"2020-12-22","purchased_purges":0,"victory":false,"max_hp_per_floor":[75,75,75,75,75,75,75,75,75,75,75,75,75,75,75,75,75,75,75,75,75],"card_choices":[{"not_picked":["Beam Cell","Cold Snap"],"picked":"Hologram","floor":1},{"not_picked":["Stack","Melter"],"picked":"Heatsinks","floor":2},{"not_picked":["Redo","Go for the Eyes"],"picked":"Ball Lightning","floor":4},{"not_picked":["Rebound","Blizzard"],"picked":"Core Surge","floor":7},{"not_picked":["Hologram","Steam Power"],"picked":"Sweeping Beam","floor":8},{"not_picked":["Chaos","Reprogram"],"picked":"Undo","floor":10},{"not_picked":["Skim","Genetic Algorithm"],"picked":"Steam","floor":10},{"not_picked":["Scrape","Beam Cell"],"picked":"White Noise","floor":10},{"not_picked":["Hologram","Redo"],"picked":"Sweeping Beam","floor":10},{"not_picked":["Beam Cell","Ball Lightning"],"picked":"Hyperbeam","floor":10},{"not_picked":["Gash","Barrage","Redo"],"picked":"SKIP","floor":11},{"not_picked":["Melter","Stack"],"picked":"Turbo","floor":12},{"not_picked":["Recycle","Beam Cell"],"picked":"BootSequence","floor":14},{"not_picked":["Amplify","All For One"],"picked":"Machine Learning","floor":16},{"not_picked":["Melter+1","Gash"],"picked":"Force Field","floor":18},{"not_picked":["Coolheaded","Genetic Algorithm+1"],"picked":"Glacier","floor":19}],"player_experience":196191,"relics_obtained":[{"floor":7,"key":"Darkstone Periapt"},{"floor":9,"key":"PreservedInsect"}],"event_choices":[{"cards_removed":["Defend_B"],"damage_healed":0,"gold_gain":0,"player_choice":"Offered Basic","damage_taken":0,"max_hp_gain":0,"max_hp_loss":0,"event_name":"Bonfire Elementals","floor":3,"gold_loss":0},{"damage_healed":0,"gold_gain":0,"player_choice":"Upgraded","damage_taken":0,"max_hp_gain":0,"max_hp_loss":0,"event_name":"Upgrade Shrine","floor":13,"gold_loss":0,"cards_upgraded":["White Noise"]}],"is_beta":false,"boss_relics":[{"not_picked":["Ectoplasm","Runic Dome","Snecko Eye"]}],"items_purged_floors":[],"is_endless":false,"potions_floor_spawned":[4,11,12],"killed_by":"Centurion and Healer","ascension_level":11}}