{"host":"y6zg4wwu39otf01a","time":1610738793,"event":{"mods":["Act Like it!","Aspiration","BaseMod","Better Altar","Better Match","Better Note","Better Sensory Stone","Better Skull","Better Third Choice","Challenge The Spire","Colored Map","Colored Powertips","Conspire","GifTheSpireLib","Glutton Mod","Halation","Hermit","Highlight Path","Hubris","Infinite Spire","Mimic Mod","Minty Spire (QoL Compilation)","Quick Restart","Random Character Button","Rare Cards Sparkle","Replay The Spire","Retaliation","Shade Mod","Spicy Shops","StSLib","Stuff the Spire","The Blue Laboratory","The Jungle","TheArtist","thorton","vexMod"],"gold_per_floor":[113,130,145,20,79,109,109,123,123,27,27,28,28],"floor_reached":12,"language":"ENG","playtime":492,"items_purged":[],"score":86,"play_id":"ef44665c-92de-439e-b91c-76594a047ba3","local_time":"20210115142633","is_ascension_mode":true,"campfire_choices":[{"data":"Blood for Blood","floor":7,"key":"SMITH"},{"floor":11,"key":"REST"}],"circlet_count":0,"master_deck":["Strike_R","Strike_R","Strike_R","Strike_R","Strike_R","Defend_R","Defend_R","Defend_R","Defend_R","Bash","DDmod:PokeAttack","Headbutt","Blood for Blood+1","StuffTheSpire:Incineration","StuffTheSpire:Incineration","Rage","StuffTheSpire:Slingshot","DDmod:MulticlassingSkill"],"relics":["Burning Blood","aspiration:Nostalgia","Glutton:EternalHunger","infinitespire:Satchel","Question Card","ReplayFunnel","vexMod:ConsolationPrize"],"acts_visited":["Exordium"],"potions_floor_usage":[6,6,6],"damage_taken":[{"damage":11,"enemies":"conspire:RoseBush","floor":1,"turns":3},{"damage":8,"enemies":"Jaw Worm","floor":2,"turns":4},{"damage":16,"enemies":"Small Slimes","floor":3,"turns":3},{"damage":17,"enemies":"Gremlin Nob","floor":6,"turns":3},{"damage":19,"enemies":"Looter","floor":8,"turns":3},{"damage":1,"enemies":"3 Sentries","floor":12,"turns":1}],"seed_played":"9137999184247142144","potions_obtained":[{"floor":1,"key":"DistilledChaos"},{"floor":2,"key":"blueLaboratory:NullPotion"},{"floor":3,"key":"Swift Potion"},{"floor":5,"key":"Toxic Potion"}],"is_trial":false,"path_per_floor":["M","M","M","$","?","E","R","M","T","$","R","E"],"character_chosen":"IRONCLAD","items_purchased":["StuffTheSpire:Incineration","infinitespire:Satchel","DDmod:MulticlassingSkill"],"campfire_rested":1,"item_purchase_floors":[4,4,10],"current_hp_per_floor":[75,73,63,63,31,20,20,7,7,7,31,30,30],"gold":28,"neow_bonus":"NOSTALGIA","is_daily":false,"chose_seed":false,"campfire_upgraded":1,"win_rate":0.0,"timestamp":1610738793,"path_taken":["M","M","?","$","?","E","R","M","T","$","R","E"],"items_purchased_type":["Card","Relic","Card"],"build_version":"2020-12-22","purchased_purges":0,"victory":false,"max_hp_per_floor":[80,80,80,80,80,80,80,80,80,80,80,80,80],"card_choices":[{"not_picked":["Cleave","True Grit"],"picked":"DDmod:PokeAttack","floor":1},{"not_picked":["Run Through","ReplayTheSpireMod:Strike From Hell"],"picked":"Headbutt","floor":2},{"not_picked":["ReplayTheSpireMod:Strike From Hell","Thunderclap"],"picked":"Blood for Blood","floor":3},{"not_picked":["Perfected Strike","ReplayReversal"],"picked":"StuffTheSpire:Incineration","floor":5},{"not_picked":["DDmod:SpikedSkill","Shrug It Off","Immolate"],"picked":"Rage","floor":6},{"not_picked":["hubris:ReadiedAction","True Grit","Burning Pact"],"picked":"StuffTheSpire:Slingshot","floor":8}],"player_experience":713500,"relics_obtained":[{"floor":5,"key":"Question Card"},{"floor":6,"key":"ReplayFunnel"},{"floor":9,"key":"vexMod:ConsolationPrize"}],"event_choices":[],"is_beta":false,"boss_relics":[],"items_purged_floors":[],"is_endless":false,"potions_floor_spawned":[1,2,3],"killed_by":"3 Sentries","ascension_level":2}}