{"host":"4qkvkh7pd9qr2mca","time":1610726083,"event":{"mods":["AchievementEnabler","Act Like it!","BaseMod","Colored Map","Colored Powertips","Highlight Path","Minty Spire (QoL Compilation)","Pale of the Ancients","Permanent Neow","Quick Restart","Relic Stats","StSLib","SuperFastMode"],"gold_per_floor":[110,123,140,140,158,158,184,184,184,196,222,222,239,265,265,342,342,352,370,387,400,400,400],"floor_reached":22,"language":"ENG","playtime":1054,"items_purged":[],"score":420,"play_id":"18e084cf-6be1-40a0-812e-a2cab09d982a","local_time":"20210115165443","is_ascension_mode":true,"campfire_choices":[{"data":"Leg Sweep","floor":6,"key":"SMITH"},{"floor":8,"key":"REST"},{"data":"Neutralize","floor":15,"key":"SMITH"}],"circlet_count":0,"master_deck":["AscendersBane","Strike_G","Strike_G","Strike_G","Strike_G","Strike_G","Defend_G","Defend_G","Defend_G","Defend_G","Survivor","Neutralize+1","Acrobatics","Infinite Blades","Leg Sweep+1","Dagger Throw","Die Die Die","Dash","Tools of the Trade","Corpse Explosion","Bouncing Flask","PiercingWail","Catalyst","Leg Sweep"],"relics":["Sozu","Snake Skull","Bag of Preparation","White Beast Statue","Bottled Flame","SlaversCollar"],"acts_visited":["Exordium","TheCity"],"potions_floor_usage":[],"damage_taken":[{"damage":1,"enemies":"Cultist","floor":1,"turns":6},{"damage":2,"enemies":"2 Louse","floor":2,"turns":4},{"damage":0,"enemies":"Small Slimes","floor":3,"turns":5},{"damage":0,"enemies":"Blue Slaver","floor":5,"turns":5},{"damage":26,"enemies":"3 Sentries","floor":7,"turns":12},{"damage":0,"enemies":"2 Fungi Beasts","floor":10,"turns":3},{"damage":27,"enemies":"Lagavulin","floor":11,"turns":8},{"damage":0,"enemies":"3 Louse","floor":13,"turns":2},{"damage":12,"enemies":"3 Sentries","floor":14,"turns":6},{"damage":15,"enemies":"The Guardian","floor":16,"turns":17},{"damage":0,"enemies":"Chosen","floor":18,"turns":5},{"damage":7,"enemies":"Spheric Guardian","floor":19,"turns":4},{"damage":17,"enemies":"Snake Plant","floor":20,"turns":4},{"damage":29,"enemies":"Cultist and Chosen","floor":21,"turns":4},{"damage":8,"enemies":"Shelled Parasite and Fungi","floor":22,"turns":2}],"seed_played":"-3749035846532198438","potions_obtained":[],"is_trial":false,"path_per_floor":["M","M","M","?","M","R","E","R","T","M","E","?","M","E","R","B",null,"M","M","M","M","M"],"character_chosen":"THE_SILENT","items_purchased":[],"campfire_rested":1,"item_purchase_floors":[],"current_hp_per_floor":[58,56,56,49,49,49,23,42,42,42,15,66,66,54,54,39,59,59,52,35,6,0,0],"gold":400,"neow_bonus":"BOSS_RELIC","is_daily":false,"chose_seed":false,"campfire_upgraded":2,"win_rate":0.0,"timestamp":1610726083,"path_taken":["M","M","M","?","M","R","E","R","T","M","E","?","M","E","R","BOSS","M","M","?","M","M"],"items_purchased_type":[],"build_version":"2020-12-22","purchased_purges":0,"victory":false,"max_hp_per_floor":[66,66,66,66,66,66,66,66,66,66,66,66,66,66,66,66,66,66,66,66,66,66,66],"relic_stats":{"Sozu":10,"counters":[15,87],"Snake Skull":[20],"Bag of Preparation":[20],"obtain_stats":[{"Sozu":0,"SlaversCollar":17,"Bottled Flame":14,"Snake Skull":7,"Bag of Preparation":9,"White Beast Statue":11,"Ring of the Snake":0},{"Sozu":0,"SlaversCollar":10,"Bottled Flame":9,"Snake Skull":5,"Bag of Preparation":5,"White Beast Statue":7,"Ring of the Snake":0},{"Sozu":0,"SlaversCollar":68,"Bottled Flame":51,"Snake Skull":32,"Bag of Preparation":32,"White Beast Statue":43,"Ring of the Snake":0}]},"card_choices":[{"not_picked":["Outmaneuver","Quick Slash"],"picked":"Acrobatics","floor":1},{"not_picked":["Deadly Poison","Cloak And Dagger"],"picked":"Infinite Blades","floor":2},{"not_picked":["Flying Knee","Deflect"],"picked":"Leg Sweep","floor":3},{"not_picked":["Deflect","Tactician"],"picked":"Dagger Throw","floor":5},{"not_picked":["Leg Sweep","Cloak And Dagger"],"picked":"Die Die Die","floor":7},{"not_picked":["Reflex","Dagger Spray","Quick Slash"],"picked":"SKIP","floor":10},{"not_picked":["PiercingWail","Eviscerate"],"picked":"Tactician","floor":11},{"not_picked":["Bane","Poisoned Stab"],"picked":"Dash","floor":13},{"not_picked":["Deadly Poison","Catalyst"],"picked":"Tools of the Trade","floor":14},{"not_picked":["Night Terror","Adrenaline"],"picked":"Corpse Explosion","floor":16},{"not_picked":["Endless Agony","Poisoned Stab"],"picked":"Bouncing Flask","floor":18},{"not_picked":["Dagger Throw","Predator"],"picked":"PiercingWail","floor":19},{"not_picked":["Dagger Spray","Cloak And Dagger"],"picked":"Catalyst","floor":20},{"not_picked":["Dagger Throw","Dagger Spray"],"picked":"Leg Sweep","floor":21}],"player_experience":558926,"relics_obtained":[{"floor":7,"key":"Snake Skull"},{"floor":9,"key":"Bag of Preparation"},{"floor":11,"key":"White Beast Statue"},{"floor":14,"key":"Bottled Flame"}],"event_choices":[{"cards_removed":["Defend_G"],"damage_healed":0,"gold_gain":0,"player_choice":"Card Removal","damage_taken":7,"max_hp_gain":0,"max_hp_loss":0,"event_name":"Golden Wing","floor":4,"gold_loss":0},{"cards_removed":["Tactician"],"damage_healed":51,"gold_gain":0,"player_choice":"Offered Uncommon","damage_taken":0,"max_hp_gain":0,"max_hp_loss":0,"event_name":"Bonfire Elementals","floor":12,"gold_loss":0}],"is_beta":false,"boss_relics":[{"not_picked":["Fusion Hammer","Ectoplasm"],"picked":"SlaversCollar"}],"items_purged_floors":[],"is_endless":false,"potions_floor_spawned":[3,10,11,13,14,16,18,19,20,21],"killed_by":"Shelled Parasite and Fungi","ascension_level":20}}