{"host":"ywbsnexmk111etbw","time":1610731495,"event":{"mods":["100% Spire Juice","Act Like it!","Arknights The Spire","BaseMod","Beaked The Cultist","Colored Powertips","Curses Come First","Downfall","Fireblade Mod","Hubris","Infinite Spire","Marisa????????","Minty Spire (QoL Compilation)","Pale of the Ancients","Permanent Neow","Replay The Spire","Robot Space Explorer","StSLib","The Blackbeard","The Bladedancer","The Cursed","The Dragon Tamer","The Marked","The Mystic","The Necromancer","The Saiyan","Wandering Minibosses"],"gold_per_floor":[119,119,119,119,119,148,158,169,169,169,169,169,180,207,207,304,304,324,324,315,315,315,315],"floor_reached":21,"language":"ENG","playtime":592,"items_purged":[],"score":212,"play_id":"8c20eb8e-f72e-499c-8cda-4a76f011310e","local_time":"20210115122455","is_ascension_mode":false,"campfire_choices":[{"data":"blackbeard:Dagger","floor":10,"key":"SMITH"},{"data":"blackbeard:PirateHook","floor":12,"key":"SMITH"},{"data":"blackbeard:MegaUpgrade","floor":15,"key":"SMITH"}],"circlet_count":0,"master_deck":["blackbeard:BlackbeardStrike","blackbeard:BlackbeardStrike","blackbeard:BlackbeardStrike","blackbeard:BlackbeardStrike","blackbeard:IntimidatingStrike","blackbeard:BlackbeardDefend","blackbeard:BlackbeardDefend","blackbeard:BlackbeardDefend","blackbeard:BlackbeardDefend","blackbeard:Dagger+1","Bash","Flex","blackbeard:PirateHook+1","blackbeard:Sharpening","blackbeard:MegaUpgrade+1","blackbeard:TheDrunkenSailor","blackbeard:RearmingStrike","blackbeard:CatONineTails"],"relics":["NeowsBlessing","m_SeaBlood","hubris:TenFootPole","hubris:Zylophone","hubris:DeckOfHolding","Bag of Preparation","Replay:Mystery Machine","Black Star","MutagenicStrength"],"acts_visited":["Exordium","TheCity"],"potions_floor_usage":[14,16,20],"damage_taken":[{"damage":0,"enemies":"Jaw Worm","floor":1,"turns":1},{"damage":0,"enemies":"Lagavulin","floor":6,"turns":1},{"damage":15,"enemies":"Small Slimes","floor":7,"turns":2},{"damage":6,"enemies":"Cultist","floor":8,"turns":4},{"damage":5,"enemies":"2 Fungi Beasts","floor":13,"turns":3},{"damage":22,"enemies":"3 Sentries","floor":14,"turns":7},{"damage":46,"enemies":"Slime Boss","floor":16,"turns":8},{"damage":27,"enemies":"Shell Parasite","floor":18,"turns":5},{"damage":36,"enemies":"2 Thieves","floor":20,"turns":5},{"damage":30,"enemies":"Snake Plant","floor":21,"turns":2}],"seed_played":"-5349469001803598381","potions_obtained":[{"floor":1,"key":"SkillPotion"},{"floor":6,"key":"GamblersBrew"},{"floor":8,"key":"Milkshake"},{"floor":18,"key":"blackbeard:RumPotion"}],"is_trial":false,"path_per_floor":["M","?","T","?","?","E","M","M","T","R","?","R","M","E","R","B",null,"M","?","M","M"],"character_chosen":"BLACKBEARD_CLASS","items_purchased":[],"campfire_rested":0,"item_purchase_floors":[],"current_hp_per_floor":[75,75,75,80,80,80,71,71,71,71,71,71,72,56,56,16,80,59,59,29,0,0,0],"gold":315,"neow_bonus":"THREE_ENEMY_KILL","is_daily":false,"chose_seed":false,"campfire_upgraded":3,"win_rate":0.0,"timestamp":1610731495,"path_taken":["M","?","?","?","?","E","?","M","T","R","?","R","M","E","R","BOSS","M","?","M","M"],"items_purchased_type":[],"build_version":"2020-12-22","purchased_purges":0,"victory":false,"max_hp_per_floor":[75,75,75,80,80,80,80,80,80,80,80,80,80,80,80,80,80,80,80,80,80,80,80],"card_choices":[{"not_picked":["blackbeard:SwordDance","blackbeard:CannonBarrage"],"picked":"blackbeard:Dagger","floor":1},{"not_picked":["blackbeard:Sharpening","blackbeard:BlindAttacks"],"picked":"Flex","floor":6},{"not_picked":["Fire Breathing","Hemokinesis","blackbeard:TacticalRetreat"],"picked":"SKIP","floor":7},{"not_picked":["blackbeard:WiseDefense","blackbeard:Boarding"],"picked":"blackbeard:PirateHook","floor":8},{"not_picked":["blackbeard:DelayedPain","blackbeard:DangerousBlow"],"picked":"blackbeard:Sharpening","floor":13},{"not_picked":["blackbeard:BrownPants","blackbeard:JollyRoger"],"picked":"blackbeard:MegaUpgrade","floor":14},{"not_picked":["blackbeard:MegaUpgrade","blackbeard:ReapersScythe"],"picked":"blackbeard:TheDrunkenSailor","floor":16},{"not_picked":["blackbeard:CloakAndCannonball","blackbeard:PiratesWill"],"picked":"blackbeard:RearmingStrike","floor":18},{"not_picked":["blackbeard:Shrapnel","blackbeard:VengefulSpirit"],"picked":"blackbeard:CatONineTails","floor":20}],"player_experience":164701,"relics_obtained":[{"floor":3,"key":"hubris:TenFootPole"},{"floor":6,"key":"hubris:Zylophone"},{"floor":9,"key":"hubris:DeckOfHolding"},{"floor":11,"key":"Bag of Preparation"},{"floor":14,"key":"Replay:Mystery Machine"}],"event_choices":[{"damage_healed":0,"gold_gain":0,"player_choice":"Donut","damage_taken":0,"max_hp_gain":5,"max_hp_loss":0,"event_name":"Big Fish","floor":4,"gold_loss":0},{"damage_healed":0,"gold_gain":0,"player_choice":"Ignored","damage_taken":0,"max_hp_gain":0,"max_hp_loss":0,"event_name":"NoteForYourself","floor":5,"gold_loss":0},{"damage_healed":0,"gold_gain":0,"player_choice":"Inject Mutagens","damage_taken":0,"relics_obtained":["MutagenicStrength"],"max_hp_gain":0,"max_hp_loss":0,"event_name":"Drug Dealer","floor":19,"gold_loss":0}],"is_beta":false,"boss_relics":[{"not_picked":["Cursed Key","Fusion Hammer"],"picked":"Black Star"}],"items_purged_floors":[],"is_endless":false,"potions_floor_spawned":[1,6,8,18],"killed_by":"Snake Plant","ascension_level":0}}