{"host":"v0bh2tn0yj9zec73","time":1610680620,"event":{"mods":["AchievementEnabler","BaseMod","BetterRewards","Infinite Spire","Minty Spire (QoL Compilation)","Replay The Spire","StSLib"],"gold_per_floor":[110,110,110,123,139,139,168,183,183,183,201,216,236,236,236,337,337,354,374,27,27,37,37,37,37],"floor_reached":24,"language":"ENG","playtime":1526,"items_purged":[],"score":300,"play_id":"ad16c0ca-7fe7-4778-85eb-604fbca8756f","local_time":"20210114211700","is_ascension_mode":false,"campfire_choices":[{"data":"Uppercut","floor":6,"key":"SMITH"},{"floor":15,"key":"REST"},{"data":"infinitespire:OneForAll","floor":23,"key":"SMITH"}],"circlet_count":0,"master_deck":["Strike_R","Strike_R","Strike_R","Strike_R","Strike_R","Defend_R","Defend_R","Defend_R","Defend_R","Bash","Clash","Run Through","Cleave","Uppercut+1","Whirlwind","ReplayTheSpireMod:LeadingStrike","Run Through","Pommel Strike","Perfected Strike","Berserk","Ghostly Armor","Thunderclap","infinitespire:OneForAll","infinitespire:OneForAll+1","Clothesline"],"relics":["Burning Blood","Bronze Scales","Meat on the Bone","Blue Doll","Matryoshka","Replay:Bronze Core","infinitespire:Lychee Nut","Orichalcum"],"acts_visited":["Exordium","TheCity"],"potions_floor_usage":[7,7,13,16,16,24,24,24],"damage_taken":[{"damage":7,"enemies":"Small Slimes","floor":1,"turns":3},{"damage":0,"enemies":"Jaw Worm","floor":4,"turns":3},{"damage":0,"enemies":"2 Louse","floor":5,"turns":2},{"damage":26,"enemies":"Lagavulin","floor":7,"turns":4},{"damage":9,"enemies":"Gremlin Gang","floor":8,"turns":2},{"damage":8,"enemies":"Red Slaver","floor":11,"turns":2},{"damage":9,"enemies":"Blue Slaver","floor":12,"turns":3},{"damage":2,"enemies":"Looter","floor":13,"turns":2},{"damage":27,"enemies":"Slime Boss","floor":16,"turns":9},{"damage":18,"enemies":"Shell Parasite","floor":18,"turns":3},{"damage":1,"enemies":"3 Byrds","floor":19,"turns":4},{"damage":8,"enemies":"3 Cultists","floor":22,"turns":5},{"damage":72,"enemies":"Nightmare","floor":24,"turns":6}],"seed_played":"2951500035026084078","potions_obtained":[{"floor":1,"key":"Fire Potion"},{"floor":4,"key":"Reflective Coating"},{"floor":8,"key":"Explosive Potion"},{"floor":12,"key":"SkillPotion"},{"floor":14,"key":"LifebloodPotion"},{"floor":14,"key":"BlessingOfTheForge"},{"floor":16,"key":"Swift Potion"},{"floor":18,"key":"Elixir"}],"is_trial":false,"path_per_floor":["M","?","?","M","M","R","E","M","T","T","M","M","M","?","R","B",null,"M","M","$","T","M","R","NM"],"character_chosen":"IRONCLAD","items_purchased":["Clash","infinitespire:Lychee Nut","infinitespire:OneForAll"],"campfire_rested":1,"item_purchase_floors":[0,20,20],"current_hp_per_floor":[79,79,84,85,85,85,65,62,62,62,60,57,61,61,85,64,85,73,78,63,63,62,62,0,0],"gold":37,"neow_bonus":"","is_daily":false,"chose_seed":false,"campfire_upgraded":2,"win_rate":0.0,"timestamp":1610680620,"path_taken":["M","?","?","M","M","R","E","M","T","?","M","M","M","?","R","BOSS","M","?","$","?","M","R","NM"],"items_purchased_type":["Card","Relic","Card"],"build_version":"2020-12-22","purchased_purges":0,"victory":false,"max_hp_per_floor":[80,80,85,85,85,85,85,85,85,85,85,85,85,85,85,85,85,85,85,63,63,63,63,63,63],"card_choices":[{"not_picked":["Iron Wave","Flex"],"picked":"Run Through","floor":1},{"not_picked":["Bloodletting","Wild Strike"],"picked":"Cleave","floor":4},{"not_picked":["Twin Strike","Heavy Blade"],"picked":"Uppercut","floor":5},{"not_picked":["Hemokinesis","Wild Strike"],"picked":"Whirlwind","floor":7},{"not_picked":["Flex","True Grit"],"picked":"ReplayTheSpireMod:LeadingStrike","floor":8},{"not_picked":["Flex","Havoc"],"picked":"Run Through","floor":11},{"not_picked":["Warcry","Eclipse"],"picked":"Pommel Strike","floor":12},{"not_picked":["Sword Boomerang","ReplayTheSpireMod:Strike From Hell"],"picked":"Perfected Strike","floor":13},{"not_picked":["Limit Break","Brutality"],"picked":"Berserk","floor":16},{"not_picked":["Spot Weakness","Second Wind"],"picked":"Ghostly Armor","floor":18},{"not_picked":["Massacre","Uppercut+1"],"picked":"Thunderclap","floor":19},{"not_picked":["Evolve","ReplayTheSpireMod:Muscle Training"],"picked":"Clothesline","floor":22}],"player_experience":49269,"relics_obtained":[{"floor":2,"key":"Bronze Scales"},{"floor":7,"key":"Meat on the Bone"},{"floor":9,"key":"Blue Doll"},{"floor":10,"key":"Matryoshka"},{"floor":21,"key":"Orichalcum"}],"event_choices":[{"damage_healed":0,"gold_gain":0,"player_choice":"Donut","damage_taken":0,"max_hp_gain":5,"max_hp_loss":0,"event_name":"Big Fish","floor":3,"gold_loss":0},{"damage_healed":0,"gold_gain":0,"player_choice":"Got Potions","damage_taken":0,"max_hp_gain":0,"max_hp_loss":0,"event_name":"Lab","floor":14,"gold_loss":0}],"is_beta":false,"boss_relics":[{"not_picked":["ReplayTheSpireMod:SealedPack","Honey Jar"],"picked":"Replay:Bronze Core"}],"items_purged_floors":[],"is_endless":false,"potions_floor_spawned":[1,4,8,12,16,18],"killed_by":"Nightmare","ascension_level":0}}