{"host":"snn1c4qsf0fj7fzf","time":1610707144,"event":{"mods":["AchievementEnabler","Act Like it!","Astrologer","Bard","Bartender","BaseMod","Colored Powertips","Conspire","Energized Spire","Gensokyo","Gremlin Mod","Hallownest","Hermit","HololiveMod","Hubris","Infinite Spire","Koishi","Lobotomy","LobotomyExtend","Marisa????????","Minty Spire (QoL Compilation)","Pale of the Ancients","Random Character Button","Rare Cards Sparkle","Reimu??????","Remilia??????","Replay The Spire","Shop Mod","StSLib","The Animator","The Bug Knight","The Cursed","The Gatherer","The Hierophant","The Poker Player","Wandering Minibosses","vexMod"],"gold_per_floor":[215,225,136,154,79,106,6,36,36,36,36,51,51,63,63,63,63],"floor_reached":16,"language":"ENG","playtime":1075,"items_purged":["hermit:Strike_Hermit","hermit:Strike_Hermit"],"score":110,"play_id":"0618dce9-99f6-4732-ba03-e714380e93b5","local_time":"20210115183904","is_ascension_mode":false,"campfire_choices":[{"data":"hermit:WideOpen","floor":11,"key":"SMITH"},{"floor":15,"key":"REST"}],"circlet_count":0,"master_deck":["hermit:Strike_Hermit","hermit:Strike_Hermit","hermit:Defend_Hermit","hermit:Defend_Hermit","hermit:Defend_Hermit","hermit:Defend_Hermit","hermit:Snapshot","hermit:Covet","hermit:Horror","hermit:CalledShot","hermit:Ricochet","hermit:WideOpen+1","hermit:Virtue","hermit:Determination","Injury","hermit:Enervate"],"relics":["hermit:Momento","LetterFromLob","conspire:TopHat","Nunchaku","vexMod:HeadHunter","Centennial Puzzle","Letter Opener","Pear","hubris:SphereOfDissonance"],"acts_visited":["Gensokyo:Gensokyo"],"potions_floor_usage":[6,6],"damage_taken":[{"damage":2,"enemies":"Gensokyo:Gryphon","floor":1,"turns":3},{"damage":4,"enemies":"Gensokyo:3_Fairies","floor":2,"turns":3},{"damage":4,"enemies":"Gensokyo:Python","floor":4,"turns":4},{"damage":8,"enemies":"Gensokyo:Mamizou","floor":6,"turns":7},{"damage":34,"enemies":"Gensokyo:Cirno","floor":8,"turns":7},{"damage":7,"enemies":"Gensokyo:Gryphon_and_Rabbit","floor":12,"turns":3},{"damage":0,"enemies":"Gensokyo:LivingMonolith","floor":14,"turns":2},{"damage":41,"enemies":"Gensokyo:Yukari","floor":16,"turns":9}],"seed_played":"6205391750276690543","potions_obtained":[{"floor":2,"key":"Block Potion"},{"floor":4,"key":"AttackPotion"},{"floor":14,"key":"Ancient Potion"}],"is_trial":false,"path_per_floor":["M","M","COS","M","$","E","$","E","T","?","R","M","?","M","R","B"],"character_chosen":"HERMIT","items_purchased":[],"campfire_rested":1,"item_purchase_floors":[],"current_hp_per_floor":[73,69,69,65,65,57,57,23,23,18,18,11,11,11,36,0,0],"gold":63,"neow_bonus":"HUNDRED_GOLD","is_daily":false,"chose_seed":false,"campfire_upgraded":1,"win_rate":0.0,"timestamp":1610707144,"path_taken":["M","M","COS","M","$","E","$","E","T","?","R","M","?","M","R","BOSS"],"items_purchased_type":[],"build_version":"2020-12-22","purchased_purges":2,"victory":false,"max_hp_per_floor":[75,75,75,75,75,75,75,75,75,85,85,85,85,85,85,85,85],"card_choices":[{"not_picked":["hermit:DeadMansHand","hermit:NoHoldsBarred"],"picked":"hermit:Horror","floor":1},{"not_picked":["hermit:EyeOfTheStorm","hermit:SprayPray"],"picked":"hermit:CalledShot","floor":2},{"not_picked":["hermit:Snipe","hermit:TakeCover"],"picked":"hermit:Ricochet","floor":4},{"not_picked":["hermit:Manifest","hermit:Ricochet"],"picked":"hermit:WideOpen","floor":6},{"not_picked":["hermit:LuckOfTheDraw","hermit:Spite"],"picked":"hermit:Virtue","floor":8},{"not_picked":["hermit:Dive","hermit:LowProfile"],"picked":"hermit:Determination","floor":12},{"not_picked":["hermit:HoleUp","hermit:HighCaliber"],"picked":"hermit:Enervate","floor":14}],"player_experience":320180,"relics_obtained":[{"floor":1,"key":"LetterFromLob"},{"floor":6,"key":"Nunchaku"},{"floor":8,"key":"Centennial Puzzle"},{"floor":9,"key":"Letter Opener"}],"event_choices":[],"is_beta":false,"boss_relics":[],"items_purged_floors":[5,7],"is_endless":false,"potions_floor_spawned":[2,4,14],"killed_by":"Gensokyo:Yukari","ascension_level":0}}