{"host":"m9i7qe3hvz6jihjh","time":1610733178,"event":{"mods":["BaseMod","Colored Powertips","Infinite Spire","Minty Spire (QoL Compilation)","Quick Restart","StSLib","The Animator","Waifu the Spire"],"gold_per_floor":[117,140,140,158,233,233,213,235,235,2,2,27,27,47,47,159,159,179,34,34,34,34,34,49,49,49,69,168,168,188,228,228,333,333,345,345,115,115,125,159,171,186,186,102,102,102,112,129,129,129],"floor_reached":51,"language":"ENG","playtime":2553,"items_purged":["animator:Defend","animator:Strike","animator:Strike"],"score":754,"play_id":"403bdf25-0543-4199-8d9f-57021862a391","local_time":"20210115185258","is_ascension_mode":false,"campfire_choices":[{"floor":11,"key":"REST"},{"floor":13,"key":"REST"},{"floor":15,"key":"REST"},{"data":"animator:SayakaMiki","floor":23,"key":"SMITH"},{"floor":25,"key":"REST"},{"floor":29,"key":"REST"},{"floor":32,"key":"REST"},{"floor":45,"key":"REST"},{"floor":49,"key":"REST"}],"circlet_count":0,"master_deck":["animator:Strike_MadokaMagica","animator:Defend_MadokaMagica","animator:Defend","animator:Defend","animator:IrohaTamaki+1","animator:YuiTsuruno","animator:Mikaela","animator:Gluttony","animator:KyokoSakura","animator:IrohaTamaki","animator:Bozes","animator:SayakaMiki+1","animator:Kyubey","CurseOfTheBell","animator:Ainz","infinitespire:FutureSight","infinitespire:Execution","animator:MadokaKaname","animator:YachiyoNanami","animator:Eve","animator:PandorasActor","animator:HomuraAkemi","Pain","animator:YuiTsuruno","infinitespire:UltimateForm","animator:NarberalGamma+1","animator:Rena+1"],"relics":["animator:LivingPicture","animator:TheMissingPiece","animator:PurgingStone","Boot","Singing Bowl","infinitespire:FocusingShard","MealTicket","infinitespire:CheckeredPen","Calling Bell","Art of War","Paper Crane","infinitespire:CursedDice","Cursed Key","PreservedInsect","Dream Catcher","Mummified Hand","Fusion Hammer","infinitespire:BottledMercury","Prayer Wheel","Thread and Needle","Medical Kit"],"acts_visited":["Exordium","TheCity","TheBeyond"],"potions_floor_usage":[12,16,21,33,33,33,40,41,41,42,48],"damage_taken":[{"damage":6,"enemies":"Cultist","floor":1,"turns":3},{"damage":0,"enemies":"Small Slimes","floor":2,"turns":4},{"damage":3,"enemies":"2 Louse","floor":4,"turns":3},{"damage":11,"enemies":"2 Fungi Beasts","floor":8,"turns":5},{"damage":45,"enemies":"Gremlin Nob","floor":12,"turns":6},{"damage":7,"enemies":"Exordium Thugs","floor":14,"turns":4},{"damage":22,"enemies":"Slime Boss","floor":16,"turns":9},{"damage":14,"enemies":"Spheric Guardian","floor":18,"turns":4},{"damage":10,"enemies":"Chosen","floor":21,"turns":4},{"damage":39,"enemies":"Snake Plant","floor":24,"turns":5},{"damage":17,"enemies":"Snecko","floor":27,"turns":5},{"damage":10,"enemies":"Centurion and Healer","floor":30,"turns":6},{"damage":46,"enemies":"Shelled Parasite and Fungi","floor":31,"turns":6},{"damage":21,"enemies":"Champ","floor":33,"turns":13},{"damage":28,"enemies":"3 Shapes","floor":35,"turns":5},{"damage":37,"enemies":"3 Darklings","floor":39,"turns":6},{"damage":18,"enemies":"Reptomancer","floor":40,"turns":4},{"damage":19,"enemies":"Transient","floor":41,"turns":5},{"damage":19,"enemies":"Jaw Worm Horde","floor":42,"turns":6},{"damage":0,"enemies":"Spire Growth","floor":47,"turns":6},{"damage":23,"enemies":"Transient","floor":48,"turns":6},{"damage":56,"enemies":"infinitespire:MassOfShapes","floor":50,"turns":12}],"seed_played":"-5449179373080071716","potions_obtained":[{"floor":1,"key":"Dexterity Potion"},{"floor":4,"key":"SkillPotion"},{"floor":7,"key":"PowerPotion"},{"floor":14,"key":"SmokeBomb"},{"floor":18,"key":"EssenceOfSteel"},{"floor":31,"key":"DuplicationPotion"},{"floor":33,"key":"Dexterity Potion"},{"floor":40,"key":"Energy Potion"},{"floor":47,"key":"PowerPotion"},{"floor":48,"key":"SmokeBomb"}],"is_trial":false,"path_per_floor":["M","M","?","M","?","?","?","M","T","$","R","E","R","M","R","B",null,"M","$","AVR","M","?","R","M","R","T","M","?","R","M","M","R","B",null,"M","?","$","?","M","E","M","M","T","?","R","AVR","M","M","R","B",null],"character_chosen":"THE_ANIMATOR","items_purchased":["animator:IrohaTamaki","MealTicket","animator:Bozes","animator:Ainz","animator:PandorasActor","Dexterity Potion","DuplicationPotion"],"campfire_rested":8,"item_purchase_floors":[10,10,10,19,37,37,37],"current_hp_per_floor":[60,60,60,59,48,48,48,37,37,37,57,17,37,32,53,35,71,59,73,73,63,63,63,26,50,50,39,39,63,68,26,52,40,84,58,58,73,73,41,35,22,11,11,11,39,39,50,39,70,23],"gold":129,"neow_bonus":"RANDOM_COMMON_RELIC","is_daily":false,"chose_seed":false,"campfire_upgraded":1,"win_rate":0.0,"timestamp":1610733178,"path_taken":["M","?","?","M","?","?","?","M","T","$","R","E","R","?","R","BOSS","M","?","AVR","M","?","R","M","R","T","M","?","R","M","M","R","BOSS","M","?","$","?","M","E","M","M","T","?","R","AVR","?","M","R","BOSS"],"items_purchased_type":["Card","Relic","Card","Card","Card","Potion","Potion"],"build_version":"2020-12-22","purchased_purges":3,"victory":true,"max_hp_per_floor":[66,66,66,68,68,68,68,68,68,68,68,69,69,71,71,71,71,73,73,73,73,73,73,75,77,77,79,79,80,82,82,84,84,84,86,86,86,86,88,90,92,94,94,94,94,94,96,98,100,100],"card_choices":[{"not_picked":["animator:Emonzaemon","animator:MetalKnight"],"picked":"animator:Mikaela","floor":1},{"not_picked":["animator:Chung","animator:Illya"],"picked":"animator:Gluttony","floor":2},{"not_picked":["animator:Mitsuba","animator:Spearman","animator:Priestess"],"picked":"Singing Bowl","floor":4},{"not_picked":["animator:OrikoMikuni","animator:YachiyoNanami"],"picked":"animator:KyokoSakura","floor":8},{"not_picked":["animator:Laby","animator:Assassin"],"picked":"animator:SayakaMiki","floor":12},{"not_picked":["animator:DolaCouronne","animator:Ain","animator:Laby"],"picked":"Singing Bowl","floor":14},{"not_picked":["animator:Shizu","animator:GoblinSlayer"],"picked":"animator:Kyubey","floor":16},{"not_picked":["animator:Ara","animator:LeleiLaLalena+1","animator:ChaikaBohdan"],"picked":"Singing Bowl","floor":18},{"not_picked":["animator:FielNirvalen","animator:DwarfShaman","animator:Cocytus"],"picked":"Singing Bowl","floor":24},{"not_picked":["animator:Raven+1","animator:IzunaHatsuse","animator:Emonzaemon+1"],"picked":"Singing Bowl","floor":25},{"not_picked":["animator:ElricAlphonse","animator:Vanir","animator:Emonzaemon"],"picked":"Singing Bowl","floor":27},{"not_picked":["animator:Ain+1","animator:Benimaru"],"picked":"animator:MadokaKaname","floor":29},{"not_picked":["animator:MumenRider+1","animator:UneriGinkaku+1","animator:Nanami"],"picked":"Singing Bowl","floor":30},{"not_picked":["animator:NagisaMomoe","animator:SayakaMiki"],"picked":"animator:YachiyoNanami","floor":31},{"not_picked":["animator:Layla+1","animator:Illya","animator:Gillette"],"picked":"Singing Bowl","floor":32},{"not_picked":["animator:AcuraShin","animator:Hans"],"picked":"animator:Eve","floor":33},{"not_picked":["animator:Megumin+1","animator:AcuraTooru","animator:Assassin+1"],"picked":"Singing Bowl","floor":35},{"not_picked":["animator:DolaRiku+1","animator:IzunaHatsuse","animator:Yuuichirou"],"picked":"Singing Bowl","floor":39},{"not_picked":["animator:Evileye+1","animator:Melzalgald","animator:Rider"],"picked":"Singing Bowl","floor":40},{"not_picked":["animator:Millim","animator:Souei","animator:Hakurou"],"picked":"Singing Bowl","floor":41},{"not_picked":["animator:WinryRockbell","animator:DolaRiku"],"picked":"animator:HomuraAkemi","floor":42},{"not_picked":["animator:Azekura","animator:FielNirvalen+1"],"picked":"animator:YuiTsuruno","floor":45},{"not_picked":["animator:Sloth+1","animator:ChlammyZell"],"picked":"animator:NarberalGamma+1","floor":47},{"not_picked":["animator:Yoichi+1","animator:Elsword","animator:MumenRider+1"],"picked":"Singing Bowl","floor":47},{"not_picked":["animator:Kaijin+1","animator:KyokoSakura"],"picked":"animator:Rena+1","floor":48},{"not_picked":["animator:Cocytus","animator:KyokoSakura","animator:Tatsumaki+1"],"picked":"Singing Bowl","floor":48},{"not_picked":["animator:Gluttony+1","animator:Cocytus","animator:DolaRiku+1"],"picked":"Singing Bowl","floor":49}],"player_experience":904487,"relics_obtained":[{"floor":3,"key":"Singing Bowl"},{"floor":9,"key":"infinitespire:FocusingShard"},{"floor":12,"key":"infinitespire:CheckeredPen"},{"floor":17,"key":"Art of War"},{"floor":17,"key":"Paper Crane"},{"floor":17,"key":"infinitespire:CursedDice"},{"floor":26,"key":"Mummified Hand"},{"floor":40,"key":"infinitespire:BottledMercury"},{"floor":43,"key":"Prayer Wheel"}],"event_choices":[{"damage_healed":0,"gold_gain":75,"player_choice":"Gather Gold","damage_taken":11,"max_hp_gain":0,"max_hp_loss":0,"event_name":"World of Goop","floor":5,"gold_loss":0},{"damage_healed":0,"gold_gain":0,"player_choice":"Grow","damage_taken":0,"max_hp_gain":0,"max_hp_loss":0,"event_name":"Living Wall","floor":6,"gold_loss":0,"cards_upgraded":["animator:IrohaTamaki"]},{"damage_healed":0,"gold_gain":0,"player_choice":"Bought 1 Potion","damage_taken":0,"max_hp_gain":0,"max_hp_loss":0,"event_name":"The Woman in Blue","floor":7,"gold_loss":0},{"damage_healed":0,"gold_gain":0,"player_choice":"Stole Relic","damage_taken":0,"relics_obtained":["Dream Catcher"],"max_hp_gain":0,"max_hp_loss":0,"event_name":"Addict","floor":22,"gold_loss":0,"cards_obtained":["Shame"]},{"damage_healed":0,"gold_gain":99,"player_choice":"Stole From Cult","damage_taken":0,"max_hp_gain":0,"max_hp_loss":0,"event_name":"Nest","floor":28,"gold_loss":0},{"cards_removed":["animator:Strike"],"damage_healed":0,"gold_gain":0,"player_choice":"Removed Attack","damage_taken":0,"max_hp_gain":0,"max_hp_loss":0,"event_name":"Falling","floor":36,"gold_loss":0},{"cards_removed":["Writhe"],"damage_healed":0,"gold_gain":0,"player_choice":"Removed","damage_taken":0,"max_hp_gain":0,"max_hp_loss":0,"event_name":"The Cursed Forest","floor":38,"gold_loss":0},{"cards_removed":["Shame"],"damage_healed":0,"gold_gain":0,"player_choice":"Removed","damage_taken":0,"max_hp_gain":0,"max_hp_loss":0,"event_name":"The Cursed Forest","floor":38,"gold_loss":0},{"damage_healed":0,"gold_gain":0,"player_choice":"Paid Gold","damage_taken":0,"relics_obtained":["Thread and Needle"],"max_hp_gain":0,"max_hp_loss":0,"event_name":"WeMeetAgain","floor":44,"gold_loss":84}],"is_beta":false,"boss_relics":[{"not_picked":["Busted Crown","animator:HolyGrailRelic"],"picked":"Calling Bell"},{"not_picked":["Coffee Dripper","Runic Dome"],"picked":"Fusion Hammer"}],"items_purged_floors":[20,37,46],"is_endless":false,"potions_floor_spawned":[1,4,14,18,31,33,40,47,48],"ascension_level":0}}