{"host":"z9nhqy1wc0bvpk1o","time":1610673000,"event":{"mods":["BaseMod","Colored Map","Colored Powertips","Downfall","Minty Spire (QoL Compilation)","Replay The Spire","StSLib","The Cursed"],"gold_per_floor":[99,99,99,99,99,118,118,134,160,160,170,170,203,3,3,105,105,118,118,118],"floor_reached":19,"language":"ENG","playtime":1859,"items_purged":[],"score":165,"play_id":"e733af37-63b5-470e-9db0-38bfdfcc5b96","local_time":"20210115011000","is_ascension_mode":false,"campfire_choices":[{"data":"Rupture","floor":10,"key":"SMITH"},{"data":"Double Tap","floor":12,"key":"SMITH"},{"floor":15,"key":"REST"}],"circlet_count":0,"master_deck":["Strike_R","Strike_R","Strike_R","Strike_R","Strike_R+1","Defend_R","Defend_R","Bash","Double Tap+1","Metallicize","Self Repair+1","Regret","Intimidate","Feed","Heavy Blade+1","Rupture+1","Bludgeon","Flex","Hemogenesis","Warcry","Clothesline"],"relics":["Iron Core","Replay:Wax Seal","Blood Vial","Prayer Wheel","Boot","Red Skull","Whetstone","Busted Crown"],"acts_visited":["Exordium","TheCity"],"potions_floor_usage":[15],"damage_taken":[{"damage":6,"enemies":"Jaw Worm","floor":1,"turns":3},{"damage":12,"enemies":"2 Louse","floor":6,"turns":3},{"damage":9,"enemies":"Cultist","floor":8,"turns":4},{"damage":23,"enemies":"Large Slime","floor":11,"turns":6},{"damage":47,"enemies":"Gremlin Nob","floor":13,"turns":5},{"damage":47,"enemies":"Slime Boss","floor":16,"turns":9},{"damage":46,"enemies":"Shell Parasite","floor":18,"turns":5},{"damage":25,"enemies":"3 Byrds","floor":19,"turns":3}],"seed_played":"-4326444776296676901","potions_obtained":[{"floor":11,"key":"BloodPotion"},{"floor":13,"key":"hexamod:EctoCoolerPotion"}],"is_trial":false,"path_per_floor":["M","?","?","?","T","M","?","M","T","R","M","R","E","$","R","B",null,"M","M"],"character_chosen":"IRONCLAD","items_purchased":["Flex","Whetstone"],"campfire_rested":1,"item_purchase_floors":[14,14],"current_hp_per_floor":[80,80,80,73,73,73,73,79,79,79,71,71,36,36,78,46,89,53,30,30],"gold":118,"neow_bonus":"TRANSFORM_CARD","is_daily":false,"chose_seed":false,"campfire_upgraded":2,"win_rate":0.0,"timestamp":1610673000,"path_taken":["M","?","?","?","?","?","?","M","T","R","M","R","E","$","R","BOSS","M","?"],"items_purchased_type":["Card","Relic"],"build_version":"2020-12-22","purchased_purges":0,"victory":false,"max_hp_per_floor":[80,80,80,80,80,80,80,83,83,83,86,86,86,86,86,89,89,89,89,89],"card_choices":[{"not_picked":["Clothesline","Thunderclap"],"picked":"Metallicize","floor":1},{"not_picked":["Warcry","Disarm"],"picked":"Intimidate","floor":6},{"not_picked":["Anger","Disarm","Body Slam"],"picked":"SKIP","floor":6},{"not_picked":["Thunderclap","Gash"],"picked":"Heavy Blade","floor":8},{"not_picked":["Hemokinesis","Capacitor"],"picked":"Rupture","floor":8},{"not_picked":["Gash","Armaments"],"picked":"Bludgeon","floor":11},{"not_picked":["Turbo","Hologram","Shrug It Off"],"picked":"SKIP","floor":11},{"not_picked":["Replay:Undeath\u0027s Touch","ReplayTheSpireMod:Repulse","Battle Trance"],"picked":"SKIP","floor":13},{"not_picked":["Feed","Replay:Many Hands"],"picked":"Hemogenesis","floor":16},{"not_picked":[],"picked":"Warcry","floor":18},{"not_picked":[],"picked":"Clothesline","floor":18}],"player_experience":20139,"relics_obtained":[{"floor":5,"key":"Prayer Wheel"},{"floor":9,"key":"Boot"},{"floor":13,"key":"Red Skull"}],"event_choices":[{"damage_healed":0,"gold_gain":0,"player_choice":"Box","damage_taken":0,"relics_obtained":["Replay:Wax Seal"],"max_hp_gain":0,"max_hp_loss":0,"event_name":"Big Fish","floor":3,"gold_loss":0,"cards_obtained":["Regret"]},{"damage_healed":0,"gold_gain":0,"player_choice":"Success","damage_taken":7,"relics_obtained":["Blood Vial"],"max_hp_gain":0,"max_hp_loss":0,"event_name":"Scrap Ooze","floor":4,"gold_loss":0},{"damage_healed":0,"gold_gain":0,"cards_transformed":["Defend_R"],"player_choice":"Transformed","damage_taken":0,"max_hp_gain":0,"max_hp_loss":0,"event_name":"Transmorgrifier","floor":7,"gold_loss":0,"cards_obtained":["Feed"]}],"is_beta":false,"boss_relics":[{"not_picked":["Black Star","ChewingGum"],"picked":"Busted Crown"}],"items_purged_floors":[],"is_endless":false,"potions_floor_spawned":[11,13],"killed_by":"3 Byrds","ascension_level":0}}