{"host":"UwU","time":1610720085,"event":{"mods":["AchievementEnabler","Act Like it!","BaseMod","Better Altar","Better Match","Better Note","Better Sensory Stone","Better Skull","Better Third Choice","BetterRewards","CCEM","Clawfect","Colored Map","Conspire","Downfall","GifTheSpireLib","Googly Eyes","Hermit","Highlight Path","Hubris","Hunter ??","Infinite Spire","Minty Spire (QoL Compilation)","Permanent Neow","Replay The Spire","StSLib","Unceasing Turn Reminder","everything is the same but u backflip on backflip","slay the spire mod where everything is the same but ironclad has a cowboy hat"],"gold_per_floor":[115,128,139,139,158,158,5,21,21,34,34,34,34,34,54,67,132,227,277,293,293,293,313,1,1,18,18,18,34,34,50,50,50,50,146,146,157,232,232,252,264,264,264,264,264,264,276,276,276,276],"floor_reached":49,"playtime":2179,"items_purged":["Strike_R"],"score":429,"play_id":"f51aaeeb-63f8-4785-a445-c7fad4738f0a","local_time":"20210115091445","is_ascension_mode":false,"campfire_choices":[{"data":"Infernal Blade","floor":6,"key":"SMITH"},{"data":"ReplayTheSpireMod:Muscle Training","floor":25,"key":"SMITH"},{"data":"Berserk","floor":30,"key":"SMITH"},{"floor":32,"key":"REST"},{"data":"Life Link","floor":34,"key":"SMITH"},{"floor":42,"key":"REST"},{"floor":46,"key":"REST"},{"floor":48,"key":"REST"}],"circlet_count":0,"master_deck":["Strike_R+1","Strike_R+1","Defend_R+1","Defend_R+1","Defend_R+1","Defend_R+1","Bash","Evolve","Fire Breathing","Blood for Blood+1","Infernal Blade+1","Life Link+1","Hemokinesis","ReplayTheSpireMod:Muscle Training+1","Berserk+1","Limit Break+1","Rage","Cleave","Rage","Inflame+1","Twin Strike","Run Through","hubris:SharpeningStone+1","Limit Break","Spot Weakness+1","infinitespire:SevenWalls","Iron Wave+1"],"relics":["Burning Blood","Oddly Smooth Stone","Pantograph","Replay:Bottled Snecko","Tiny House","Lee\u0027s Waffle","Centennial Puzzle","Empty Cage","Bottled Lightning","hubris:DisguiseKit","hubris:64BitClover"],"acts_visited":["Exordium","TheCity","TheBeyond"],"potions_floor_usage":[15,15,15,20,20,20,20,20,23,26,41,41,41,49],"damage_taken":[{"damage":3,"enemies":"Cultist","floor":1,"turns":5},{"damage":5,"enemies":"2 Louse","floor":2,"turns":2},{"damage":8,"enemies":"Jaw Worm","floor":3,"turns":6},{"damage":16,"enemies":"2 Fungi Beasts","floor":5,"turns":4},{"damage":2,"enemies":"Blue Slaver","floor":8,"turns":4},{"damage":13,"enemies":"Lots of Slimes","floor":10,"turns":4},{"damage":0,"enemies":"Large Slime","floor":15,"turns":9},{"damage":10,"enemies":"2 Fungi Beasts","floor":16,"turns":3},{"damage":14,"enemies":"Slime Boss","floor":18,"turns":7},{"damage":10,"enemies":"Shell Parasite","floor":20,"turns":5},{"damage":31,"enemies":"2 Thieves","floor":23,"turns":4},{"damage":24,"enemies":"Chosen and Byrds","floor":26,"turns":6},{"damage":16,"enemies":"Centurion and Healer","floor":29,"turns":5},{"damage":19,"enemies":"Shelled Parasite and Fungi","floor":31,"turns":5},{"damage":62,"enemies":"hubris:MusketHawk","floor":35,"turns":8},{"damage":39,"enemies":"Orb Walker","floor":37,"turns":4},{"damage":11,"enemies":"3 Shapes","floor":40,"turns":4},{"damage":48,"enemies":"Transient","floor":41,"turns":5},{"damage":54,"enemies":"Jaw Worm Horde","floor":47,"turns":6},{"damage":64,"enemies":"Nemesis","floor":49,"turns":4}],"seed_played":"8877928206863182186","potions_obtained":[{"floor":2,"key":"SkillPotion"},{"floor":8,"key":"SpeedPotion"},{"floor":18,"key":"Strength Potion"},{"floor":19,"key":"EntropicBrew"},{"floor":20,"key":"Weak Potion"},{"floor":26,"key":"Languid Potion"},{"floor":35,"key":"champ:CounterPotion"},{"floor":40,"key":"ColorlessPotion"},{"floor":47,"key":"PowerPotion"}],"is_trial":false,"path_per_floor":["M","M","M","?","M","R","$","M","T","M","$","T","PTL","PTL","M","M","R_BF","B",null,"M","?","?","M","$","R","M","?","T","M","R","M","R","?","R","B",null,"M","T","?","M","M","R","AVR","?","T","R","M","R","E"],"character_chosen":"IRONCLAD","items_purchased":["LifebloodPotion","Lee\u0027s Waffle","Inflame","EssenceOfSteel"],"campfire_rested":4,"item_purchase_floors":[7,24,24,24],"current_hp_per_floor":[80,80,78,78,68,68,68,72,72,65,65,65,65,65,71,67,67,72,85,81,81,81,56,92,92,74,74,74,64,64,51,78,83,83,36,92,59,59,59,54,12,39,39,39,39,66,18,45,0,0],"gold":276,"neow_bonus":"RANDOM_COMMON_RELIC","is_daily":false,"chose_seed":false,"campfire_upgraded":4,"win_rate":0.0,"timestamp":1610720085,"path_taken":["M","M","?","?","M","R","?","M","T","M","?","?","PTL","PTL","M","M","R_BF","BOSS","M","?","?","M","$","R","M","?","T","M","R","M","R","?","R","BOSS","M","?","?","M","M","R","AVR","?","T","R","M","R","E"],"items_purchased_type":["Potion","Relic","Card","Potion"],"build_version":"2020-11-17","purchased_purges":1,"victory":false,"max_hp_per_floor":[80,80,80,80,80,80,80,80,80,80,80,80,80,80,80,80,80,80,85,85,85,85,85,92,92,92,92,92,92,92,92,92,92,92,92,92,92,92,92,92,92,92,92,92,92,92,92,92,92,92],"card_choices":[{"not_picked":["Clash","ReplayTheSpireMod:Strike From Hell"],"picked":"Evolve","floor":1},{"not_picked":["Battle Trance","Life Link"],"picked":"Fire Breathing","floor":2},{"not_picked":["Defy Death","ReplayTheSpireMod:Strike From Hell"],"picked":"Blood for Blood","floor":3},{"not_picked":["Metallicize","Body Slam"],"picked":"Infernal Blade","floor":5},{"not_picked":["ReplayTheSpireMod:Stacked","Replay:Undeath\u0027s Touch"],"picked":"Life Link","floor":8},{"not_picked":["Armaments","Iron Wave"],"picked":"Hemokinesis","floor":10},{"not_picked":["Sword Boomerang","Flex"],"picked":"ReplayTheSpireMod:Muscle Training","floor":15},{"not_picked":["Sentinel","conspire:Charge"],"picked":"Berserk","floor":16},{"not_picked":["Berserk","Fiend Fire"],"picked":"Limit Break","floor":18},{"not_picked":["Iron Wave","Havoc"],"picked":"Rage","floor":19},{"not_picked":["Abandon+1","conspire:Charge"],"picked":"Cleave","floor":20},{"not_picked":["Perfected Strike","Eclipse"],"picked":"Rage","floor":23},{"not_picked":["True Grit","hubris:SharpeningStone"],"picked":"Twin Strike","floor":26},{"not_picked":["Sword Boomerang+1","Shrug It Off+1"],"picked":"Run Through","floor":29},{"not_picked":["Double Tap","Clothesline"],"picked":"hubris:SharpeningStone+1","floor":31},{"not_picked":["Demonic Infusion","Barricade"],"picked":"Limit Break","floor":35},{"not_picked":["Havoc+1","Flame Barrier+1","Shockwave"],"picked":"SKIP","floor":37},{"not_picked":["hubris:ReadiedAction+1","Flex"],"picked":"Spot Weakness+1","floor":40},{"not_picked":["True Grit","Pommel Strike","Cleave"],"picked":"SKIP","floor":41},{"not_picked":["Ghostly Armor+1","Evolve+1","Coolheaded"],"picked":"Iron Wave+1","floor":47}],"player_experience":36675,"relics_obtained":[{"floor":9,"key":"Pantograph"},{"floor":12,"key":"Replay:Bottled Snecko"},{"floor":28,"key":"Centennial Puzzle"},{"floor":38,"key":"Bottled Lightning"},{"floor":45,"key":"hubris:64BitClover"}],"event_choices":[{"damage_healed":0,"gold_gain":0,"player_choice":"Forge","damage_taken":0,"max_hp_gain":0,"max_hp_loss":0,"event_name":"Accursed Blacksmith","floor":4,"gold_loss":0,"cards_upgraded":["Blood for Blood"]},{"damage_healed":0,"gold_gain":0,"player_choice":"Ignored","damage_taken":0,"max_hp_gain":0,"max_hp_loss":0,"event_name":"betterNote:BetterNote","floor":21,"gold_loss":0,"cards_obtained":["Slimebound:SplitLeeching"]},{"damage_healed":0,"gold_gain":0,"player_choice":"Simplicity","damage_taken":0,"max_hp_gain":0,"max_hp_loss":8,"event_name":"betterThird:BetterWriting","floor":22,"gold_loss":0},{"damage_healed":5,"gold_gain":0,"player_choice":"LEAVE ","damage_taken":0,"relics_obtained":[],"max_hp_gain":0,"max_hp_loss":0,"event_name":"betterSkull:BetterSkull","floor":33,"gold_loss":0,"cards_upgraded":[]}],"is_beta":true,"boss_relics":[{"not_picked":["Velvet Choker","hubris:GrandSneckoEye"],"picked":"Tiny House"},{"not_picked":["Runic Dome","Replay:Bronze Core"],"picked":"Empty Cage"}],"items_purged_floors":[7],"is_endless":false,"potions_floor_spawned":[2,8,10,18,20,26,35,40,47],"killed_by":"Nemesis","ascension_level":0}}