{"host":"pa65g39v0cwbmgvo","time":1610705064,"event":{"mods":["2.2 Compatiblity","ATMod(°¢èªMod)","BaseMod","Better Skull","Better Third Choice","BetterRewards","Dota2Spire","Minty Spire (QoL Compilation)","Quick Restart","Replay The Spire","Spicy Shops","StSLib","SuperFastMode","¡¾ÒÅÎï¿¨ÅÆ¡¿REMEMod"],"gold_per_floor":[116,116,66,119,137,169,169,201,201,232,85,148,206,216,216,311,311,322,336,336,352,352,681,681,707,758,787,787,801,813,833,833,935,935,953,972,991,1005,1005,1005,1037,1053,1053,1087,1087,1122,1142,1142,1142,1142,1142,1142,33,67,67],"floor_reached":56,"language":"ZHS","playtime":1679,"items_purged":["Strike_R","Strike_R","Strike_R+1"],"score":1875,"play_id":"bd27070b-75ea-43c2-bdf1-a1fc111e4c96","local_time":"20210115180424","is_ascension_mode":true,"campfire_choices":[{"data":"Armaments","floor":7.0,"key":"SMITH"},{"floor":15.0,"key":"RECALL"},{"data":"Adrenaline","floor":24.0,"key":"SMITH"},{"data":"Armaments","floor":28.0,"key":"SMITH"},{"data":"Barricade","floor":32.0,"key":"SMITH"},{"data":"Entrench","floor":40.0,"key":"SMITH"},{"data":"True Grit","floor":45,"key":"SMITH"},{"data":"Shrug It Off","floor":49,"key":"SMITH"},{"data":"Dark Embrace","floor":52,"key":"SMITH"}],"circlet_count":0,"master_deck":["Defend_R","Defend_R","Defend_R","Defend_R+1","Bash","Adrenaline+1","AT_FamilyPortrait","Sword Boomerang","AT_DrawKnifeCut","Body Slam","Armaments+1","Armaments+1","Body Slam","True Grit+1","Barricade+1","Dark Embrace+1","AT_ManFootWork+1","Entrench+1","Body Slam+1","Madness","Madness","Shrug It Off+1","AT_BodySlamDance","Evolve+1"],"relics":["Burning Blood","REME_ComplimentaryCards","AT_ATBox","Replay:Kaleidoscope","Blue Candle","AT_ImmortalShieldbow","Simple Rune","Dota2Spire:DivineRapier","Orrery","Dota2Spire:BattleFury","Dota2Spire:Butterfly","Replay:Bottled Snecko","Paper Frog","AT_BellowingDragoncrestRing","AT_TimeSand","Oddly Smooth Stone","AT_ChloranthyRing","Nunchaku","Counterbalance","Mark of Pain","Old Coin","Dota2Spire:OrchidMalevolence","Dota2Spire:PowerTreads","REME_DuelDisc","Dota2Spire:Dagon","Blood Vial","AT_GuinsooRageblade","MealTicket","Ornamental Fan","Toolbox","Sling","Red Skull","AT_SilvercatRing"],"acts_visited":["Exordium","TheCity","TheBeyond","TheEnding"],"potions_floor_usage":[41,47,50,50,50,54,55,55],"damage_taken":[{"damage":0.0,"enemies":"Jaw Worm","floor":1.0,"turns":1.0},{"damage":0.0,"enemies":"Small Slimes","floor":5.0,"turns":1.0},{"damage":0.0,"enemies":"Lagavulin","floor":6.0,"turns":3.0},{"damage":3.0,"enemies":"3 Sentries","floor":8.0,"turns":2.0},{"damage":0.0,"enemies":"Gremlin Nob","floor":10.0,"turns":1.0},{"damage":0.0,"enemies":"Gremlin Nob","floor":12.0,"turns":2.0},{"damage":0.0,"enemies":"3 Sentries","floor":13.0,"turns":2.0},{"damage":2.0,"enemies":"2 Louse","floor":14.0,"turns":2.0},{"damage":0.0,"enemies":"The Guardian","floor":16.0,"turns":4.0},{"damage":0.0,"enemies":"Shell Parasite","floor":18.0,"turns":1.0},{"damage":8.0,"enemies":"3 Byrds","floor":19.0,"turns":3.0},{"damage":17.0,"enemies":"Centurion and Healer","floor":21.0,"turns":2.0},{"damage":27.0,"enemies":"Gremlin Leader","floor":23.0,"turns":5.0},{"damage":0.0,"enemies":"Slavers","floor":25.0,"turns":1.0},{"damage":11.0,"enemies":"Book of Stabbing","floor":27.0,"turns":3.0},{"damage":9.0,"enemies":"3 Cultists","floor":29.0,"turns":3.0},{"damage":0.0,"enemies":"Snecko","floor":30.0,"turns":2.0},{"damage":0.0,"enemies":"Snake Plant","floor":31.0,"turns":1.0},{"damage":15.0,"enemies":"Automaton","floor":33.0,"turns":4.0},{"damage":12.0,"enemies":"3 Darklings","floor":35.0,"turns":3.0},{"damage":0.0,"enemies":"Orb Walker","floor":36.0,"turns":2.0},{"damage":0.0,"enemies":"Spire Growth","floor":37.0,"turns":2.0},{"damage":0.0,"enemies":"Maw","floor":38.0,"turns":4.0},{"damage":24,"enemies":"Reptomancer","floor":41,"turns":5},{"damage":0,"enemies":"Sphere and 2 Shapes","floor":42,"turns":1},{"damage":0,"enemies":"Giant Head","floor":44,"turns":3},{"damage":0,"enemies":"R_Hoarder","floor":46,"turns":4},{"damage":0,"enemies":"Transient","floor":47,"turns":4},{"damage":61,"enemies":"Replay:Hell Engine","floor":50,"turns":11},{"damage":0,"enemies":"Shield and Spear","floor":54,"turns":2},{"damage":70,"enemies":"The Heart","floor":55,"turns":5}],"seed_played":"-6071390551456425515","potions_obtained":[{"floor":1.0,"key":"Block Potion"},{"floor":4.0,"key":"EntropicBrew"},{"floor":8.0,"key":"FearPotion"},{"floor":12.0,"key":"REME_GoldPotion"},{"floor":18.0,"key":"Reflective Coating"},{"floor":27.0,"key":"BloodPotion"},{"floor":29.0,"key":"Dexterity Potion"},{"floor":30.0,"key":"BloodPotion"},{"floor":35.0,"key":"Dota2Spire:Clarity"},{"floor":42,"key":"Elixir"},{"floor":47,"key":"EssenceOfSteel"}],"is_trial":false,"path_per_floor":["M","?","?","?","M","E","R","E","T","E","$","?","E","M","R","B",null,"M","M","?","M","?","E","R","E","T","E","R","M","M","M","R","B",null,"M","M","M","M","?","R","E","M","T","E","R","E","M","?","R","B",null,"R","$","E","B",null],"character_chosen":"IRONCLAD","items_purchased":["Replay:Kaleidoscope","Blue Candle","AT_ImmortalShieldbow","Simple Rune","Orrery","Dota2Spire:BattleFury","Dota2Spire:Butterfly","Body Slam","Armaments","AT_ChloranthyRing","Ornamental Fan","Toolbox","AT_BodySlamDance","Sling","Red Skull","Energy Potion","Strength Potion","ColorlessPotion"],"campfire_rested":0,"item_purchase_floors":[0,0,0,0,0,0,0,0,0,11,53,53,53,53,53,53,53,53],"current_hp_per_floor":[80,80,80,80,80,80,80,80,80,80,80,80,80,80,80,80,80,80,78,78,67,80,59,59,80,80,75,75,72,78,80,80,71,80,74,80,80,80,70,70,52,58,58,66,66,74,80,80,80,57,80,80,80,80,80],"gold":67,"neow_bonus":"","is_daily":false,"chose_seed":false,"campfire_upgraded":8,"win_rate":0.0,"timestamp":1610705064,"path_taken":["M","?","?","?","M","E","R","E","T","E","$","?","E","M","R","BOSS","M","M","?","M","?","E","R","E","T","E","R","M","M","M","R","BOSS","M","M","M","?","?","R","E","M","T","E","R","E","M","?","R","BOSS","R","$","E","BOSS"],"items_purchased_type":["Relic","Relic","Relic","Relic","Relic","Relic","Relic","Card","Card","Relic","Relic","Relic","Card","Relic","Relic","Potion","Potion","Potion"],"build_version":"2020-12-22","purchased_purges":3,"victory":true,"max_hp_per_floor":[80,80,80,80,80,80,80,80,80,80,80,80,80,80,80,80,80,80,80,80,80,80,80,80,80,80,80,80,80,80,80,80,80,80,80,80,80,80,80,80,80,80,80,80,80,80,80,80,80,80,80,80,80,80,80],"card_choices":[{"not_picked":["Twin Strike","Rampage"],"picked":"Sword Boomerang","floor":0.0},{"not_picked":["Pommel Strike","ReplayTheSpireMod:Corrosion Curse"],"picked":"AT_DrawKnifeCut","floor":0.0},{"not_picked":["AT_CaressingTears","AT_GerminateFire"],"picked":"Armaments","floor":1.0},{"not_picked":["Clash","REME_ACTH"],"picked":"Body Slam","floor":4.0},{"not_picked":["Anger","Abandon","Body Slam"],"picked":"SKIP","floor":5.0},{"not_picked":["Anger","Clothesline","Havoc"],"picked":"SKIP","floor":6.0},{"not_picked":["Twin Strike","Clothesline","Armaments"],"picked":"SKIP","floor":8.0},{"not_picked":["Burning Pact","Thunderclap","Rage"],"picked":"SKIP","floor":10.0},{"not_picked":["Power Through","Warcry"],"picked":"True Grit","floor":12.0},{"not_picked":["Rampage","REME_SingleHolding"],"picked":"Barricade","floor":13.0},{"not_picked":["Shrug It Off","Power Through","ReplayTheSpireMod:Corrosion Curse"],"picked":"SKIP","floor":14.0},{"not_picked":["Run Through+1","Reckless Charge","Cleave"],"picked":"SKIP","floor":18.0},{"not_picked":["Clothesline+1","ReplayReversal+1","Flex+1"],"picked":"SKIP","floor":19.0},{"not_picked":["REME_Cut","Infernal Blade"],"picked":"Dark Embrace","floor":21.0},{"not_picked":["Infernal Blade","Feed","Thunderclap+1"],"picked":"SKIP","floor":23.0},{"not_picked":["Seeing Red+1","Inflame"],"picked":"AT_ManFootWork+1","floor":25.0},{"not_picked":["Hemokinesis","Metallicize","Intimidate"],"picked":"SKIP","floor":27.0},{"not_picked":["AT_DrawKnifeCut","Dropkick+1","Replay:Undeath\u0027s Touch"],"picked":"SKIP","floor":29.0},{"not_picked":["ReplayTheSpireMod:Strike From Hell","ReplayTheSpireMod:Corrosion Curse+1","Rage"],"picked":"SKIP","floor":30.0},{"not_picked":["Cleave","Pommel Strike","Armaments"],"picked":"SKIP","floor":31.0},{"not_picked":["Intimidate","Twin Strike+1","Flex"],"picked":"SKIP","floor":35.0},{"not_picked":["Rampage","Perfected Strike"],"picked":"Entrench","floor":36.0},{"not_picked":["Heavy Blade","Body Slam","Replay:Undeath\u0027s Touch+1"],"picked":"SKIP","floor":37.0},{"not_picked":["Fire Breathing","Dual Wield"],"picked":"Body Slam+1","floor":38.0},{"not_picked":["REME_Scribble","Clash+1","REME_Cut"],"picked":"SKIP","floor":41},{"not_picked":["Anger+1","Infernal Blade+1","Havoc+1"],"picked":"SKIP","floor":42},{"not_picked":["Life Link+1","ReplayTheSpireMod:Strike From Hell","Demon Form"],"picked":"SKIP","floor":44},{"not_picked":["Twin Strike","Dual Wield+1","Shockwave+1"],"picked":"SKIP","floor":46},{"not_picked":["Flex","Run Through+1"],"picked":"Shrug It Off","floor":47},{"not_picked":["Cleave+1","Carnage"],"picked":"Evolve+1","floor":54}],"player_experience":71932,"relics_obtained":[{"floor":4.0,"key":"Replay:Bottled Snecko"},{"floor":6.0,"key":"Paper Frog"},{"floor":8.0,"key":"AT_BellowingDragoncrestRing"},{"floor":9.0,"key":"AT_TimeSand"},{"floor":10.0,"key":"Oddly Smooth Stone"},{"floor":12.0,"key":"Nunchaku"},{"floor":13.0,"key":"Counterbalance"},{"floor":23.0,"key":"Old Coin"},{"floor":25.0,"key":"Dota2Spire:OrchidMalevolence"},{"floor":27.0,"key":"Dota2Spire:PowerTreads"},{"floor":41,"key":"Dota2Spire:Dagon"},{"floor":43,"key":"Blood Vial"},{"floor":44,"key":"AT_GuinsooRageblade"},{"floor":46,"key":"MealTicket"},{"floor":54,"key":"AT_SilvercatRing"}],"event_choices":[{"damage_healed":0.0,"max_hp_gain":0.0,"max_hp_loss":0.0,"gold_gain":0.0,"event_name":"betterThird:BetterSerpent","player_choice":"Ignored","floor":2.0,"gold_loss":0.0,"damage_taken":116.0},{"cards_removed":["Strike_R"],"damage_healed":0.0,"max_hp_gain":0.0,"max_hp_loss":0.0,"gold_gain":0.0,"event_name":"The Cleric","player_choice":"Card Removal","floor":3.0,"gold_loss":50.0,"damage_taken":0.0},{"damage_healed":0.0,"max_hp_gain":0.0,"max_hp_loss":0.0,"gold_gain":0.0,"event_name":"Dead Adventurer","player_choice":"Searched \u00271\u0027 times","floor":12.0,"gold_loss":0.0,"damage_taken":0.0},{"damage_healed":13.0,"max_hp_gain":0.0,"max_hp_loss":0.0,"gold_gain":0.0,"event_name":"Wheel of Change","player_choice":"Full Heal","floor":22.0,"gold_loss":0.0,"damage_taken":0.0},{"damage_healed":0.0,"max_hp_gain":0.0,"max_hp_loss":0.0,"gold_gain":0.0,"event_name":"Winding Halls","player_choice":"Embrace Madness","floor":39.0,"gold_loss":0.0,"damage_taken":10.0,"cards_obtained":["Madness","Madness"]},{"cards_removed":["Strike_R"],"damage_healed":0,"gold_gain":0,"player_choice":"Removed Attack","damage_taken":0,"max_hp_gain":0,"max_hp_loss":0,"event_name":"Falling","floor":48,"gold_loss":0}],"is_beta":false,"boss_relics":[{"not_picked":["REME_DemonsWealth","Snecko Eye"],"picked":"Mark of Pain"},{"not_picked":["Painkiller Herb","Honey Jar"],"picked":"REME_DuelDisc"}],"items_purged_floors":[0,53,53],"is_endless":false,"potions_floor_spawned":[1,8,12,13,14,18,23,27,29,30,35,38,42,44,47],"ascension_level":4}}