{"host":"jn2qdns2nxijvlnt","time":1610734023,"event":{"mods":["BaseMod","Minty Spire (QoL Compilation)","Quick Restart"],"gold_per_floor":[110,385,400,417,417,417,446,446,470,13,13,13,13,48,48,148,148,160,12,12,111,122,147,166,166,166,179,192,210,15,15,15,111,111,121,0,999,1010,320,338,338,338],"floor_reached":41,"language":"ENG","playtime":5150,"items_purged":["Regret"],"score":494,"play_id":"0ef76bbf-31ad-4cfd-9f5c-f0cf42a3120a","local_time":"20210115130703","is_ascension_mode":false,"campfire_choices":[{"data":"CrushJoints","floor":6.0,"key":"SMITH"},{"floor":8.0,"key":"REST"},{"floor":12.0,"key":"REST"},{"data":"WindmillStrike","floor":15.0,"key":"SMITH"},{"data":"Establishment","floor":25.0,"key":"SMITH"},{"data":"EmptyFist","floor":32.0,"key":"SMITH"}],"circlet_count":0,"master_deck":["Defend_P+1","Defend_P","Defend_P","Defend_P","Eruption","Vigilance","CrushJoints+1","JustLucky","SignatureMove","Consecrate+1","Pray","WindmillStrike+1","DeusExMachina+1","FlyingSleeves+1","EmptyFist+1","Bite","Bite","Bite+1","Bite","Bite+1","PathToVictory+1","Establishment+1","FollowUp","Vault","FollowUp+1","EmptyBody","Good Instincts"],"relics":["PureWater","NeowsBlessing","Omamori","Gremlin Horn","ClockworkSouvenir","Regal Pillow","Juzu Bracelet","VioletLotus","War Paint","Bottled Flame","Toolbox","SlaversCollar","Red Mask","Whetstone","Pen Nib","PrismaticShard"],"acts_visited":["Exordium","TheCity","TheBeyond"],"potions_floor_usage":[],"damage_taken":[{"damage":0.0,"enemies":"2 Louse","floor":1.0,"turns":1.0},{"damage":0.0,"enemies":"Cultist","floor":3.0,"turns":1.0},{"damage":0.0,"enemies":"Small Slimes","floor":4.0,"turns":1.0},{"damage":35.0,"enemies":"3 Sentries","floor":7.0,"turns":11.0},{"damage":0.0,"enemies":"Gremlin Nob","floor":14.0,"turns":2.0},{"damage":61.0,"enemies":"The Guardian","floor":16.0,"turns":10.0},{"damage":0.0,"enemies":"Spheric Guardian","floor":18.0,"turns":1.0},{"damage":16.0,"enemies":"Shell Parasite","floor":22.0,"turns":3.0},{"damage":5.0,"enemies":"Slavers","floor":23.0,"turns":2.0},{"damage":7.0,"enemies":"Snecko","floor":24.0,"turns":3.0},{"damage":18.0,"enemies":"Sentry and Sphere","floor":27.0,"turns":4.0},{"damage":10.0,"enemies":"Chosen and Byrds","floor":28.0,"turns":4.0},{"damage":20.0,"enemies":"Snake Plant","floor":29.0,"turns":4.0},{"damage":74.0,"enemies":"Champ","floor":33.0,"turns":10.0},{"damage":15.0,"enemies":"3 Shapes","floor":35.0,"turns":3.0},{"damage":58.0,"enemies":"3 Darklings","floor":38.0,"turns":7.0},{"damage":7.0,"enemies":"Spire Growth","floor":40.0,"turns":4.0},{"damage":29,"enemies":"Giant Head","floor":41,"turns":6}],"seed_played":"-7501900961830472485","potions_obtained":[{"floor":1.0,"key":"DuplicationPotion"},{"floor":7.0,"key":"PowerPotion"},{"floor":24.0,"key":"Dexterity Potion"},{"floor":27.0,"key":"Ancient Potion"},{"floor":28.0,"key":"AttackPotion"},{"floor":38.0,"key":"FearPotion"}],"is_trial":false,"path_per_floor":["M","?","M","M","?","R","E","R","T","$","?","R","$","E","R","B",null,"M","$","?","?","M","E","M","R","T","M","M","M","$","?","R","B",null,"M","?","?","M","$","M","E"],"character_chosen":"WATCHER","items_purchased":["Pray","ClockworkSouvenir","Regal Pillow","EmptyFist","Ambrosia","Toolbox","PowerPotion","Whetstone","Pen Nib","PrismaticShard","ColorlessPotion","Swift Potion","EmptyBody","Good Instincts"],"campfire_rested":2,"item_purchase_floors":[10,10,10,19,19,30,30,39,39,39,39,39,39,39],"current_hp_per_floor":[72,72,72,72,69,69,34,55,55,55,55,72,72,72,72,11,72,72,72,72,72,62,61,60,60,60,50,48,38,38,62,62,8,72,61,61,61,17,17,19,5,5],"gold":338,"neow_bonus":"THREE_ENEMY_KILL","is_daily":false,"chose_seed":false,"campfire_upgraded":4,"win_rate":0.0,"timestamp":1610734023,"path_taken":["M","?","?","M","?","R","E","R","T","$","?","R","?","E","R","BOSS","M","$","?","?","M","E","M","R","T","M","M","M","$","?","R","BOSS","M","?","?","M","$","M","E"],"items_purchased_type":["Card","Relic","Relic","Card","Potion","Relic","Potion","Relic","Relic","Relic","Potion","Potion","Card","Card"],"build_version":"2020-12-22","purchased_purges":1,"victory":false,"max_hp_per_floor":[72,72,72,72,72,72,72,72,72,72,72,72,72,72,72,72,72,72,72,72,72,72,72,72,72,72,72,72,72,72,72,72,72,72,72,72,72,72,72,72,72,72],"card_choices":[{"not_picked":["FearNoEvil","Evaluate"],"picked":"CrushJoints","floor":1.0},{"not_picked":["DeceiveReality","BowlingBash"],"picked":"JustLucky","floor":3.0},{"not_picked":["BowlingBash","ClearTheMind"],"picked":"SignatureMove","floor":4.0},{"not_picked":["Nirvana","FearNoEvil"],"picked":"Consecrate","floor":7.0},{"not_picked":["FollowUp","FearNoEvil"],"picked":"WindmillStrike","floor":14.0},{"not_picked":["Vault","LessonLearned"],"picked":"DeusExMachina","floor":16.0},{"not_picked":["ThirdEye","Consecrate"],"picked":"FlyingSleeves+1","floor":18.0},{"not_picked":["Evaluate+1","LikeWater+1"],"picked":"PathToVictory+1","floor":22.0},{"not_picked":["Evaluate","DeceiveReality+1","FlurryOfBlows"],"picked":"SKIP","floor":23.0},{"not_picked":["Evaluate+1","PathToVictory"],"picked":"Establishment","floor":24.0},{"not_picked":["EmptyMind","Nirvana","ThirdEye"],"picked":"SKIP","floor":27.0},{"not_picked":["ReachHeaven","Vengeance+1"],"picked":"FollowUp","floor":28.0},{"not_picked":["ThirdEye+1","Adaptation","PathToVictory+1"],"picked":"SKIP","floor":29.0},{"not_picked":["DeusExMachina","MasterReality"],"picked":"Vault","floor":33.0},{"not_picked":["ClearTheMind+1","BowlingBash","Sanctity"],"picked":"SKIP","floor":35.0},{"not_picked":["BowlingBash+1","Protect"],"picked":"FollowUp+1","floor":38.0},{"not_picked":["BowlingBash","Flex+1","CrushJoints"],"picked":"SKIP","floor":40.0}],"player_experience":531382,"relics_obtained":[{"floor":7.0,"key":"Gremlin Horn"},{"floor":9.0,"key":"Blood Vial"},{"floor":14.0,"key":"Juzu Bracelet"},{"floor":23.0,"key":"War Paint"},{"floor":26.0,"key":"Bottled Flame"}],"event_choices":[{"damage_healed":0.0,"max_hp_gain":0.0,"max_hp_loss":0.0,"gold_gain":275.0,"event_name":"Golden Shrine","player_choice":"Desecrate","floor":2.0,"gold_loss":0.0,"damage_taken":0.0,"cards_obtained":["Regret"]},{"damage_healed":0.0,"max_hp_gain":0.0,"max_hp_loss":0.0,"gold_gain":0.0,"event_name":"Scrap Ooze","player_choice":"Success","floor":5.0,"gold_loss":0.0,"damage_taken":3.0,"relics_obtained":["Omamori"]},{"damage_healed":0.0,"max_hp_gain":0.0,"max_hp_loss":0.0,"gold_gain":0.0,"event_name":"Living Wall","player_choice":"Grow","floor":11.0,"gold_loss":0.0,"damage_taken":0.0,"cards_upgraded":["Consecrate"]},{"damage_healed":0.0,"max_hp_gain":0.0,"max_hp_loss":0.0,"gold_gain":0.0,"event_name":"Vampires","player_choice":"Became a vampire (Vial)","floor":20.0,"relics_lost":["Blood Vial"],"gold_loss":0.0,"damage_taken":0.0,"cards_obtained":["Bite","Bite","Bite","Bite","Bite"]},{"damage_healed":0.0,"max_hp_gain":0.0,"max_hp_loss":0.0,"gold_gain":99.0,"event_name":"Nest","player_choice":"Stole From Cult","floor":21.0,"gold_loss":0.0,"damage_taken":0.0},{"damage_healed":24.0,"max_hp_gain":0.0,"max_hp_loss":0.0,"gold_gain":0.0,"event_name":"The Library","player_choice":"Heal","floor":31.0,"gold_loss":0.0,"damage_taken":0.0},{"damage_healed":0.0,"max_hp_gain":0.0,"max_hp_loss":0.0,"gold_gain":0.0,"event_name":"Tomb of Lord Red Mask","player_choice":"Paid","floor":36.0,"gold_loss":121.0,"damage_taken":0.0,"relics_obtained":["Red Mask"]},{"damage_healed":0.0,"max_hp_gain":0.0,"max_hp_loss":0.0,"gold_gain":999.0,"event_name":"MindBloom","player_choice":"Gold","floor":37.0,"gold_loss":0.0,"damage_taken":0.0,"cards_obtained":["Normality","Normality"]}],"is_beta":false,"boss_relics":[{"not_picked":["Snecko Eye","Coffee Dripper"],"picked":"VioletLotus"},{"not_picked":["SacredBark","Calling Bell"],"picked":"SlaversCollar"}],"items_purged_floors":[10],"is_endless":false,"potions_floor_spawned":[1,7,24,27,28,38],"killed_by":"Giant Head","ascension_level":0}}