{"host":"2ccem01eblg14btk","time":1610713393,"event":{"mods":["BaseMod","Colored Map","Minty Spire (QoL Compilation)","Quick Restart","StSLib"],"gold_per_floor":[119,133,150,325,36,61,61,87,87,119,69,69,95,114,114,215,215,234,234,252,49,59,59,59],"floor_reached":23,"language":"ENG","playtime":1065,"items_purged":["Doubt","Strike_G"],"score":329,"play_id":"0050bac6-d727-4aad-954f-b2607d45581a","local_time":"20210115132313","is_ascension_mode":true,"campfire_choices":[{"floor":7.0,"key":"REST"},{"floor":12.0,"key":"REST"},{"floor":15.0,"key":"REST"}],"circlet_count":0,"master_deck":["AscendersBane","Strike_G","Strike_G","Strike_G","Strike_G","Defend_G","Defend_G","Defend_G","Defend_G","Defend_G","Survivor","Neutralize","Dash","Skewer","Outmaneuver","Burst","Noxious Fumes","Leg Sweep","Envenom","Blade Dance+1","Envenom"],"relics":["Fusion Hammer","TwistedFunnel","Oddly Smooth Stone","Orichalcum","Singing Bowl","Smiling Mask","InkBottle","Dream Catcher","Black Star","Sling"],"acts_visited":["Exordium","TheCity"],"potions_floor_usage":[23],"damage_taken":[{"damage":6.0,"enemies":"Jaw Worm","floor":1.0,"turns":6.0},{"damage":0.0,"enemies":"Cultist","floor":2.0,"turns":4.0},{"damage":0.0,"enemies":"Small Slimes","floor":3.0,"turns":2.0},{"damage":8.0,"enemies":"3 Sentries","floor":6.0,"turns":11.0},{"damage":7.0,"enemies":"Gremlin Nob","floor":8.0,"turns":3.0},{"damage":8.0,"enemies":"3 Sentries","floor":10.0,"turns":10.0},{"damage":16.0,"enemies":"Lagavulin","floor":13.0,"turns":6.0},{"damage":0.0,"enemies":"Exordium Thugs","floor":14.0,"turns":5.0},{"damage":12.0,"enemies":"Hexaghost","floor":16.0,"turns":14.0},{"damage":12.0,"enemies":"Shell Parasite","floor":18.0,"turns":7.0},{"damage":23.0,"enemies":"2 Thieves","floor":20.0,"turns":4.0},{"damage":22.0,"enemies":"Snake Plant","floor":22.0,"turns":6.0},{"damage":26,"enemies":"Slavers","floor":23,"turns":3}],"seed_played":"3536201697074563281","potions_obtained":[{"floor":3.0,"key":"CunningPotion"},{"floor":6.0,"key":"CunningPotion"},{"floor":10.0,"key":"Energy Potion"},{"floor":16.0,"key":"SteroidPotion"},{"floor":22.0,"key":"ColorlessPotion"}],"is_trial":false,"path_per_floor":["M","M","M","?","$","E","R","E","T","E","$","R","E","M","R","B",null,"M","?","M","$","M","E"],"character_chosen":"THE_SILENT","items_purchased":["TwistedFunnel","Oddly Smooth Stone","Sling"],"campfire_rested":3,"item_purchase_floors":[5,5,21],"current_hp_per_floor":[57,57,57,57,57,49,70,65,65,57,57,72,58,58,76,64,73,61,61,40,40,20,0,0],"gold":59,"neow_bonus":"BOSS_RELIC","is_daily":false,"chose_seed":false,"campfire_upgraded":0,"win_rate":0.0,"timestamp":1610713393,"path_taken":["M","M","M","?","$","E","R","E","T","E","$","R","E","M","R","BOSS","M","?","M","$","M","E"],"items_purchased_type":["Relic","Relic","Relic"],"build_version":"2020-12-22","purchased_purges":2,"victory":false,"max_hp_per_floor":[70,70,70,70,70,70,70,72,72,72,72,72,74,74,76,76,76,76,76,78,78,80,80,80],"card_choices":[{"not_picked":["Dodge and Roll","Dagger Throw"],"picked":"Dash","floor":1.0},{"not_picked":["Flying Knee","Finisher"],"picked":"Skewer","floor":2.0},{"not_picked":["Choke","Deadly Poison"],"picked":"Outmaneuver","floor":3.0},{"not_picked":["Flying Knee","Prepared"],"picked":"Burst","floor":6.0},{"not_picked":["Quick Slash","Deadly Poison","Poisoned Stab"],"picked":"Singing Bowl","floor":8.0},{"not_picked":["Acrobatics","Backflip"],"picked":"Noxious Fumes","floor":10.0},{"not_picked":["Concentrate","Acrobatics","Bane"],"picked":"Singing Bowl","floor":13.0},{"not_picked":["Setup","Heel Hook"],"picked":"Leg Sweep","floor":14.0},{"not_picked":["Cloak And Dagger","Bane","Wraith Form v2"],"picked":"Singing Bowl","floor":15.0},{"not_picked":["Malaise","Phantasmal Killer"],"picked":"Envenom","floor":16.0},{"not_picked":["Dagger Throw","Cloak And Dagger+1"],"picked":"Blade Dance+1","floor":18.0},{"not_picked":["Backflip","Tactician+1","Deadly Poison+1"],"picked":"Singing Bowl","floor":20.0},{"not_picked":["Deflect","Bane","Slice"],"picked":"Singing Bowl","floor":22.0}],"player_experience":113785,"relics_obtained":[{"floor":6.0,"key":"Orichalcum"},{"floor":8.0,"key":"Singing Bowl"},{"floor":9.0,"key":"Smiling Mask"},{"floor":10.0,"key":"InkBottle"},{"floor":13.0,"key":"Dream Catcher"}],"event_choices":[{"damage_healed":0.0,"max_hp_gain":0.0,"max_hp_loss":0.0,"gold_gain":175.0,"event_name":"Liars Game","player_choice":"AGREE","floor":4.0,"gold_loss":0.0,"damage_taken":0.0,"cards_obtained":["Doubt"]},{"damage_healed":0.0,"max_hp_gain":0.0,"max_hp_loss":0.0,"gold_gain":0.0,"event_name":"Duplicator","player_choice":"Copied","floor":19.0,"gold_loss":0.0,"damage_taken":0.0,"cards_obtained":["Envenom"]}],"is_beta":false,"boss_relics":[{"not_picked":["Runic Dome","Philosopher\u0027s Stone"],"picked":"Black Star"}],"items_purged_floors":[11,21],"is_endless":false,"potions_floor_spawned":[3,6,10,16,22],"killed_by":"Slavers","ascension_level":10}}