{"host":"mai03x2ekbjy4059","time":1610671136,"event":{"mods":["2.2 Compatiblity","BaseMod","DeckTracker","Highlight Path","Keyboard Shortcuts","Minty Spire (QoL Compilation)","Permanent Neow","Quick Restart","SuperFastMode","everything is the same but u backflip on backflip"],"gold_per_floor":[112,112,127,127,141,168,188,79,106,131,59,134,160,177,177,274,274,290,309,327,339,354,383,399,434,460,265,279,313,9,9,9,114,114,127,127,142,21,40,74,124,156,156,66,394,405,405,417,417,417,417,417,17,52,52],"floor_reached":56,"language":"KOR","playtime":12648,"items_purged":["Defend_G","Strike_G","Strike_G","Strike_G","Defend_G"],"score":1814,"play_id":"5582bd6a-aeb1-49e0-b4ad-b06d44387619","local_time":"20210115093856","is_ascension_mode":true,"campfire_choices":[{"data":"A Thousand Cuts","floor":15.0,"key":"SMITH"},{"data":"After Image","floor":32.0,"key":"SMITH"},{"data":"Accuracy","floor":47.0,"key":"SMITH"},{"floor":49.0,"key":"RECALL"},{"data":"Blade Dance","floor":52.0,"key":"SMITH"}],"circlet_count":0,"master_deck":["Strike_G+1","Defend_G","Defend_G+1","Defend_G","Survivor","Neutralize+1","Cloak And Dagger+1","Backflip","Endless Agony+1","Blur","Blur","Infinite Blades","A Thousand Cuts+1","Footwork","After Image+1","Blur","Backstab+1","Deflect","Backflip","Accuracy+1","Deflect+1","Footwork","Blade Dance+1","Escape Plan","Blur","Accuracy+1"],"relics":["Ring of the Snake","Pen Nib","Happy Flower","Anchor","MealTicket","Black Star","Toy Ornithopter","CaptainsWheel","Blood Vial","PreservedInsect","Smiling Mask","Lantern","Akabeko","Matryoshka","InkBottle","WristBlade","Bronze Scales","Orichalcum","Pocketwatch","HornCleat","Whetstone","Kunai","Tingsha","Potion Belt","Old Coin","Art of War","HandDrill","Bag of Marbles","Bag of Preparation"],"acts_visited":["Exordium","TheCity","TheBeyond","TheEnding"],"potions_floor_usage":[55,55,55],"damage_taken":[{"damage":0.0,"enemies":"2 Louse","floor":1.0,"turns":2.0},{"damage":0.0,"enemies":"Small Slimes","floor":3.0,"turns":5.0},{"damage":0.0,"enemies":"Cultist","floor":5.0,"turns":3.0},{"damage":12.0,"enemies":"3 Sentries","floor":6.0,"turns":8.0},{"damage":8.0,"enemies":"Gremlin Gang","floor":7.0,"turns":5.0},{"damage":0.0,"enemies":"Lagavulin","floor":10.0,"turns":7.0},{"damage":2.0,"enemies":"3 Sentries","floor":13.0,"turns":8.0},{"damage":0.0,"enemies":"Looter","floor":14.0,"turns":3.0},{"damage":0.0,"enemies":"The Guardian","floor":16.0,"turns":11.0},{"damage":0.0,"enemies":"Spheric Guardian","floor":18.0,"turns":5.0},{"damage":0.0,"enemies":"3 Byrds","floor":19.0,"turns":3.0},{"damage":0.0,"enemies":"Shelled Parasite and Fungi","floor":20.0,"turns":9.0},{"damage":8.0,"enemies":"Sentry and Sphere","floor":21.0,"turns":6.0},{"damage":0.0,"enemies":"Cultist and Chosen","floor":22.0,"turns":6.0},{"damage":0.0,"enemies":"Book of Stabbing","floor":23.0,"turns":8.0},{"damage":0.0,"enemies":"Shelled Parasite and Fungi","floor":24.0,"turns":5.0},{"damage":0.0,"enemies":"Gremlin Leader","floor":25.0,"turns":8.0},{"damage":0.0,"enemies":"Chosen and Byrds","floor":28.0,"turns":8.0},{"damage":0.0,"enemies":"Book of Stabbing","floor":29.0,"turns":5.0},{"damage":0.0,"enemies":"Champ","floor":33.0,"turns":17.0},{"damage":0.0,"enemies":"3 Shapes","floor":35.0,"turns":4.0},{"damage":0.0,"enemies":"Orb Walker","floor":37.0,"turns":3.0},{"damage":0.0,"enemies":"4 Shapes","floor":39.0,"turns":4.0},{"damage":0.0,"enemies":"Nemesis","floor":40.0,"turns":7.0},{"damage":0.0,"enemies":"Mind Bloom Boss Battle","floor":41.0,"turns":6.0},{"damage":0.0,"enemies":"Reptomancer","floor":42.0,"turns":5.0},{"damage":0.0,"enemies":"Nemesis","floor":45.0,"turns":7.0},{"damage":0.0,"enemies":"Jaw Worm Horde","floor":46.0,"turns":4.0},{"damage":0.0,"enemies":"Maw","floor":48.0,"turns":6.0},{"damage":0.0,"enemies":"Awakened One","floor":50.0,"turns":12.0},{"damage":0.0,"enemies":"Shield and Spear","floor":54.0,"turns":5.0},{"damage":20,"enemies":"The Heart","floor":55,"turns":9}],"seed_played":"-2230593838555288714","potions_obtained":[{"floor":3.0,"key":"SkillPotion"},{"floor":5.0,"key":"Weak Potion"},{"floor":6.0,"key":"Strength Potion"},{"floor":10.0,"key":"Energy Potion"},{"floor":13.0,"key":"DistilledChaos"},{"floor":16.0,"key":"SpeedPotion"},{"floor":18.0,"key":"CunningPotion"},{"floor":19.0,"key":"Ancient Potion"},{"floor":23.0,"key":"BlessingOfTheForge"},{"floor":28.0,"key":"SteroidPotion"},{"floor":29.0,"key":"SmokeBomb"},{"floor":33.0,"key":"SteroidPotion"},{"floor":42.0,"key":"GhostInAJar"},{"floor":45.0,"key":"PowerPotion"}],"is_trial":false,"path_per_floor":["M","?","M","?","M","E","M","$","T","E","$","?","E","M","R","B",null,"M","M","M","M","M","E","M","E","T","$","M","E","$","?","R","B",null,"M","?","M","$","M","E","?","E","T","?","E","M","R","M","R","B",null,"R","$","E","B",null],"character_chosen":"THE_SILENT","items_purchased":["Infinite Blades","Footwork","Lantern","InkBottle","Footwork","Art of War","HandDrill","SteroidPotion"],"campfire_rested":0,"item_purchase_floors":[8,11,27,30,38,53,53,53],"current_hp_per_floor":[70,70,70,63,63,51,43,43,43,43,43,36,34,34,34,34,70,70,70,70,62,62,62,62,62,62,70,70,70,70,70,70,70,70,70,70,70,70,70,70,70,70,70,70,70,70,70,70,70,70,70,70,70,70,50],"gold":52,"neow_bonus":"UPGRADE_CARD","is_daily":false,"chose_seed":false,"campfire_upgraded":4,"win_rate":0.0,"timestamp":1610671136,"path_taken":["M","?","M","?","M","E","M","$","T","E","$","?","E","M","R","BOSS","M","M","?","M","M","E","?","E","T","$","M","E","$","?","R","BOSS","M","?","M","$","M","E","?","E","T","?","E","M","R","M","R","BOSS","R","$","E","BOSS"],"items_purchased_type":["Card","Card","Relic","Relic","Card","Relic","Relic","Potion"],"build_version":"2020-12-22","purchased_purges":5,"victory":true,"max_hp_per_floor":[70,70,70,70,70,70,70,70,70,70,70,70,70,70,70,70,70,70,70,70,70,70,70,70,70,70,70,70,70,70,70,70,70,70,70,70,70,70,70,70,70,70,70,70,70,70,70,70,70,70,70,70,70,70,70],"card_choices":[{"not_picked":["Escape Plan","Choke"],"picked":"Cloak And Dagger","floor":1.0},{"not_picked":["Acrobatics","Bouncing Flask"],"picked":"Backflip","floor":3.0},{"not_picked":["Skewer","Crippling Poison"],"picked":"Endless Agony","floor":5.0},{"not_picked":["Poisoned Stab","Outmaneuver"],"picked":"Blur","floor":6.0},{"not_picked":["Crippling Poison","Bane"],"picked":"Blur","floor":7.0},{"not_picked":["Noxious Fumes","Dagger Spray"],"picked":"A Thousand Cuts","floor":10.0},{"not_picked":["Underhanded Strike","Bane","Dagger Spray"],"picked":"SKIP","floor":13.0},{"not_picked":["Slice","Deadly Poison","Noxious Fumes"],"picked":"SKIP","floor":14.0},{"not_picked":["Venomology","Unload"],"picked":"After Image","floor":16.0},{"not_picked":["Leg Sweep","Flying Knee"],"picked":"Blur","floor":18.0},{"not_picked":["Quick Slash","Dagger Throw+1","Sucker Punch"],"picked":"SKIP","floor":19.0},{"not_picked":["Acrobatics","Underhanded Strike","Sucker Punch+1"],"picked":"SKIP","floor":20.0},{"not_picked":["Poisoned Stab","Bane"],"picked":"Backstab+1","floor":21.0},{"not_picked":["Catalyst","Outmaneuver"],"picked":"Deflect","floor":22.0},{"not_picked":["Die Die Die","Dagger Throw+1","Underhanded Strike"],"picked":"SKIP","floor":23.0},{"not_picked":["Noxious Fumes","Slice+1"],"picked":"Backflip","floor":24.0},{"not_picked":["Dagger Spray","Escape Plan"],"picked":"Accuracy","floor":25.0},{"not_picked":["Acrobatics","Bane","Bouncing Flask"],"picked":"SKIP","floor":28.0},{"not_picked":["Dagger Throw","Flying Knee","PiercingWail"],"picked":"SKIP","floor":29.0},{"not_picked":["Masterful Stab+1","Slice+1"],"picked":"Deflect+1","floor":35.0},{"not_picked":["Backflip","PiercingWail","Slice"],"picked":"SKIP","floor":37.0},{"not_picked":["A Thousand Cuts","Backstab+1"],"picked":"Blade Dance","floor":39.0},{"not_picked":["Malaise","Deadly Poison"],"picked":"Escape Plan","floor":40.0},{"not_picked":["Tactician+1","Predator+1","Well Laid Plans+1"],"picked":"SKIP","floor":42.0},{"not_picked":["Blade Dance","Outmaneuver+1"],"picked":"Blur","floor":45.0},{"not_picked":["Quick Slash+1","Dagger Throw"],"picked":"Accuracy+1","floor":46.0},{"not_picked":["PiercingWail","Dodge and Roll","Slice"],"picked":"SKIP","floor":48.0},{"not_picked":["PiercingWail","Outmaneuver+1","Poisoned Stab"],"picked":"SKIP","floor":54.0}],"player_experience":1000587,"relics_obtained":[{"floor":6.0,"key":"Happy Flower"},{"floor":10.0,"key":"Anchor"},{"floor":13.0,"key":"MealTicket"},{"floor":23.0,"key":"Toy Ornithopter"},{"floor":23.0,"key":"CaptainsWheel"},{"floor":25.0,"key":"Blood Vial"},{"floor":25.0,"key":"PreservedInsect"},{"floor":26.0,"key":"Smiling Mask"},{"floor":29.0,"key":"Akabeko"},{"floor":29.0,"key":"Matryoshka"},{"floor":40.0,"key":"Bronze Scales"},{"floor":40.0,"key":"Orichalcum"},{"floor":41.0,"key":"Pocketwatch"},{"floor":42.0,"key":"HornCleat"},{"floor":42.0,"key":"Whetstone"},{"floor":43.0,"key":"Kunai"},{"floor":43.0,"key":"Tingsha"},{"floor":45.0,"key":"Potion Belt"},{"floor":45.0,"key":"Old Coin"},{"floor":54.0,"key":"Bag of Marbles"},{"floor":54.0,"key":"Bag of Preparation"}],"event_choices":[{"damage_healed":0.0,"max_hp_gain":0.0,"max_hp_loss":0.0,"gold_gain":0.0,"event_name":"Living Wall","player_choice":"Grow","floor":2.0,"gold_loss":0.0,"damage_taken":0.0,"cards_upgraded":["Cloak And Dagger"]},{"damage_healed":0.0,"max_hp_gain":0.0,"max_hp_loss":0.0,"gold_gain":0.0,"event_name":"Scrap Ooze","player_choice":"Success","floor":4.0,"gold_loss":0.0,"damage_taken":7.0,"relics_obtained":["Pen Nib"]},{"damage_healed":0.0,"max_hp_gain":0.0,"max_hp_loss":0.0,"gold_gain":75.0,"event_name":"FaceTrader","player_choice":"Touch","floor":12.0,"gold_loss":0.0,"damage_taken":7.0},{"damage_healed":0.0,"max_hp_gain":0.0,"max_hp_loss":0.0,"gold_gain":0.0,"event_name":"Vampires","player_choice":"Ignored","floor":31.0,"gold_loss":0.0,"damage_taken":0.0},{"damage_healed":0.0,"max_hp_gain":0.0,"max_hp_loss":0.0,"gold_gain":0.0,"event_name":"Tomb of Lord Red Mask","player_choice":"Ignored","floor":36.0,"gold_loss":0.0,"damage_taken":0.0},{"damage_healed":0.0,"max_hp_gain":0.0,"max_hp_loss":0.0,"gold_gain":0.0,"event_name":"MindBloom","player_choice":"Fight","floor":41.0,"gold_loss":0.0,"damage_taken":0.0},{"cards_removed":["Strike_G"],"damage_healed":0.0,"max_hp_gain":0.0,"max_hp_loss":0.0,"gold_gain":0.0,"event_name":"Designer","player_choice":"Upgrade and Remove","floor":44.0,"gold_loss":90.0,"damage_taken":0.0,"cards_upgraded":["Defend_G"]}],"is_beta":false,"boss_relics":[{"not_picked":["Sozu","Ring of the Serpent"],"picked":"Black Star"},{"not_picked":["Empty Cage","Fusion Hammer"],"picked":"WristBlade"}],"items_purged_floors":[8,27,30,38,53],"is_endless":false,"potions_floor_spawned":[3,5,6,10,13,16,18,19,23,28,29,33,39,40,42,45,54],"ascension_level":1}}