{"host":"utcbn1j9ebmpc40m","time":1610669039,"event":{"mods":["BaseMod","Better Altar","Better Match","GifTheSpireLib","Minty Spire (QoL Compilation)","Poor People Problems","StSLib","SuperFastMode","The IronCluck","The Servant 0.9.4"],"gold_per_floor":[114,133,133,133,59,91,91,119,144,162,191,204,171,136,136,238,238,253,253,2,2,2,35,35,35,35,35,52,71,102,113,113,211,211,226,226,226,245,245,245,272,272,272,272,272],"floor_reached":44,"language":"ENG","playtime":849,"items_purged":["Dark Embrace"],"score":798,"play_id":"b07eff33-15a6-42dc-9ff2-85cc8495880e","local_time":"20210114190359","is_ascension_mode":true,"campfire_choices":[{"data":"Rupture","floor":7,"key":"SMITH"},{"floor":15,"key":"REST"},{"floor":24,"key":"REST"},{"floor":27,"key":"REST"},{"floor":32,"key":"REST"},{"floor":40,"key":"REST"}],"circlet_count":0,"master_deck":["AscendersBane","Bash","Dark Embrace","Combust","Rupture+1","Immolate","Reaper","Shockwave","Dual Wield","Feed","Anger","Impervious","Infernal Blade","Burning Pact","Ghostly Armor","Disarm","Blood for Blood","Pommel Strike","True Grit","Whirlwind","J.A.X.","Intimidate+1","Heavy Blade+1","Exhume","CurseOfTheBell","Juggernaut","Sword Boomerang","Power Through+1"],"relics":["Burning Blood","NeowsBlessing","Akabeko","GremlinMask","Bag of Preparation","Blue Candle","Art of War","Dream Catcher","Pandora\u0027s Box","MealTicket","Peace Pipe","Nunchaku","Tiny Chest","Calling Bell","Blood Vial","Question Card","Unceasing Top","Ancient Tea Set","StrikeDummy","Ornamental Fan"],"acts_visited":["Exordium","TheCity","TheBeyond","TheBeyond"],"potions_floor_usage":[10,11,16,25,29,29,30,30,30,38],"damage_taken":[{"damage":0,"enemies":"Cultist","floor":1,"turns":1},{"damage":0,"enemies":"2 Louse","floor":2,"turns":1},{"damage":0,"enemies":"3 Sentries","floor":6,"turns":1},{"damage":55,"enemies":"Lagavulin","floor":8,"turns":6},{"damage":2,"enemies":"Small Slimes","floor":10,"turns":2},{"damage":7,"enemies":"3 Sentries","floor":11,"turns":3},{"damage":1,"enemies":"Gremlin Gang","floor":12,"turns":1},{"damage":35,"enemies":"Slime Boss","floor":16,"turns":9},{"damage":22,"enemies":"Shell Parasite","floor":18,"turns":5},{"damage":68,"enemies":"Gremlin Leader","floor":23,"turns":5},{"damage":22,"enemies":"Spheric Guardian","floor":28,"turns":4},{"damage":48,"enemies":"Shelled Parasite and Fungi","floor":29,"turns":4},{"damage":44,"enemies":"Book of Stabbing","floor":30,"turns":5},{"damage":44,"enemies":"Snake Plant","floor":31,"turns":6},{"damage":49,"enemies":"Automaton","floor":33,"turns":6},{"damage":29,"enemies":"3 Shapes","floor":35,"turns":4},{"damage":46,"enemies":"3 Darklings","floor":38,"turns":4},{"damage":58,"enemies":"Nemesis","floor":41,"turns":7},{"damage":47,"enemies":"Spire Growth","floor":44,"turns":3}],"seed_played":"-4782243192070515597","potions_obtained":[{"floor":1,"key":"EntropicBrew"},{"floor":12,"key":"DuplicationPotion"},{"floor":16,"key":"EntropicBrew"},{"floor":23,"key":"Fruit Juice"},{"floor":29,"key":"Fire Potion"},{"floor":33,"key":"Weak Potion"},{"floor":35,"key":"AttackPotion"},{"floor":41,"key":"PowerPotion"}],"is_trial":false,"path_per_floor":["M","M","?","?","$","E","R","E","T","M","E","M","?","?","R","B",null,"M","?","$","?","?","E","R","$","T","R","M","M","E","M","R","B",null,"M","?","$","M","?","R","E","T","T","M"],"character_chosen":"IRONCLAD","items_purchased":["Rupture","Whirlwind","Brutality"],"campfire_rested":5,"item_purchase_floors":[5,20,20],"current_hp_per_floor":[78,80,77,77,77,80,80,31,31,35,34,39,39,59,80,80,80,64,64,79,79,79,18,42,62,62,85,69,38,18,12,37,15,81,63,63,78,40,40,65,27,27,27,0,0],"gold":272,"neow_bonus":"THREE_ENEMY_KILL","is_daily":false,"chose_seed":false,"campfire_upgraded":1,"win_rate":0.0,"timestamp":1610669039,"path_taken":["M","?","?","?","$","E","R","E","T","M","E","?","?","?","R","BOSS","M","?","$","?","?","E","R","?","T","R","M","M","E","?","R","BOSS","M","?","$","M","?","R","E","?","T","M"],"items_purchased_type":["Card","Card","Card"],"build_version":"2020-12-22","purchased_purges":1,"victory":false,"max_hp_per_floor":[80,80,80,80,80,80,80,80,80,80,80,80,80,80,80,80,80,80,80,80,80,80,80,80,85,85,85,85,85,85,85,85,85,85,85,85,85,85,85,85,85,85,85,85,85],"card_choices":[{"not_picked":["Ghostly Armor","Intimidate"],"picked":"Dark Embrace","floor":1},{"not_picked":["Metallicize","Warcry"],"picked":"Combust","floor":2},{"not_picked":["Iron Wave","Wild Strike","Headbutt"],"picked":"SKIP","floor":6},{"not_picked":["Combust","Twin Strike"],"picked":"Immolate","floor":8},{"not_picked":["Sword Boomerang","Evolve","Pommel Strike"],"picked":"SKIP","floor":10},{"not_picked":["Dark Embrace","Headbutt"],"picked":"Reaper","floor":11},{"not_picked":["Havoc","Whirlwind"],"picked":"Shockwave","floor":12},{"not_picked":["Clash","Thunderclap"],"picked":"Dual Wield","floor":15},{"not_picked":["Juggernaut","Limit Break"],"picked":"Feed","floor":16},{"not_picked":["Fire Breathing","Anger"],"picked":"True Grit","floor":18},{"not_picked":["Intimidate","Perfected Strike","Evolve"],"picked":"SKIP","floor":23},{"not_picked":["Combust","Havoc"],"picked":"Intimidate+1","floor":27},{"not_picked":["Clothesline","Combust","Armaments"],"picked":"SKIP","floor":28},{"not_picked":["Carnage","Havoc"],"picked":"Heavy Blade+1","floor":29},{"not_picked":["Warcry","Flex+1","Sword Boomerang"],"picked":"SKIP","floor":30},{"not_picked":["Ghostly Armor","Disarm","Shockwave"],"picked":"SKIP","floor":31},{"not_picked":["Impervious","Immolate"],"picked":"Exhume","floor":33},{"not_picked":["Pummel","Battle Trance","Fire Breathing","Thunderclap"],"picked":"SKIP","floor":35},{"not_picked":["Wild Strike","Headbutt+1","Perfected Strike"],"picked":"Juggernaut","floor":38},{"not_picked":["Rage","Twin Strike+1","Body Slam"],"picked":"Power Through+1","floor":41}],"player_experience":486266,"relics_obtained":[{"floor":6,"key":"Bag of Preparation"},{"floor":8,"key":"Blue Candle"},{"floor":9,"key":"Art of War"},{"floor":11,"key":"Dream Catcher"},{"floor":23,"key":"Peace Pipe"},{"floor":26,"key":"Nunchaku"},{"floor":30,"key":"Tiny Chest"},{"floor":34,"key":"Blood Vial"},{"floor":34,"key":"Question Card"},{"floor":34,"key":"Unceasing Top"},{"floor":41,"key":"Ancient Tea Set"},{"floor":42,"key":"StrikeDummy"},{"floor":43,"key":"Ornamental Fan"}],"event_choices":[{"damage_healed":0,"gold_gain":0,"player_choice":"Success","damage_taken":3,"relics_obtained":["Akabeko"],"max_hp_gain":0,"max_hp_loss":0,"event_name":"Scrap Ooze","floor":3,"gold_loss":0},{"damage_healed":0,"gold_gain":0,"player_choice":"Trade","damage_taken":0,"relics_obtained":["GremlinMask"],"max_hp_gain":0,"max_hp_loss":0,"event_name":"FaceTrader","floor":4,"gold_loss":0},{"damage_healed":0,"gold_gain":0,"player_choice":"Left Gold","damage_taken":0,"max_hp_gain":0,"max_hp_loss":0,"event_name":"World of Goop","floor":13,"gold_loss":33},{"damage_healed":20,"gold_gain":0,"player_choice":"Healed","damage_taken":0,"max_hp_gain":0,"max_hp_loss":0,"event_name":"The Cleric","floor":14,"gold_loss":35},{"damage_healed":0,"gold_gain":0,"player_choice":"Opened","damage_taken":0,"relics_obtained":["MealTicket"],"max_hp_gain":0,"max_hp_loss":0,"event_name":"The Mausoleum","floor":19,"gold_loss":0},{"damage_healed":0,"gold_gain":0,"player_choice":"Obtain J.A.X.","damage_taken":0,"max_hp_gain":0,"max_hp_loss":0,"event_name":"Drug Dealer","floor":21,"gold_loss":0,"cards_obtained":["J.A.X."]},{"damage_healed":0,"gold_gain":0,"player_choice":"Ignored","damage_taken":0,"max_hp_gain":0,"max_hp_loss":0,"event_name":"Ghosts","floor":22,"gold_loss":0},{"damage_healed":0,"gold_gain":0,"player_choice":"Ignored","damage_taken":0,"max_hp_gain":0,"max_hp_loss":0,"event_name":"Mysterious Sphere","floor":36,"gold_loss":0},{"damage_healed":0,"gold_gain":0,"cards_transformed":["Brutality"],"player_choice":"Transformed","damage_taken":0,"max_hp_gain":0,"max_hp_loss":0,"event_name":"Transmorgrifier","floor":39,"gold_loss":0,"cards_obtained":["Sword Boomerang"]}],"is_beta":false,"boss_relics":[{"not_picked":["Coffee Dripper","Ectoplasm"],"picked":"Pandora\u0027s Box"},{"not_picked":["Sozu","SacredBark"],"picked":"Calling Bell"}],"items_purged_floors":[20],"is_endless":false,"potions_floor_spawned":[1,12,16,23,29,33,35,41],"killed_by":"Spire Growth","ascension_level":11}}