{"host":"cjhtzh7tp54jdfyv","time":1610687045,"event":{"mods":["AchievementEnabler","BaseMod","Colored Map","Colored Powertips","Curses Come First","DeckTracker","Filter the Spire","Minty Spire (QoL Compilation)","RNG Fix","Relic Sorter","Relic Stats","StSLib","UnlockEverythingMod","ojb\u0027s Better Paths Mod","ojb\u0027s Info Mod"],"gold_per_floor":[109,34,45,59,74,102,102,135,135,135,210,233,233,253,253,331,331,360,385,400,417,143,143,175,193,245,260,135,149,159,84,84,156,156,172,172,188,207,221,246,259,299,326,353,203,234,262,262,262,262,262,262,262,24,50,50],"floor_reached":57,"language":"ENG","playtime":4969,"items_purged":["Defend_P","Strike_P","Strike_P+1","DeusExMachina+1"],"score":3612,"play_id":"91c7baad-92f5-4c74-9b2e-9bd916f8df3d","local_time":"20210115000405","is_ascension_mode":true,"campfire_choices":[{"data":"Eruption","floor":7.0,"key":"SMITH"},{"data":"Adaptation","floor":10.0,"key":"SMITH"},{"floor":13.0,"key":"REST"},{"data":"Vigilance","floor":15.0,"key":"SMITH"},{"floor":23.0,"key":"REST"},{"data":"Enlightenment","floor":32.0,"key":"SMITH"},{"floor":49,"key":"RECALL"},{"floor":53,"key":"REST"}],"circlet_count":0,"master_deck":["AscendersBane","Eruption+1","Vigilance+1","ClearTheMind+1","Adaptation+1","Enlightenment+1","Scrawl+1","MentalFortress+1"],"relics":["Astrolabe","CeramicFish","HornCleat","Lantern","Empty Cage","Red Mask","Dream Catcher","Whetstone","Runic Pyramid","Du-Vu Doll","Darkstone Periapt","War Paint","FossilizedHelix","Boot","Bag of Preparation","Calipers"],"acts_visited":["Exordium","TheCity","TheBeyond","TheEnding"],"potions_floor_usage":[56],"damage_taken":[{"damage":0.0,"enemies":"Jaw Worm","floor":1.0,"turns":3.0},{"damage":0.0,"enemies":"Cultist","floor":3.0,"turns":2.0},{"damage":5.0,"enemies":"2 Louse","floor":4.0,"turns":2.0},{"damage":15.0,"enemies":"Red Slaver","floor":5.0,"turns":3.0},{"damage":0.0,"enemies":"Lagavulin","floor":6.0,"turns":4.0},{"damage":16.0,"enemies":"Gremlin Nob","floor":8.0,"turns":3.0},{"damage":6.0,"enemies":"3 Louse","floor":14.0,"turns":3.0},{"damage":21.0,"enemies":"Hexaghost","floor":16.0,"turns":9.0},{"damage":10.0,"enemies":"2 Thieves","floor":18.0,"turns":3.0},{"damage":24.0,"enemies":"Masked Bandits","floor":19.0,"turns":5.0},{"damage":0.0,"enemies":"3 Byrds","floor":20.0,"turns":4.0},{"damage":4.0,"enemies":"3 Cultists","floor":21.0,"turns":4.0},{"damage":0.0,"enemies":"Gremlin Leader","floor":24.0,"turns":3.0},{"damage":0.0,"enemies":"Snake Plant","floor":25.0,"turns":4.0},{"damage":0.0,"enemies":"Sentry and Sphere","floor":27.0,"turns":4.0},{"damage":0.0,"enemies":"Snecko","floor":29.0,"turns":5.0},{"damage":18.0,"enemies":"Snake Plant","floor":30.0,"turns":4.0},{"damage":0,"enemies":"Automaton","floor":33,"turns":2},{"damage":0,"enemies":"3 Shapes","floor":35,"turns":2},{"damage":0,"enemies":"Orb Walker","floor":37,"turns":2},{"damage":0,"enemies":"Sphere and 2 Shapes","floor":38,"turns":2},{"damage":0,"enemies":"Spire Growth","floor":39,"turns":2},{"damage":0,"enemies":"Reptomancer","floor":40,"turns":2},{"damage":0,"enemies":"Maw","floor":41,"turns":2},{"damage":0,"enemies":"Giant Head","floor":42,"turns":2},{"damage":0,"enemies":"Reptomancer","floor":44,"turns":1},{"damage":0,"enemies":"Nemesis","floor":46,"turns":1},{"damage":0,"enemies":"Sphere and 2 Shapes","floor":47,"turns":1},{"damage":0,"enemies":"Time Eater","floor":50,"turns":11},{"damage":0,"enemies":"Awakened One","floor":51,"turns":3},{"damage":0,"enemies":"Shield and Spear","floor":55,"turns":1},{"damage":0,"enemies":"The Heart","floor":56,"turns":5}],"seed_played":"5843027275327739320","potions_obtained":[{"floor":5.0,"key":"StancePotion"},{"floor":6.0,"key":"Strength Potion"},{"floor":14.0,"key":"SkillPotion"},{"floor":21.0,"key":"BlessingOfTheForge"},{"floor":24.0,"key":"Fire Potion"},{"floor":25.0,"key":"Ancient Potion"},{"floor":30.0,"key":"DistilledChaos"},{"floor":33,"key":"Weak Potion"},{"floor":35,"key":"Block Potion"},{"floor":40,"key":"SpeedPotion"},{"floor":55,"key":"LiquidBronze"}],"is_trial":false,"path_per_floor":["M","$","M","M","M","E","R","E","T","R","?","T","R","M","R","B",null,"M","?","M","M","$","R","E","M","T","M","$","M","M","?","R","B",null,"M","?","M","M","M","E","M","E","T","E","$","E","M","?","R","B","B",null,"R","$","E","B",null],"character_chosen":"WATCHER","items_purchased":["GamblersBrew","Enlightenment","Bag of Preparation","LiquidMemories"],"campfire_rested":3,"item_purchase_floors":[22,22,54,54],"current_hp_per_floor":[61,61,61,56,41,41,41,25,25,25,14,14,34,28,28,7,53,43,19,19,15,15,35,35,35,35,35,35,35,17,17,17,17,55,55,55,55,55,55,55,55,55,55,55,55,55,55,45,45,45,45,62,68,68,68,68],"gold":50,"neow_bonus":"BOSS_RELIC","is_daily":false,"chose_seed":false,"campfire_upgraded":4,"win_rate":0.0,"timestamp":1610687045,"path_taken":["M","$","M","M","M","E","R","E","T","R","?","?","R","M","R","BOSS","M","?","M","M","$","R","E","M","T","M","$","M","M","?","R","BOSS","M","?","M","M","M","E","M","E","T","E","?","E","M","?","R","BOSS","BOSS","R","$","E","BOSS"],"items_purchased_type":["Potion","Card","Relic","Potion"],"build_version":"2020-12-22","purchased_purges":4,"victory":true,"max_hp_per_floor":[68,68,68,68,68,68,68,68,68,68,68,68,68,68,68,68,68,68,68,68,68,68,68,68,68,68,68,68,68,68,68,68,68,68,68,68,68,68,68,68,68,68,68,68,68,68,68,68,68,68,68,68,68,68,68,68],"relic_stats":{"Darkstone Periapt":0,"Dream Catcher":1,"counters":[32,104],"Astrolabe":["ClearTheMind","DeusExMachina","Study"],"CeramicFish":36,"Bag of Preparation":[4],"Whetstone":["Strike_P"],"War Paint":["Scrawl"],"Boot":[4],"obtain_stats":[{"Darkstone Periapt":42,"Lantern":9,"Calipers":55,"Astrolabe":0,"CeramicFish":6,"Bag of Preparation":54,"Whetstone":26,"War Paint":43,"Empty Cage":17,"Boot":46,"Du-Vu Doll":40,"Dream Catcher":24,"HornCleat":8,"Red Mask":19,"PureWater":0,"FossilizedHelix":44,"Runic Pyramid":34},{"Darkstone Periapt":25,"Lantern":6,"Calipers":31,"Astrolabe":0,"CeramicFish":5,"Bag of Preparation":30,"Whetstone":14,"War Paint":25,"Empty Cage":8,"Boot":27,"Du-Vu Doll":23,"Dream Catcher":13,"HornCleat":6,"Red Mask":10,"PureWater":0,"FossilizedHelix":26,"Runic Pyramid":18},{"Darkstone Periapt":81,"Lantern":17,"Calipers":99,"Astrolabe":0,"CeramicFish":14,"Bag of Preparation":98,"Whetstone":52,"War Paint":81,"Empty Cage":29,"Boot":83,"Du-Vu Doll":77,"Dream Catcher":48,"HornCleat":17,"Red Mask":37,"PureWater":0,"FossilizedHelix":82,"Runic Pyramid":67}]},"card_choices":[{"not_picked":["Indignation","WreathOfFlame","Halt"],"picked":"SKIP","floor":1.0},{"not_picked":["Nirvana","FearNoEvil"],"picked":"Adaptation","floor":3.0},{"not_picked":["Halt","Study","Protect"],"picked":"SKIP","floor":4.0},{"not_picked":["Protect","EmptyBody","FlyingSleeves"],"picked":"SKIP","floor":5.0},{"not_picked":["Crescendo","Halt","Consecrate"],"picked":"SKIP","floor":6.0},{"not_picked":["Establishment","Crescendo","Consecrate"],"picked":"SKIP","floor":8.0},{"not_picked":["JustLucky","CutThroughFate","ForeignInfluence"],"picked":"SKIP","floor":14.0},{"not_picked":["ThirdEye","CarveReality"],"picked":"MentalFortress+1","floor":18.0},{"not_picked":["Vengeance","Indignation","FlyingSleeves"],"picked":"SKIP","floor":20.0},{"not_picked":["FollowUp","ThirdEye","Consecrate"],"picked":"SKIP","floor":21.0},{"not_picked":["FearNoEvil","Crescendo","FlurryOfBlows"],"picked":"SKIP","floor":24.0},{"not_picked":["ThirdEye","CrushJoints","SignatureMove"],"picked":"SKIP","floor":25.0},{"not_picked":["EmptyFist","Collect","SpiritShield"],"picked":"SKIP","floor":27.0},{"not_picked":["Protect","JustLucky+1","WaveOfTheHand"],"picked":"SKIP","floor":29.0},{"not_picked":["Indignation","EmptyMind","Vengeance"],"picked":"SKIP","floor":30.0},{"not_picked":["EmptyFist+1","Consecrate","Meditate+1"],"picked":"SKIP","floor":35},{"not_picked":["DeceiveReality","SignatureMove","Halt"],"picked":"SKIP","floor":37},{"not_picked":["Wireheading","EmptyFist","Halt+1"],"picked":"SKIP","floor":38},{"not_picked":["Perseverance","ThirdEye","SashWhip+1"],"picked":"SKIP","floor":39},{"not_picked":["CrushJoints+1","MentalFortress","EmptyFist"],"picked":"SKIP","floor":40},{"not_picked":["BowlingBash+1","Sanctity","Protect"],"picked":"SKIP","floor":41},{"not_picked":["BowlingBash+1","Sanctity","Protect"],"picked":"SKIP","floor":41},{"not_picked":["Wallop","ClearTheMind"],"picked":"Scrawl","floor":42},{"not_picked":["Prostrate","SashWhip","CrushJoints"],"picked":"SKIP","floor":44},{"not_picked":["Conclude","CarveReality","Ragnarok"],"picked":"SKIP","floor":46},{"not_picked":["DeceiveReality+1","Crescendo+1"],"picked":"MentalFortress+1","floor":47},{"not_picked":["Prostrate","SpiritShield","FollowUp"],"picked":"SKIP","floor":55},{"not_picked":["Prostrate","SpiritShield","FollowUp"],"picked":"SKIP","floor":55}],"player_experience":4530680,"relics_obtained":[{"floor":6.0,"key":"CeramicFish"},{"floor":8.0,"key":"HornCleat"},{"floor":9.0,"key":"Lantern"},{"floor":19.0,"key":"Red Mask"},{"floor":24.0,"key":"Dream Catcher"},{"floor":26.0,"key":"Whetstone"},{"floor":40,"key":"Du-Vu Doll"},{"floor":42,"key":"Darkstone Periapt"},{"floor":43,"key":"War Paint"},{"floor":44,"key":"FossilizedHelix"},{"floor":46,"key":"Boot"},{"floor":55,"key":"Calipers"}],"event_choices":[{"damage_healed":0.0,"max_hp_gain":0.0,"max_hp_loss":0.0,"gold_gain":75.0,"event_name":"World of Goop","player_choice":"Gather Gold","floor":11.0,"gold_loss":0.0,"damage_taken":11.0},{"damage_healed":0.0,"max_hp_gain":0.0,"max_hp_loss":0.0,"gold_gain":0.0,"event_name":"Masked Bandits","player_choice":"Fought Bandits","floor":19.0,"gold_loss":0.0,"damage_taken":0.0},{"cards_removed":["Study"],"damage_healed":0.0,"max_hp_gain":0.0,"max_hp_loss":0.0,"gold_gain":0.0,"event_name":"Beggar","player_choice":"Gave Gold","floor":31.0,"gold_loss":75.0,"damage_taken":0.0},{"cards_removed":["MentalFortress"],"damage_healed":0,"gold_gain":0,"player_choice":"Removed Power","damage_taken":0,"max_hp_gain":0,"max_hp_loss":0,"event_name":"Falling","floor":36,"gold_loss":0},{"damage_healed":0,"gold_gain":0,"player_choice":"Memory 3","damage_taken":10,"max_hp_gain":0,"max_hp_loss":0,"event_name":"SensoryStone","floor":48,"gold_loss":0}],"is_beta":false,"boss_relics":[{"not_picked":["Coffee Dripper","Calling Bell"],"picked":"Empty Cage"},{"not_picked":["SacredBark","Runic Dome"],"picked":"Runic Pyramid"}],"items_purged_floors":[2,22,28,45],"is_endless":false,"potions_floor_spawned":[5,6,14,21,24,25,30,33,35,39,40,47,55],"ascension_level":20}}