{"host":"0z8p0l3aig5hhlq1","time":1610716393,"event":{"mods":["Aspiration","BaseMod","Beaked The Cultist","BetterRewards","Conspire","Custom Start","Downfall","Friendly Minions","Googly Eyes","Hero for Fun","HololiveMod","Hubris","Infinite Spire","Jorbs\u0027s Wanderer Trilogy","Kiyohime????","Mad Scientist","Marisa????????","Minty Spire (QoL Compilation)","Remilia??????","Replay The Spire","SOS???????","Shop Mod","StSLib","Td1madao Mod","The Administrix","The Animator","The Bladedancer","The Construct","The Cursed","The Disciple","The Gatherer","The Jungle","The Mystic","The Necromancer","The Poker Player","The Runesmith","The Saiyan","The Servant 0.9.4","The Wild Card","vexMod","???Mod??????Boss"],"gold_per_floor":[114,134,134,89,103,135,148,166,192,192,211,211,38,58,58,38,38],"floor_reached":16,"language":"ENG","playtime":1372,"items_purged":[],"score":104,"play_id":"1905e5b6-3e20-49de-b5c9-fdb3724b35b3","local_time":"20210115061313","is_ascension_mode":false,"campfire_choices":[{"floor":10,"key":"REST"},{"floor":15,"key":"DIG"}],"circlet_count":0,"master_deck":["MadScienceMod:Strike_MadScience","MadScienceMod:Strike_MadScience","MadScienceMod:Strike_MadScience","MadScienceMod:Strike_MadScience","MadScienceMod:Defend_MadScience","MadScienceMod:Defend_MadScience","MadScienceMod:Defend_MadScience","MadScienceMod:PoweredStrike","MadScienceMod:HideBehindJunk","MadScienceMod:Lightbulb","MadScienceMod:FragmentationGrenade","Panache","MadScienceMod:MechanicalClaw","MadScienceMod:MakeOrBreak","MadScienceMod:Detonate","MadScienceMod:AutoStrike","MadScienceMod:OmniHammer","MadScienceMod:GoldenGun","MadScienceMod:ShrinkRay","MadScienceMod:Inflate","MadScienceMod:ClockworkAssistant","Crow Ritual","MadScienceMod:AssemblyLine"],"relics":["MadScienceMod:FuelTank","Nunchaku","hubris:OldNail","Regal Pillow"],"acts_visited":["Exordium"],"potions_floor_usage":[],"damage_taken":[{"damage":0,"enemies":"2 Louse","floor":1,"turns":2},{"damage":0,"enemies":"Cultist","floor":2,"turns":4},{"damage":10,"enemies":"conspire:RoseBush","floor":5,"turns":2},{"damage":25,"enemies":"Gremlin Nob","floor":6,"turns":4},{"damage":11,"enemies":"Exordium Wildlife","floor":7,"turns":2},{"damage":13,"enemies":"2 Fungi Beasts","floor":8,"turns":3},{"damage":8,"enemies":"Blue Slaver","floor":11,"turns":3},{"damage":17,"enemies":"Large Slime","floor":14,"turns":10},{"damage":26,"enemies":"Fading Forest","floor":16,"turns":4}],"seed_played":"7876811740216651829","potions_obtained":[{"floor":1,"key":"Milkshake"},{"floor":2,"key":"champ:CounterPotion"},{"floor":11,"key":"Adrenaline Potion"}],"is_trial":false,"path_per_floor":["M","M","?","$","M","E","M","M","T","R","M","?","$","M","R","B"],"character_chosen":"MAD_SCIENTIST","items_purchased":["MadScienceMod:Lightbulb","MadScienceMod:FragmentationGrenade","Panache","MadScienceMod:AutoStrike","Crow Ritual"],"campfire_rested":1,"item_purchase_floors":[0,0,0,4,13],"current_hp_per_floor":[75,75,75,75,65,40,29,16,16,38,30,38,38,21,21,0,0],"gold":38,"neow_bonus":"","is_daily":false,"chose_seed":false,"campfire_upgraded":0,"win_rate":0.0,"timestamp":1610716393,"path_taken":["M","M","?","$","M","E","M","M","T","R","?","?","?","M","R","BOSS"],"items_purchased_type":["Card","Card","Card","Card","Card"],"build_version":"2020-12-22","purchased_purges":0,"victory":false,"max_hp_per_floor":[75,75,75,75,75,75,75,75,75,75,75,75,75,75,75,75,75],"card_choices":[{"not_picked":["MadScienceMod:LightOnFire","MadScienceMod:AntimatterBomb"],"picked":"MadScienceMod:MechanicalClaw","floor":1},{"not_picked":["MadScienceMod:GattlingGun","MadScienceMod:MechanicalClaw"],"picked":"MadScienceMod:MakeOrBreak","floor":2},{"not_picked":["MadScienceMod:JunkLaser","MadScienceMod:MindControlBeam"],"picked":"MadScienceMod:OmniHammer","floor":5},{"not_picked":["MadScienceMod:FlameCannon","MadScienceMod:Weaponize"],"picked":"MadScienceMod:GoldenGun","floor":6},{"not_picked":["MadScienceMod:AutoStrike","MadScienceMod:Sprocket"],"picked":"MadScienceMod:ShrinkRay","floor":7},{"not_picked":["MadScienceMod:LightOnFire","MadScienceMod:MindControlBeam"],"picked":"MadScienceMod:Inflate","floor":8},{"not_picked":["MadScienceMod:Sprocket","MadScienceMod:AcidSpray"],"picked":"MadScienceMod:ClockworkAssistant","floor":11},{"not_picked":["MadScienceMod:FragmentationGrenade","MadScienceMod:AutoStrike"],"picked":"MadScienceMod:AssemblyLine","floor":14}],"player_experience":19739,"relics_obtained":[{"floor":6,"key":"Nunchaku"},{"floor":9,"key":"hubris:OldNail"},{"floor":15,"key":"Regal Pillow"}],"event_choices":[{"damage_healed":0,"gold_gain":0,"cards_transformed":["MadScienceMod:Defend_MadScience"],"player_choice":"Transformed","damage_taken":0,"max_hp_gain":0,"max_hp_loss":0,"event_name":"Transmorgrifier","floor":3,"gold_loss":0,"cards_obtained":["MadScienceMod:Detonate"]}],"is_beta":false,"boss_relics":[],"items_purged_floors":[],"is_endless":false,"potions_floor_spawned":[1,2,11],"killed_by":"Fading Forest","ascension_level":0}}