{"host":"kta213tp32cz47du","time":1610727955,"event":{"mods":["Arknights The Spire","BaseMod","Better Altar","Better Match","Better Note","Better Sensory Stone","Better Skull","Better Third Choice","Better Vampires","ChefMod","Colored Map","Colored Powertips","Conspire","Curses Come First","Displayed Cursed Tome","Downfall","Force Act Four","Hermit","Hubris","Infinite Spire","JesterMod","Magitek Elite","Marisa????????","Minty Spire (QoL Compilation)","Permanent Neow","Potion Indicator Mod","QueenMod","Quick Restart","Rare Cards Sparkle","Replay The Spire","Retaliation","Robot Space Explorer","Shade Mod","Shop Mod","Spicy Shops","Spikes Relics","StSLib","The Alterego","The Animator","The Blue Laboratory","The Bug Knight","The Cursed","The Marked","The Servant 0.9.4","TheSwordswoman","TheVelvet","TheWitcher","Virulent Crown","[GremlinLeader]The Maniac","vexMod"],"gold_per_floor":[13,13,40,40,55,86,104,104,129,129,52,82,82,101,101,197,197,209,209,227,227,282,308,308,339,365,393,393,411,511,511,511,613,613,629,629,529,544,555,565,584,595,595,595,645,659,659,688,688,714],"floor_reached":51,"language":"ENG","playtime":7244,"items_purged":["RobotSpaceExplorer:Strike"],"score":748,"play_id":"7f696ea5-85d1-4192-915a-7e73eaf619a3","local_time":"20210115162555","is_ascension_mode":false,"campfire_choices":[{"data":"RobotSpaceExplorer:Pulsar","floor":13.0,"key":"SMITH"},{"data":"RobotSpaceExplorer:Defend","floor":15,"key":"PURGE"},{"data":"RobotSpaceExplorer:Autoloader","floor":24,"key":"SMITH"},{"data":"RobotSpaceExplorer:TrailblazerForm","floor":32,"key":"SMITH"},{"data":"RobotSpaceExplorer:Defend","floor":44,"key":"PURGE"},{"floor":47,"key":"REST"},{"data":"RobotSpaceExplorer:Multitool","floor":49,"key":"SMITH"}],"circlet_count":0,"master_deck":["RobotSpaceExplorer:Strike","RobotSpaceExplorer:Strike","RobotSpaceExplorer:Strike","RobotSpaceExplorer:Defend","RobotSpaceExplorer:Scan","RobotSpaceExplorer:MiniLasers","RobotSpaceExplorer:DroneSwarm","RobotSpaceExplorer:SlimeMissile","RobotSpaceExplorer:SurgingShield","RobotSpaceExplorer:Pulsar+1","RobotSpaceExplorer:StunGrenade","RobotSpaceExplorer:Probe","RobotSpaceExplorer:Autoloader+1","RobotSpaceExplorer:GlueShot","RobotSpaceExplorer:TrailblazerForm+1","infinitespire:Starlight","RobotSpaceExplorer:TrailblazerForm","RobotSpaceExplorer:Multitool+1","Decay","RobotSpaceExplorer:MiniDrones+1","RobotSpaceExplorer:GlueShot+1","RobotSpaceExplorer:BigMissile","RobotSpaceExplorer:SlimeMissile+1","RobotSpaceExplorer:LaserBurst","RobotSpaceExplorer:Comet"],"relics":["RobotSpaceExplorer:TurboCore","RollingBoulder","MealTicket","Blood Vial","ReplayTheSpireMod:Ninjato","hubris:OldNail","Pantograph","infinitespire:Lucky Rock","Juzu Bracelet","Red Mask","Strawberry","ReplayTheSpireMod:TigerMarble","infinitespire:ShieldingShard","Peace Pipe","infinitespire:Broken Mirror","Replay:Bronze Core","Toy Ornithopter","Lizard Tail","Replay:Bandana"],"acts_visited":["Exordium","TheCity","TheBeyond"],"potions_floor_usage":[16,25,30,40,50,50,50],"damage_taken":[{"damage":1.0,"enemies":"Jaw Worm","floor":1.0,"turns":4.0},{"damage":0.0,"enemies":"Small Slimes","floor":5.0,"turns":3.0},{"damage":3.0,"enemies":"3 Sentries","floor":6.0,"turns":6.0},{"damage":4.0,"enemies":"conspire:RoseBush","floor":7.0,"turns":3.0},{"damage":0.0,"enemies":"Lagavulin","floor":12.0,"turns":7.0},{"damage":4.0,"enemies":"Looter","floor":14.0,"turns":3.0},{"damage":39,"enemies":"The Guardian","floor":16,"turns":13},{"damage":0,"enemies":"3 Byrds","floor":18,"turns":4},{"damage":11,"enemies":"2 Thieves","floor":20,"turns":4},{"damage":2,"enemies":"Book of Stabbing","floor":23,"turns":6},{"damage":10,"enemies":"Masked Bandits","floor":25,"turns":4},{"damage":0,"enemies":"HollowMod:Nosk","floor":27,"turns":8},{"damage":14,"enemies":"Chosen and Byrds","floor":29,"turns":8},{"damage":3,"enemies":"Colosseum Slavers","floor":30,"turns":5},{"damage":15,"enemies":"Colosseum Nobs","floor":30,"turns":6},{"damage":24,"enemies":"Champ","floor":33,"turns":11},{"damage":9,"enemies":"3 Darklings","floor":35,"turns":7},{"damage":0,"enemies":"3 Shapes","floor":38,"turns":3},{"damage":6,"enemies":"Writhing Mass","floor":39,"turns":5},{"damage":0,"enemies":"Jaw Worm Horde","floor":40,"turns":3},{"damage":12,"enemies":"Maw","floor":41,"turns":6},{"damage":0,"enemies":"Transient","floor":42,"turns":5},{"damage":19,"enemies":"Mind Bloom Boss Battle","floor":45,"turns":6},{"damage":33,"enemies":"Jaw Worm Horde","floor":46,"turns":4},{"damage":0,"enemies":"R_Hoarder","floor":48,"turns":5},{"damage":35,"enemies":"Awakened One","floor":50,"turns":12}],"seed_played":"-4793564990125867952","potions_obtained":[{"floor":5.0,"key":"champ:CounterPotion"},{"floor":6.0,"key":"BlessingOfTheForge"},{"floor":20,"key":"FearPotion"},{"floor":23,"key":"DDmod:CleansePotion"},{"floor":27,"key":"blueLaboratory:SavagePotion"},{"floor":30,"key":"DDmod:CleansePotion"},{"floor":33,"key":"Strength Potion"},{"floor":38,"key":"Toxic Potion"},{"floor":41,"key":"Dexterity Potion"},{"floor":42,"key":"blueLaboratory:FrostheartPotion"}],"is_trial":false,"path_per_floor":["M","?","T","?","M","E","M","?","T","T","$","E","R","M","R_BF","B",null,"M","?","M","?","T","E","R","?","T","E","AVR","M","?","?","R","B",null,"M","?","NS","M","M","M","M","M","T","R","?","M","R","E","R_BF","B",null],"character_chosen":"RobotSpaceExplorer","items_purchased":["hubris:OldNail"],"campfire_rested":1,"item_purchase_floors":[11],"current_hp_per_floor":[74,74,74,74,74,71,67,67,67,67,75,75,75,71,71,36,75,75,75,64,64,64,64,64,56,63,65,65,63,69,69,69,68,82,82,82,82,82,79,81,82,82,82,82,73,42,66,68,68,62],"gold":714,"neow_bonus":"THREE_RARE_CARDS","is_daily":false,"chose_seed":false,"campfire_upgraded":4,"win_rate":0.0,"timestamp":1610727955,"path_taken":["M","?","?","?","M","E","M","?","T","?","$","E","R","M","R_BF","BOSS","M","?","M","?","?","E","R","?","T","E","AVR","M","?","?","R","BOSS","M","?","NS","M","M","M","M","M","T","R","?","M","R","E","R_BF","BOSS"],"items_purchased_type":["Relic"],"build_version":"2020-12-22","purchased_purges":1,"victory":true,"max_hp_per_floor":[75,75,75,75,75,75,75,75,75,75,75,75,75,75,75,75,75,75,75,75,75,75,75,75,75,82,82,82,82,82,82,82,82,82,82,82,82,82,82,82,82,82,82,82,82,82,82,82,82,82],"card_choices":[{"not_picked":["RobotSpaceExplorer:Accelerator","RobotSpaceExplorer:Wormhole"],"picked":"RobotSpaceExplorer:DroneSwarm","floor":0.0},{"not_picked":["RobotSpaceExplorer:ShovelStrike","RobotSpaceExplorer:FranticSearch"],"picked":"RobotSpaceExplorer:SlimeMissile","floor":1.0},{"not_picked":["RobotSpaceExplorer:LaserBurst","RobotSpaceExplorer:ExhaustFan","RobotSpaceExplorer:ShovelStrike"],"picked":"SKIP","floor":5.0},{"not_picked":["RobotSpaceExplorer:GlueShot","RobotSpaceExplorer:Calculate"],"picked":"RobotSpaceExplorer:SurgingShield","floor":6.0},{"not_picked":["RobotSpaceExplorer:Ammunition","RobotSpaceExplorer:Counterblock"],"picked":"RobotSpaceExplorer:Pulsar","floor":7.0},{"not_picked":["RobotSpaceExplorer:ShovelStrike","RobotSpaceExplorer:MiniDrones"],"picked":"RobotSpaceExplorer:StunGrenade","floor":12.0},{"not_picked":["RobotSpaceExplorer:MakeshiftVolley","RobotSpaceExplorer:SwiftStep"],"picked":"RobotSpaceExplorer:Probe","floor":14.0},{"not_picked":["RobotSpaceExplorer:HighVoltage","RobotSpaceExplorer:Wormhole"],"picked":"RobotSpaceExplorer:Autoloader","floor":16},{"not_picked":["RobotSpaceExplorer:Counterblock","RobotSpaceExplorer:SwiftStep"],"picked":"RobotSpaceExplorer:GlueShot","floor":18},{"not_picked":["RobotSpaceExplorer:ScrapShield","RobotSpaceExplorer:SlimeMissile"],"picked":"RobotSpaceExplorer:SurgingStrike+1","floor":20},{"not_picked":["RobotSpaceExplorer:SwiftStep","RobotSpaceExplorer:Calculate","RobotSpaceExplorer:Probe"],"picked":"SKIP","floor":23},{"not_picked":["RobotSpaceExplorer:GearShield","RobotSpaceExplorer:MiniDrones"],"picked":"RobotSpaceExplorer:TrailblazerForm","floor":25},{"not_picked":["RobotSpaceExplorer:TurboDodge","RobotSpaceExplorer:Probe","RobotSpaceExplorer:Jetpack"],"picked":"SKIP","floor":27},{"not_picked":["RobotSpaceExplorer:ShovelStrike","RobotSpaceExplorer:MiniDrones"],"picked":"RobotSpaceExplorer:SlimeMissile+1","floor":29},{"not_picked":["RobotSpaceExplorer:Explosion","RobotSpaceExplorer:Exploration"],"picked":"RobotSpaceExplorer:Multitool","floor":33},{"not_picked":["RobotSpaceExplorer:SurgingShield+1","RobotSpaceExplorer:MakeshiftVolley","RobotSpaceExplorer:Electropulse+1"],"picked":"SKIP","floor":35},{"not_picked":["RobotSpaceExplorer:FranticSearch+1","RobotSpaceExplorer:ShovelStrike+1"],"picked":"RobotSpaceExplorer:MiniDrones+1","floor":38},{"not_picked":["RobotSpaceExplorer:SwiftStep+1","RobotSpaceExplorer:ImprovisedAttack+1"],"picked":"RobotSpaceExplorer:GlueShot+1","floor":39},{"not_picked":["RobotSpaceExplorer:Jetpack","RobotSpaceExplorer:ScrapToss","RobotSpaceExplorer:MetalStrike"],"picked":"SKIP","floor":40},{"not_picked":["RobotSpaceExplorer:Probe+1","RobotSpaceExplorer:SelfCleaning+1"],"picked":"RobotSpaceExplorer:BigMissile","floor":41},{"not_picked":["RobotSpaceExplorer:Counterblock+1","RobotSpaceExplorer:Blaster"],"picked":"RobotSpaceExplorer:SlimeMissile+1","floor":42},{"not_picked":["RobotSpaceExplorer:ScrapShield","RobotSpaceExplorer:Probe"],"picked":"RobotSpaceExplorer:LaserBurst","floor":45},{"not_picked":["RobotSpaceExplorer:GlueShot+1","RobotSpaceExplorer:SwiftStep","RobotSpaceExplorer:Counterblock+1"],"picked":"SKIP","floor":46},{"not_picked":["RobotSpaceExplorer:SlimeMissile","RobotSpaceExplorer:MetalStrike+1"],"picked":"RobotSpaceExplorer:Comet","floor":48}],"player_experience":340482,"relics_obtained":[{"floor":3.0,"key":"RollingBoulder"},{"floor":6.0,"key":"MealTicket"},{"floor":9.0,"key":"Blood Vial"},{"floor":10.0,"key":"ReplayTheSpireMod:Ninjato"},{"floor":12.0,"key":"Pantograph"},{"floor":22,"key":"infinitespire:Lucky Rock"},{"floor":23,"key":"Juzu Bracelet"},{"floor":25,"key":"Red Mask"},{"floor":26,"key":"Strawberry"},{"floor":27,"key":"ReplayTheSpireMod:TigerMarble"},{"floor":30,"key":"Peace Pipe"},{"floor":30,"key":"infinitespire:Broken Mirror"},{"floor":43,"key":"Toy Ornithopter"},{"floor":45,"key":"Lizard Tail"},{"floor":48,"key":"Replay:Bandana"}],"event_choices":[{"damage_healed":0.0,"max_hp_gain":0.0,"max_hp_loss":0.0,"gold_gain":0.0,"event_name":"Golden Idol","player_choice":"Ignored","floor":4.0,"gold_loss":0.0,"damage_taken":0.0},{"damage_healed":0.0,"max_hp_gain":0.0,"max_hp_loss":0.0,"gold_gain":0.0,"event_name":"conspire:Investor","player_choice":"Leave","floor":8.0,"gold_loss":0.0,"damage_taken":0.0},{"cards_removed":["RobotSpaceExplorer:Defend"],"damage_healed":0,"gold_gain":0,"player_choice":"Offered Basic","damage_taken":0,"max_hp_gain":0,"max_hp_loss":0,"event_name":"Bonfire Elementals","floor":19,"gold_loss":0},{"cards_removed":["RobotSpaceExplorer:Defend"],"damage_healed":0,"gold_gain":0,"player_choice":"Give","damage_taken":0,"max_hp_gain":0,"max_hp_loss":0,"event_name":"betterNote:BetterNote","floor":21,"gold_loss":0,"cards_obtained":["Defend_G"]},{"damage_healed":0,"gold_gain":0,"player_choice":"Fought Bandits","damage_taken":0,"max_hp_gain":0,"max_hp_loss":0,"event_name":"Masked Bandits","floor":25,"gold_loss":0},{"damage_healed":0,"gold_gain":0,"player_choice":"Fight","damage_taken":0,"max_hp_gain":0,"max_hp_loss":0,"event_name":"Colosseum","floor":30,"gold_loss":0},{"damage_healed":0,"gold_gain":0,"player_choice":"Fought Nobs","damage_taken":0,"max_hp_gain":0,"max_hp_loss":0,"event_name":"Colosseum","floor":30,"gold_loss":0},{"damage_healed":0,"gold_gain":0,"player_choice":"Copied","damage_taken":0,"max_hp_gain":0,"max_hp_loss":0,"event_name":"Duplicator","floor":31,"gold_loss":0,"cards_obtained":["RobotSpaceExplorer:TrailblazerForm"]},{"damage_healed":0,"gold_gain":0,"player_choice":"Cursed","damage_taken":0,"max_hp_gain":0,"max_hp_loss":0,"event_name":"Wheel of Change","floor":36,"gold_loss":0,"cards_obtained":["Decay"]},{"damage_healed":0,"gold_gain":0,"player_choice":"Fight","damage_taken":0,"max_hp_gain":0,"max_hp_loss":0,"event_name":"MindBloom","floor":45,"gold_loss":0}],"is_beta":false,"boss_relics":[{"not_picked":["hubris:BlackHole","vexMod:MysteryBossChallenge"],"picked":"RobotSpaceExplorer:TurboCore"},{"not_picked":["vexMod:ImprovementManual","Replay:Ancient Bell"],"picked":"Replay:Bronze Core"}],"items_purged_floors":[28],"is_endless":false,"potions_floor_spawned":[5,6,20,23,27,30,33,38,41,42,48],"ascension_level":0}}