{"host":"h1qktzcccqnez8tx","time":1610696317,"event":{"mods":["BaseMod","Block Reminder","Colored Map","Curses Come First","Downfall","Highlight Path","JesterMod","Minty Spire (QoL Compilation)","Permanent Neow","Relic Stats","Say the Spire","StSLib","The Blue Laboratory","The Marked"],"gold_per_floor":[99,99,99,99,54,54,54,54,54,54,54,54,2,2,2,2,2,2],"floor_reached":16,"language":"ENG","playtime":787,"items_purged":[],"score":121,"play_id":"6308dfa6-73b2-45ae-aa0c-7ab62cd1c484","local_time":"20210115083837","is_ascension_mode":true,"campfire_choices":[{"data":"Guardian:TwinSlam","floor":6,"key":"SMITH"},{"data":"Guardian:ShieldCharger","floor":10,"key":"SMITH"},{"floor":15,"key":"REST"}],"circlet_count":0,"master_deck":["Guardian:Strike_Guardian","Guardian:Strike_Guardian","Guardian:Strike_Guardian","Guardian:Strike_Guardian","Guardian:Defend_Guardian","Guardian:Defend_Guardian","Guardian:Defend_Guardian","Guardian:Defend_Guardian","Guardian:CurlUp","Guardian:TwinSlam+1","Guardian:Suspension","Guardian:PolyBeam","Guardian:Gem_Red","Guardian:Gem_Yellow","Guardian:Gem_Lightblue","Guardian:ShieldCharger+1","Guardian:BronzeOrb","Guardian:Recover+1","Guardian:BronzeOrb"],"relics":["Ectoplasm","Bag of Preparation","Tiny Chest","Pen Nib"],"acts_visited":["Exordium"],"potions_floor_usage":[],"damage_taken":[{"damage":0,"enemies":"Jaw Worm","floor":1,"turns":4},{"damage":0,"enemies":"Small Slimes","floor":2,"turns":5},{"damage":9,"enemies":"2 Louse","floor":4,"turns":2},{"damage":1,"enemies":"Looter","floor":5,"turns":4},{"damage":27,"enemies":"3 Sentries","floor":7,"turns":10},{"damage":3,"enemies":"Lots of Slimes","floor":12,"turns":4},{"damage":18,"enemies":"Lagavulin","floor":14,"turns":7},{"damage":57,"enemies":"Hexaghost","floor":16,"turns":13}],"seed_played":"-6191125448346402246","potions_obtained":[{"floor":5,"key":"BlessingOfTheForge"},{"floor":7,"key":"blueLaboratory:Moonshine"},{"floor":12,"key":"blueLaboratory:PyrophylliteBrew"},{"floor":14,"key":"Guardian:DefensiveModePotion"}],"is_trial":false,"path_per_floor":["M","M","?","M","M","R","E","?","T","R","?","M","$","E","R","B"],"character_chosen":"GUARDIAN","items_purchased":["Block Potion"],"campfire_rested":1,"item_purchase_floors":[13],"current_hp_per_floor":[80,80,62,53,52,52,25,51,51,51,51,48,48,30,54,0,0,0],"gold":2,"neow_bonus":"BOSS_RELIC","is_daily":false,"chose_seed":false,"campfire_upgraded":2,"win_rate":0.0,"timestamp":1610696317,"path_taken":["M","M","?","M","M","R","E","?","T","R","?","M","?","E","R","BOSS"],"items_purchased_type":["Potion"],"build_version":"2020-12-22","purchased_purges":0,"victory":false,"max_hp_per_floor":[80,80,80,80,80,80,80,80,80,80,80,80,80,80,80,80,80,80],"relic_stats":{"counters":[8,49],"Tiny Chest":0,"Ectoplasm":213,"Pen Nib":[2],"Bag of Preparation":[6],"obtain_stats":[{"Guardian:ModeShifter":0,"Tiny Chest":9,"Ectoplasm":0,"Pen Nib":14,"Bag of Preparation":7},{"Guardian:ModeShifter":0,"Tiny Chest":5,"Ectoplasm":0,"Pen Nib":7,"Bag of Preparation":5},{"Guardian:ModeShifter":0,"Tiny Chest":25,"Ectoplasm":0,"Pen Nib":36,"Bag of Preparation":25}]},"card_choices":[{"not_picked":["Guardian:Recover","Guardian:TemporalShield"],"picked":"Guardian:Suspension","floor":1},{"not_picked":["Guardian:RefractedBeam","Guardian:PiercingHide"],"picked":"Guardian:PolyBeam","floor":2},{"not_picked":["Guardian:Gem_Lightblue","Guardian:Suspension"],"picked":"Guardian:ShieldCharger","floor":4},{"not_picked":["Guardian:Suspension","Guardian:RefractedBeam"],"picked":"Guardian:BronzeOrb","floor":5},{"not_picked":["Guardian:Gem_Green","Guardian:TimeBomb"],"picked":"Guardian:Recover","floor":7},{"not_picked":["Guardian:RollAttack","Guardian:WalkerClaw","Guardian:ConstructionForm"],"picked":"SKIP","floor":12},{"not_picked":["Guardian:PiercingHide","Guardian:SentryBeam"],"picked":"Guardian:BronzeOrb","floor":14}],"player_experience":48563,"relics_obtained":[{"floor":7,"key":"Bag of Preparation"},{"floor":9,"key":"Tiny Chest"},{"floor":14,"key":"Pen Nib"}],"event_choices":[{"damage_healed":26,"gold_gain":0,"player_choice":"Banana","damage_taken":0,"max_hp_gain":0,"max_hp_loss":0,"event_name":"Big Fish","floor":8,"gold_loss":0},{"damage_healed":0,"gold_gain":0,"player_choice":"Grow","damage_taken":0,"max_hp_gain":0,"max_hp_loss":0,"event_name":"Living Wall","floor":11,"gold_loss":0,"cards_upgraded":["Guardian:Recover"]}],"is_beta":false,"boss_relics":[],"items_purged_floors":[],"is_endless":false,"potions_floor_spawned":[5,7,12,14],"killed_by":"Hexaghost","ascension_level":2}}