{"host":"kjehzzhcyp0nyrrl","time":1610696898,"event":{"mods":["AchievementEnabler","BaseMod","Custom Start","Hermit","Keyboard Shortcuts","Koishi","Minty Spire (QoL Compilation)","StSLib","SuperFastMode","The Dragon Tamer","The Hierophant","everything is the same but u backflip on backflip"],"gold_per_floor":[118,193,193,206,220,220,220,220,244,262,32,66,66,86,86,211,211,230,155,190,190,205,205,205,226,297,313,313,356,356,379,379,379,379],"floor_reached":33,"language":"KOR","playtime":617,"items_purged":["Strike_R"],"score":358,"play_id":"64868d9b-5cc2-464c-96a6-7b64ae9fdf72","local_time":"20210115164818","is_ascension_mode":true,"campfire_choices":[{"data":"Body Slam","floor":6,"key":"SMITH"},{"data":"Bash","floor":13,"key":"SMITH"},{"data":"Ghostly Armor","floor":15,"key":"SMITH"},{"data":"Immolate","floor":23,"key":"SMITH"},{"data":"True Grit","floor":28,"key":"SMITH"},{"floor":30,"key":"REST"},{"data":"Power Through","floor":32,"key":"SMITH"}],"circlet_count":0,"master_deck":["Strike_R","Strike_R","Strike_R","Defend_R","Defend_R","Defend_R","Defend_R","Bash+1","Dramatic Entrance","Body Slam+1","Carnage+1","Ghostly Armor+1","Immolate+1","CurseOfTheBell","Shrug It Off","Power Through+1","True Grit+1"],"relics":["Burning Blood","Golden Idol","Blood Vial","TheAbacus","Regal Pillow","Calling Bell","Ancient Tea Set","Question Card","Mango","Red Mask","Shuriken","PreservedInsect"],"acts_visited":["Exordium","TheCity"],"potions_floor_usage":[27,33],"damage_taken":[{"damage":0,"enemies":"Small Slimes","floor":1,"turns":3},{"damage":7,"enemies":"Jaw Worm","floor":4,"turns":3},{"damage":6,"enemies":"Cultist","floor":5,"turns":3},{"damage":6,"enemies":"3 Louse","floor":10,"turns":2},{"damage":16,"enemies":"Gremlin Nob","floor":12,"turns":3},{"damage":11,"enemies":"Looter","floor":14,"turns":2},{"damage":37,"enemies":"Hexaghost","floor":16,"turns":9},{"damage":21,"enemies":"Shell Parasite","floor":18,"turns":10},{"damage":4,"enemies":"Masked Bandits","floor":20,"turns":4},{"damage":16,"enemies":"3 Byrds","floor":22,"turns":5},{"damage":37,"enemies":"Sentry and Sphere","floor":25,"turns":7},{"damage":18,"enemies":"Snake Plant","floor":27,"turns":3},{"damage":35,"enemies":"Slavers","floor":29,"turns":7},{"damage":14,"enemies":"Shelled Parasite and Fungi","floor":31,"turns":9},{"damage":73,"enemies":"Automaton","floor":33,"turns":7}],"seed_played":"-268715045428430668","potions_obtained":[{"floor":1,"key":"Dexterity Potion"},{"floor":3,"key":"Swift Potion"},{"floor":3,"key":"FairyPotion"},{"floor":22,"key":"BloodPotion"},{"floor":31,"key":"FearPotion"}],"is_trial":false,"path_per_floor":["M","?","?","M","M","R","?","?","T","M","$","E","R","M","R","B",null,"M","?","?","?","M","R","?","M","T","M","R","E","R","M","R","B"],"character_chosen":"IRONCLAD","items_purchased":["TheAbacus"],"campfire_rested":1,"item_purchase_floors":[11],"current_hp_per_floor":[78,67,67,66,66,66,66,66,66,68,68,60,60,57,57,28,77,64,64,68,68,60,60,60,31,31,38,38,11,52,46,46,26,26],"gold":379,"neow_bonus":"RANDOM_COLORLESS","is_daily":false,"chose_seed":false,"campfire_upgraded":6,"win_rate":0.0,"timestamp":1610696898,"path_taken":["M","?","?","M","?","R","?","?","T","M","$","E","R","M","R","BOSS","M","?","?","?","?","R","?","M","T","M","R","E","R","M","R","BOSS"],"items_purchased_type":["Relic"],"build_version":"2020-12-22","purchased_purges":1,"victory":false,"max_hp_per_floor":[80,80,80,80,80,80,74,74,74,74,74,74,74,74,74,74,88,88,88,88,88,88,88,88,88,88,88,88,88,88,88,88,88,88],"card_choices":[{"not_picked":["Deep Breath","Dark Shackles"],"picked":"Dramatic Entrance","floor":0},{"not_picked":["Bloodletting","Dropkick"],"picked":"Body Slam","floor":1},{"not_picked":["Thunderclap","Rage"],"picked":"Carnage","floor":4},{"not_picked":["Thunderclap","Sever Soul","Sentinel"],"picked":"SKIP","floor":5},{"not_picked":["Clash","Hemokinesis"],"picked":"Ghostly Armor","floor":10},{"not_picked":["Infernal Blade","Combust","Hemokinesis"],"picked":"SKIP","floor":12},{"not_picked":["Armaments","Headbutt","Perfected Strike"],"picked":"SKIP","floor":14},{"not_picked":["Reaper","Exhume"],"picked":"Immolate","floor":16},{"not_picked":["Rupture","Infernal Blade+1","Dual Wield","Clothesline"],"picked":"SKIP","floor":18},{"not_picked":["Seeing Red","Perfected Strike","Iron Wave"],"picked":"Shrug It Off","floor":22},{"not_picked":["Headbutt","Infernal Blade+1","Pommel Strike","Anger+1"],"picked":"SKIP","floor":25},{"not_picked":["Pummel","Intimidate","Power Through"],"picked":"True Grit","floor":27},{"not_picked":["Dual Wield","Twin Strike","Sword Boomerang","Feed"],"picked":"SKIP","floor":29},{"not_picked":["Headbutt","Warcry","Clash","Combust"],"picked":"SKIP","floor":31}],"player_experience":396830,"relics_obtained":[{"floor":9,"key":"Blood Vial"},{"floor":12,"key":"Regal Pillow"},{"floor":17,"key":"Ancient Tea Set"},{"floor":17,"key":"Question Card"},{"floor":17,"key":"Mango"},{"floor":20,"key":"Red Mask"},{"floor":26,"key":"Shuriken"},{"floor":29,"key":"PreservedInsect"}],"event_choices":[{"damage_healed":0,"gold_gain":75,"player_choice":"Gather Gold","damage_taken":11,"max_hp_gain":0,"max_hp_loss":0,"event_name":"World of Goop","floor":2,"gold_loss":0},{"damage_healed":0,"gold_gain":0,"player_choice":"Got Potions","damage_taken":0,"max_hp_gain":0,"max_hp_loss":0,"event_name":"Lab","floor":3,"gold_loss":0},{"damage_healed":0,"gold_gain":0,"player_choice":"Lose Max HP","damage_taken":0,"relics_obtained":["Golden Idol"],"max_hp_gain":0,"max_hp_loss":6,"event_name":"Golden Idol","floor":7,"gold_loss":0},{"damage_healed":0,"gold_gain":0,"player_choice":"Upgraded","damage_taken":0,"max_hp_gain":0,"max_hp_loss":0,"event_name":"Upgrade Shrine","floor":8,"gold_loss":0,"cards_upgraded":["Carnage"]},{"cards_removed":["Strike_R"],"damage_healed":0,"gold_gain":0,"player_choice":"Gave Gold","damage_taken":0,"max_hp_gain":0,"max_hp_loss":0,"event_name":"Beggar","floor":19,"gold_loss":75},{"damage_healed":0,"gold_gain":0,"player_choice":"Fought Bandits","damage_taken":0,"max_hp_gain":0,"max_hp_loss":0,"event_name":"Masked Bandits","floor":20,"gold_loss":0},{"damage_healed":0,"gold_gain":0,"player_choice":"Bought 0 Potions","damage_taken":0,"max_hp_gain":0,"max_hp_loss":0,"event_name":"The Woman in Blue","floor":21,"gold_loss":0},{"damage_healed":0,"gold_gain":0,"player_choice":"Read","damage_taken":0,"max_hp_gain":0,"max_hp_loss":0,"event_name":"The Library","floor":24,"gold_loss":0,"cards_obtained":["Power Through"]}],"is_beta":false,"boss_relics":[{"not_picked":["Tiny House","Pandora\u0027s Box"],"picked":"Calling Bell"}],"items_purged_floors":[11],"is_endless":false,"potions_floor_spawned":[1,4,16,18,22,31],"killed_by":"Automaton","ascension_level":7}}