{"host":"qie2g20yrau14p9p","time":1610715618,"event":{"mods":["BaseMod","Downfall","Minty Spire (QoL Compilation)","Replay The Spire","StSLib","The Cursed","The Necromancer","The Runesmith"],"gold_per_floor":[112,112,112,112,129,129,129,129,200,217,65,65,65,82,82,180,180,105,120,120,120,137,137,137,137,137,137,63,80,80,80,80,181,181,193,211,211,211,223,223,223,223,223,273,365,365,236,248,248,352,352,372,392,405,7,22,22,22,36,113,113,132,150,150,82,82,182,182,192,169,182,182,182,182,192,192,219,319,319,319,319],"floor_reached":79,"playtime":4626,"items_purged":[],"score":1107,"play_id":"014d6988-4c51-478e-abfc-a8da27e6b651","local_time":"20210115070018","daily_mods":["Heirloom","Time Dilation","Flight","downfall:ExchangeController"],"is_ascension_mode":false,"campfire_choices":[{"floor":6,"key":"REST"},{"data":"hexamod:BurningTouch","floor":12,"key":"SMITH"},{"data":"hexamod:Sear","floor":13,"key":"SMITH"},{"floor":15,"key":"REST"},{"floor":23,"key":"REST"},{"data":"hexamod:CouncilsJustice","floor":25,"key":"SMITH"},{"data":"hexamod:Rewind","floor":30,"key":"SMITH"},{"floor":32,"key":"DIG"},{"data":"hexamod:TimeOfNeed","floor":40,"key":"SMITH"},{"data":"Ghostly","floor":41,"key":"SMITH"},{"data":"Ghostly","floor":42,"key":"SMITH"},{"floor":46,"key":"REST"},{"floor":49,"key":"REST"},{"data":"hexamod:HexaLevel","floor":57,"key":"SMITH"},{"data":"Mayhem","floor":58,"key":"SMITH"},{"data":"hexamod:TimeOfNeed","floor":61,"key":"SMITH"},{"floor":64,"key":"REST"},{"floor":66,"key":"REST"},{"data":"hexamod:SkipABeat","floor":74,"key":"SMITH"}],"circlet_count":0,"master_deck":["hexamod:Sear+1","hexamod:Float+1","hexamod:SwordOfDarkness+1","hexamod:Incineration+1","hexamod:BurningTouch+1","hexamod:HeatCrush+1","hexamod:SixthSeal","hexamod:RadiantFlame+1","hexamod:GhostOfSpirePast+1","hexamod:Rewind+1","hexamod:CouncilsJustice+1","hexamod:CouncilsJustice+1","hexamod:CouncilsJustice+1","Ghostly+1","Ghostly+1","Ghostly+1","hexamod:RecurringNightmare","hexamod:HeatShield+1","hexamod:ShieldOfDarkness","hexamod:TimeOfNeed+1","hexamod:SpectersWail+1","hexamod:ExtraCrispy+1","hexamod:CatchUp+1","hexamod:NightmareGuise","hexamod:HauntingEcho+1","hexamod:SkipABeat+1","hexamod:InspiringFlames+1","Mayhem+1","Metamorphosis","expansioncontent:BronzeBeam+1","hexamod:AdvancingGuard","hexamod:TimeOfNeed+1","hexamod:ThermalTransfer+1","hexamod:NightmareGuise","hexamod:EmpoweredFlame","hexamod:BurningTouch","hexamod:HexaLevel+1","hexamod:DynamicBlow+1","hexamod:SkipABeat+1","hexamod:GhostOfSpirePresent","hexamod:GhostShield","hexamod:FastForward","hexamod:StepThrough+1","hexamod:BacktrackSmack+1","hexamod:EmpoweringStance","hexamod:WildfireWeapon+1","hexamod:Hexaguard","hexamod:RainOfEmbers+1","hexamod:ThermalTransfer+1","Slimebound:Tackle+1","Slimebound:Tackle+1","Slimebound:Tackle+1","hexamod:ChargedBarrage","hexamod:PhantomCloak","hexamod:PhantomFireball+1"],"relics":["hexamod:SpiritBrand","downfall:NeowBlessing_Player","Incense Burner","Runesmith:Nanobots","Simple Rune","SlaversCollar","Lantern","Molten Egg 2","Ring of Chaos","Mercury Hourglass","Quantum Egg","Counterbalance","ReplayTheSpireMod:ShopPack","Sozu","downfall:NeowBlessing_Player","Replay:WaspNest","Orrery","White Beast Statue","Replay:Bronze Core","Enchiridion","StoneCalendar","HornCleat"],"acts_visited":["Exordium","TheCity","TheBeyond","Exordium","TheCity"],"potions_floor_usage":[],"damage_taken":[{"damage":19,"enemies":"2 Louse","floor":1,"turns":5},{"damage":0,"enemies":"Jaw Worm","floor":5,"turns":4},{"damage":0,"enemies":"Cultist","floor":10,"turns":3},{"damage":6,"enemies":"Exordium Thugs","floor":14,"turns":6},{"damage":93,"enemies":"The Guardian","floor":16,"turns":19},{"damage":31,"enemies":"2 Thieves","floor":18,"turns":5},{"damage":41,"enemies":"Shell Parasite","floor":19,"turns":7},{"damage":67,"enemies":"Shelled Parasite and Fungi","floor":22,"turns":7},{"damage":31,"enemies":"Snecko","floor":29,"turns":6},{"damage":30,"enemies":"Pondfish","floor":33,"turns":9},{"damage":40,"enemies":"3 Darklings","floor":35,"turns":7},{"damage":8,"enemies":"Orb Walker","floor":36,"turns":3},{"damage":19,"enemies":"3 Darklings","floor":39,"turns":4},{"damage":105,"enemies":"2 Orb Walkers","floor":44,"turns":5},{"damage":26,"enemies":"Spire Growth","floor":48,"turns":5},{"damage":58,"enemies":"Replay:Hell Engine","floor":50,"turns":11},{"damage":17,"enemies":"Small Slimes","floor":52,"turns":3},{"damage":6,"enemies":"2 Louse","floor":53,"turns":2},{"damage":16,"enemies":"Jaw Worm","floor":54,"turns":2},{"damage":23,"enemies":"Lots of Slimes","floor":56,"turns":4},{"damage":57,"enemies":"Gremlin Gang","floor":59,"turns":4},{"damage":26,"enemies":"Large Slime","floor":62,"turns":6},{"damage":74,"enemies":"Exordium Thugs","floor":63,"turns":5},{"damage":50,"enemies":"Fading Forest","floor":67,"turns":11},{"damage":54,"enemies":"Chosen","floor":69,"turns":7},{"damage":95,"enemies":"Spheric Guardian","floor":71,"turns":7},{"damage":113,"enemies":"3 Cultists","floor":75,"turns":5},{"damage":133,"enemies":"Gremlin Leader","floor":77,"turns":7},{"damage":135,"enemies":"Colosseum Slavers","floor":78,"turns":5},{"damage":122,"enemies":"Colosseum Nobs","floor":78,"turns":8},{"damage":20,"enemies":"Cultist and Chosen","floor":79,"turns":1}],"seed_played":"-6854361051082691815","potions_obtained":[{"floor":5,"key":"Languid Potion"},{"floor":10,"key":"hexamod:EctoCoolerPotion"},{"floor":22,"key":"Fire Potion"},{"floor":29,"key":"Languid Potion"},{"floor":36,"key":"Flashbang"}],"is_trial":true,"path_per_floor":["M","?","?","?","M","R","$","?","T","M","$","R","R","M","R","B",null,"M","M","?","?","M","R","?","R","T","?","$","M","R","?","R","B",null,"M","M","T","?","M","R","R","R","T","?","?","R","$","M","R","B",null,"M","M","M","$","M","R","R","M","T","R","M","M","R","$","R","B",null,"M","$","M","?","?","R","M","?","E","?","M"],"character_chosen":"THE_SPIRIT","items_purchased":["Simple Rune","hexamod:HeatShield","ReplayTheSpireMod:ShopPack","Replay:WaspNest","Orrery","hexamod:EmpoweringStance","hexamod:RainOfEmbers+1"],"campfire_rested":7,"item_purchase_floors":[11,28,47,55,55,65,70],"current_hp_per_floor":[151,117,110,110,117,168,168,168,168,168,168,168,168,162,170,77,270,239,205,142,142,75,157,137,137,137,137,137,113,113,113,113,83,237,204,203,203,237,218,218,218,218,218,113,113,184,184,158,229,171,437,420,414,398,398,375,375,375,318,318,318,292,218,349,349,437,387,537,483,483,388,537,537,537,424,408,275,18,0,0,0],"gold":319,"neow_bonus":"","is_daily":false,"chose_seed":false,"campfire_upgraded":11,"win_rate":0.0,"timestamp":1610715618,"path_taken":["M","?","?","?","?","R","?","?","T","?","?","R","R","M","R","BOSS","M","M","?","?","?","R","?","R","T","?","?","M","R","?","R","BOSS","M","M","?","?","?","R","R","R","T","?","?","R","$","?","R","BOSS","M","M","M","$","M","R","R","M","T","R","M","M","R","$","R","BOSS","M","$","M","?","?","R","M","?","E","?","M"],"items_purchased_type":["Relic","Card","Relic","Relic","Relic","Card","Card"],"build_version":"2020-12-13","purchased_purges":0,"victory":false,"max_hp_per_floor":[170,170,170,170,170,170,170,170,170,170,170,170,170,170,170,170,270,270,270,275,275,275,275,137,137,137,137,137,137,137,137,137,137,237,237,237,237,237,237,237,237,237,237,237,237,237,237,237,237,237,437,437,437,437,437,437,437,437,437,437,437,437,437,437,437,437,437,537,537,537,537,537,537,537,537,537,537,537,537,537,537],"card_choices":[{"not_picked":["hexamod:GhostShield","hexamod:HauntingEcho"],"picked":"hexamod:SwordOfDarkness","floor":1},{"not_picked":["hexamod:CatchUp","hexamod:DynamicBlow"],"picked":"hexamod:Incineration","floor":5},{"not_picked":["hexamod:FirstSeal","hexamod:HauntingEcho"],"picked":"hexamod:BurningTouch","floor":10},{"not_picked":["hexamod:EmpoweredFlame","hexamod:RadiantFlame"],"picked":"hexamod:HeatCrush","floor":14},{"not_picked":["hexamod:TimeWarp","hexamod:SearingWound"],"picked":"hexamod:SixthSeal","floor":16},{"not_picked":["hexamod:EmpoweredFlame+1","hexamod:HeatMetal"],"picked":"hexamod:RadiantFlame+1","floor":18},{"not_picked":["hexamod:HeatShield","hexamod:RainOfEmbers"],"picked":"hexamod:GhostOfSpirePast","floor":19},{"not_picked":["hexamod:NecessarySacrifice+1","hexamod:AdvancingGuard+1"],"picked":"hexamod:Rewind","floor":22},{"not_picked":["hexamod:GhostShield+1","hexamod:NightmareGuise"],"picked":"hexamod:ShieldOfDarkness","floor":29},{"not_picked":["hexamod:TimeWarp+1","hexamod:SearingWound"],"picked":"hexamod:TimeOfNeed","floor":33},{"not_picked":["hexamod:RainOfEmbers+1","hexamod:BacktrackSmack+1"],"picked":"hexamod:SpectersWail+1","floor":35},{"not_picked":["hexamod:HeatShield+1","hexamod:RadiantFlame+1"],"picked":"hexamod:ExtraCrispy+1","floor":36},{"not_picked":["hexamod:ShieldOfDarkness","hexamod:RetreatToShadows"],"picked":"hexamod:CatchUp+1","floor":39},{"not_picked":["hexamod:BurningTouch+1","hexamod:InspiringFlames+1"],"picked":"hexamod:NightmareGuise","floor":44},{"not_picked":["hexamod:GhostOfSpirePast","hexamod:StepThrough+1"],"picked":"hexamod:HauntingEcho+1","floor":45},{"not_picked":["hexamod:BurningTouch","hexamod:RecurringNightmare+1"],"picked":"hexamod:SkipABeat+1","floor":45},{"not_picked":["hexamod:Haunt","hexamod:SixthSeal"],"picked":"hexamod:InspiringFlames","floor":45},{"not_picked":["Metamorphosis","Secret Weapon"],"picked":"Mayhem","floor":47},{"not_picked":["Jack Of All Trades","Impatience"],"picked":"Metamorphosis","floor":47},{"not_picked":["Replay:SS_hec_4","expansioncontent:PrepareCrush"],"picked":"expansioncontent:BronzeBeam","floor":47},{"not_picked":["hexamod:FourthSeal","hexamod:RecurringNightmare"],"picked":"hexamod:AdvancingGuard","floor":48},{"not_picked":["hexamod:SixthSeal","hexamod:SearingWound"],"picked":"hexamod:TimeOfNeed","floor":50},{"not_picked":["hexamod:InspiringFlames","hexamod:NightmareStrike+1"],"picked":"hexamod:ThermalTransfer+1","floor":52},{"not_picked":["hexamod:FourthSeal","hexamod:GhostOfSpirePast"],"picked":"hexamod:NightmareGuise","floor":53},{"not_picked":["hexamod:CatchUp","hexamod:SoulSteal"],"picked":"hexamod:EmpoweredFlame","floor":54},{"not_picked":["hexamod:ThermalTransfer+1","hexamod:Incineration+1"],"picked":"hexamod:BurningTouch","floor":55},{"not_picked":["hexamod:SkipABeat","hexamod:FourthSeal"],"picked":"hexamod:HexaLevel","floor":55},{"not_picked":["hexamod:SwordOfDarkness+1","hexamod:FastForward"],"picked":"hexamod:DynamicBlow+1","floor":55},{"not_picked":["hexamod:SearingWound","hexamod:ChargedBarrage"],"picked":"hexamod:SkipABeat","floor":55},{"not_picked":["hexamod:GhostOfSpirePast","hexamod:ThirdSeal"],"picked":"hexamod:GhostOfSpirePresent","floor":55},{"not_picked":["hexamod:SwordOfDarkness+1","hexamod:Firestarter+1"],"picked":"hexamod:GhostShield","floor":56},{"not_picked":["hexamod:HauntingEcho+1","hexamod:SpectersWail+1"],"picked":"hexamod:FastForward","floor":59},{"not_picked":["hexamod:HauntingEcho+1","hexamod:SkipABeat"],"picked":"hexamod:StepThrough+1","floor":62},{"not_picked":["hexamod:ExtraCrispy","hexamod:Haunt"],"picked":"hexamod:BacktrackSmack+1","floor":63},{"not_picked":["hexamod:SearingWound","hexamod:EmpoweringStance"],"picked":"hexamod:WildfireWeapon","floor":67},{"not_picked":["hexamod:GhostLash+1","hexamod:RadiantFlame"],"picked":"hexamod:Hexaguard","floor":69},{"not_picked":["hexamod:SpectersWail+1","hexamod:InspiringFlames"],"picked":"hexamod:ThermalTransfer+1","floor":71},{"not_picked":["hexamod:AdvancingGuard","hexamod:Firestarter+1"],"picked":"hexamod:ChargedBarrage","floor":75},{"not_picked":["hexamod:RadiantFlame","hexamod:NightmareGuise+1"],"picked":"hexamod:PhantomCloak","floor":77},{"not_picked":["hexamod:VolcanoVisage","hexamod:GhostShield+1"],"picked":"hexamod:PhantomFireball+1","floor":78}],"player_experience":25165,"relics_obtained":[{"floor":9,"key":"Runesmith:Nanobots"},{"floor":26,"key":"Lantern"},{"floor":32,"key":"Molten Egg 2"},{"floor":37,"key":"Mercury Hourglass"},{"floor":43,"key":"Quantum Egg"},{"floor":44,"key":"Counterbalance"},{"floor":60,"key":"White Beast Statue"},{"floor":76,"key":"Enchiridion"},{"floor":78,"key":"StoneCalendar"},{"floor":78,"key":"HornCleat"}],"event_choices":[{"damage_healed":0,"gold_gain":0,"player_choice":"Entered Light","damage_taken":34,"max_hp_gain":0,"max_hp_loss":0,"event_name":"Shining Light","floor":2,"gold_loss":0,"cards_upgraded":["hexamod:Defend","hexamod:Defend"]},{"damage_healed":0,"gold_gain":0,"player_choice":"Forge","damage_taken":0,"max_hp_gain":0,"max_hp_loss":0,"event_name":"Accursed Blacksmith","floor":4,"gold_loss":0,"cards_upgraded":["hexamod:SwordOfDarkness"]},{"damage_healed":0,"gold_gain":0,"player_choice":"Upgraded","damage_taken":0,"max_hp_gain":0,"max_hp_loss":0,"event_name":"Upgrade Shrine","floor":8,"gold_loss":0,"cards_upgraded":["hexamod:Float"]},{"damage_healed":0,"gold_gain":0,"player_choice":"Shed Blood","damage_taken":68,"max_hp_gain":5,"max_hp_loss":0,"event_name":"Forgotten Altar","floor":20,"gold_loss":0},{"damage_healed":0,"gold_gain":0,"player_choice":"Upgraded","damage_taken":0,"max_hp_gain":0,"max_hp_loss":0,"event_name":"Upgrade Shrine","floor":21,"gold_loss":0,"cards_upgraded":["hexamod:GhostOfSpirePast"]},{"damage_healed":0,"gold_gain":0,"player_choice":"Read","damage_taken":0,"max_hp_gain":0,"max_hp_loss":0,"event_name":"The Library","floor":27,"gold_loss":0,"cards_obtained":["hexamod:RecurringNightmare"]},{"damage_healed":0,"gold_gain":0,"player_choice":"Ignored","damage_taken":0,"max_hp_gain":0,"max_hp_loss":0,"event_name":"NoteForYourself","floor":31,"gold_loss":0},{"cards_removed":["hexamod:FirstSeal"],"damage_healed":34,"gold_gain":0,"player_choice":"Offered Uncommon","damage_taken":0,"max_hp_gain":0,"max_hp_loss":0,"event_name":"Bonfire Elementals","floor":38,"gold_loss":0},{"damage_healed":0,"gold_gain":0,"player_choice":"Fight","damage_taken":0,"max_hp_gain":0,"max_hp_loss":0,"event_name":"Mysterious Sphere","floor":44,"gold_loss":0},{"damage_healed":177,"gold_gain":0,"player_choice":"Heal","damage_taken":0,"max_hp_gain":0,"max_hp_loss":0,"event_name":"The Library","floor":72,"gold_loss":0},{"damage_healed":0,"gold_gain":0,"player_choice":"Obtained Book","damage_taken":16,"max_hp_gain":0,"max_hp_loss":0,"event_name":"Cursed Tome","floor":76,"gold_loss":0},{"damage_healed":0,"gold_gain":0,"player_choice":"Fight","damage_taken":0,"max_hp_gain":0,"max_hp_loss":0,"event_name":"Colosseum","floor":78,"gold_loss":0},{"damage_healed":0,"gold_gain":0,"player_choice":"Fought Nobs","damage_taken":0,"max_hp_gain":0,"max_hp_loss":0,"event_name":"Colosseum","floor":78,"gold_loss":0}],"is_beta":false,"boss_relics":[{"not_picked":["Black Star","Snecko Heart"],"picked":"SlaversCollar"},{"not_picked":["Tiny House","Runic Pyramid"],"picked":"Ring of Chaos"},{"not_picked":["Runesmith:UraniumAnvil","Philosopher\u0027s Stone"],"picked":"Sozu"},{"not_picked":["Black Star","Painkiller Herb"],"picked":"Replay:Bronze Core"}],"items_purged_floors":[],"is_endless":true,"potions_floor_spawned":[5,10,22,29,36,54,59,62,63,67,69,71,75,77,78,78],"killed_by":"Cultist and Chosen","ascension_level":0}}