{"host":"b995t17pt6d05w8c","time":1610715350,"event":{"mods":["AchievementEnabler","BaseMod","Colored Map","DeckTracker","Keyboard Shortcuts","Minty Spire (QoL Compilation)","Permanent Neow","SuperFastMode"],"gold_per_floor":[115,133,147,147,172,203,203,227,227,302,331,349,274,299,299,392,392,412,228,253,253,278,278,294,319,319,319,319],"floor_reached":27,"language":"KOR","playtime":565,"items_purged":["Strike_R","Strike_R"],"score":416,"play_id":"fcb2e995-281b-4e33-9a7a-fa2a33602ccb","local_time":"20210115215550","is_ascension_mode":true,"campfire_choices":[{"data":"Immolate","floor":7.0,"key":"SMITH"},{"data":"Armaments","floor":15.0,"key":"SMITH"},{"floor":23.0,"key":"REST"}],"circlet_count":0,"master_deck":["AscendersBane","Strike_R","Strike_R","Strike_R","Defend_R","Defend_R","Defend_R","Defend_R","Bash","Immolate+1","Wild Strike","Fire Breathing","Evolve","Armaments+1","Feel No Pain","Feed","Seeing Red","Battle Trance","Sentinel+1"],"relics":["Burning Blood","Golden Idol","Art of War","Pantograph","Odd Mushroom","Busted Crown","FossilizedHelix"],"acts_visited":["Exordium","TheCity"],"potions_floor_usage":[27],"damage_taken":[{"damage":7.0,"enemies":"Jaw Worm","floor":1.0,"turns":2.0},{"damage":7.0,"enemies":"Small Slimes","floor":2.0,"turns":3.0},{"damage":2.0,"enemies":"Cultist","floor":3.0,"turns":4.0},{"damage":0.0,"enemies":"Lots of Slimes","floor":5.0,"turns":1.0},{"damage":25.0,"enemies":"3 Sentries","floor":6.0,"turns":4.0},{"damage":8.0,"enemies":"Blue Slaver","floor":8.0,"turns":2.0},{"damage":13.0,"enemies":"The Mushroom Lair","floor":11.0,"turns":3.0},{"damage":1.0,"enemies":"Exordium Wildlife","floor":12.0,"turns":2.0},{"damage":7.0,"enemies":"Exordium Thugs","floor":14.0,"turns":4.0},{"damage":54.0,"enemies":"The Guardian","floor":16.0,"turns":17.0},{"damage":36.0,"enemies":"Spheric Guardian","floor":18.0,"turns":6.0},{"damage":0.0,"enemies":"3 Byrds","floor":20.0,"turns":3.0},{"damage":28.0,"enemies":"Shelled Parasite and Fungi","floor":22.0,"turns":3.0},{"damage":12.0,"enemies":"Centurion and Healer","floor":24.0,"turns":5.0},{"damage":13.0,"enemies":"Cultist and Chosen","floor":25.0,"turns":4.0},{"damage":50,"enemies":"Gremlin Leader","floor":27,"turns":3}],"seed_played":"-833529288762645787","potions_obtained":[{"floor":3.0,"key":"BloodPotion"},{"floor":5.0,"key":"Explosive Potion"},{"floor":6.0,"key":"LiquidBronze"},{"floor":11.0,"key":"EntropicBrew"},{"floor":22.0,"key":"BloodPotion"},{"floor":24.0,"key":"ColorlessPotion"}],"is_trial":false,"path_per_floor":["M","M","M","?","M","E","R","M","T","?","?","M","$","M","R","B",null,"M","$","M","?","M","R","M","M","T","E"],"character_chosen":"IRONCLAD","items_purchased":["Seeing Red"],"campfire_rested":1,"item_purchase_floors":[19],"current_hp_per_floor":[49,48,52,52,58,52,52,50,50,39,32,37,37,36,36,13,54,24,24,33,33,14,36,33,26,26,0,0],"gold":319,"neow_bonus":"THREE_RARE_CARDS","is_daily":false,"chose_seed":false,"campfire_upgraded":2,"win_rate":0.0,"timestamp":1610715350,"path_taken":["M","M","M","?","M","E","R","M","T","?","?","M","$","M","R","BOSS","M","$","M","?","M","R","M","M","T","E"],"items_purchased_type":["Card"],"build_version":"2020-12-22","purchased_purges":2,"victory":false,"max_hp_per_floor":[75,75,75,68,68,68,68,68,68,68,68,68,68,68,68,68,68,68,68,71,71,74,74,77,77,77,77,77],"card_choices":[{"not_picked":["Impervious","Brutality"],"picked":"Immolate","floor":0.0},{"not_picked":["Iron Wave","Cleave"],"picked":"Wild Strike","floor":1.0},{"not_picked":["Anger","Thunderclap","Sword Boomerang"],"picked":"SKIP","floor":2.0},{"not_picked":["Sword Boomerang","Clash"],"picked":"Fire Breathing","floor":3.0},{"not_picked":["Clash","Inflame"],"picked":"Evolve","floor":5.0},{"not_picked":["Reaper","True Grit"],"picked":"Armaments","floor":6.0},{"not_picked":["Rupture","Twin Strike"],"picked":"Feel No Pain","floor":8.0},{"not_picked":["Cleave","Heavy Blade","True Grit"],"picked":"SKIP","floor":12.0},{"not_picked":["Rage","Cleave","Perfected Strike"],"picked":"SKIP","floor":14.0},{"not_picked":["Limit Break","Barricade"],"picked":"Feed","floor":16.0},{"not_picked":["Cleave"],"picked":"SKIP","floor":18.0},{"not_picked":["Clash"],"picked":"SKIP","floor":20.0},{"not_picked":[],"picked":"Sentinel+1","floor":22.0},{"not_picked":["Armaments"],"picked":"SKIP","floor":24.0},{"not_picked":["Hemokinesis"],"picked":"SKIP","floor":25.0}],"player_experience":131004,"relics_obtained":[{"floor":6.0,"key":"Art of War"},{"floor":9.0,"key":"Pantograph"},{"floor":11.0,"key":"Odd Mushroom"},{"floor":26.0,"key":"FossilizedHelix"}],"event_choices":[{"damage_healed":0.0,"max_hp_gain":0.0,"max_hp_loss":7.0,"gold_gain":0.0,"event_name":"Golden Idol","player_choice":"Lose Max HP","floor":4.0,"gold_loss":0.0,"damage_taken":0.0,"relics_obtained":["Golden Idol"]},{"damage_healed":0.0,"max_hp_gain":0.0,"max_hp_loss":0.0,"gold_gain":75.0,"event_name":"World of Goop","player_choice":"Gather Gold","floor":10.0,"gold_loss":0.0,"damage_taken":11.0},{"damage_healed":0.0,"max_hp_gain":0.0,"max_hp_loss":0.0,"gold_gain":0.0,"event_name":"Mushrooms","player_choice":"Fought Mushrooms","floor":11.0,"gold_loss":0.0,"damage_taken":0.0},{"damage_healed":0.0,"max_hp_gain":0.0,"max_hp_loss":0.0,"gold_gain":0.0,"event_name":"The Library","player_choice":"Read","floor":21.0,"gold_loss":0.0,"damage_taken":0.0,"cards_obtained":["Battle Trance"]}],"is_beta":false,"boss_relics":[{"not_picked":["Runic Pyramid","SacredBark"],"picked":"Busted Crown"}],"items_purged_floors":[13,19],"is_endless":false,"potions_floor_spawned":[3,5,6,11,22,24],"killed_by":"Gremlin Leader","ascension_level":18}}