{"host":"oeotdbd679q6m6vu","time":1610685658,"event":{"mods":["Act Like it!","BaseMod","Colored Map","Decade(Õı–°√˜)","Downfall","Friendly Minions","Gensokyo","GifTheSpireLib","Highlight Path","Marisa£®ÏF”Í°°ƒß¿Ì…≥£©","Minty Spire (QoL Compilation)","Rare Cards Sparkle","Reimu£®≤©¿ˆ¡È√Œ£©","StSLib","The Animator","Youmu£®ªÍ∆«—˝√Œ£©"],"gold_per_floor":[99,117,117,132,196,471,471,31,48,83,94,108,127,153,165,270,270,270,282,301,301,319,319,319,169,182,182,10,27,27,58,68,166,166,166,182,194,204,221,237,237,268,163,174,200,217,247,298,317,317],"floor_reached":51,"language":"ZHS","playtime":4524,"items_purged":["Regret","Slimebound:Defend_Slimebound"],"score":802,"play_id":"52278b12-157d-4fd1-a17b-6fd8f1f82d39","local_time":"20210114234058","is_ascension_mode":false,"campfire_choices":[{"data":"Slimebound:CorrosiveSpit","floor":1,"key":"SMITH"},{"floor":18,"key":"RECALL"},{"floor":30,"key":"REST"},{"floor":35,"key":"REST"}],"circlet_count":0,"master_deck":["Slimebound:Tackle","Slimebound:Defend_Slimebound","Slimebound:Defend_Slimebound","Slimebound:Split","Slimebound:CorrosiveSpit+1","Slimebound:GrowthPunch","Slimebound:GrowthPunch","Slimebound:RejuvenatingLick","Slimebound:LeechEnergy","Slimebound:Nibble","Slimebound:SplitMire","Slimebound:SplitMire","Slimebound:SplitMire","Slimebound:LeechEnergy","Slimebound:LeechEnergy","Slimebound:MassFeed","Slimebound:Gluttony+1","Bite","Bite","Bite","Bite","Bite+1","Ghostly","Slimebound:OneTwoCombo+1","Slimebound:LeechEnergy","Slimebound:LevelUp+1","Slimebound:OneTwoCombo","Slimebound:MinionMaster","Slimebound:LeadByExample","Sadistic Nature","Slimebound:LeechEnergy+1","Slimebound:Replication+1"],"relics":["Slimebound:AbsorbEndCombatUpgraded","White Beast Statue","Thread and Needle","InkBottle","Bag of Marbles","Fusion Hammer","Bottled Lightning","Anchor","Question Card","Whetstone","Ancient Tea Set","Sundial","PreservedInsect","Nunchaku","RuthlessExorcism:ReiMu","Bottled Tornado","CatCart"],"acts_visited":["Exordium","TheCity","TheBeyond"],"potions_floor_usage":[10,10,12,13,14,16,19,20,26,28,29,31,32,33,37,38,39,40,42,43,44,47,48,48,50],"damage_taken":[{"damage":9,"enemies":"Jaw Worm","floor":2,"turns":4},{"damage":7,"enemies":"Small Slimes","floor":4,"turns":3},{"damage":22,"enemies":"Gremlin Nob","floor":5,"turns":4},{"damage":8,"enemies":"downfall:FleeingMerchant","floor":8,"turns":4},{"damage":4,"enemies":"2 Louse","floor":9,"turns":2},{"damage":9,"enemies":"Gremlin Nob","floor":10,"turns":3},{"damage":21,"enemies":"Gremlin Gang","floor":11,"turns":3},{"damage":7,"enemies":"Red Slaver","floor":12,"turns":2},{"damage":23,"enemies":"Large Slime","floor":13,"turns":4},{"damage":19,"enemies":"3 Sentries","floor":14,"turns":5},{"damage":8,"enemies":"Blue Slaver","floor":15,"turns":2},{"damage":62,"enemies":"downfall:Defect","floor":16,"turns":5},{"damage":19,"enemies":"Shell Parasite","floor":19,"turns":2},{"damage":18,"enemies":"Chosen","floor":20,"turns":3},{"damage":35,"enemies":"Centurion and Healer","floor":22,"turns":4},{"damage":8,"enemies":"Snake Plant","floor":26,"turns":3},{"damage":16,"enemies":"downfall:FleeingMerchant","floor":28,"turns":4},{"damage":12,"enemies":"3 Cultists","floor":29,"turns":3},{"damage":15,"enemies":"Slavers","floor":31,"turns":3},{"damage":18,"enemies":"Sentry and Sphere","floor":32,"turns":3},{"damage":52,"enemies":"downfall:Silent","floor":33,"turns":5},{"damage":8,"enemies":"3 Shapes","floor":36,"turns":2},{"damage":12,"enemies":"3 Darklings","floor":37,"turns":2},{"damage":38,"enemies":"Maw","floor":38,"turns":4},{"damage":17,"enemies":"Jaw Worm Horde","floor":39,"turns":3},{"damage":34,"enemies":"3 Darklings","floor":40,"turns":4},{"damage":33,"enemies":"Giant Head","floor":42,"turns":6},{"damage":11,"enemies":"downfall:FleeingMerchant","floor":43,"turns":2},{"damage":33,"enemies":"Maw","floor":44,"turns":5},{"damage":26,"enemies":"Nemesis","floor":45,"turns":3},{"damage":12,"enemies":"Spire Growth","floor":46,"turns":2},{"damage":23,"enemies":"Giant Head","floor":47,"turns":4},{"damage":12,"enemies":"Orin","floor":48,"turns":4},{"damage":33,"enemies":"Transient","floor":49,"turns":5},{"damage":50,"enemies":"downfall:Ironclad","floor":50,"turns":5}],"seed_played":"-7737716260357041460","potions_obtained":[{"floor":4,"key":"ColorlessPotion"},{"floor":8,"key":"Fire Potion"},{"floor":9,"key":"Regen Potion"},{"floor":10,"key":"Energy Potion"},{"floor":11,"key":"Fire Potion"},{"floor":12,"key":"BlessingOfTheForge"},{"floor":13,"key":"LiquidBronze"},{"floor":14,"key":"Regen Potion"},{"floor":15,"key":"ColorlessPotion"},{"floor":16,"key":"champ:CounterPotion"},{"floor":19,"key":"DuplicationPotion"},{"floor":20,"key":"Fire Potion"},{"floor":26,"key":"Strength Potion"},{"floor":28,"key":"Fire Potion"},{"floor":29,"key":"ColorlessPotion"},{"floor":31,"key":"SteroidPotion"},{"floor":32,"key":"CultistPotion"},{"floor":33,"key":"Guardian:BlockOnCardUsePotion"},{"floor":37,"key":"SpeedPotion"},{"floor":38,"key":"Energy Potion"},{"floor":39,"key":"Fire Potion"},{"floor":40,"key":"DistilledChaos"},{"floor":42,"key":"Ancient Potion"},{"floor":43,"key":"Block Potion"},{"floor":44,"key":"Fire Potion"},{"floor":47,"key":"Fruit Juice"},{"floor":48,"key":"champ:CounterPotion"},{"floor":49,"key":"ZuzhouPotion:ReiMu"}],"is_trial":false,"path_per_floor":["R","M","?","M","?","?","T","$","M","E","M","M","M","E","M","B",null,"R","M","M","T","M","?","T","?","M","T","$","M","R","E","M","B",null,"R","M","M","M","M","M","T","E","$","M","E","M","E","?","M","B",null],"character_chosen":"SLIMEBOUND","items_purchased":["Slimebound:LeechEnergy","Thread and Needle","Whetstone","Sadistic Nature","Nunchaku"],"campfire_rested":2,"item_purchase_floors":[8,8,28,43,43],"current_hp_per_floor":[66,63,63,64,52,52,52,54,60,63,61,64,63,66,66,33,66,66,64,66,66,65,46,46,46,46,46,46,49,49,52,55,43,58,58,58,61,61,59,62,62,65,66,67,59,67,67,72,72,55],"gold":317,"neow_bonus":"TEN_PERCENT_HP_BONUS","is_daily":false,"chose_seed":false,"campfire_upgraded":1,"win_rate":0.0,"timestamp":1610685658,"path_taken":["R","M","?","M","?","?","T","$","M","E","M","?","M","E","M","BOSS","R","M","M","?","?","?","T","?","M","?","$","M","R","E","M","BOSS","R","M","?","M","M","M","T","E","$","M","E","M","E","?","M","BOSS"],"items_purchased_type":["Card","Relic","Relic","Card","Relic"],"build_version":"2020-12-22","purchased_purges":2,"victory":true,"max_hp_per_floor":[66,66,66,66,66,66,66,66,66,66,66,66,66,66,66,66,66,66,66,66,66,66,46,46,46,46,46,46,49,49,52,55,58,58,58,58,61,61,64,64,64,67,67,67,67,67,67,72,72,72],"card_choices":[{"not_picked":["Slimebound:GoopSpray","Slimebound:ComboTackle","Slimebound:SlimeBarrage"],"picked":"SKIP","floor":2},{"not_picked":["Slimebound:DisruptingSlam","Slimebound:SplitBruiser"],"picked":"Slimebound:GrowthPunch","floor":4},{"not_picked":["Slimebound:SlimeSpikes","Slimebound:SplitAcid"],"picked":"Slimebound:GrowthPunch","floor":5},{"not_picked":["Slimebound:Schlurp","Slimebound:SelfFormingGoo"],"picked":"Slimebound:RejuvenatingLick","floor":8},{"not_picked":["Slimebound:FinishingTackle","Slimebound:SplitBruiser"],"picked":"Slimebound:Nibble","floor":9},{"not_picked":["Slimebound:ItLooksTasty","Slimebound:GoopTackle"],"picked":"Slimebound:SplitMire","floor":10},{"not_picked":["Slimebound:SlimeSpikes","Slimebound:Schlurp"],"picked":"Slimebound:SplitMire","floor":11},{"not_picked":["Slimebound:SamplingLick","Slimebound:PressTheAttack"],"picked":"Slimebound:SplitMire","floor":12},{"not_picked":["Slimebound:ViciousTackle","Slimebound:SelfFormingGoo"],"picked":"Slimebound:LeechEnergy","floor":13},{"not_picked":["Slimebound:LeechingTouch","Slimebound:ItLooksTasty"],"picked":"Slimebound:LeechEnergy","floor":14},{"not_picked":["Slimebound:GoopSpray","Slimebound:SplitAcid","Slimebound:SplitLeeching"],"picked":"SKIP","floor":15},{"not_picked":["Slimebound:RallyTheTroops","Slimebound:DouseInSlime"],"picked":"Slimebound:MassFeed","floor":16},{"not_picked":["Slimebound:GrowthPunch+1","Slimebound:LeechEnergy"],"picked":"Slimebound:Gluttony+1","floor":19},{"not_picked":["Slimebound:SplitBruiser","Slimebound:Schlurp","Slimebound:SlimeSpikes+1"],"picked":"SKIP","floor":20},{"not_picked":["Slimebound:SplitMire","Slimebound:SlimeBarrage","Slimebound:ComboTackle"],"picked":"SKIP","floor":22},{"not_picked":["Slimebound:ViciousTackle+1","Slimebound:SpikyOuterGoop"],"picked":"Slimebound:OneTwoCombo","floor":26},{"not_picked":["Slimebound:MassRepurpose","Slimebound:ItLooksTasty+1","Slimebound:GrowthPunch"],"picked":"Slimebound:LeechEnergy","floor":28},{"not_picked":["Slimebound:ProtectTheBoss","Slimebound:SplitLeeching","Slimebound:SlimeSpikes+1","Slimebound:FormOfPuddle"],"picked":"SKIP","floor":29},{"not_picked":["Slimebound:GrowthPunch","Slimebound:RejuvenatingLick","Slimebound:PressTheAttack"],"picked":"Slimebound:LevelUp+1","floor":31},{"not_picked":["Slimebound:Gluttony","Slimebound:SplitBruiser+1","Slimebound:Grow+1"],"picked":"Slimebound:OneTwoCombo","floor":32},{"not_picked":["Slimebound:Teamwork","Slimebound:OozeBath","Slimebound:MassRepurpose"],"picked":"Slimebound:MinionMaster","floor":33},{"not_picked":["Slimebound:SplitBruiser","Slimebound:SlimeSpikes","Slimebound:SplitLeeching+1","Slimebound:ComboTackle+1"],"picked":"SKIP","floor":36},{"not_picked":["Slimebound:RollThrough","Slimebound:Gluttony","Slimebound:Schlurp","Slimebound:SplitLeeching+1"],"picked":"SKIP","floor":37},{"not_picked":["Slimebound:Grow+1","Slimebound:HauntingLick","Slimebound:FinishingTackle+1","Slimebound:LivingWall+1"],"picked":"SKIP","floor":38},{"not_picked":["Slimebound:PressTheAttack+1","Slimebound:SamplingLick","Slimebound:SlimeSpikes","Slimebound:RollThrough"],"picked":"SKIP","floor":39},{"not_picked":["Slimebound:Teamwork","Slimebound:SamplingLick+1","Slimebound:ComboTackle+1","Slimebound:LeechingTouch+1"],"picked":"SKIP","floor":40},{"not_picked":["Slimebound:GoopSpray","Slimebound:LeechEnergy","Slimebound:SplitBruiser+1"],"picked":"Slimebound:LeadByExample","floor":42},{"not_picked":["Slimebound:ForwardTackle","Slimebound:FinishingTackle","Slimebound:Nibble+1","Slimebound:ComboTackle"],"picked":"SKIP","floor":43},{"not_picked":["Slimebound:Schlurp","Slimebound:SplitLeeching+1","Slimebound:ViciousTackle","Slimebound:SplitBruiser+1"],"picked":"SKIP","floor":44},{"not_picked":["Slimebound:SlimeBrawl+1","Slimebound:ItLooksTasty","Slimebound:SamplingLick+1"],"picked":"Slimebound:LeechEnergy+1","floor":45},{"not_picked":["Slimebound:FinishingTackle","Slimebound:LeechingTouch+1","Slimebound:SplitMire","Slimebound:GrowthPunch"],"picked":"SKIP","floor":46},{"not_picked":["Slimebound:BestDefense","Slimebound:FormOfPuddle+1","Slimebound:PressTheAttack","Slimebound:SplitLeeching"],"picked":"SKIP","floor":47},{"not_picked":["Slimebound:LivingWall+1","Slimebound:Chomp","Slimebound:OozeBath"],"picked":"Slimebound:Replication+1","floor":48},{"not_picked":["Slimebound:ComboTackle+1","Slimebound:ProtectTheBoss","Slimebound:Equalize+1","Slimebound:ViciousTackle"],"picked":"SKIP","floor":49}],"player_experience":304092,"relics_obtained":[{"floor":5,"key":"White Beast Statue"},{"floor":10,"key":"InkBottle"},{"floor":14,"key":"Bag of Marbles"},{"floor":21,"key":"Bottled Lightning"},{"floor":24,"key":"Anchor"},{"floor":27,"key":"Question Card"},{"floor":31,"key":"Ancient Tea Set"},{"floor":41,"key":"Sundial"},{"floor":42,"key":"PreservedInsect"},{"floor":45,"key":"RuthlessExorcism:ReiMu"},{"floor":47,"key":"Bottled Tornado"},{"floor":48,"key":"CatCart"}],"event_choices":[{"cards_removed":["Slimebound:Defend_Slimebound"],"damage_healed":0,"gold_gain":0,"player_choice":"Card Removal","damage_taken":0,"max_hp_gain":0,"max_hp_loss":0,"event_name":"The Cleric","floor":3,"gold_loss":0},{"damage_healed":0,"gold_gain":0,"player_choice":"Became a vampire","damage_taken":0,"max_hp_gain":0,"max_hp_loss":20,"event_name":"Vampires","floor":23,"gold_loss":0,"cards_obtained":["Bite","Bite","Bite","Bite","Bite"]},{"damage_healed":0,"gold_gain":0,"player_choice":"Fight","damage_taken":0,"max_hp_gain":0,"max_hp_loss":0,"event_name":"OrinTheCat","floor":48,"gold_loss":0}],"is_beta":false,"boss_relics":[{"not_picked":["Tiny House","Snecko Eye"],"picked":"Fusion Hammer"},{"not_picked":["Black Star","SacredBark"],"picked":"Slimebound:AbsorbEndCombatUpgraded"}],"items_purged_floors":[8,43],"is_endless":false,"potions_floor_spawned":[4,8,9,10,11,12,13,14,15,16,19,20,22,26,28,29,31,32,33,36,37,38,39,40,42,43,44,45,46,47,48,49],"ascension_level":0}}