{"host":"6hzrz31j95f2y1pa","time":1610722659,"event":{"mods":["BaseMod","Colored Map","Downfall","Minty Spire (QoL Compilation)","StSLib"],"gold_per_floor":[0,10,10,25,25,57,57,76,101,26,36,36,21,56,72,168,168,168,189,214,239,239,283,329,382,391,391,400,437,482,506,537,659,659,659,679,679,698,115,40,40,72,89,131,140,65,65,91,103,103],"floor_reached":51,"language":"ENG","playtime":3429,"items_purged":["Guardian:Defend_Guardian"],"score":1134,"play_id":"2f97b646-8c5d-4540-b89b-768a5971ea5e","local_time":"20210115095739","is_ascension_mode":true,"campfire_choices":[{"data":"Guardian:TwinSlam","floor":1.0,"key":"SMITH"},{"floor":10.0,"key":"REST"},{"floor":12.0,"key":"REST"},{"data":"Guardian:FloatingOrbs","floor":18.0,"key":"SMITH"},{"floor":28.0,"key":"REST"},{"floor":35,"key":"RECALL"},{"data":"Guardian:VentSteam","floor":40,"key":"SMITH"},{"data":"Guardian:BaubleBeam","floor":46,"key":"SMITH"}],"circlet_count":0,"master_deck":["Guardian:Strike_Guardian","Guardian:Strike_Guardian","Guardian:Strike_Guardian","Guardian:Defend_Guardian","Guardian:Defend_Guardian","Guardian:CurlUp","Guardian:TwinSlam+1","Guardian:ChargeCore","Guardian:PiercingHide","Guardian:Suspension","Guardian:ShieldSpikes","Guardian:StasisEngine","Guardian:PrismaticBeam","Guardian:FloatingOrbs+1","Guardian:StasisField","Guardian:ChargeUp","Guardian:GemFinder","Guardian:TemporalStrike","Guardian:CrystalBeam","Guardian:TemporalShield+1","Guardian:PrismaticBarrier+1","Guardian:BaubleBeam+1","Guardian:Suspension+1","Guardian:VentSteam+1","Guardian:TemporalStrike+1","Guardian:BronzeArmor+1","Guardian:Gem_Cyan"],"relics":["Guardian:ModeShifter","TungstenRod","Strawberry","Ice Cream","Dream Catcher","downfall:HeartBlessingGreen","Omamori","Calling Bell","CeramicFish","Ornamental Fan","Bird Faced Urn","Matryoshka","Vajra","Guardian:PickAxe","Regal Pillow","Necronomicon","Bag of Marbles","Sozu","Guardian:BottledStasis","Bottled Flame","downfall:HeartBlessingRed","Anchor","Guardian:DefensiveModeMoreBlock","downfall:HeartBlessingBlue","Question Card"],"acts_visited":["Exordium","TheCity","TheBeyond"],"potions_floor_usage":[],"damage_taken":[{"damage":0.0,"enemies":"Small Slimes","floor":2.0,"turns":5.0},{"damage":1.0,"enemies":"Cultist","floor":4.0,"turns":3.0},{"damage":20.0,"enemies":"Lagavulin","floor":6.0,"turns":11.0},{"damage":1.0,"enemies":"Jaw Worm","floor":8.0,"turns":2.0},{"damage":59.0,"enemies":"Gremlin Nob","floor":9.0,"turns":7.0},{"damage":9.0,"enemies":"Gremlin Gang","floor":11.0,"turns":5.0},{"damage":0.0,"enemies":"downfall:FleeingMerchant","floor":13.0,"turns":4.0},{"damage":0.0,"enemies":"Lagavulin","floor":14.0,"turns":6.0},{"damage":0.0,"enemies":"Lots of Slimes","floor":15.0,"turns":5.0},{"damage":10.0,"enemies":"downfall:Silent","floor":16.0,"turns":10.0},{"damage":0.0,"enemies":"Chosen","floor":19.0,"turns":6.0},{"damage":3.0,"enemies":"Shell Parasite","floor":20.0,"turns":6.0},{"damage":11.0,"enemies":"Centurion and Healer","floor":21.0,"turns":6.0},{"damage":23.0,"enemies":"Book of Stabbing","floor":23.0,"turns":7.0},{"damage":18.0,"enemies":"Gremlin Leader","floor":25.0,"turns":10.0},{"damage":15.0,"enemies":"Cultist and Chosen","floor":29.0,"turns":6.0},{"damage":2.0,"enemies":"Book of Stabbing","floor":30.0,"turns":5.0},{"damage":0.0,"enemies":"Shelled Parasite and Fungi","floor":31.0,"turns":3.0},{"damage":7.0,"enemies":"Snake Plant","floor":32.0,"turns":3.0},{"damage":25.0,"enemies":"downfall:Ironclad","floor":33.0,"turns":7.0},{"damage":0,"enemies":"Orb Walker","floor":36,"turns":2},{"damage":17,"enemies":"3 Darklings","floor":38,"turns":5},{"damage":0,"enemies":"downfall:FleeingMerchant","floor":39,"turns":4},{"damage":16,"enemies":"Maw","floor":42,"turns":5},{"damage":14,"enemies":"Transient","floor":43,"turns":5},{"damage":0,"enemies":"Nemesis","floor":44,"turns":3},{"damage":0,"enemies":"Reptomancer","floor":48,"turns":4},{"damage":0,"enemies":"Writhing Mass","floor":49,"turns":2},{"damage":0,"enemies":"downfall:Defect","floor":50,"turns":5}],"seed_played":"1972598785682178858","potions_obtained":[{"floor":11.0,"key":"Fire Potion"},{"floor":14.0,"key":"BlessingOfTheForge"},{"floor":15.0,"key":"Explosive Potion"},{"floor":16.0,"key":"Guardian:DefensiveModePotion"},{"floor":21.0,"key":"Guardian:AcceleratePotion"},{"floor":30.0,"key":"AttackPotion"},{"floor":31.0,"key":"Energy Potion"}],"is_trial":false,"path_per_floor":["R","M","?","M","?","E","T","M","E","R","M","R","$","E","M","B",null,"R","M","M","M","?","E","T","E","?","?","R","M","E","M","M","B",null,"R","M","?","M","$","R","T","M","M","E","?","R","?","E","M","B",null],"character_chosen":"GUARDIAN","items_purchased":["Guardian:BottledStasis","Bottled Flame","Guardian:VentSteam","Guardian:Gem_Fragmented"],"campfire_rested":3,"item_purchase_floors":[39,39,39,39],"current_hp_per_floor":[80,80,80,79,79,66,66,65,6,32,23,49,49,49,49,39,87,87,87,84,78,78,61,61,51,51,36,77,68,70,72,67,50,87,87,87,87,78,82,82,82,74,68,76,76,86,86,92,92,96],"gold":103,"neow_bonus":"ONE_RARE_RELIC","is_daily":false,"chose_seed":false,"campfire_upgraded":4,"win_rate":0.0,"timestamp":1610722659,"path_taken":["R","M","?","?","?","E","T","M","E","R","?","R","?","E","M","BOSS","R","M","M","M","?","E","T","E","?","?","R","M","E","M","M","BOSS","R","M","?","M","$","R","T","M","M","E","?","R","?","E","M","BOSS"],"items_purchased_type":["Relic","Relic","Card","Card"],"build_version":"2020-12-22","purchased_purges":1,"victory":true,"max_hp_per_floor":[80,80,80,80,80,87,87,87,87,87,87,87,87,87,87,87,87,87,87,87,87,87,87,87,87,87,87,87,87,87,87,87,87,87,87,87,87,87,87,87,87,87,87,87,87,97,97,97,97,97],"card_choices":[{"not_picked":["Guardian:ShieldCharger","Guardian:RollAttack"],"picked":"Guardian:ChargeCore","floor":2.0},{"not_picked":["Guardian:Gem_Lightblue","Guardian:GuardianWhirl"],"picked":"Guardian:Gem_Cyan","floor":4.0},{"not_picked":["Guardian:Gem_Lightblue","Guardian:Harden"],"picked":"Guardian:Gem_Red","floor":6.0},{"not_picked":["Guardian:PiercingHide","Guardian:Suspension"],"picked":"Guardian:Gem_Cyan","floor":8.0},{"not_picked":["Guardian:Gem_Cyan","Guardian:PolyBeam"],"picked":"Guardian:FloatingOrbs","floor":9.0},{"not_picked":["Guardian:Planning","Guardian:GatlingBeam"],"picked":"Guardian:PiercingHide","floor":10.0},{"not_picked":["Guardian:TemporalShield","Guardian:PrismaticBarrier"],"picked":"Guardian:Suspension","floor":11.0},{"not_picked":["Guardian:Planning","Guardian:Suspension"],"picked":"Guardian:ShieldSpikes","floor":12.0},{"not_picked":["Guardian:ShieldCharger","Guardian:Recover"],"picked":"Guardian:StasisEngine","floor":13.0},{"not_picked":["Guardian:Gem_Lightblue","Guardian:FuturePlans"],"picked":"Guardian:PrismaticBeam","floor":14.0},{"not_picked":["Guardian:RefractedBeam","Guardian:Emergency"],"picked":"Guardian:FloatingOrbs","floor":15.0},{"not_picked":["Guardian:AncientConstruct","Guardian:GemFire"],"picked":"Guardian:StasisField","floor":16.0},{"not_picked":["Guardian:WalkerClaw+1","Guardian:Suspension"],"picked":"Guardian:Gem_Crimson","floor":19.0},{"not_picked":["Guardian:EvasiveProtocol","Guardian:SpikerProtocol"],"picked":"Guardian:ChargeUp","floor":20.0},{"not_picked":["Guardian:PiercingHide","Guardian:ShieldCharger"],"picked":"Guardian:GemFinder","floor":21.0},{"not_picked":["Guardian:RefractedBeam","Guardian:CrystalBeam"],"picked":"Guardian:Gem_Yellow","floor":23.0},{"not_picked":["Guardian:Gem_Green","Guardian:Gem_Lightblue"],"picked":"Guardian:Gem_Red","floor":23.0},{"not_picked":["Guardian:WalkerClaw+1","Guardian:Gem_Lightblue"],"picked":"Guardian:TemporalStrike","floor":25.0},{"not_picked":["Guardian:Gem_Green","Guardian:Gem_Red"],"picked":"Guardian:Gem_Cyan","floor":25.0},{"not_picked":["Guardian:ChargeCore+1","Guardian:SentryBeam"],"picked":"Guardian:Gem_Fragmented","floor":28.0},{"not_picked":["Guardian:EvasiveProtocol+1","Guardian:HyperBeam_Guardian"],"picked":"Guardian:Gem_Cyan","floor":29.0},{"not_picked":["Guardian:Gem_Lightblue","Guardian:Gem_Red"],"picked":"Guardian:Gem_Green","floor":29.0},{"not_picked":["Guardian:ArmoredProtocol","Guardian:Suspension+1"],"picked":"Guardian:TemporalShield+1","floor":30.0},{"not_picked":["Guardian:Gem_Green","Guardian:Gem_Lightblue"],"picked":"Guardian:Gem_Red","floor":30.0},{"not_picked":["Guardian:MultiBeam","Guardian:ChargeCore"],"picked":"Guardian:Gem_Orange","floor":31.0},{"not_picked":["Guardian:Gem_Lightblue","Guardian:Planning"],"picked":"Guardian:PrismaticBarrier+1","floor":32.0},{"not_picked":["Guardian:Gem_Green","Guardian:Gem_Lightblue"],"picked":"Guardian:Gem_Cyan","floor":32.0},{"not_picked":["Guardian:SphericShield","Guardian:GemFire"],"picked":"Guardian:BaubleBeam","floor":33.0},{"not_picked":["Guardian:Gem_Lightblue","Guardian:Gem_Red"],"picked":"Guardian:Gem_Cyan","floor":33.0},{"not_picked":["Guardian:PrimingBeam+1","Guardian:ChargeCore+1"],"picked":"Guardian:Suspension+1","floor":36},{"not_picked":["Guardian:Gem_Green","Guardian:Gem_Lightblue"],"picked":"Guardian:Gem_Red","floor":38},{"not_picked":["Guardian:Reroute","Guardian:Recover+1","Guardian:PrimingBeam+1"],"picked":"SKIP","floor":38},{"not_picked":["Guardian:Suspension","Guardian:WalkerClaw+1","Guardian:PrismaticBeam+1"],"picked":"SKIP","floor":39},{"not_picked":["Guardian:MultiBeam+1","Guardian:Planning"],"picked":"Guardian:TemporalStrike+1","floor":42},{"not_picked":["Guardian:Gem_Red","Guardian:Gem_Green"],"picked":"Guardian:Gem_Cyan","floor":42},{"not_picked":["Guardian:SpikerProtocol+1","Guardian:Gem_Lightblue","Guardian:EvasiveProtocol"],"picked":"SKIP","floor":43},{"not_picked":["Guardian:DecasProtection","Guardian:Planning"],"picked":"Guardian:BronzeArmor+1","floor":44},{"not_picked":["Guardian:ChargeUp","Guardian:Gem_Lightblue","Guardian:Recover+1"],"picked":"SKIP","floor":48},{"not_picked":["Guardian:TemporalShield","Guardian:Gem_Purple","Guardian:MultiBeam+1","Guardian:Gem_Fragmented"],"picked":"SKIP","floor":49}],"player_experience":1330437,"relics_obtained":[{"floor":6.0,"key":"Strawberry"},{"floor":7.0,"key":"Ice Cream"},{"floor":9.0,"key":"Dream Catcher"},{"floor":14.0,"key":"Omamori"},{"floor":17.0,"key":"CeramicFish"},{"floor":17.0,"key":"Ornamental Fan"},{"floor":17.0,"key":"Bird Faced Urn"},{"floor":23.0,"key":"Matryoshka"},{"floor":24.0,"key":"Vajra"},{"floor":24.0,"key":"Guardian:PickAxe"},{"floor":25.0,"key":"Regal Pillow"},{"floor":27.0,"key":"Necronomicon"},{"floor":30.0,"key":"Bag of Marbles"},{"floor":41,"key":"Anchor"},{"floor":44,"key":"Guardian:DefensiveModeMoreBlock"},{"floor":48,"key":"Question Card"}],"event_choices":[{"cards_removed":["Guardian:Defend_Guardian"],"damage_healed":0.0,"max_hp_gain":0.0,"max_hp_loss":0.0,"gold_gain":0.0,"event_name":"Bonfire Elementals","player_choice":"Offered Basic","floor":3.0,"gold_loss":0.0,"damage_taken":0.0},{"damage_healed":0.0,"max_hp_gain":0.0,"max_hp_loss":0.0,"gold_gain":0.0,"event_name":"Vampires","player_choice":"Ignored","floor":22.0,"gold_loss":0.0,"damage_taken":0.0},{"damage_healed":0.0,"max_hp_gain":0.0,"max_hp_loss":0.0,"gold_gain":0.0,"event_name":"The Library","player_choice":"Read","floor":26.0,"gold_loss":0.0,"damage_taken":0.0,"cards_obtained":["Guardian:CrystalBeam"]},{"cards_removed":["Guardian:FloatingOrbs"],"damage_healed":0,"gold_gain":0,"player_choice":"Removed Power","damage_taken":0,"max_hp_gain":0,"max_hp_loss":0,"event_name":"Falling","floor":47,"gold_loss":0}],"is_beta":false,"boss_relics":[{"not_picked":["Philosopher\u0027s Stone","Black Star"],"picked":"Calling Bell"},{"not_picked":["Guardian:StasisSlotReductionRelic","Pandora\u0027s Box"],"picked":"Sozu"}],"items_purged_floors":[39],"is_endless":false,"potions_floor_spawned":[11,14,15,16,19,21,30,31,38,43,48],"ascension_level":4}}