{"host":"51mqhfpmwwd4kxyt","time":1610725458,"event":{"mods":["BaseMod","Downfall","Highlight Path","Minty Spire (QoL Compilation)","READ ME - Guardian Mod","StSLib","The Cursed","The Servant 0.9.4"],"gold_per_floor":[99,112,142,142,142,172,172,172,183,183,203,221,233,244,263,366,416,341,356,356,372,372,372,372,404,160,180,198,198,209,209,219,321,321,321,340,360,409,409,425,450,450,461,481,406,422,422,422,440,440],"floor_reached":51,"language":"ENG","playtime":5460,"items_purged":["Regret"],"score":730,"play_id":"16738e82-61f1-4ff8-a247-94b042d5851f","local_time":"20210115104418","is_ascension_mode":false,"campfire_choices":[{"data":"sneckomod:SnekBite","floor":1,"key":"SMITH"},{"data":"sneckomod:UnknownRarePower","floor":18,"key":"SMITH"},{"floor":29,"key":"REST"},{"data":"sneckomod:UnlimitedRolls","floor":35,"key":"SMITH"},{"floor":45,"key":"REST"},{"floor":47,"key":"REST"}],"circlet_count":0,"master_deck":["sneckomod:Strike+1","sneckomod:Strike","sneckomod:Defend","sneckomod:Defend+1","sneckomod:Defend+1","sneckomod:TailWhip+1","sneckomod:SnekBite+1","sneckomod:Unknown","sneckomod:Unknown","TheCursedMod:Dregs","expansioncontent:QuickStudy","sneckomod:TrashToTreasure+1","sneckomod:UnknownX","sneckomod:UnknownEthereal","sneckomod:QuickMove","sneckomod:Unknown0Cost+1","sneckomod:ImprovisedAttack+1","sneckomod:UnknownRareAttack+1","sneckomod:UnknownRarePower+1","sneckomod:SerpentIdol","sneckomod:Nope","Shame","sneckomod:QuickBite+1","Slimebound:CheckThePlaybook","Slimebound:Icky","sneckomod:CheapStock","sneckomod:DefensiveFlair+1","sneckomod:DiceBlock","sneckomod:UnknownEthereal+1","sneckomod:UnlimitedRolls+1","sneckomod:UnknownClassRED","sneckomod:QuickBite+1","expansioncontent:DefensiveStance","expansioncontent:DefensiveMode","expansioncontent:TimeRipple+1","sneckomod:SoulDraw","sneckomod:Nope","sneckomod:SoulDraw"],"relics":["sneckomod:SuperSneckoSoul","Tiny Chest","WingedGreaves","Molten Egg 2","downfall:ShatteredFragment","Mummified Hand","Tiny House","downfall:HeartBlessingGreen","Matryoshka","Nunchaku","Pear","InkBottle","Bottled Tornado","Red Mask","Lantern","Art of War","White Beast Statue","downfall:HeartBlessingBlue","Prayer Wheel"],"acts_visited":["Exordium","TheCity","TheBeyond"],"potions_floor_usage":[16,16,16,20,33,33,33,44,50,50,50],"damage_taken":[{"damage":1,"enemies":"Small Slimes","floor":2,"turns":3},{"damage":9,"enemies":"Gremlin Nob","floor":6,"turns":3},{"damage":0,"enemies":"2 Louse","floor":9,"turns":2},{"damage":0,"enemies":"Jaw Worm","floor":11,"turns":3},{"damage":2,"enemies":"Lots of Slimes","floor":12,"turns":2},{"damage":10,"enemies":"Gremlin Gang","floor":13,"turns":4},{"damage":6,"enemies":"2 Fungi Beasts","floor":14,"turns":2},{"damage":0,"enemies":"Large Slime","floor":15,"turns":3},{"damage":39,"enemies":"downfall:Ironclad","floor":16,"turns":6},{"damage":6,"enemies":"Chosen","floor":19,"turns":4},{"damage":0,"enemies":"Spheric Guardian","floor":21,"turns":3},{"damage":46,"enemies":"Masked Bandits","floor":25,"turns":5},{"damage":7,"enemies":"downfall:FleeingMerchant","floor":26,"turns":4},{"damage":3,"enemies":"Cultist and Chosen","floor":27,"turns":4},{"damage":24,"enemies":"Snake Plant","floor":28,"turns":4},{"damage":7,"enemies":"Snecko","floor":30,"turns":4},{"damage":17,"enemies":"Cultist and Chosen","floor":32,"turns":6},{"damage":65,"enemies":"downfall:Watcher","floor":33,"turns":9},{"damage":2,"enemies":"3 Shapes","floor":36,"turns":4},{"damage":32,"enemies":"3 Darklings","floor":37,"turns":4},{"damage":12,"enemies":"4 Shapes","floor":40,"turns":4},{"damage":17,"enemies":"Transient","floor":43,"turns":5},{"damage":16,"enemies":"Jaw Worm Horde","floor":44,"turns":3},{"damage":0,"enemies":"Spire Growth","floor":46,"turns":2},{"damage":0,"enemies":"3 Darklings","floor":49,"turns":2},{"damage":76,"enemies":"downfall:Silent","floor":50,"turns":12}],"seed_played":"6823102452019219709","potions_obtained":[{"floor":2,"key":"Regen Potion"},{"floor":11,"key":"Block Potion"},{"floor":12,"key":"Swift Potion"},{"floor":13,"key":"sneckomod:CheatPotion"},{"floor":17,"key":"Fruit Juice"},{"floor":27,"key":"Regen Potion"},{"floor":28,"key":"FearPotion"},{"floor":30,"key":"BlessingOfTheForge"},{"floor":31,"key":"CultistPotion"},{"floor":32,"key":"hexamod:EctoCoolerPotion"},{"floor":37,"key":"Energy Potion"},{"floor":40,"key":"EssenceOfSteel"},{"floor":43,"key":"Explosive Potion"},{"floor":44,"key":"Regen Potion"}],"is_trial":false,"path_per_floor":["R","M","?","?","?","E","T","?","M","T","M","M","M","M","M","B",null,"R","M","?","M","T","?","T","?","$","M","M","R","M","?","M","B",null,"R","M","M","T","?","M","T","?","M","M","R","M","R","T","M","B",null],"character_chosen":"THE_SNECKO","items_purchased":["Lantern"],"campfire_rested":3,"item_purchase_floors":[26],"current_hp_per_floor":[90,89,89,89,89,81,81,60,61,61,61,60,50,45,45,16,100,100,94,99,99,109,109,109,67,60,57,42,77,70,70,61,19,136,136,134,117,117,107,95,95,95,78,62,115,115,146,146,146,85],"gold":440,"neow_bonus":"RANDOM_COLORLESS_2","is_daily":false,"chose_seed":false,"campfire_upgraded":3,"win_rate":0.0,"timestamp":1610725458,"path_taken":["R","M","?","?","?","E","T","?","M","?","M","?","M","?","M","BOSS","R","M","?","M","?","?","T","?","$","M","M","R","M","?","M","BOSS","R","M","M","?","?","M","T","?","M","M","R","?","R","?","M","BOSS"],"items_purchased_type":["Relic"],"build_version":"2020-12-22","purchased_purges":1,"victory":true,"max_hp_per_floor":[90,90,90,90,90,91,91,91,92,92,92,93,93,94,94,95,100,100,100,105,105,115,115,115,119,119,119,119,119,119,119,120,120,136,136,136,136,136,136,136,136,136,136,136,146,146,146,146,146,146],"card_choices":[{"not_picked":["Secret Weapon","Secret Technique"],"picked":"expansioncontent:QuickStudy","floor":0},{"not_picked":["sneckomod:UnknownWeak","sneckomod:DefensiveFlair"],"picked":"sneckomod:TrashToTreasure","floor":2},{"not_picked":["sneckomod:QuickBite","sneckomod:IronFang"],"picked":"sneckomod:UnknownX","floor":6},{"not_picked":["sneckomod:UnknownCommonSkill","sneckomod:QuickBite+1"],"picked":"sneckomod:UnknownEthereal","floor":9},{"not_picked":["sneckomod:Unknown1Cost","sneckomod:UnknownCommonSkill"],"picked":"sneckomod:QuickMove","floor":11},{"not_picked":["sneckomod:UnknownClassTHE_CURSED_PURPLE","sneckomod:UnknownStrike+1"],"picked":"sneckomod:Unknown0Cost","floor":12},{"not_picked":["sneckomod:IronFang+1","sneckomod:UnknownUncommonAttack+1"],"picked":"sneckomod:ImprovisedAttack+1","floor":13},{"not_picked":["sneckomod:UnknownEthereal","sneckomod:DiceBlock"],"picked":"sneckomod:UnknownRareAttack+1","floor":14},{"not_picked":["sneckomod:UnknownStrike+1","sneckomod:UnknownCommonAttack+1","sneckomod:SoulRoll"],"picked":"SKIP","floor":15},{"not_picked":["sneckomod:UnknownRareAttack+1","sneckomod:Restock"],"picked":"sneckomod:UnknownRarePower","floor":16},{"not_picked":["sneckomod:Unknown1Cost","sneckomod:DiceBlock"],"picked":"sneckomod:SerpentIdol","floor":17},{"not_picked":["sneckomod:UnknownBlock","sneckomod:QuickBite+1"],"picked":"sneckomod:Nope","floor":19},{"not_picked":["sneckomod:WideSting+1","sneckomod:DiceBlock"],"picked":"sneckomod:QuickBite+1","floor":21},{"not_picked":["sneckomod:UnknownClassHEXA_GHOST_PURPLE+1","sneckomod:Unknown1Cost"],"picked":"sneckomod:CheapStock","floor":25},{"not_picked":["sneckomod:QuickBite+1","sneckomod:Unknown1Cost+1","sneckomod:IronFang+1"],"picked":"SKIP","floor":26},{"not_picked":["sneckomod:TrashToTreasure","sneckomod:UnknownClassSLIMEBOUND","sneckomod:QuickBite+1"],"picked":"SKIP","floor":27},{"not_picked":["sneckomod:UnknownVulnerable","sneckomod:Unknown1Cost"],"picked":"sneckomod:DefensiveFlair+1","floor":28},{"not_picked":["sneckomod:QuickBite+1","sneckomod:IronFang+1"],"picked":"sneckomod:DiceBlock","floor":30},{"not_picked":["sneckomod:SerpentIdol","sneckomod:UnknownClassTHE_CURSED_PURPLE+1"],"picked":"sneckomod:UnknownEthereal+1","floor":32},{"not_picked":["sneckomod:Cheat","sneckomod:MorePower"],"picked":"sneckomod:UnlimitedRolls","floor":33},{"not_picked":["sneckomod:Unknown1Cost","sneckomod:RainOfDice+1"],"picked":"sneckomod:UnknownClassRED","floor":36},{"not_picked":["sneckomod:WideSting+1","sneckomod:PureSnecko+1"],"picked":"sneckomod:QuickBite+1","floor":37},{"not_picked":["expansioncontent:FaceSlap+1","expansioncontent:Sear+1"],"picked":"expansioncontent:DefensiveStance","floor":39},{"not_picked":["expansioncontent:AwakenDeath","expansioncontent:Chronoboost"],"picked":"expansioncontent:DefensiveMode","floor":39},{"not_picked":["expansioncontent:GoopSpray","expansioncontent:ChargeUp"],"picked":"expansioncontent:TimeRipple+1","floor":39},{"not_picked":["sneckomod:RainOfDice+1","sneckomod:SlitherStrike+1","sneckomod:UnknownStrike+1"],"picked":"SKIP","floor":40},{"not_picked":["sneckomod:UnknownCommonSkill+1","sneckomod:QuickMove+1","sneckomod:DiceBoulder+1"],"picked":"SKIP","floor":43},{"not_picked":["sneckomod:ImprovisedAttack+1","sneckomod:UnknownUncommonAttack+1"],"picked":"sneckomod:SoulDraw","floor":44},{"not_picked":["sneckomod:DiceBoulder+1","sneckomod:Unknown1Cost","sneckomod:SnekBeam+1"],"picked":"SKIP","floor":46},{"not_picked":["sneckomod:UnknownClassRED","sneckomod:RainOfDice+1"],"picked":"sneckomod:Nope","floor":49},{"not_picked":["sneckomod:QuickBite+1","sneckomod:Cheat"],"picked":"sneckomod:SoulDraw","floor":49}],"player_experience":387689,"relics_obtained":[{"floor":6,"key":"WingedGreaves"},{"floor":7,"key":"Molten Egg 2"},{"floor":10,"key":"Mummified Hand"},{"floor":22,"key":"Nunchaku"},{"floor":22,"key":"Pear"},{"floor":24,"key":"InkBottle"},{"floor":24,"key":"Bottled Tornado"},{"floor":25,"key":"Red Mask"},{"floor":38,"key":"Art of War"},{"floor":42,"key":"White Beast Statue"},{"floor":48,"key":"Prayer Wheel"}],"event_choices":[{"damage_healed":0,"gold_gain":0,"player_choice":"Stole Relic","damage_taken":0,"relics_obtained":["Matryoshka"],"max_hp_gain":0,"max_hp_loss":0,"event_name":"Addict","floor":20,"gold_loss":0,"cards_obtained":["Shame"]},{"damage_healed":0,"gold_gain":0,"player_choice":"Fought Bandits","damage_taken":0,"max_hp_gain":0,"max_hp_loss":0,"event_name":"Masked Bandits","floor":25,"gold_loss":0}],"is_beta":false,"boss_relics":[{"not_picked":["SacredBark","Pandora\u0027s Box"],"picked":"Tiny House"},{"not_picked":["Empty Cage","Calling Bell"],"picked":"sneckomod:SuperSneckoSoul"}],"items_purged_floors":[26],"is_endless":false,"potions_floor_spawned":[2,11,12,13,14,27,28,30,32,37,40,43,44,46,49],"ascension_level":0}}