{"host":"ya062ahhhuj9au1o","time":1610716613,"event":{"mods":["BaseMod","Better Third Choice","Downfall","Filter the Spire","Hermit","Minty Spire (QoL Compilation)","Random Character Button","Robot Space Explorer","Somnambulant","StSLib","The Bug Knight","The Cursed","The Marked","The Servant 0.9.4"],"gold_per_floor":[118,137,156,156,166,166,182,182,205,223,235,23,23,82,82,156,156,170,170,70,70],"floor_reached":20,"language":"ENG","playtime":1450,"items_purged":["sneckomod:SerpentMind"],"score":332,"play_id":"a164ac03-fb00-408e-9b5f-c7d358f63cdb","local_time":"20210115081653","daily_mods":["Heirloom"],"is_ascension_mode":true,"campfire_choices":[{"data":"Guardian:ConstructionForm","floor":6.0,"key":"SMITH"},{"data":"FlawlessForm","floor":8.0,"key":"SMITH"},{"data":"Wraith Form v2","floor":13.0,"key":"SMITH"},{"data":"Demon Form","floor":15,"key":"SMITH"}],"circlet_count":0,"master_deck":["Demon Form+1","Wraith Form v2+1","Echo Form","DevaForm","Guardian:ConstructionForm+1","hexamod:ParanormalForm","Slimebound:DuplicatedForm","FlawlessForm+1","RobotSpaceExplorer:TrailblazerForm","AscendersBane","RobotSpaceExplorer:Strike","RobotSpaceExplorer:Strike","RobotSpaceExplorer:Strike","RobotSpaceExplorer:Defend","RobotSpaceExplorer:Defend","RobotSpaceExplorer:Defend","RobotSpaceExplorer:Defend","RobotSpaceExplorer:Scan","RobotSpaceExplorer:MiniLasers+1","RobotSpaceExplorer:GlueShot","RobotSpaceExplorer:GlueShot","RobotSpaceExplorer:MiniDrones+1","RobotSpaceExplorer:MiniDrones","expansioncontent:DefensiveStance"],"relics":["RobotSpaceExplorer:RoboCore","Turnip","RobotSpaceExplorer:ClockworkSextant","Happy Flower","Whetstone","sneckomod:SneckoTalon"],"acts_visited":["Exordium","TheCity"],"potions_floor_usage":[],"damage_taken":[{"damage":5.0,"enemies":"Small Slimes","floor":1.0,"turns":8.0},{"damage":1.0,"enemies":"Cultist","floor":2.0,"turns":10.0},{"damage":15.0,"enemies":"2 Louse","floor":3.0,"turns":9.0},{"damage":1.0,"enemies":"2 Fungi Beasts","floor":5.0,"turns":8.0},{"damage":21.0,"enemies":"Large Slime","floor":7.0,"turns":10.0},{"damage":5.0,"enemies":"Exordium Thugs","floor":10.0,"turns":10.0},{"damage":15.0,"enemies":"Red Slaver","floor":11.0,"turns":6.0},{"damage":10,"enemies":"3 Sentries","floor":14,"turns":11},{"damage":24,"enemies":"Hexaghost","floor":16,"turns":11},{"damage":30,"enemies":"Spheric Guardian","floor":18,"turns":8},{"damage":12,"enemies":"2 Thieves","floor":20,"turns":5}],"seed_played":"4193652832705889915","potions_obtained":[{"floor":1.0,"key":"EssenceOfSteel"},{"floor":3.0,"key":"PowerPotion"},{"floor":7.0,"key":"Ancient Potion"}],"is_trial":true,"path_per_floor":["M","M","M","?","M","R","M","R","T","M","M","$","R","?","R","B",null,"M","?","M"],"character_chosen":"RobotSpaceExplorer","items_purchased":["RobotSpaceExplorer:MiniDrones","expansioncontent:DefensiveStance"],"campfire_rested":0,"item_purchase_floors":[12,12],"current_hp_per_floor":[59,71,71,71,70,70,64,64,64,71,56,56,56,46,46,37,63,48,42,30,30],"gold":70,"neow_bonus":"","is_daily":false,"chose_seed":false,"campfire_upgraded":4,"win_rate":0.0,"timestamp":1610716613,"path_taken":["M","M","M","?","?","R","M","R","T","M","M","$","R","?","R","BOSS","M","?","?"],"items_purchased_type":["Card","Card"],"build_version":"2020-12-22","purchased_purges":1,"victory":false,"max_hp_per_floor":[71,71,71,71,71,71,71,71,71,71,71,71,71,71,71,71,71,71,71,71,71],"card_choices":[{"not_picked":["RobotSpaceExplorer:Pulsar","RobotSpaceExplorer:JunkDive"],"picked":"RobotSpaceExplorer:GlueShot","floor":1.0},{"not_picked":["RobotSpaceExplorer:SurgingShield","RobotSpaceExplorer:FranticSearch","RobotSpaceExplorer:ShockKick"],"picked":"SKIP","floor":2.0},{"not_picked":["RobotSpaceExplorer:PlasmaMissile","RobotSpaceExplorer:GearShield","RobotSpaceExplorer:ShockKick"],"picked":"SKIP","floor":3.0},{"not_picked":["RobotSpaceExplorer:SurgingShield","RobotSpaceExplorer:Pulsar"],"picked":"RobotSpaceExplorer:GlueShot","floor":5.0},{"not_picked":["RobotSpaceExplorer:ExhaustFan","RobotSpaceExplorer:Pulsar","RobotSpaceExplorer:SwiftStep"],"picked":"SKIP","floor":7.0},{"not_picked":["RobotSpaceExplorer:ImprovisedAttack","RobotSpaceExplorer:ShockMissile","RobotSpaceExplorer:PowerGlove"],"picked":"SKIP","floor":10.0},{"not_picked":["RobotSpaceExplorer:Fix","RobotSpaceExplorer:StunGrenade"],"picked":"RobotSpaceExplorer:MiniDrones","floor":11.0},{"not_picked":["RobotSpaceExplorer:Scanner","RobotSpaceExplorer:Multitool"],"picked":"RobotSpaceExplorer:Wormhole","floor":16},{"not_picked":["RobotSpaceExplorer:PlasmaMissile","RobotSpaceExplorer:Counterblock","RobotSpaceExplorer:Ammunition"],"picked":"SKIP","floor":18},{"not_picked":["RobotSpaceExplorer:MiniBoosters+1","RobotSpaceExplorer:StarDust","RobotSpaceExplorer:PowerGlove"],"picked":"SKIP","floor":20}],"player_experience":1809041,"relics_obtained":[{"floor":9.0,"key":"Happy Flower"},{"floor":14,"key":"Whetstone"}],"event_choices":[{"damage_healed":0.0,"max_hp_gain":0.0,"max_hp_loss":0.0,"gold_gain":0.0,"event_name":"WeMeetAgain","player_choice":"Gave Potion","floor":4.0,"gold_loss":0.0,"damage_taken":0.0,"relics_obtained":["RobotSpaceExplorer:ClockworkSextant"]},{"damage_healed":0,"gold_gain":0,"player_choice":"Searched \u00271\u0027 times","damage_taken":0,"max_hp_gain":0,"max_hp_loss":0,"event_name":"Dead Adventurer","floor":14,"gold_loss":0},{"damage_healed":0,"gold_gain":0,"player_choice":"","damage_taken":6,"max_hp_gain":0,"max_hp_loss":0,"event_name":"Knowing Skull","floor":19,"potions_obtained":[],"gold_loss":0,"cards_obtained":[]}],"is_beta":false,"boss_relics":[{"not_picked":["Black Star","Tiny House"],"picked":"sneckomod:SneckoTalon"}],"items_purged_floors":[12],"is_endless":false,"potions_floor_spawned":[1,3,7,14,16],"killed_by":"2 Thieves","ascension_level":20}}