{"host":"ct28ocsd8g8yr2ah","time":1610733660,"event":{"mods":["BaseMod","Better Third Choice","Hermit","KinomotoSakuraMod(????)","Koishi","Marisa????????","Minty Spire (QoL Compilation)","Reimu??????","Remilia??????","StSLib","The Animator","The Gatherer","The Servant 0.9.4","Waifu the Spire"],"gold_per_floor":[111,125,125,34,44,76,90,90,159,159,159,159,11,42,42,139,139,153,153,153,29,44,44,73,91,91,91,91],"floor_reached":27,"language":"RUS","playtime":1078,"items_purged":["animator:Strike","animator:Strike"],"score":205,"play_id":"d52b13f6-1cf1-4828-9508-d2596d3a18e3","local_time":"20210115230100","is_ascension_mode":false,"campfire_choices":[{"data":"animator:Urushihara","floor":8,"key":"SMITH"},{"data":"animator:Genos","floor":10,"key":"SMITH"},{"data":"animator:Emonzaemon","floor":12,"key":"SMITH"},{"floor":15,"key":"REST"},{"data":"animator:SwordMaiden","floor":23,"key":"SMITH"}],"circlet_count":0,"master_deck":["animator:Strike_Katanagatari","animator:Defend_Katanagatari","animator:Strike","animator:Defend","animator:Defend","animator:Defend","animator:Azekura","animator:Emonzaemon+1","animator:Lancer","animator:Urushihara+1","animator:Gillette","animator:ZankiKiguchi","animator:Genos+1","animator:Melzalgald","animator:CowGirl","animator:SwordMaiden+1","animator:Lancer","animator:Jibril","animator:UneriGinkaku","animator:TsurugaMeisai","animator:OrikoMikuni"],"relics":["animator:LivingPicture","animator:TheMissingPiece","NeowsBlessing","HornCleat","Sozu","Enchiridion","Molten Egg 2"],"acts_visited":["Exordium","TheCity"],"potions_floor_usage":[16,16],"damage_taken":[{"damage":0,"enemies":"Small Slimes","floor":1,"turns":1},{"damage":0,"enemies":"Cultist","floor":2,"turns":1},{"damage":0,"enemies":"2 Louse","floor":5,"turns":1},{"damage":10,"enemies":"Blue Slaver","floor":6,"turns":4},{"damage":13,"enemies":"Lots of Slimes","floor":7,"turns":3},{"damage":0,"enemies":"Exordium Wildlife","floor":14,"turns":3},{"damage":44,"enemies":"The Guardian","floor":16,"turns":9},{"damage":11,"enemies":"Chosen","floor":18,"turns":6},{"damage":14,"enemies":"2 Thieves","floor":22,"turns":3},{"damage":8,"enemies":"Centurion and Healer","floor":24,"turns":5},{"damage":0,"enemies":"Snake Plant","floor":25,"turns":4},{"damage":29,"enemies":"Shelled Parasite and Fungi","floor":27,"turns":3}],"seed_played":"5118520465746759110","potions_obtained":[{"floor":1,"key":"AttackPotion"},{"floor":6,"key":"Strength Potion"},{"floor":14,"key":"animator:FalseLifePotion"},{"floor":16,"key":"GrandPatriotsElixir:ReiMu"}],"is_trial":false,"path_per_floor":["M","M","?","$","M","M","M","R","T","R","?","R","$","M","R","B",null,"M","?","?","$","M","R","M","M","T","M"],"character_chosen":"THE_ANIMATOR","items_purchased":["animator:Urushihara","animator:Melzalgald","animator:Jibril"],"campfire_rested":1,"item_purchase_floors":[4,13,21],"current_hp_per_floor":[66,66,71,71,71,61,48,48,48,48,48,48,48,48,69,26,72,61,45,45,45,32,32,24,24,24,0,0],"gold":91,"neow_bonus":"THREE_ENEMY_KILL","is_daily":false,"chose_seed":false,"campfire_upgraded":4,"win_rate":0.0,"timestamp":1610733660,"path_taken":["M","M","?","$","M","M","M","R","T","R","?","R","$","M","R","BOSS","M","?","?","$","?","R","M","M","T","M"],"items_purchased_type":["Card","Card","Card"],"build_version":"2020-12-22","purchased_purges":2,"victory":false,"max_hp_per_floor":[66,66,71,71,71,71,71,71,71,71,71,71,71,71,71,72,72,72,72,72,72,73,73,73,73,73,73,73],"card_choices":[{"not_picked":["animator:DolaCouronne","animator:GuildGirl"],"picked":"animator:Lancer","floor":1},{"not_picked":["animator:IrohaTamaki","animator:DwarfShaman","animator:Alexander"],"picked":"SKIP","floor":2},{"not_picked":["animator:Layla","animator:Illya"],"picked":"animator:Gillette","floor":5},{"not_picked":["animator:Hitei","animator:TsurugaMeisai"],"picked":"animator:ZankiKiguchi","floor":6},{"not_picked":["animator:IrohaTamaki","animator:YuiTsuruno"],"picked":"animator:Genos","floor":7},{"not_picked":["animator:Jibril","animator:Genos"],"picked":"animator:CowGirl","floor":14},{"not_picked":["animator:ChaikaTrabant","animator:GoblinSlayer"],"picked":"animator:SwordMaiden","floor":16},{"not_picked":["animator:DolaCouronne+1","animator:OrikoMikuni+1"],"picked":"animator:Lancer","floor":18},{"not_picked":["animator:Konayuki","animator:Emonzaemon"],"picked":"animator:UneriGinkaku","floor":22},{"not_picked":["animator:Alexander+1","animator:DwarfShaman"],"picked":"animator:TsurugaMeisai","floor":24},{"not_picked":["animator:Tatsumaki","animator:LizardPriest"],"picked":"animator:OrikoMikuni","floor":25}],"player_experience":537780,"relics_obtained":[{"floor":9,"key":"HornCleat"},{"floor":19,"key":"Enchiridion"},{"floor":26,"key":"Molten Egg 2"}],"event_choices":[{"damage_healed":0,"gold_gain":0,"player_choice":"Donut","damage_taken":0,"max_hp_gain":5,"max_hp_loss":0,"event_name":"Big Fish","floor":3,"gold_loss":0},{"damage_healed":0,"gold_gain":0,"player_choice":"Bought 0 Potions","damage_taken":0,"max_hp_gain":0,"max_hp_loss":0,"event_name":"The Woman in Blue","floor":11,"gold_loss":0},{"damage_healed":0,"gold_gain":0,"player_choice":"Obtained Book","damage_taken":16,"max_hp_gain":0,"max_hp_loss":0,"event_name":"Cursed Tome","floor":19,"gold_loss":0},{"damage_healed":0,"gold_gain":0,"player_choice":"Got Potions","damage_taken":0,"max_hp_gain":0,"max_hp_loss":0,"event_name":"Lab","floor":20,"gold_loss":0}],"is_beta":false,"boss_relics":[{"not_picked":["Coffee Dripper","Cursed Key"],"picked":"Sozu"}],"items_purged_floors":[13,21],"is_endless":false,"potions_floor_spawned":[1,6,14,16,22,24],"killed_by":"Shelled Parasite and Fungi","ascension_level":0}}