{"host":"cjhtzh7tp54jdfyv","time":1610728552,"event":{"mods":["AchievementEnabler","BaseMod","Colored Map","Colored Powertips","Curses Come First","DeckTracker","Filter the Spire","Minty Spire (QoL Compilation)","RNG Fix","Relic Sorter","Relic Stats","StSLib","UnlockEverythingMod","ojb\u0027s Better Paths Mod","ojb\u0027s Info Mod"],"gold_per_floor":[112,187,200,217,235,235,235,270,293,322,322,335,335,369,369,440,440,458,476,524,116,146,146,173,183,483,483,513,513,523,554,554,628,628,642,332,380,391,403,431,431,458,510,510,523,473,473,488,488,488,488,488,488,52,78,78,78],"floor_reached":56,"language":"ENG","playtime":4724,"items_purged":["Pain","Strike_G","Strike_G","Strike_G"],"score":2141,"play_id":"cd3b1d52-e305-436f-81a9-2a21592e822f","local_time":"20210115113552","is_ascension_mode":true,"campfire_choices":[{"data":"Underhanded Strike","floor":6.0,"key":"SMITH"},{"floor":11.0,"key":"REST"},{"data":"Eviscerate","floor":13.0,"key":"SMITH"},{"floor":15.0,"key":"REST"},{"floor":23.0,"key":"REST"},{"floor":27.0,"key":"REST"},{"floor":29.0,"key":"REST"},{"floor":32,"key":"REST"},{"data":"1","floor":41,"key":"LIFT"},{"data":"2","floor":44,"key":"LIFT"},{"floor":49,"key":"RECALL"},{"data":"3","floor":53,"key":"LIFT"}],"circlet_count":0,"master_deck":["AscendersBane","Strike_G+1","Strike_G","Defend_G","Defend_G","Defend_G","Defend_G","Defend_G","Survivor","Neutralize","Underhanded Strike+1","Quick Slash","Terror","Blade Dance","Blade Dance","Eviscerate+1","Footwork","Bullet Time","Footwork+1","Underhanded Strike","Dagger Spray","Tools of the Trade","Leg Sweep","Dash+1","Bullet Time","Riddle With Holes","Leg Sweep","Mayhem","Outmaneuver+1","Dodge and Roll+1","Wraith Form v2","Footwork+1","Acrobatics","Riddle With Holes+1"],"relics":["Snecko Eye","WarpedTongs","Smiling Mask","Nunchaku","Gremlin Horn","Anchor","Fusion Hammer","Shuriken","Red Mask","Mummified Hand","Old Coin","MealTicket","Strawberry","Coffee Dripper","Girya","Turnip","Bronze Scales","Whetstone","Darkstone Periapt","Toolbox","Oddly Smooth Stone","White Beast Statue"],"acts_visited":["Exordium","TheCity","TheBeyond","TheEnding"],"potions_floor_usage":[38,50,55],"damage_taken":[{"damage":2.0,"enemies":"Small Slimes","floor":1.0,"turns":6.0},{"damage":2.0,"enemies":"Jaw Worm","floor":3.0,"turns":4.0},{"damage":0.0,"enemies":"2 Louse","floor":4.0,"turns":2.0},{"damage":11.0,"enemies":"2 Fungi Beasts","floor":5.0,"turns":3.0},{"damage":13.0,"enemies":"3 Sentries","floor":8.0,"turns":8.0},{"damage":2.0,"enemies":"Gremlin Nob","floor":10.0,"turns":3.0},{"damage":16.0,"enemies":"Looter","floor":12.0,"turns":4.0},{"damage":18.0,"enemies":"3 Sentries","floor":14.0,"turns":7.0},{"damage":20.0,"enemies":"Hexaghost","floor":16.0,"turns":9.0},{"damage":3.0,"enemies":"3 Byrds","floor":18.0,"turns":4.0},{"damage":18.0,"enemies":"Spheric Guardian","floor":19.0,"turns":4.0},{"damage":6.0,"enemies":"Masked Bandits","floor":22.0,"turns":4.0},{"damage":20.0,"enemies":"Gremlin Leader","floor":24.0,"turns":3.0},{"damage":19.0,"enemies":"Snake Plant","floor":25.0,"turns":3.0},{"damage":8.0,"enemies":"Book of Stabbing","floor":28.0,"turns":4.0},{"damage":0.0,"enemies":"Centurion and Healer","floor":30.0,"turns":3.0},{"damage":0,"enemies":"Gremlin Leader","floor":31,"turns":3},{"damage":0,"enemies":"Collector","floor":33,"turns":5},{"damage":15,"enemies":"Orb Walker","floor":35,"turns":3},{"damage":5,"enemies":"2 Orb Walkers","floor":37,"turns":4},{"damage":0,"enemies":"3 Shapes","floor":38,"turns":4},{"damage":2,"enemies":"3 Darklings","floor":39,"turns":4},{"damage":1,"enemies":"Nemesis","floor":40,"turns":5},{"damage":0,"enemies":"Giant Head","floor":42,"turns":5},{"damage":0,"enemies":"Spire Growth","floor":45,"turns":3},{"damage":0,"enemies":"Sphere and 2 Shapes","floor":48,"turns":3},{"damage":27,"enemies":"Time Eater","floor":50,"turns":13},{"damage":15,"enemies":"Awakened One","floor":51,"turns":10},{"damage":28,"enemies":"Shield and Spear","floor":55,"turns":6},{"damage":46,"enemies":"The Heart","floor":56,"turns":6}],"seed_played":"-6064264675864820906","potions_obtained":[{"floor":1.0,"key":"FearPotion"},{"floor":3.0,"key":"LiquidMemories"},{"floor":8.0,"key":"SpeedPotion"},{"floor":18.0,"key":"SmokeBomb"},{"floor":19.0,"key":"Fire Potion"},{"floor":28.0,"key":"Poison Potion"},{"floor":35,"key":"EssenceOfSteel"},{"floor":38,"key":"SmokeBomb"},{"floor":45,"key":"Regen Potion"}],"is_trial":false,"path_per_floor":["M","?","M","M","M","R","?","E","T","E","R","M","R","E","R","B",null,"M","M","T","$","?","R","E","M","T","R","E","R","M","E","R","B",null,"M","$","?","M","M","E","R","E","T","R","M","$","T","M","R","B","B",null,"R","$","E","B"],"character_chosen":"THE_SILENT","items_purchased":["Shuriken","CunningPotion","Leg Sweep","Mayhem","Toolbox","Oddly Smooth Stone","Acrobatics"],"campfire_rested":6,"item_purchase_floors":[21,21,36,36,54,54,54],"current_hp_per_floor":[57,46,44,44,33,33,33,20,20,18,37,21,21,3,22,2,50,47,29,29,29,23,42,22,3,3,22,14,33,33,40,61,61,70,55,70,65,65,63,62,62,62,62,62,62,73,73,73,73,61,46,66,66,73,45,0,0],"gold":78,"neow_bonus":"BOSS_RELIC","is_daily":false,"chose_seed":false,"campfire_upgraded":2,"win_rate":0.0,"timestamp":1610728552,"path_taken":["M","?","M","M","M","R","?","E","T","E","R","M","R","E","R","BOSS","M","M","?","$","?","R","E","M","T","R","E","R","M","E","R","BOSS","M","$","?","M","?","E","R","E","T","R","M","?","?","M","R","BOSS","BOSS","R","$","E","BOSS"],"items_purchased_type":["Relic","Potion","Card","Card","Relic","Relic","Card"],"build_version":"2020-12-22","purchased_purges":4,"victory":false,"max_hp_per_floor":[66,66,66,66,66,66,66,66,66,66,66,66,66,66,66,66,66,66,66,66,66,66,66,66,66,66,66,66,66,66,73,73,73,73,73,73,73,73,73,73,73,73,73,73,73,73,73,73,73,73,73,73,73,73,73,73,73],"relic_stats":{"Darkstone Periapt":0,"Gremlin Horn":[20,27],"counters":[30,145],"Whetstone":["Dash","Strike_G"],"Smiling Mask":250,"WarpedTongs":[129],"Nunchaku":[42],"Shuriken":[91],"Mummified Hand":[73],"Bronze Scales":[198],"Snecko Eye":[254,261,253,230],"MealTicket":33,"Turnip":[10],"obtain_stats":[{"Darkstone Periapt":47,"Girya":37,"Gremlin Horn":10,"Oddly Smooth Stone":54,"Whetstone":43,"Smiling Mask":8,"White Beast Statue":55,"WarpedTongs":7,"Old Coin":26,"Nunchaku":9,"Anchor":14,"Shuriken":21,"Mummified Hand":24,"Strawberry":31,"Bronze Scales":42,"Snecko Eye":0,"Toolbox":54,"MealTicket":28,"Fusion Hammer":17,"Turnip":40,"Red Mask":22,"Coffee Dripper":34,"Ring of the Snake":0},{"Darkstone Periapt":25,"Girya":20,"Gremlin Horn":6,"Oddly Smooth Stone":28,"Whetstone":24,"Smiling Mask":5,"White Beast Statue":29,"WarpedTongs":4,"Old Coin":14,"Nunchaku":5,"Anchor":8,"Shuriken":11,"Mummified Hand":13,"Strawberry":17,"Bronze Scales":24,"Snecko Eye":0,"Toolbox":28,"MealTicket":15,"Fusion Hammer":9,"Turnip":23,"Red Mask":12,"Coffee Dripper":18,"Ring of the Snake":0},{"Darkstone Periapt":107,"Girya":86,"Gremlin Horn":26,"Oddly Smooth Stone":133,"Whetstone":104,"Smiling Mask":23,"White Beast Statue":139,"WarpedTongs":15,"Old Coin":64,"Nunchaku":23,"Anchor":37,"Shuriken":54,"Mummified Hand":61,"Strawberry":74,"Bronze Scales":104,"Snecko Eye":0,"Toolbox":133,"MealTicket":68,"Fusion Hammer":46,"Turnip":99,"Red Mask":58,"Coffee Dripper":79,"Ring of the Snake":0}]},"card_choices":[{"not_picked":["Distraction","Quick Slash"],"picked":"Underhanded Strike","floor":1.0},{"not_picked":["Slice","Escape Plan"],"picked":"Quick Slash","floor":3.0},{"not_picked":["Cloak And Dagger","Blade Dance"],"picked":"Terror","floor":4.0},{"not_picked":["Backflip","Sucker Punch"],"picked":"Blade Dance","floor":5.0},{"not_picked":["Blur","Concentrate","Poisoned Stab"],"picked":"SKIP","floor":8.0},{"not_picked":["Dagger Spray","PiercingWail"],"picked":"Blade Dance","floor":10.0},{"not_picked":["Escape Plan","Riddle With Holes"],"picked":"Eviscerate","floor":12.0},{"not_picked":["Expertise","Calculated Gamble"],"picked":"Footwork","floor":14.0},{"not_picked":["Malaise","Venomology"],"picked":"Bullet Time","floor":16.0},{"not_picked":["Blade Dance","Dagger Throw"],"picked":"Footwork+1","floor":18.0},{"not_picked":["Bane","Dagger Throw"],"picked":"Underhanded Strike","floor":19.0},{"not_picked":["Dodge and Roll","Caltrops"],"picked":"Dagger Spray","floor":22.0},{"not_picked":["Expertise","Accuracy"],"picked":"Tools of the Trade","floor":24.0},{"not_picked":["Sucker Punch","Cloak And Dagger","Outmaneuver"],"picked":"SKIP","floor":25.0},{"not_picked":["Dodge and Roll","Finisher"],"picked":"Leg Sweep","floor":28.0},{"not_picked":["Flying Knee","Bane","Masterful Stab+1"],"picked":"SKIP","floor":30.0},{"not_picked":["PiercingWail","Distraction"],"picked":"Dash","floor":31},{"not_picked":["After Image","Tools of the Trade"],"picked":"Bullet Time","floor":33},{"not_picked":["Blur","Footwork+1"],"picked":"Riddle With Holes","floor":35},{"not_picked":["Outmaneuver","Deadly Poison","Infinite Blades"],"picked":"SKIP","floor":38},{"not_picked":["Outmaneuver","Deadly Poison","Infinite Blades"],"picked":"SKIP","floor":38},{"not_picked":["Caltrops","Expertise"],"picked":"Outmaneuver+1","floor":39},{"not_picked":["Prepared","Concentrate"],"picked":"Dodge and Roll+1","floor":40},{"not_picked":["Skewer","Quick Slash"],"picked":"Wraith Form v2","floor":42},{"not_picked":["Underhanded Strike","Endless Agony"],"picked":"Footwork+1","floor":45},{"not_picked":["Deadly Poison","Distraction","Dagger Spray+1"],"picked":"SKIP","floor":48},{"not_picked":["Escape Plan","Slice"],"picked":"Riddle With Holes+1","floor":55}],"player_experience":4545832,"relics_obtained":[{"floor":8.0,"key":"Smiling Mask"},{"floor":9.0,"key":"Nunchaku"},{"floor":10.0,"key":"Gremlin Horn"},{"floor":14.0,"key":"Anchor"},{"floor":22.0,"key":"Red Mask"},{"floor":24.0,"key":"Mummified Hand"},{"floor":26.0,"key":"Old Coin"},{"floor":28.0,"key":"MealTicket"},{"floor":31,"key":"Strawberry"},{"floor":37,"key":"Girya"},{"floor":40,"key":"Turnip"},{"floor":42,"key":"Bronze Scales"},{"floor":43,"key":"Whetstone"},{"floor":47,"key":"Darkstone Periapt"},{"floor":55,"key":"White Beast Statue"}],"event_choices":[{"damage_healed":0.0,"max_hp_gain":0.0,"max_hp_loss":0.0,"gold_gain":75.0,"event_name":"World of Goop","player_choice":"Gather Gold","floor":2.0,"gold_loss":0.0,"damage_taken":11.0},{"damage_healed":0.0,"max_hp_gain":0.0,"max_hp_loss":0.0,"gold_gain":0.0,"event_name":"Accursed Blacksmith","player_choice":"Rummage","floor":7.0,"gold_loss":0.0,"damage_taken":0.0,"relics_obtained":["WarpedTongs"],"cards_obtained":["Pain"]},{"damage_healed":0.0,"max_hp_gain":0.0,"max_hp_loss":0.0,"gold_gain":0.0,"event_name":"Masked Bandits","player_choice":"Fought Bandits","floor":22.0,"gold_loss":0.0,"damage_taken":0.0},{"damage_healed":0,"gold_gain":0,"player_choice":"Fight","damage_taken":0,"max_hp_gain":0,"max_hp_loss":0,"event_name":"Mysterious Sphere","floor":37,"gold_loss":0}],"is_beta":false,"boss_relics":[{"not_picked":["Empty Cage","Black Star"],"picked":"Fusion Hammer"},{"not_picked":["Calling Bell","Philosopher\u0027s Stone"],"picked":"Coffee Dripper"}],"items_purged_floors":[21,36,46,54],"is_endless":false,"potions_floor_spawned":[1,3,8,18,19,28,35,37,38,45],"killed_by":"The Heart","ascension_level":20}}