{"host":"y76x98twjnyyxs83","time":1610709666,"event":{"mods":["BaseMod","Colored Powertips","Minty Spire (QoL Compilation)","Permanent Neow","Quick Restart","Rare Cards Sparkle","Relic Stats","StSLib"],"gold_per_floor":[115,40,58,72,72,102,102,135,135,135,161,176,176,191,191,191,191],"floor_reached":16,"language":"ENG","playtime":654,"items_purged":[],"score":222,"play_id":"ab472aae-28af-4cd0-a129-383b5a3855f4","local_time":"20210115192106","is_ascension_mode":true,"campfire_choices":[{"floor":7,"key":"REST"},{"floor":10,"key":"REST"},{"data":"Leg Sweep","floor":13,"key":"SMITH"},{"data":"Caltrops","floor":15,"key":"SMITH"}],"circlet_count":0,"master_deck":["AscendersBane","Strike_G","Strike_G","Strike_G","Strike_G","Defend_G","Defend_G","Defend_G","Defend_G","Defend_G","Survivor","Neutralize","Poisoned Stab","Infinite Blades","Predator","Leg Sweep+1","Quick Slash","Caltrops+1","Flying Knee","Leg Sweep"],"relics":["SacredBark","FaceOfCleric","Shovel","Paper Crane","StrikeDummy","Gremlin Horn"],"acts_visited":["Exordium"],"potions_floor_usage":[8],"damage_taken":[{"damage":1,"enemies":"Cultist","floor":1,"turns":4},{"damage":0,"enemies":"2 Louse","floor":3,"turns":3},{"damage":9,"enemies":"Jaw Worm","floor":4,"turns":5},{"damage":40,"enemies":"Gremlin Nob","floor":6,"turns":5},{"damage":17,"enemies":"Lagavulin","floor":8,"turns":9},{"damage":27,"enemies":"3 Sentries","floor":11,"turns":12},{"damage":0,"enemies":"Gremlin Gang","floor":12,"turns":4},{"damage":0,"enemies":"2 Fungi Beasts","floor":14,"turns":3},{"damage":10,"enemies":"Hexaghost","floor":16,"turns":9}],"seed_played":"8724695035862672590","potions_obtained":[{"floor":3,"key":"Energy Potion"},{"floor":11,"key":"Block Potion"},{"floor":12,"key":"Explosive Potion"}],"is_trial":false,"path_per_floor":["M","?","M","M","?","E","R","E","T","R","E","M","R","M","R","B"],"character_chosen":"THE_SILENT","items_purchased":[],"campfire_rested":2,"item_purchase_floors":[],"current_hp_per_floor":[58,58,58,49,49,10,30,14,14,34,8,9,9,10,10,0,0],"gold":191,"neow_bonus":"BOSS_RELIC","is_daily":false,"chose_seed":false,"campfire_upgraded":2,"win_rate":0.0,"timestamp":1610709666,"path_taken":["M","?","M","M","?","E","R","E","T","R","E","M","R","M","R","BOSS"],"items_purchased_type":[],"build_version":"2020-12-22","purchased_purges":0,"victory":false,"max_hp_per_floor":[66,66,66,66,66,67,67,68,68,68,69,70,70,71,71,71,71],"relic_stats":{"Shovel":0,"FaceOfCleric":5,"Gremlin Horn":[4,4],"counters":[9,54],"obtain_stats":[{"Shovel":6,"FaceOfCleric":5,"Gremlin Horn":11,"SacredBark":0,"Paper Crane":8,"StrikeDummy":9,"Ring of the Snake":0},{"Shovel":4,"FaceOfCleric":3,"Gremlin Horn":6,"SacredBark":0,"Paper Crane":5,"StrikeDummy":5,"Ring of the Snake":0},{"Shovel":17,"FaceOfCleric":12,"Gremlin Horn":38,"SacredBark":0,"Paper Crane":26,"StrikeDummy":26,"Ring of the Snake":0}]},"card_choices":[{"not_picked":["Dagger Spray","Bane"],"picked":"Poisoned Stab","floor":1},{"not_picked":["Prepared","Underhanded Strike"],"picked":"Infinite Blades","floor":3},{"not_picked":["Reflex","Bane"],"picked":"Predator","floor":4},{"not_picked":["Footwork","Riddle With Holes"],"picked":"Leg Sweep","floor":6},{"not_picked":["Setup","Dodge and Roll"],"picked":"Quick Slash","floor":8},{"not_picked":["Backflip","Expertise"],"picked":"Caltrops","floor":11},{"not_picked":["Caltrops","Backflip"],"picked":"Flying Knee","floor":12},{"not_picked":["Bane","Setup"],"picked":"Leg Sweep","floor":14}],"player_experience":1155006,"relics_obtained":[{"floor":6,"key":"Shovel"},{"floor":8,"key":"Paper Crane"},{"floor":9,"key":"StrikeDummy"},{"floor":11,"key":"Gremlin Horn"}],"event_choices":[{"cards_removed":["Strike_G"],"damage_healed":0,"gold_gain":0,"player_choice":"Card Removal","damage_taken":0,"max_hp_gain":0,"max_hp_loss":0,"event_name":"The Cleric","floor":2,"gold_loss":75},{"damage_healed":0,"gold_gain":0,"player_choice":"Trade","damage_taken":0,"relics_obtained":["FaceOfCleric"],"max_hp_gain":0,"max_hp_loss":0,"event_name":"FaceTrader","floor":5,"gold_loss":0}],"is_beta":false,"boss_relics":[],"items_purged_floors":[],"is_endless":false,"potions_floor_spawned":[3,11,12,14],"killed_by":"Hexaghost","ascension_level":17}}