{"host":"5waj3nq586zfb9qv","time":1610682117,"event":{"mods":["BaseMod","Better Vampires","Colored Map","Colored Powertips","GifTheSpireLib","Highlight Path","Marisa£®ÏF”Í°°ƒß¿Ì…≥£©","Minty Spire (QoL Compilation)","Quick Restart","Shop Mod","StSLib","SuperFastMode","The Servant 0.9.4","Waifu the Spire"],"gold_per_floor":[16,31,50,325,344,371,387,126,172,185,217,264,294,308,308,423,423,454,485,520,196,196,196],"floor_reached":22,"language":"ZHS","playtime":1809,"items_purged":["Strike_MRS","Regret"],"score":214,"play_id":"02a95582-b87e-43c6-8fbd-643e4295b4c3","local_time":"20210115114157","is_ascension_mode":true,"campfire_choices":[{"floor":15.0,"key":"REST"}],"circlet_count":0,"master_deck":["Strike_MRS","Defend_MRS","Defend_MRS","Defend_MRS","Defend_MRS","MasterSpark","UpSweep","6A","ShootingEcho","SprinkleStarSeal","WitchLeyline","UltimateShortwave","SporeBomb","PropBag","EscapeVelocity","MysteriousBeam","WitchOfGreed","MilkyWay","IllusionStar","Acceleration","SprinkleStarSeal","GalacticHalo","UltimateShortwave","CurseOfTheBell","GravityBeat","AsteroidBelt","LuminesStrike","ShootTheMoon"],"relics":["MiniHakkero","Gremlin Horn","Dream Catcher","Bottled Lightning","Calling Bell","Bronze Scales","Letter Opener","Calipers","PreservedInsect","Kunai"],"acts_visited":["Exordium","TheCity"],"potions_floor_usage":[],"damage_taken":[{"damage":0.0,"enemies":"Jaw Worm","floor":1.0,"turns":4.0},{"damage":0.0,"enemies":"Cultist","floor":2.0,"turns":3.0},{"damage":0.0,"enemies":"Small Slimes","floor":3.0,"turns":3.0},{"damage":26.0,"enemies":"Gremlin Gang","floor":5.0,"turns":5.0},{"damage":20.0,"enemies":"3 Sentries","floor":6.0,"turns":6.0},{"damage":3.0,"enemies":"Lots of Slimes","floor":7.0,"turns":2.0},{"damage":0.0,"enemies":"2 Fungi Beasts","floor":10.0,"turns":2.0},{"damage":14.0,"enemies":"Red Slaver","floor":11.0,"turns":4.0},{"damage":4.0,"enemies":"Gremlin Nob","floor":12.0,"turns":3.0},{"damage":16.0,"enemies":"Looter","floor":13.0,"turns":3.0},{"damage":1.0,"enemies":"2 Fungi Beasts","floor":14.0,"turns":3.0},{"damage":17.0,"enemies":"The Guardian","floor":16.0,"turns":11.0},{"damage":15.0,"enemies":"3 Byrds","floor":18.0,"turns":4.0},{"damage":16.0,"enemies":"Shell Parasite","floor":19.0,"turns":4.0},{"damage":23.0,"enemies":"Shelled Parasite and Fungi","floor":20.0,"turns":6.0},{"damage":26,"enemies":"Centurion and Healer","floor":22,"turns":5}],"seed_played":"-1758944340516242246","potions_obtained":[{"floor":2.0,"key":"ShroomBrew"},{"floor":7.0,"key":"Swift Potion"},{"floor":11.0,"key":"AttackPotion"},{"floor":12.0,"key":"Explosive Potion"},{"floor":16.0,"key":"Energy Potion"}],"is_trial":false,"path_per_floor":["M","M","M","?","M","E","M","$","T","M","M","E","M","M","R","B",null,"M","M","M","$","M"],"character_chosen":"MARISA","items_purchased":["PropBag","EscapeVelocity","MysteriousBeam","PreservedInsect","ShootTheMoon"],"campfire_rested":1,"item_purchase_floors":[8,8,8,21,21],"current_hp_per_floor":[75,75,75,75,49,29,26,26,26,26,12,20,4,3,25,8,75,60,44,21,21,0,0],"gold":196,"neow_bonus":"REMOVE_TWO","is_daily":false,"chose_seed":false,"campfire_upgraded":0,"win_rate":0.0,"timestamp":1610682117,"path_taken":["M","M","M","?","M","E","M","$","T","M","M","E","?","?","R","BOSS","M","?","M","$","M"],"items_purchased_type":["Card","Card","Card","Relic","Card"],"build_version":"2020-12-22","purchased_purges":2,"victory":false,"max_hp_per_floor":[75,75,75,75,75,75,75,75,75,75,75,75,75,75,75,75,75,75,75,75,75,75,75],"card_choices":[{"not_picked":["GalacticHalo","UnstableBomb"],"picked":"6A","floor":1.0},{"not_picked":["UnstableBomb","NonDirectionalLaser"],"picked":"ShootingEcho","floor":2.0},{"not_picked":["GrandCross","6A"],"picked":"SprinkleStarSeal","floor":3.0},{"not_picked":["ChargingUp","PowerUp"],"picked":"WitchLeyline","floor":5.0},{"not_picked":["NonDirectionalLaser","Occultation"],"picked":"UltimateShortwave","floor":6.0},{"not_picked":["Orbital","IllusionStar"],"picked":"SporeBomb","floor":7.0},{"not_picked":["NonDirectionalLaser","GravityBeat"],"picked":"WitchOfGreed","floor":10.0},{"not_picked":["WitchOfGreed","OpenUniverse"],"picked":"MilkyWay","floor":11.0},{"not_picked":["MilkyWay","SatelliteIllusion"],"picked":"IllusionStar","floor":12.0},{"not_picked":["GrandCross","ShootingEcho"],"picked":"Acceleration","floor":13.0},{"not_picked":["DC","ShootingEcho"],"picked":"SprinkleStarSeal","floor":14.0},{"not_picked":["IllusionStar","ShootingEcho"],"picked":"GalacticHalo","floor":15.0},{"not_picked":["StarDustReverie","AbsoluteMagnitude"],"picked":"UltimateShortwave","floor":16.0},{"not_picked":["NonDirectionalLaser","WitchOfGreed+1"],"picked":"GravityBeat","floor":18.0},{"not_picked":["IllusionStar","OneTimeOff"],"picked":"AsteroidBelt","floor":19.0},{"not_picked":["PowerUp","6A"],"picked":"LuminesStrike","floor":20.0}],"player_experience":50878,"relics_obtained":[{"floor":6.0,"key":"Gremlin Horn"},{"floor":9.0,"key":"Dream Catcher"},{"floor":12.0,"key":"Bottled Lightning"},{"floor":17.0,"key":"Bronze Scales"},{"floor":17.0,"key":"Letter Opener"},{"floor":17.0,"key":"Calipers"}],"event_choices":[{"damage_healed":0.0,"max_hp_gain":0.0,"max_hp_loss":0.0,"gold_gain":275.0,"event_name":"Golden Shrine","player_choice":"Desecrate","floor":4.0,"gold_loss":0.0,"damage_taken":0.0,"cards_obtained":["Regret"]}],"is_beta":false,"boss_relics":[{"not_picked":["Velvet Choker","Astrolabe"],"picked":"Calling Bell"}],"items_purged_floors":[8,21],"is_endless":false,"potions_floor_spawned":[2,7,13],"killed_by":"Centurion and Healer","ascension_level":1}}