{"host":"d85gwtocd8go8gx0","time":1610671219,"event":{"mods":["BaseMod","Highlight Path","Minty Spire (QoL Compilation)","Permanent Neow","Quick Restart","UnlockEverythingMod"],"gold_per_floor":[109,109,109,109,74,109,109,109,109],"floor_reached":8,"language":"ENG","playtime":275,"items_purged":[],"score":129,"play_id":"41750deb-b181-4db0-a222-a7bef32654fe","local_time":"20210114164019","daily_mods":["Draft","Heirloom","Flight"],"is_ascension_mode":true,"campfire_choices":[{"floor":7,"key":"REST"}],"circlet_count":0,"master_deck":["AscendersBane","Blur","Blur","Escape Plan","Sucker Punch","Predator","Quick Slash","Quick Slash","Cloak And Dagger","Quick Slash","Catalyst+1","All Out Attack","Dagger Spray","Deadly Poison","Poisoned Stab","Sucker Punch","Blur","Quick Slash"],"relics":["Ring of the Snake","Gambling Chip","Golden Idol","Unceasing Top","Pen Nib"],"acts_visited":["Exordium"],"potions_floor_usage":[],"damage_taken":[{"damage":8,"enemies":"Small Slimes","floor":1,"turns":2},{"damage":10,"enemies":"Gremlin Nob","floor":6,"turns":3},{"damage":11,"enemies":"3 Sentries","floor":8,"turns":3}],"seed_played":"2898103970028534371","potions_obtained":[{"floor":1,"key":"SteroidPotion"},{"floor":6,"key":"Regen Potion"}],"is_trial":true,"path_per_floor":["M","?","?","?","?","E","R","E"],"character_chosen":"THE_SILENT","items_purchased":[],"campfire_rested":1,"item_purchase_floors":[],"current_hp_per_floor":[51,51,28,17,33,23,42,31,31],"gold":109,"neow_bonus":"","is_daily":false,"chose_seed":false,"campfire_upgraded":0,"win_rate":0.0,"timestamp":1610671219,"path_taken":["M","?","?","?","?","E","R","E"],"items_purchased_type":[],"build_version":"2020-12-22","purchased_purges":0,"victory":false,"max_hp_per_floor":[66,66,66,66,66,66,66,66,66],"card_choices":[{"not_picked":["Eviscerate","Choke"],"picked":"Blur","floor":0},{"not_picked":["Acrobatics","Dodge and Roll"],"picked":"Blur","floor":0},{"not_picked":["Slice","Calculated Gamble"],"picked":"Escape Plan","floor":0},{"not_picked":["Finisher","Flechettes"],"picked":"Sucker Punch","floor":0},{"not_picked":["Masterful Stab","PiercingWail"],"picked":"Predator","floor":0},{"not_picked":["PiercingWail","Flying Knee"],"picked":"Quick Slash","floor":0},{"not_picked":["Slice","Poisoned Stab"],"picked":"Quick Slash","floor":0},{"not_picked":["Leg Sweep","Prepared"],"picked":"Cloak And Dagger","floor":0},{"not_picked":["Tactician","Sucker Punch"],"picked":"Quick Slash","floor":0},{"not_picked":["Dagger Spray","Outmaneuver"],"picked":"Catalyst","floor":0},{"not_picked":["Blade Dance","Deflect"],"picked":"All Out Attack","floor":0},{"not_picked":["Outmaneuver","Deflect"],"picked":"Dagger Spray","floor":0},{"not_picked":["Slice","Riddle With Holes"],"picked":"Deadly Poison","floor":0},{"not_picked":["Predator","Prepared"],"picked":"Poisoned Stab","floor":0},{"not_picked":["Acrobatics","Quick Slash"],"picked":"Sucker Punch","floor":0},{"not_picked":["Acrobatics","Deflect"],"picked":"Blur","floor":1},{"not_picked":["A Thousand Cuts","All Out Attack"],"picked":"Quick Slash","floor":6}],"player_experience":6017,"relics_obtained":[{"floor":6,"key":"Pen Nib"}],"event_choices":[{"damage_healed":0,"gold_gain":0,"player_choice":"Grow","damage_taken":0,"max_hp_gain":0,"max_hp_loss":0,"event_name":"Living Wall","floor":2,"gold_loss":0,"cards_upgraded":["Catalyst"]},{"damage_healed":0,"gold_gain":0,"player_choice":"Take Damage","damage_taken":23,"relics_obtained":["Golden Idol"],"max_hp_gain":0,"max_hp_loss":0,"event_name":"Golden Idol","floor":3,"gold_loss":0},{"damage_healed":0,"gold_gain":0,"player_choice":"Success","damage_taken":11,"relics_obtained":["Unceasing Top"],"max_hp_gain":0,"max_hp_loss":0,"event_name":"Scrap Ooze","floor":4,"gold_loss":0},{"damage_healed":16,"gold_gain":0,"player_choice":"Healed","damage_taken":0,"max_hp_gain":0,"max_hp_loss":0,"event_name":"The Cleric","floor":5,"gold_loss":35}],"is_beta":false,"boss_relics":[],"items_purged_floors":[],"is_endless":true,"potions_floor_spawned":[1,6],"killed_by":"3 Sentries","ascension_level":20}}