{"host":"1cd1aqaox6jesai3","time":1610685557,"event":{"mods":["Act Like it!","Arknights The Spire","Astrologer","Bartender","BaseMod","Colored Powertips","Googly Eyes","Hallownest","Infinite Spire","Mimic Mod","Minty Spire (QoL Compilation)","Replay The Spire","StSLib","The Bladedancer","The Bug Knight","The Construct","The Factory","The Hierophant"],"gold_per_floor":[112,187,187,187,202,202,236,246,269,295,323,346,358,370,382,492,604,626,638,665,689,800,842,854,895,933,945,957,1004,763,780,780,879,879,892,902,922,934,945,971,971,455,481,481,481],"floor_reached":44,"language":"ENG","playtime":3065,"items_purged":["blademaster:RagingBlow"],"score":575,"play_id":"327a2edc-d87a-42c7-8f0f-d7d5cb3c96ff","local_time":"20210114233917","is_ascension_mode":false,"campfire_choices":[{"data":"blademaster:DaggerAndCloak","floor":6,"key":"SMITH"},{"data":"blademaster:Frontflip","floor":13,"key":"SMITH"},{"data":"blademaster:Havoc","floor":15,"key":"SMITH"},{"data":"blademaster:FuriousStrike","floor":15,"key":"SMITH"},{"data":"blademaster:Blockade","floor":24,"key":"SMITH"},{"data":"blademaster:LightningDraw","floor":24,"key":"SMITH"},{"data":"blademaster:AspectOfWind","floor":32,"key":"SMITH"},{"data":"infinitespire:Execution","floor":32,"key":"SMITH"},{"floor":41,"key":"REST"}],"circlet_count":0,"master_deck":["blademaster:Strike+1","blademaster:Strike","blademaster:Strike","blademaster:Strike","blademaster:Defend","blademaster:Defend","blademaster:Defend","blademaster:Defend","blademaster:HighVoltage","blademaster:DaggerAndCloak+1","blademaster:FuriousStrike+1","blademaster:ColdBlood","blademaster:Havoc+1","blademaster:Safeguard","blademaster:Frontflip+1","blademaster:LightningDraw+1","blademaster:DaggerAndCloak+1","blademaster:Havoc+1","blademaster:Blockade+1","blademaster:Cut","infinitespire:Execution+1","blademaster:DragonStrike","Mayhem+1","blademaster:AspectOfWind+1","blademaster:DragonStrike+1","blademaster:Flurry+1","blademaster:DaggerAndCloak","Parasite","blademaster:AwakeningStrike","blademaster:Reversal+1","blademaster:CloudOfSteel","blademaster:Blockade+1"],"relics":["Ring of Chaos","GremlinMask","Replay:Baseball","MawBank","Replay:Arrowhead","Replay:Wanted Poster","Gremlin Food","Vajra","Juzu Bracelet","Frozen Egg 2","Painkiller Herb","Meat on the Bone","Thread and Needle","Bag of Preparation","Anchor"],"acts_visited":["Exordium","TheCity","TheBeyond"],"potions_floor_usage":[16,16,23,29,33,33,40,40],"damage_taken":[{"damage":6,"enemies":"Jaw Worm","floor":1,"turns":4},{"damage":2,"enemies":"Small Slimes","floor":5,"turns":6},{"damage":20,"enemies":"Gremlin Nob","floor":7,"turns":5},{"damage":2,"enemies":"2 Louse","floor":8,"turns":3},{"damage":6,"enemies":"Lots of Slimes","floor":10,"turns":5},{"damage":3,"enemies":"Gremlin Gang","floor":11,"turns":5},{"damage":1,"enemies":"2 Fungi Beasts","floor":12,"turns":3},{"damage":23,"enemies":"Slime Boss","floor":16,"turns":7},{"damage":0,"enemies":"Chosen","floor":18,"turns":4},{"damage":5,"enemies":"3 Byrds","floor":20,"turns":5},{"damage":9,"enemies":"Snake Plant","floor":21,"turns":5},{"damage":16,"enemies":"Replay:Snechameleon","floor":23,"turns":5},{"damage":0,"enemies":"Nightmare","floor":25,"turns":4},{"damage":0,"enemies":"Gremlin Leader","floor":29,"turns":3},{"damage":7,"enemies":"Centurion and Healer","floor":31,"turns":4},{"damage":14,"enemies":"Automaton","floor":33,"turns":7},{"damage":13,"enemies":"3 Darklings","floor":35,"turns":5},{"damage":11,"enemies":"Orb Walker","floor":36,"turns":3},{"damage":5,"enemies":"Sphere and 2 Shapes","floor":37,"turns":4},{"damage":22,"enemies":"Writhing Mass","floor":38,"turns":5},{"damage":2,"enemies":"4 Shapes","floor":39,"turns":6},{"damage":11,"enemies":"HollowMod:StalkingDevout","floor":40,"turns":5},{"damage":49,"enemies":"Reptomancer","floor":44,"turns":2}],"seed_played":"3829582411654358183","potions_obtained":[{"floor":1,"key":"EssenceOfSteel"},{"floor":8,"key":"construct:ShiftPotion"},{"floor":11,"key":"Fire Potion"},{"floor":12,"key":"SkillPotion"},{"floor":21,"key":"Fire Potion"},{"floor":23,"key":"DistilledChaos"},{"floor":25,"key":"Cursed Concoction"},{"floor":31,"key":"DistilledChaos"},{"floor":36,"key":"Dexterity Potion"},{"floor":39,"key":"LiquidBronze"}],"is_trial":false,"path_per_floor":["M","?","?","?","M","R","E","M","T","M","M","M","R","?","R","B",null,"M","$","M","M","?","E","R","NM","T","?","$","E","$","M","R","B",null,"?","?","?","?","?","E","T","T","T","E"],"character_chosen":"THE_BLADEMASTER","items_purchased":["Mayhem+1","blademaster:Blockade+1","Thread and Needle","Bag of Preparation"],"campfire_rested":1,"item_purchase_floors":[30,42,42,42],"current_hp_per_floor":[69,58,58,58,56,56,36,34,34,28,25,24,24,24,24,1,75,75,75,70,61,61,45,45,45,45,27,27,27,27,20,20,6,75,62,51,46,24,22,11,33,33,33,0,0],"gold":481,"neow_bonus":"BOSS_RELIC","is_daily":false,"chose_seed":false,"campfire_upgraded":8,"win_rate":0.0,"timestamp":1610685557,"path_taken":["M","?","?","?","M","R","E","?","T","?","M","M","R","?","R","BOSS","M","?","M","M","?","E","R","NM","T","?","?","E","?","M","R","BOSS","?","?","?","?","?","E","T","T","T","E"],"items_purchased_type":["Card","Card","Relic","Relic"],"build_version":"2020-12-22","purchased_purges":1,"victory":false,"max_hp_per_floor":[75,75,75,75,75,75,75,75,75,75,75,75,75,75,75,75,75,75,75,75,75,75,75,75,75,75,75,75,75,75,75,75,75,75,75,75,75,75,75,75,75,75,75,75,75],"card_choices":[{"not_picked":["blademaster:TraverseCut","blademaster:BladeMastery"],"picked":"blademaster:DaggerAndCloak","floor":1},{"not_picked":["blademaster:AncestralHealing","blademaster:Frontflip"],"picked":"blademaster:FuriousStrike","floor":5},{"not_picked":["blademaster:DeadlyDance","blademaster:ParryingStrike"],"picked":"blademaster:ColdBlood","floor":7},{"not_picked":["blademaster:SlyStabs","blademaster:Overcharge"],"picked":"blademaster:Havoc","floor":8},{"not_picked":["blademaster:ColdBlood","blademaster:EyeOfTheTornado"],"picked":"blademaster:Safeguard","floor":10},{"not_picked":["blademaster:Frenzy","blademaster:Thrust","blademaster:LeechingStrike"],"picked":"SKIP","floor":11},{"not_picked":["blademaster:Stormstrike","blademaster:BrainBloom"],"picked":"blademaster:Frontflip","floor":12},{"not_picked":["blademaster:FlockOfBlades","blademaster:ColdBlood"],"picked":"blademaster:LightningDraw","floor":16},{"not_picked":["blademaster:AwakeningDefend","blademaster:FuriousStrike","blademaster:Quickstep"],"picked":"SKIP","floor":18},{"not_picked":["blademaster:KiBarrier","blademaster:BladeCross"],"picked":"blademaster:DaggerAndCloak+1","floor":20},{"not_picked":["blademaster:DaggerAndCloak","blademaster:ColdBlood"],"picked":"blademaster:Havoc+1","floor":21},{"not_picked":["blademaster:Quickstep+1","blademaster:Meditate+1"],"picked":"blademaster:Blockade","floor":23},{"not_picked":["blademaster:StanceMastery","blademaster:Vortex"],"picked":"blademaster:Cut","floor":25},{"not_picked":["infinitespire:SealOfDarkness+","infinitespire:TheBestDefense"],"picked":"infinitespire:Execution","floor":27},{"not_picked":["blademaster:Bloodbath+1","blademaster:Frontflip"],"picked":"blademaster:DragonStrike","floor":29},{"not_picked":["blademaster:BladeCross+1","blademaster:DragonStrike"],"picked":"blademaster:AspectOfWind","floor":31},{"not_picked":["blademaster:Overcharge+1","blademaster:AwakeningStrike+1"],"picked":"blademaster:DragonStrike+1","floor":35},{"not_picked":["blademaster:ThunderSlash","blademaster:CombatPrep"],"picked":"blademaster:Flurry+1","floor":36},{"not_picked":["blademaster:DragonStrike","blademaster:AwakeningStrike"],"picked":"blademaster:DaggerAndCloak","floor":37},{"not_picked":["blademaster:OneTrickPony+1","blademaster:Sunder"],"picked":"blademaster:AwakeningStrike","floor":38},{"not_picked":["blademaster:Stormstrike+1","blademaster:DragonStrike+1"],"picked":"blademaster:Reversal+1","floor":39},{"not_picked":["blademaster:SlyStabs+1","blademaster:BrainBloom+1"],"picked":"blademaster:CloudOfSteel","floor":40}],"player_experience":171110,"relics_obtained":[{"floor":7,"key":"Replay:Baseball"},{"floor":7,"key":"blademaster:RandomBladePerk"},{"floor":9,"key":"MawBank"},{"floor":23,"key":"Gremlin Food"},{"floor":23,"key":"blademaster:BleedingLaceratePerk"},{"floor":25,"key":"Vajra"},{"floor":25,"key":"blademaster:RandomStancePerk"},{"floor":26,"key":"Juzu Bracelet"},{"floor":29,"key":"Frozen Egg 2"},{"floor":29,"key":"blademaster:OnAttackedChargePerk"},{"floor":40,"key":"Meat on the Bone"},{"floor":40,"key":"blademaster:FuryEveryTurnPerk"},{"floor":43,"key":"Anchor"}],"event_choices":[{"damage_healed":0,"gold_gain":75,"player_choice":"Gather Gold","damage_taken":11,"max_hp_gain":0,"max_hp_loss":0,"event_name":"World of Goop","floor":2,"gold_loss":0},{"damage_healed":0,"gold_gain":0,"player_choice":"Ignored","damage_taken":0,"max_hp_gain":0,"max_hp_loss":0,"event_name":"Liars Game","floor":3,"gold_loss":0},{"damage_healed":0,"gold_gain":0,"player_choice":"Trade","damage_taken":0,"relics_obtained":["GremlinMask"],"max_hp_gain":0,"max_hp_loss":0,"event_name":"FaceTrader","floor":4,"gold_loss":0},{"damage_healed":0,"gold_gain":0,"player_choice":"Gave Potion","damage_taken":0,"relics_obtained":["Replay:Arrowhead"],"max_hp_gain":0,"max_hp_loss":0,"event_name":"WeMeetAgain","floor":14,"gold_loss":0},{"damage_healed":0,"gold_gain":99,"player_choice":"Stole From Cult","damage_taken":0,"max_hp_gain":0,"max_hp_loss":0,"event_name":"Nest","floor":22,"gold_loss":0}],"is_beta":false,"boss_relics":[{"not_picked":["Fusion Hammer","Honey Jar"],"picked":"Replay:Wanted Poster"},{"not_picked":["Velvet Choker","Replay:Bronze Core"],"picked":"Painkiller Herb"}],"items_purged_floors":[30],"is_endless":true,"potions_floor_spawned":[1,8,11,12,21,23,25,31,36,39],"killed_by":"Reptomancer","ascension_level":0}}