{"host":"l84l8xigz5v5foa2","time":1610687997,"event":{"mods":["2.2 Compatiblity","AchievementEnabler","BaseMod","Better Note","Better Vampires","Card Filter","Colored Map","DeckTracker","Downfall","Gremlin Skip","Highlight Path","Keyboard Shortcuts","Minty Spire (QoL Compilation)","Permanent Neow","Quick Restart","Relic Filter","Relic Stats","StSLib","SuperFastMode","Transform Curses","Unknown Chances"],"gold_per_floor":[99,119,29,29,42,42,42,67,79,4,0,33,33,61,80,157,157,157,177,35,51,51,51,51,51,51,451,451,484,334,334,353,430,430,430,450,467,490,63,63,63,83,83,93,103,203,203,379,389,389,389,420,27,27,27],"floor_reached":56,"language":"ENG","playtime":7261,"items_purged":["hexamod:Strike","hexamod:Sear","hexamod:Defend+1","hexamod:NightmareStrike+1"],"score":2616,"play_id":"ddbeda6c-1178-4f37-ba6b-23b2930723d5","local_time":"20210115141957","is_ascension_mode":true,"campfire_choices":[{"floor":1.0,"key":"RECALL"},{"data":"hexamod:GiftsFromTheDead","floor":6.0,"key":"SMITH"},{"data":"hexamod:GhostShield","floor":10.0,"key":"SMITH"},{"data":"hexamod:GhostShield","floor":13.0,"key":"SMITH"},{"data":"hexamod:EmpoweringStance","floor":18.0,"key":"SMITH"},{"data":"hexamod:Haunt","floor":23.0,"key":"SMITH"},{"floor":30.0,"key":"REST"},{"data":"hexamod:TimeWarp","floor":35.0,"key":"SMITH"},{"floor":47.0,"key":"REST"},{"floor":54,"key":"REST"}],"circlet_count":0,"master_deck":["AscendersBane","hexamod:Defend+1","hexamod:Defend+1","hexamod:Float+1","hexamod:StepThrough+1","hexamod:GiftsFromTheDead+1","hexamod:GhostShield+1","hexamod:NightmareGuise+1","hexamod:BacktrackSmack+1","hexamod:GhostShield+1","hexamod:SoulSteal+1","hexamod:SpectersWail+1","hexamod:HauntingEcho+1","hexamod:EmpoweringStance+1","hexamod:TimeOfNeed+1","hexamod:PowerFromBeyond+1","hexamod:Haunt+1","hexamod:RainOfEmbers+1","hexamod:SwordOfDarkness+1","hexamod:RetreatToShadows+1","hexamod:ThirdSeal","hexamod:FastForward+1","hexamod:TimeWarp+1","hexamod:SixthSeal","hexamod:Rewind+1","hexamod:Hexaguard+1","hexamod:Incineration+1","hexamod:FourthSeal","hexamod:AdvancingGuard+1","hexamod:Rewind+1","hexamod:InspiringFlames+1","expansioncontent:CaCaw+1","hexamod:Rewind+1","hexamod:Hexaguard+1","hexamod:AdvancingGuard+1","hexamod:Haunt+1","hexamod:ThermalTransfer+1","hexamod:GhostOfSpireFuture+1","hexamod:RecurringNightmare+1","hexamod:RecurringNightmare+1","hexamod:RecurringNightmare+1"],"relics":["hexamod:SpiritBrand","Juzu Bracelet","downfall:HeartBlessingGreen","HornCleat","Smiling Mask","hexamod:IceCube","Toxic Egg 2","Old Coin","Bottled Tornado","Guardian:GemstoneGun","downfall:HeartBlessingBlue","downfall:HeartBlessingRed","Oddly Smooth Stone","hexamod:TheBrokenSeal","sneckomod:SneckoTalon","hexamod:TheBrokenSeal","Mummified Hand","Pantograph","Toolbox","Nunchaku","Ornamental Fan"],"acts_visited":["Exordium","TheCity","TheBeyond","TheEnding"],"potions_floor_usage":[55],"damage_taken":[{"damage":1.0,"enemies":"Small Slimes","floor":2.0,"turns":3.0},{"damage":0.0,"enemies":"downfall:FleeingMerchant","floor":3.0,"turns":4.0},{"damage":0.0,"enemies":"2 Louse","floor":5.0,"turns":3.0},{"damage":26.0,"enemies":"3 Sentries","floor":8.0,"turns":7.0},{"damage":0.0,"enemies":"Cultist","floor":9.0,"turns":3.0},{"damage":9.0,"enemies":"downfall:FleeingMerchant","floor":11.0,"turns":4.0},{"damage":15.0,"enemies":"Gremlin Nob","floor":12.0,"turns":4.0},{"damage":0.0,"enemies":"Lagavulin","floor":14.0,"turns":7.0},{"damage":0.0,"enemies":"Blue Slaver","floor":15.0,"turns":4.0},{"damage":13.0,"enemies":"downfall:Silent","floor":16.0,"turns":12.0},{"damage":16.0,"enemies":"Shell Parasite","floor":19.0,"turns":6.0},{"damage":0.0,"enemies":"downfall:FleeingMerchant","floor":20.0,"turns":4.0},{"damage":4.0,"enemies":"Spheric Guardian","floor":21.0,"turns":6.0},{"damage":6.0,"enemies":"downfall:Ironclad","floor":27.0,"turns":7.0},{"damage":15.0,"enemies":"Slavers","floor":29.0,"turns":6.0},{"damage":0.0,"enemies":"Snecko","floor":32.0,"turns":6.0},{"damage":0.0,"enemies":"downfall:Defect","floor":33.0,"turns":6.0},{"damage":3.0,"enemies":"3 Darklings","floor":36.0,"turns":5.0},{"damage":0.0,"enemies":"Orb Walker","floor":37.0,"turns":5.0},{"damage":0.0,"enemies":"Transient","floor":38.0,"turns":6.0},{"damage":0.0,"enemies":"downfall:FleeingMerchant","floor":39.0,"turns":4.0},{"damage":0.0,"enemies":"Spire Growth","floor":42.0,"turns":5.0},{"damage":0.0,"enemies":"Maw","floor":44.0,"turns":5.0},{"damage":5.0,"enemies":"Jaw Worm Horde","floor":45.0,"turns":4.0},{"damage":0.0,"enemies":"Jaw Worm Horde","floor":46.0,"turns":3.0},{"damage":0.0,"enemies":"downfall:FleeingMerchant","floor":48.0,"turns":2.0},{"damage":0.0,"enemies":"3 Darklings","floor":49.0,"turns":4.0},{"damage":0,"enemies":"downfall:Ironclad","floor":50,"turns":7},{"damage":3,"enemies":"downfall:CharBossMerchant","floor":52,"turns":3},{"damage":3,"enemies":"downfall:NeowBoss","floor":55,"turns":12}],"seed_played":"4235108654129235411","potions_obtained":[{"floor":5.0,"key":"Guardian:BlockOnCardUsePotion"},{"floor":9.0,"key":"champ:CounterPotion"},{"floor":12.0,"key":"Weak Potion"},{"floor":12.0,"key":"ColorlessPotion"},{"floor":14.0,"key":"champ:CounterPotion"},{"floor":15.0,"key":"Guardian:BlockOnCardUsePotion"},{"floor":16.0,"key":"Fruit Juice"},{"floor":19.0,"key":"Explosive Potion"},{"floor":19.0,"key":"Fire Potion"},{"floor":29.0,"key":"BlessingOfTheForge"},{"floor":29.0,"key":"SneckoOil"},{"floor":32.0,"key":"SneckoOil"},{"floor":32.0,"key":"Dexterity Potion"},{"floor":33.0,"key":"Strength Potion"},{"floor":36.0,"key":"hexamod:DoubleChargePotion"},{"floor":36.0,"key":"champ:CounterPotion"},{"floor":37.0,"key":"LiquidMemories"},{"floor":38.0,"key":"Fire Potion"},{"floor":39.0,"key":"SteroidPotion"},{"floor":42.0,"key":"hexamod:DoubleChargePotion"},{"floor":46.0,"key":"Swift Potion"},{"floor":49.0,"key":"Fruit Juice"},{"floor":52,"key":"SkillPotion"}],"is_trial":false,"path_per_floor":["R","M","$","?","M","R","T","E","M","R","$","E","R","E","M","B",null,"R","M","$","M","?","R","T","?","?","?","?","E","R","T","M","B",null,"R","M","M","M","?","?","T","M","?","M","M","?","R","$","M","B",null,"E","$","R","B",null],"character_chosen":"THE_SPIRIT","items_purchased":["hexamod:SecondSeal","expansioncontent:CaCaw","Mummified Hand","Toolbox","Ornamental Fan","PowerPotion"],"campfire_rested":3,"item_purchase_floors":[20,39,39,48,53,53],"current_hp_per_floor":[57,56,56,49,56,56,56,37,44,44,42,27,27,34,34,28,59,59,50,57,60,60,60,60,60,48,49,30,22,56,56,93,93,93,93,93,93,103,103,103,103,103,103,103,98,98,103,103,108,108,108,105,105,108,105],"gold":27,"neow_bonus":"UPGRADE_CARD","is_daily":false,"chose_seed":true,"campfire_upgraded":6,"win_rate":0.0,"timestamp":1610687997,"path_taken":["R","M","$","?","M","R","T","E","M","R","$","E","R","E","M","BOSS","R","M","$","M","?","R","T","?","?","?","?","E","R","?","M","BOSS","R","M","M","M","?","?","T","M","?","M","M","?","R","$","M","BOSS","E","$","R","BOSS"],"items_purchased_type":["Card","Card","Relic","Relic","Relic","Potion"],"build_version":"2020-12-22","purchased_purges":4,"victory":true,"max_hp_per_floor":[63,63,63,63,63,63,63,63,63,63,63,63,63,63,63,63,68,68,68,68,68,68,68,68,68,68,68,73,73,83,83,93,93,93,93,93,93,103,103,103,103,103,103,103,103,103,103,103,108,108,108,108,108,108,108],"relic_stats":{"Nunchaku":[4],"counters":[30,157],"Mummified Hand":[55],"Ornamental Fan":[40],"Pantograph":0,"Juzu Bracelet":2,"Smiling Mask":225,"obtain_stats":[{"downfall:HeartBlessingRed":30,"Guardian:GemstoneGun":29,"Oddly Smooth Stone":31,"hexamod:TheBrokenSeal":32,"downfall:HeartBlessingGreen":10,"Juzu Bracelet":8,"Bottled Tornado":27,"Smiling Mask":14,"sneckomod:SneckoTalon":34,"Old Coin":27,"Nunchaku":52,"HornCleat":12,"downfall:HeartBlessingBlue":30,"Mummified Hand":39,"Ornamental Fan":53,"Pantograph":41,"Toolbox":48,"Toxic Egg 2":24,"hexamod:SpiritBrand":0,"hexamod:IceCube":17},{"downfall:HeartBlessingRed":15,"Guardian:GemstoneGun":15,"Oddly Smooth Stone":15,"hexamod:TheBrokenSeal":16,"downfall:HeartBlessingGreen":5,"Juzu Bracelet":4,"Bottled Tornado":14,"Smiling Mask":8,"sneckomod:SneckoTalon":17,"Old Coin":14,"Nunchaku":29,"HornCleat":7,"downfall:HeartBlessingBlue":15,"Mummified Hand":21,"Ornamental Fan":29,"Pantograph":21,"Toolbox":26,"Toxic Egg 2":13,"hexamod:SpiritBrand":0,"hexamod:IceCube":10},{"downfall:HeartBlessingRed":80,"Guardian:GemstoneGun":80,"Oddly Smooth Stone":80,"hexamod:TheBrokenSeal":83,"downfall:HeartBlessingGreen":20,"Juzu Bracelet":17,"Bottled Tornado":74,"Smiling Mask":35,"sneckomod:SneckoTalon":92,"Old Coin":74,"Nunchaku":145,"HornCleat":28,"downfall:HeartBlessingBlue":80,"Mummified Hand":112,"Ornamental Fan":145,"Pantograph":112,"Toolbox":131,"Toxic Egg 2":67,"hexamod:SpiritBrand":0,"hexamod:IceCube":51}]},"card_choices":[{"not_picked":["hexamod:ShieldOfDarkness","hexamod:AdvancingGuard"],"picked":"hexamod:StepThrough","floor":2.0},{"not_picked":["hexamod:AdvancingGuard","hexamod:NightmareStrike"],"picked":"hexamod:GiftsFromTheDead","floor":3.0},{"not_picked":["hexamod:GhostOfSpirePresent","hexamod:SpectralAdrenaline"],"picked":"hexamod:NightmareStrike","floor":5.0},{"not_picked":["hexamod:AdvancingGuard","hexamod:RetreatToShadows"],"picked":"hexamod:FifthSeal","floor":8.0},{"not_picked":["hexamod:SecondSeal","hexamod:FirstSeal"],"picked":"hexamod:ThirdSeal","floor":9.0},{"not_picked":["hexamod:FastForward","hexamod:GhostflameBarrier"],"picked":"hexamod:GhostShield","floor":9.0},{"not_picked":["hexamod:FirstSeal","hexamod:SecondSeal"],"picked":"hexamod:FourthSeal","floor":11.0},{"not_picked":["hexamod:PhantomCloak","hexamod:SwordOfDarkness"],"picked":"hexamod:NightmareGuise","floor":11.0},{"not_picked":["hexamod:ShieldOfDarkness","hexamod:InspiringFlames"],"picked":"hexamod:BacktrackSmack","floor":11.0},{"not_picked":["hexamod:GhostflameInferno","hexamod:HeatShield"],"picked":"hexamod:GhostShield","floor":12.0},{"not_picked":["hexamod:ShieldOfDarkness","hexamod:NightmareStrike"],"picked":"hexamod:SoulSteal","floor":14.0},{"not_picked":["hexamod:SixthSeal","hexamod:SecondSeal","hexamod:FirstSeal"],"picked":"SKIP","floor":14.0},{"not_picked":["hexamod:SecondSeal","hexamod:FirstSeal"],"picked":"hexamod:SixthSeal","floor":14.0},{"not_picked":["hexamod:AdvancingGuard","hexamod:BacktrackSmack"],"picked":"hexamod:SpectersWail","floor":15.0},{"not_picked":["hexamod:BurningTouch","hexamod:ShieldOfDarkness"],"picked":"hexamod:HauntingEcho","floor":15.0},{"not_picked":["hexamod:HexaLevel","hexamod:GiftsFromTheDead"],"picked":"hexamod:EmpoweringStance","floor":16.0},{"not_picked":["hexamod:ApocalypticArmor","hexamod:SearingWound"],"picked":"hexamod:TimeOfNeed","floor":16.0},{"not_picked":["hexamod:FourthSeal","hexamod:ThirdSeal"],"picked":"hexamod:SixthSeal","floor":19.0},{"not_picked":["hexamod:FastForward","hexamod:AdvancingGuard"],"picked":"hexamod:PowerFromBeyond","floor":19.0},{"not_picked":["hexamod:ShieldOfDarkness","hexamod:SpectersWail","hexamod:HeatCrush"],"picked":"SKIP","floor":19.0},{"not_picked":["hexamod:GhostShield","hexamod:GiftsFromTheDead"],"picked":"hexamod:Haunt","floor":20.0},{"not_picked":["hexamod:SpectralSpark","hexamod:NightmareGuise","hexamod:GhostShield"],"picked":"SKIP","floor":20.0},{"not_picked":["hexamod:SpectersWail","hexamod:ShieldOfDarkness"],"picked":"hexamod:RainOfEmbers+1","floor":21.0},{"not_picked":["hexamod:FourthSeal","hexamod:SecondSeal"],"picked":"hexamod:ThirdSeal","floor":21.0},{"not_picked":["hexamod:InspiringFlames+1","hexamod:GhostOfSpireFuture+1","hexamod:HauntingEcho"],"picked":"SKIP","floor":21.0},{"not_picked":["hexamod:FirstSeal","hexamod:ThirdSeal"],"picked":"hexamod:FourthSeal","floor":27.0},{"not_picked":["hexamod:SuperheatedStrike","hexamod:BacktrackSmack"],"picked":"hexamod:SwordOfDarkness+1","floor":27.0},{"not_picked":["hexamod:GhostflameInferno+1","hexamod:NightmareStrike"],"picked":"hexamod:RetreatToShadows+1","floor":29.0},{"not_picked":["hexamod:FourthSeal","hexamod:SixthSeal"],"picked":"hexamod:ThirdSeal","floor":29.0},{"not_picked":["hexamod:SpectersWail","hexamod:GhostflameBarrier+1","hexamod:FlamesFromBeyond+1"],"picked":"SKIP","floor":29.0},{"not_picked":["hexamod:GhostShield+1","hexamod:NightmareStrike+1","hexamod:EmpoweredFlame"],"picked":"SKIP","floor":29.0},{"not_picked":["hexamod:BurningTouch+1","hexamod:SwordOfDarkness"],"picked":"hexamod:FirstSeal","floor":32.0},{"not_picked":["hexamod:Hexaguard+1","hexamod:Again+1"],"picked":"hexamod:FastForward+1","floor":32.0},{"not_picked":["hexamod:RadiantFlame","hexamod:NightmareStrike","hexamod:HauntingEcho"],"picked":"SKIP","floor":32.0},{"not_picked":["hexamod:GiftsFromTheDead","hexamod:VolcanoVisage"],"picked":"hexamod:FifthSeal","floor":33.0},{"not_picked":["hexamod:VolcanoVisage","hexamod:UnleashSpirits"],"picked":"hexamod:TimeWarp","floor":33.0},{"not_picked":["hexamod:SearingWound+1","hexamod:ParanormalForm"],"picked":"hexamod:SixthSeal","floor":33.0},{"not_picked":["hexamod:AdvancingGuard+1","hexamod:Again+1"],"picked":"hexamod:Rewind+1","floor":36.0},{"not_picked":["hexamod:BacktrackSmack","hexamod:InspiringFlames+1"],"picked":"hexamod:Hexaguard+1","floor":36.0},{"not_picked":["hexamod:FirstSeal","hexamod:SixthSeal"],"picked":"hexamod:SecondSeal","floor":36.0},{"not_picked":["hexamod:Firestarter","hexamod:InspiringFlames+1"],"picked":"hexamod:Incineration+1","floor":36.0},{"not_picked":["hexamod:SixthSeal","hexamod:FirstSeal"],"picked":"hexamod:FourthSeal","floor":37.0},{"not_picked":["hexamod:BurningTouch+1","hexamod:EtherealExpedition+1","hexamod:ThirdSeal"],"picked":"SKIP","floor":37.0},{"not_picked":["hexamod:SpectralAdrenaline+1","hexamod:GhostflameBarrier+1","hexamod:AdvancingGuard+1"],"picked":"SKIP","floor":37.0},{"not_picked":["hexamod:BurningTouch+1","hexamod:EtherealExpedition+1","hexamod:ThirdSeal"],"picked":"SKIP","floor":37.0},{"not_picked":["hexamod:SpectralAdrenaline+1","hexamod:GhostflameBarrier+1","hexamod:AdvancingGuard+1"],"picked":"SKIP","floor":37.0},{"not_picked":["hexamod:SpectralAdrenaline+1","hexamod:GhostflameBarrier+1"],"picked":"hexamod:AdvancingGuard+1","floor":37.0},{"not_picked":["hexamod:BurningTouch+1","hexamod:EtherealExpedition+1","hexamod:ThirdSeal"],"picked":"SKIP","floor":37.0},{"not_picked":["hexamod:FastForward+1","hexamod:Again+1","hexamod:GhostOfSpirePresent"],"picked":"SKIP","floor":38.0},{"not_picked":["hexamod:HauntingEcho+1","hexamod:SkipABeat+1","hexamod:GhostLash"],"picked":"SKIP","floor":38.0},{"not_picked":["hexamod:StepThrough","hexamod:Hexaguard+1"],"picked":"hexamod:Rewind+1","floor":39.0},{"not_picked":["hexamod:AdvancingGuard+1","hexamod:ParanormalForm"],"picked":"hexamod:InspiringFlames+1","floor":39.0},{"not_picked":["hexamod:HeatCrush+1","hexamod:DynamicBlow"],"picked":"hexamod:Rewind+1","floor":42.0},{"not_picked":["hexamod:AdvancingGuard+1","hexamod:NightmareStrike+1"],"picked":"hexamod:Hexaguard+1","floor":42.0},{"not_picked":["hexamod:NightmareStrike+1","hexamod:BurningTouch+1"],"picked":"hexamod:AdvancingGuard+1","floor":44.0},{"not_picked":["hexamod:CatchUp+1","hexamod:Hexaguard+1","hexamod:Incineration"],"picked":"SKIP","floor":44.0},{"not_picked":["hexamod:Again+1","hexamod:Hexaguard+1"],"picked":"hexamod:Haunt+1","floor":45.0},{"not_picked":["hexamod:HauntingEcho","hexamod:ThirdSeal"],"picked":"hexamod:ThermalTransfer+1","floor":45.0},{"not_picked":["hexamod:Firestarter","hexamod:GhostLash"],"picked":"hexamod:GhostOfSpireFuture+1","floor":46.0},{"not_picked":["hexamod:SpectersWail","hexamod:SuperheatedStrike"],"picked":"hexamod:RecurringNightmare+1","floor":48.0},{"not_picked":["hexamod:Toasty","hexamod:NightmareStrike"],"picked":"hexamod:RecurringNightmare+1","floor":48.0},{"not_picked":["hexamod:HauntingEcho","hexamod:NightmareStrike","hexamod:Firestarter+1"],"picked":"SKIP","floor":49.0},{"not_picked":["hexamod:ChargedBarrage+1","hexamod:ThirdSeal","hexamod:PhantomFireball"],"picked":"SKIP","floor":49.0},{"not_picked":["hexamod:Haunt+1","hexamod:SwordOfDarkness"],"picked":"hexamod:RecurringNightmare+1","floor":52},{"not_picked":["hexamod:NightmareGuise+1","hexamod:BacktrackSmack","hexamod:AdvancingGuard+1"],"picked":"SKIP","floor":52}],"player_experience":3206000,"relics_obtained":[{"floor":8.0,"key":"Juzu Bracelet"},{"floor":12.0,"key":"HornCleat"},{"floor":14.0,"key":"Smiling Mask"},{"floor":24.0,"key":"Toxic Egg 2"},{"floor":27.0,"key":"Old Coin"},{"floor":27.0,"key":"Bottled Tornado"},{"floor":29.0,"key":"Guardian:GemstoneGun"},{"floor":31.0,"key":"Oddly Smooth Stone"},{"floor":41.0,"key":"Pantograph"},{"floor":52,"key":"Nunchaku"}],"event_choices":[{"cards_removed":["hexamod:Strike"],"damage_healed":0.0,"max_hp_gain":0.0,"max_hp_loss":0.0,"gold_gain":0.0,"event_name":"Back to Basics","player_choice":"Elegance","floor":22.0,"gold_loss":0.0,"damage_taken":0.0},{"cards_removed":["hexamod:Defend"],"damage_healed":0.0,"max_hp_gain":0.0,"max_hp_loss":0.0,"gold_gain":0.0,"event_name":"Purifier","player_choice":"Purged","floor":40.0,"gold_loss":0.0,"damage_taken":0.0}],"is_beta":false,"boss_relics":[{"not_picked":["Fusion Hammer","Empty Cage"],"picked":"hexamod:IceCube"},{"not_picked":["Cursed Key","Coffee Dripper"],"picked":"sneckomod:SneckoTalon"}],"items_purged_floors":[3,20,39,53],"is_endless":false,"potions_floor_spawned":[5,9,12,15,19,27,33,36,44,45,46,52],"ascension_level":20}}