{"host":"s3s7xsmblwiz356v","time":1610747967,"event":{"mods":["AchievementEnabler","BaseMod","Block Reminder","Colored Map","Colored Powertips","Minty Spire (QoL Compilation)"],"gold_per_floor":[117,117,133,133,150,175,185,185,209,237,256,256,269,279,279,356,356,374,394,88,88,100,131,131,162,162,191,201,217,142,152,152,224,224,239,255,255,255,255],"floor_reached":38,"language":"ENG","playtime":2821,"items_purged":["Strike_R"],"score":793,"play_id":"a13e47c1-8290-431c-a42e-bae4200f0f3d","local_time":"20210115165927","is_ascension_mode":true,"campfire_choices":[{"data":"Whirlwind","floor":8.0,"key":"SMITH"},{"data":"Feed","floor":12.0,"key":"SMITH"},{"data":"Flame Barrier","floor":15.0,"key":"SMITH"},{"floor":24.0,"key":"REST"},{"floor":32.0,"key":"REST"}],"circlet_count":0,"master_deck":["AscendersBane","Strike_R","Strike_R+1","Defend_R","Defend_R","Defend_R","Defend_R","Bash+1","Dropkick+1","Whirlwind+1","Thunderclap","Twin Strike","Shrug It Off","Feed+1","Flame Barrier+1","Carnage","Offering","Inflame","Shrug It Off","Fiend Fire","Spot Weakness","Armaments+1","Dual Wield+1","Corruption","Ghostly Armor+1","Pain"],"relics":["Burning Blood","Toy Ornithopter","Pen Nib","Centennial Puzzle","Fusion Hammer","Membership Card","Nunchaku","Regal Pillow","Champion Belt","Akabeko","Runic Pyramid","WarpedTongs"],"acts_visited":["Exordium","TheCity","TheBeyond"],"potions_floor_usage":[],"damage_taken":[{"damage":6.0,"enemies":"Small Slimes","floor":1.0,"turns":5.0},{"damage":0.0,"enemies":"Jaw Worm","floor":3.0,"turns":4.0},{"damage":1.0,"enemies":"Cultist","floor":5.0,"turns":3.0},{"damage":18.0,"enemies":"Gremlin Nob","floor":6.0,"turns":4.0},{"damage":8.0,"enemies":"Gremlin Gang","floor":7.0,"turns":2.0},{"damage":20.0,"enemies":"3 Sentries","floor":10.0,"turns":5.0},{"damage":1.0,"enemies":"Red Slaver","floor":11.0,"turns":2.0},{"damage":13.0,"enemies":"Exordium Thugs","floor":13.0,"turns":2.0},{"damage":0.0,"enemies":"Gremlin Gang","floor":14.0,"turns":4.0},{"damage":58.0,"enemies":"Hexaghost","floor":16.0,"turns":14.0},{"damage":0.0,"enemies":"Chosen","floor":18.0,"turns":3.0},{"damage":6.0,"enemies":"Shell Parasite","floor":19.0,"turns":3.0},{"damage":7.0,"enemies":"Centurion and Healer","floor":22.0,"turns":2.0},{"damage":48.0,"enemies":"Book of Stabbing","floor":23.0,"turns":4.0},{"damage":19.0,"enemies":"Slavers","floor":25.0,"turns":6.0},{"damage":34.0,"enemies":"Gremlin Leader","floor":27.0,"turns":6.0},{"damage":8.0,"enemies":"Snecko","floor":28.0,"turns":4.0},{"damage":2.0,"enemies":"Shelled Parasite and Fungi","floor":29.0,"turns":2.0},{"damage":10.0,"enemies":"Centurion and Healer","floor":31.0,"turns":2.0},{"damage":90.0,"enemies":"Collector","floor":33.0,"turns":8.0},{"damage":8,"enemies":"3 Darklings","floor":35,"turns":3},{"damage":20,"enemies":"3 Shapes","floor":36,"turns":3},{"damage":0,"enemies":"Jaw Worm Horde","floor":38,"turns":1}],"seed_played":"4832768265171818756","potions_obtained":[{"floor":1.0,"key":"FearPotion"},{"floor":6.0,"key":"Swift Potion"},{"floor":10.0,"key":"EntropicBrew"},{"floor":16.0,"key":"Fire Potion"},{"floor":19.0,"key":"SteroidPotion"},{"floor":29.0,"key":"SmokeBomb"},{"floor":31.0,"key":"AttackPotion"},{"floor":33,"key":"LiquidBronze"},{"floor":36,"key":"ColorlessPotion"}],"is_trial":false,"path_per_floor":["M","?","M","?","M","E","M","R","T","E","M","R","M","M","R","B",null,"M","M","$","?","M","E","R","E","T","E","M","M","?","M","R","B",null,"M","M","?","M"],"character_chosen":"IRONCLAD","items_purchased":["Membership Card","Fiend Fire","Spot Weakness","DistilledChaos"],"campfire_rested":2,"item_purchase_floors":[20,20,20,20],"current_hp_per_floor":[72,56,62,62,67,55,58,58,58,44,49,49,61,71,71,28,76,86,95,95,95,99,62,92,83,83,55,53,57,57,53,99,20,83,85,75,75,75,75],"gold":255,"neow_bonus":"UPGRADE_CARD","is_daily":false,"chose_seed":false,"campfire_upgraded":3,"win_rate":0.0,"timestamp":1610747967,"path_taken":["M","?","M","?","?","E","M","R","T","E","M","R","?","M","R","BOSS","M","M","$","?","?","E","R","E","T","E","M","?","?","M","R","BOSS","BOSS","M","M","?","M"],"items_purchased_type":["Relic","Card","Card","Potion"],"build_version":"2020-12-22","purchased_purges":1,"victory":false,"max_hp_per_floor":[80,80,80,80,80,80,80,80,80,80,80,80,84,88,88,92,92,96,100,100,100,100,100,100,104,104,104,104,104,104,104,104,104,104,108,112,112,112,112],"card_choices":[{"not_picked":["Second Wind","Armaments"],"picked":"Dropkick","floor":1.0},{"not_picked":["Carnage","Second Wind"],"picked":"Whirlwind","floor":3.0},{"not_picked":["Clothesline","Clash"],"picked":"Thunderclap","floor":5.0},{"not_picked":["Iron Wave","Juggernaut"],"picked":"Twin Strike","floor":6.0},{"not_picked":["Body Slam","Flex","Headbutt"],"picked":"SKIP","floor":7.0},{"not_picked":["Thunderclap","Evolve"],"picked":"Shrug It Off","floor":10.0},{"not_picked":["Heavy Blade","Spot Weakness"],"picked":"Feed","floor":11.0},{"not_picked":["Flex","Wild Strike"],"picked":"Flame Barrier","floor":13.0},{"not_picked":["Rupture","Dual Wield"],"picked":"Carnage","floor":14.0},{"not_picked":["Berserk","Corruption"],"picked":"Offering","floor":16.0},{"not_picked":["Perfected Strike","Cleave"],"picked":"Inflame","floor":18.0},{"not_picked":["Anger","True Grit"],"picked":"Shrug It Off","floor":19.0},{"not_picked":["Wild Strike","Seeing Red","Anger"],"picked":"SKIP","floor":22.0},{"not_picked":["Intimidate","Blood for Blood"],"picked":"Armaments+1","floor":23.0},{"not_picked":["Barricade","Warcry"],"picked":"Dual Wield+1","floor":25.0},{"not_picked":["Rupture","Sword Boomerang","Headbutt"],"picked":"SKIP","floor":27.0},{"not_picked":["Body Slam","Headbutt","Uppercut"],"picked":"SKIP","floor":28.0},{"not_picked":["Blood for Blood","Perfected Strike","Seeing Red"],"picked":"SKIP","floor":29.0},{"not_picked":["Cleave","Pommel Strike","True Grit"],"picked":"SKIP","floor":31.0},{"not_picked":["Impervious","Brutality"],"picked":"Corruption","floor":33},{"not_picked":["Body Slam+1","Heavy Blade"],"picked":"Ghostly Armor+1","floor":35},{"not_picked":["Reckless Charge","Twin Strike","Whirlwind"],"picked":"SKIP","floor":36}],"player_experience":422075,"relics_obtained":[{"floor":6.0,"key":"Toy Ornithopter"},{"floor":9.0,"key":"Pen Nib"},{"floor":10.0,"key":"Centennial Puzzle"},{"floor":23.0,"key":"Nunchaku"},{"floor":25.0,"key":"Regal Pillow"},{"floor":26.0,"key":"Champion Belt"},{"floor":27.0,"key":"Akabeko"}],"event_choices":[{"damage_healed":0.0,"max_hp_gain":0.0,"max_hp_loss":0.0,"gold_gain":0.0,"event_name":"Shining Light","player_choice":"Entered Light","floor":2.0,"gold_loss":0.0,"damage_taken":16.0,"cards_upgraded":["Strike_R","Dropkick"]},{"cards_removed":["Strike_R"],"damage_healed":0.0,"max_hp_gain":0.0,"max_hp_loss":0.0,"gold_gain":0.0,"event_name":"Bonfire Elementals","player_choice":"Offered Basic","floor":4.0,"gold_loss":0.0,"damage_taken":0.0},{"damage_healed":0.0,"max_hp_gain":0.0,"max_hp_loss":0.0,"gold_gain":0.0,"event_name":"Lab","player_choice":"Got Potions","floor":21.0,"gold_loss":0.0,"damage_taken":0.0},{"cards_removed":["Strike_R"],"damage_healed":0.0,"max_hp_gain":0.0,"max_hp_loss":0.0,"gold_gain":0.0,"event_name":"Beggar","player_choice":"Gave Gold","floor":30.0,"gold_loss":75.0,"damage_taken":0.0},{"damage_healed":0,"gold_gain":0,"player_choice":"Rummage","damage_taken":0,"relics_obtained":["WarpedTongs"],"max_hp_gain":0,"max_hp_loss":0,"event_name":"Accursed Blacksmith","floor":37,"gold_loss":0,"cards_obtained":["Pain"]}],"is_beta":false,"boss_relics":[{"not_picked":["Runic Cube","Busted Crown"],"picked":"Fusion Hammer"},{"not_picked":["SlaversCollar","Calling Bell"],"picked":"Runic Pyramid"}],"items_purged_floors":[20],"is_endless":false,"potions_floor_spawned":[1,6,10,16,19,29,31,33,36],"killed_by":"Jaw Worm Horde","ascension_level":13}}