{"host":"36mulxq349byzoa2","time":1610675565,"event":{"mods":["AchievementEnabler","BaseMod","Better Match","Block Reminder","Colored Map","Colored Powertips","Minty Spire (QoL Compilation)","Rare Cards Sparkle","StSLib","SuperFastMode"],"gold_per_floor":[115,40,58,58,76,76,103,121,147,147,167,184,208,233,233,307,307,318,318,328,339,1,26,42,42,42,61,61,81,81,95,95,170,170,187,198,34,34,51,51,0,0,0,34,34,34,51,51,51,51,51],"floor_reached":50,"language":"ENG","playtime":1571,"items_purged":["Defend_B"],"score":960,"play_id":"bc4ed224-80bd-4fd7-8ccc-65a0b070fd91","local_time":"20210114205245","is_ascension_mode":true,"campfire_choices":[{"data":"Streamline","floor":6.0,"key":"SMITH"},{"floor":10.0,"key":"REST"},{"data":"Undo","floor":15.0,"key":"SMITH"},{"floor":28,"key":"REST"},{"floor":30,"key":"REST"},{"floor":32,"key":"REST"},{"floor":40,"key":"REST"},{"floor":42,"key":"REST"},{"floor":46,"key":"REST"},{"floor":49,"key":"REST"}],"circlet_count":0,"master_deck":["AscendersBane","Strike_B","Defend_B","Defend_B","Defend_B","Zap","Dualcast","Tempest","Streamline+1","Undo+1","Electrodynamics","Echo Form","Echo Form","Defragment","Enlightenment","Capacitor+1","Static Discharge","Leap","Creative AI","Static Discharge+1","Blizzard+1","FTL+1"],"relics":["Snecko Eye","Lantern","Bag of Marbles","Odd Mushroom","Regal Pillow","Cursed Key","PreservedInsect","Centennial Puzzle","NlothsMask","Astrolabe","OrangePellets","Red Mask","The Courier"],"acts_visited":["Exordium","TheCity","TheBeyond"],"potions_floor_usage":[39,39,39,39,50,50],"damage_taken":[{"damage":8.0,"enemies":"2 Louse","floor":1.0,"turns":3.0},{"damage":1.0,"enemies":"Cultist","floor":3.0,"turns":3.0},{"damage":2.0,"enemies":"Jaw Worm","floor":5.0,"turns":2.0},{"damage":22.0,"enemies":"3 Sentries","floor":7.0,"turns":7.0},{"damage":4.0,"enemies":"Red Slaver","floor":8.0,"turns":3.0},{"damage":5.0,"enemies":"Lots of Slimes","floor":11.0,"turns":3.0},{"damage":0.0,"enemies":"Looter","floor":12.0,"turns":1.0},{"damage":0.0,"enemies":"The Mushroom Lair","floor":13.0,"turns":2.0},{"damage":20.0,"enemies":"Hexaghost","floor":16.0,"turns":10.0},{"damage":9.0,"enemies":"Chosen","floor":18.0,"turns":4.0},{"damage":16.0,"enemies":"Shell Parasite","floor":20.0,"turns":3.0},{"damage":0.0,"enemies":"3 Cultists","floor":21.0,"turns":2.0},{"damage":0.0,"enemies":"Book of Stabbing","floor":23.0,"turns":4.0},{"damage":9.0,"enemies":"Centurion and Healer","floor":24.0,"turns":4.0},{"damage":24,"enemies":"Shelled Parasite and Fungi","floor":27,"turns":3},{"damage":13,"enemies":"Cultist and Chosen","floor":29,"turns":3},{"damage":28,"enemies":"Sentry and Sphere","floor":31,"turns":4},{"damage":54,"enemies":"Champ","floor":33,"turns":14},{"damage":23,"enemies":"Orb Walker","floor":35,"turns":3},{"damage":4,"enemies":"3 Shapes","floor":36,"turns":3},{"damage":8,"enemies":"3 Darklings","floor":39,"turns":4},{"damage":39,"enemies":"Nemesis","floor":44,"turns":9},{"damage":55,"enemies":"Jaw Worm Horde","floor":47,"turns":4},{"damage":41,"enemies":"Awakened One","floor":50,"turns":3}],"seed_played":"316451619822094630","potions_obtained":[{"floor":3.0,"key":"SteroidPotion"},{"floor":4.0,"key":"AttackPotion"},{"floor":13.0,"key":"Fire Potion"},{"floor":16.0,"key":"BlessingOfTheForge"},{"floor":24.0,"key":"EssenceOfSteel"},{"floor":29,"key":"EntropicBrew"},{"floor":39,"key":"Ancient Potion"},{"floor":44,"key":"LiquidBronze"}],"is_trial":false,"path_per_floor":["M","$","M","?","M","R","E","M","T","R","M","M","?","T","R","B",null,"M","?","M","M","$","E","M","?","T","M","R","M","R","M","R","B",null,"M","M","$","?","M","R","?","R","T","E","?","R","M","$","R","B"],"character_chosen":"DEFECT","items_purchased":["PreservedInsect","Defragment","Enlightenment","OrangePellets"],"campfire_rested":8,"item_purchase_floors":[22,22,22,37],"current_hp_per_floor":[56,56,55,55,53,53,31,27,27,48,43,43,43,43,43,23,59,50,50,34,34,34,34,25,25,25,1,37,24,60,32,68,14,57,34,30,30,30,22,58,58,71,71,32,32,67,12,12,47,6,6],"gold":51,"neow_bonus":"BOSS_RELIC","is_daily":false,"chose_seed":false,"campfire_upgraded":2,"win_rate":0.0,"timestamp":1610675565,"path_taken":["M","$","M","?","M","R","E","?","T","R","M","M","?","?","R","BOSS","M","?","M","?","?","E","M","?","T","M","R","M","R","?","R","BOSS","M","M","$","?","M","R","?","R","T","E","?","R","M","?","R","BOSS"],"items_purchased_type":["Relic","Card","Card","Relic"],"build_version":"2020-12-22","purchased_purges":1,"victory":false,"max_hp_per_floor":[71,71,71,71,71,71,71,71,71,71,71,71,71,71,71,71,71,71,71,71,71,71,71,71,71,71,71,71,71,71,71,71,71,71,71,71,71,71,71,71,71,71,71,71,67,67,67,67,67,67,67],"card_choices":[{"not_picked":["Stack","Barrage"],"picked":"Tempest","floor":1.0},{"not_picked":["Loop","Stack"],"picked":"Streamline","floor":3.0},{"not_picked":["Rebound","Conserve Battery"],"picked":"Undo","floor":5.0},{"not_picked":["Skim","White Noise"],"picked":"Electrodynamics","floor":7.0},{"not_picked":["Cold Snap","Hologram","Streamline"],"picked":"SKIP","floor":8.0},{"not_picked":["Coolheaded","Steam","Compile Driver"],"picked":"SKIP","floor":11.0},{"not_picked":["Streamline","Turbo","Double Energy"],"picked":"SKIP","floor":12.0},{"not_picked":["Core Surge","Fission"],"picked":"Echo Form","floor":16.0},{"not_picked":["Leap","Redo","Streamline+1"],"picked":"SKIP","floor":18.0},{"not_picked":["BootSequence","Lockon","Chill"],"picked":"SKIP","floor":20.0},{"not_picked":["Coolheaded","Barrage","Chaos"],"picked":"SKIP","floor":21.0},{"not_picked":["Recycle","Stack","Beam Cell"],"picked":"SKIP","floor":23.0},{"not_picked":["Rip and Tear+1","Rebound"],"picked":"Capacitor+1","floor":24.0},{"not_picked":["Redo+1","Coolheaded","Steam"],"picked":"SKIP","floor":27},{"not_picked":["Redo","Compile Driver"],"picked":"Static Discharge","floor":29},{"not_picked":["Compile Driver","Sweeping Beam"],"picked":"Leap","floor":31},{"not_picked":["Thunder Strike","Amplify"],"picked":"Creative AI","floor":33},{"not_picked":["Cold Snap","Streamline+1","Steam"],"picked":"SKIP","floor":35},{"not_picked":["Darkness","Conserve Battery","Go for the Eyes"],"picked":"SKIP","floor":36},{"not_picked":["Ball Lightning","Tempest","Aggregate+1"],"picked":"SKIP","floor":39},{"not_picked":["Darkness+1","Capacitor","Sweeping Beam+1"],"picked":"SKIP","floor":44},{"not_picked":["Hologram+1","Coolheaded+1","Turbo"],"picked":"SKIP","floor":47}],"player_experience":1029286,"relics_obtained":[{"floor":7.0,"key":"Lantern"},{"floor":9.0,"key":"Bag of Marbles"},{"floor":13.0,"key":"Odd Mushroom"},{"floor":14.0,"key":"Regal Pillow"},{"floor":23.0,"key":"Centennial Puzzle"},{"floor":44,"key":"The Courier"}],"event_choices":[{"damage_healed":0.0,"max_hp_gain":0.0,"max_hp_loss":0.0,"gold_gain":0.0,"event_name":"Lab","player_choice":"Got Potions","floor":4.0,"gold_loss":0.0,"damage_taken":0.0},{"damage_healed":0.0,"max_hp_gain":0.0,"max_hp_loss":0.0,"gold_gain":0.0,"event_name":"Mushrooms","player_choice":"Fought Mushrooms","floor":13.0,"gold_loss":0.0,"damage_taken":0.0},{"damage_healed":0.0,"max_hp_gain":0.0,"max_hp_loss":0.0,"gold_gain":0.0,"event_name":"Duplicator","player_choice":"Copied","floor":19.0,"gold_loss":0.0,"damage_taken":0.0,"cards_obtained":["Echo Form"]},{"damage_healed":0.0,"max_hp_gain":0.0,"max_hp_loss":0.0,"gold_gain":0.0,"event_name":"FaceTrader","player_choice":"Trade","floor":25.0,"gold_loss":0.0,"damage_taken":0.0,"relics_obtained":["NlothsMask"]},{"damage_healed":0,"gold_gain":0,"player_choice":"Memory 1","damage_taken":0,"max_hp_gain":0,"max_hp_loss":0,"event_name":"SensoryStone","floor":38,"gold_loss":0},{"damage_healed":0,"gold_gain":0,"player_choice":"Paid","damage_taken":0,"relics_obtained":["Red Mask"],"max_hp_gain":0,"max_hp_loss":0,"event_name":"Tomb of Lord Red Mask","floor":41,"gold_loss":51},{"damage_healed":0,"gold_gain":0,"player_choice":"Max HP","damage_taken":0,"max_hp_gain":0,"max_hp_loss":4,"event_name":"Winding Halls","floor":45,"gold_loss":0}],"is_beta":false,"boss_relics":[{"not_picked":["Busted Crown","Philosopher\u0027s Stone"],"picked":"Cursed Key"},{"not_picked":["Velvet Choker","SacredBark"],"picked":"Astrolabe"}],"items_purged_floors":[2],"is_endless":false,"potions_floor_spawned":[3,7,13,16,20,21,24,29,36,39,44],"killed_by":"Awakened One","ascension_level":17}}