{"host":"jl3raagrljzztomj","time":1610726386,"event":{"mods":["Aspiration","BaseMod","BetterRewards","Colored Map","Colored Powertips","Custom Start","Hermit","Highlight Path","Minty Spire (QoL Compilation)","Permanent Neow","StSLib","SuperFastMode","The Runesmith"],"gold_per_floor":[116,116,116,136,136,136,149,149,149,177,194,194,219,232,232,329,329,340,340,340,350,350,350,363,363,363,363,363],"floor_reached":27,"language":"ENG","playtime":1043,"items_purged":[],"score":246,"play_id":"b4649a94-86dc-4cb0-ac40-44361cb4ee16","local_time":"20210115095946","is_ascension_mode":false,"campfire_choices":[{"data":"Madness","floor":6,"key":"SMITH"},{"data":"Zap","floor":8,"key":"SMITH"},{"floor":12,"key":"REST"},{"data":"White Noise","floor":15,"key":"SMITH"},{"data":"Hologram","floor":23,"key":"SMITH"},{"floor":25,"key":"REST"}],"circlet_count":0,"master_deck":["Strike_B","Strike_B","Defend_B","Defend_B","Defend_B","Defend_B","Zap+1","Dualcast","Madness+1","Gash","Hologram+1","Rebound","White Noise+1","Gash","Seek","Gash","Hologram+1","Hologram"],"relics":["Cracked Core","NlothsMask","Symbiotic Virus","Pear","Nuclear Battery","DataDisk","MealTicket"],"acts_visited":["Exordium","TheCity"],"potions_floor_usage":[4,27],"damage_taken":[{"damage":0,"enemies":"2 Louse","floor":1,"turns":2},{"damage":6,"enemies":"Jaw Worm","floor":4,"turns":4},{"damage":0,"enemies":"Cultist","floor":7,"turns":4},{"damage":36,"enemies":"Lagavulin","floor":10,"turns":6},{"damage":1,"enemies":"Exordium Wildlife","floor":11,"turns":3},{"damage":17,"enemies":"3 Sentries","floor":13,"turns":5},{"damage":3,"enemies":"2 Fungi Beasts","floor":14,"turns":3},{"damage":6,"enemies":"Slime Boss","floor":16,"turns":8},{"damage":14,"enemies":"Shell Parasite","floor":18,"turns":4},{"damage":21,"enemies":"2 Thieves","floor":21,"turns":4},{"damage":20,"enemies":"Centurion and Healer","floor":24,"turns":6},{"damage":56,"enemies":"Gremlin Leader","floor":27,"turns":4}],"seed_played":"-2534648392204454376","potions_obtained":[{"floor":4,"key":"Fruit Juice"},{"floor":10,"key":"PowerPotion"},{"floor":11,"key":"SteroidPotion"},{"floor":21,"key":"PotionOfCapacity"}],"is_trial":false,"path_per_floor":["M","?","?","M","?","R","M","R","T","E","M","R","E","M","R","B",null,"M","?","?","M","?","R","M","R","T","E"],"character_chosen":"DEFECT","items_purchased":[],"campfire_rested":2,"item_purchase_floors":[],"current_hp_per_floor":[75,68,68,67,67,67,67,67,67,31,30,54,47,44,44,38,90,76,76,76,55,49,49,29,56,56,0,0],"gold":363,"neow_bonus":"RANDOM_COLORLESS","is_daily":false,"chose_seed":false,"campfire_upgraded":4,"win_rate":0.0,"timestamp":1610726386,"path_taken":["M","?","?","?","?","R","M","R","T","E","M","R","E","M","R","BOSS","M","?","?","M","?","R","M","R","T","E"],"items_purchased_type":[],"build_version":"2020-12-22","purchased_purges":0,"victory":false,"max_hp_per_floor":[75,75,75,80,80,80,80,80,80,80,80,80,90,90,90,90,90,90,90,90,90,90,90,90,90,90,90,90],"card_choices":[{"not_picked":["Blind","Impatience"],"picked":"Madness","floor":0},{"not_picked":["FTL","Steam"],"picked":"Gash","floor":1},{"not_picked":["Genetic Algorithm","Consume"],"picked":"Hologram","floor":4},{"not_picked":["Compile Driver","Defragment","Stack"],"picked":"SKIP","floor":7},{"not_picked":["Doom and Gloom","Blizzard"],"picked":"Rebound","floor":10},{"not_picked":["Redo","Aggregate","Rip and Tear"],"picked":"SKIP","floor":11},{"not_picked":["Force Field","Sunder"],"picked":"White Noise","floor":13},{"not_picked":["Stack","Heatsinks"],"picked":"Gash","floor":14},{"not_picked":["Multi-Cast","Core Surge"],"picked":"Seek","floor":16},{"not_picked":["Streamline","Beam Cell"],"picked":"Gash","floor":18},{"not_picked":["Stack","Cold Snap"],"picked":"Hologram","floor":21},{"not_picked":["Streamline","Leap"],"picked":"Hologram","floor":24}],"player_experience":951907,"relics_obtained":[{"floor":10,"key":"Symbiotic Virus"},{"floor":13,"key":"Pear"},{"floor":26,"key":"MealTicket"}],"event_choices":[{"cards_removed":["Strike_B"],"damage_healed":0,"gold_gain":0,"player_choice":"Card Removal","damage_taken":7,"max_hp_gain":0,"max_hp_loss":0,"event_name":"Golden Wing","floor":2,"gold_loss":0},{"damage_healed":0,"gold_gain":0,"player_choice":"Trade","damage_taken":0,"relics_obtained":["NlothsMask"],"max_hp_gain":0,"max_hp_loss":0,"event_name":"FaceTrader","floor":3,"gold_loss":0},{"damage_healed":0,"gold_gain":0,"player_choice":"Grow","damage_taken":0,"max_hp_gain":0,"max_hp_loss":0,"event_name":"Living Wall","floor":5,"gold_loss":0,"cards_upgraded":["Hologram"]},{"damage_healed":0,"gold_gain":0,"player_choice":"Opened","damage_taken":0,"relics_obtained":["DataDisk"],"max_hp_gain":0,"max_hp_loss":0,"event_name":"The Mausoleum","floor":19,"gold_loss":0},{"cards_removed":["Strike_B"],"damage_healed":0,"gold_gain":0,"player_choice":"Elegance","damage_taken":0,"max_hp_gain":0,"max_hp_loss":0,"event_name":"Back to Basics","floor":20,"gold_loss":0},{"damage_healed":0,"gold_gain":0,"player_choice":"","damage_taken":6,"max_hp_gain":0,"max_hp_loss":0,"event_name":"Knowing Skull","floor":22,"potions_obtained":[],"gold_loss":0,"cards_obtained":[]}],"is_beta":false,"boss_relics":[{"not_picked":["Runic Pyramid","Cursed Key"],"picked":"Nuclear Battery"}],"items_purged_floors":[],"is_endless":false,"potions_floor_spawned":[4,10,11,21,24],"killed_by":"Gremlin Leader","ascension_level":0}}