{"host":"4ag909k4xupnj24b","time":1610712860,"event":{"mods":["BaseMod","Minty Spire (QoL Compilation)","StSLib"],"gold_per_floor":[114,132,148,22,22,22,22,22,22,61,86,86,124,148,148,239,239,263,278,278,278],"floor_reached":20,"language":"ENG","playtime":1017,"items_purged":[],"score":366,"play_id":"13104fe6-749f-4682-be5d-055082f4c40f","local_time":"20210115041420","is_ascension_mode":true,"campfire_choices":[{"data":"Loop","floor":6,"key":"SMITH"},{"data":"Loop","floor":8,"key":"SMITH"},{"floor":12,"key":"REST"},{"data":"Undo","floor":15,"key":"SMITH"}],"circlet_count":0,"master_deck":["AscendersBane","Strike_B","Strike_B","Strike_B","Strike_B","Defend_B","Defend_B","Defend_B","Defend_B","Zap","Dualcast","Sweeping Beam","Darkness","Loop+1","Loop+1","Cold Snap","Doubt","Undo+1","Undo","Cold Snap","CurseOfTheBell","Rebound+1"],"relics":["Cursed Key","Golden Idol","MealTicket","Juzu Bracelet","Mango","Calling Bell","Happy Flower","Matryoshka","Gambling Chip"],"acts_visited":["Exordium","TheCity"],"potions_floor_usage":[10,16,20],"damage_taken":[{"damage":3,"enemies":"2 Louse","floor":1,"turns":3},{"damage":8,"enemies":"Jaw Worm","floor":2,"turns":4},{"damage":5,"enemies":"Small Slimes","floor":3,"turns":4},{"damage":29,"enemies":"3 Sentries","floor":10,"turns":7},{"damage":6,"enemies":"Looter","floor":11,"turns":4},{"damage":16,"enemies":"Gremlin Nob","floor":13,"turns":3},{"damage":1,"enemies":"Blue Slaver","floor":14,"turns":4},{"damage":24,"enemies":"Hexaghost","floor":16,"turns":11},{"damage":0,"enemies":"Chosen","floor":18,"turns":5},{"damage":39,"enemies":"3 Byrds","floor":19,"turns":6},{"damage":40,"enemies":"Masked Bandits","floor":20,"turns":3}],"seed_played":"7509682678546707601","potions_obtained":[{"floor":3,"key":"SkillPotion"},{"floor":10,"key":"ColorlessPotion"},{"floor":13,"key":"BlessingOfTheForge"},{"floor":18,"key":"Block Potion"}],"is_trial":false,"path_per_floor":["M","M","M","$","?","R","?","R","T","E","M","R","E","M","R","B",null,"M","M","?"],"character_chosen":"DEFECT","items_purchased":["Loop","Cold Snap"],"campfire_rested":1,"item_purchase_floors":[4,4],"current_hp_per_floor":[61,53,48,48,48,48,64,64,64,35,29,48,46,45,45,21,64,64,25,0,0],"gold":278,"neow_bonus":"BOSS_RELIC","is_daily":false,"chose_seed":false,"campfire_upgraded":3,"win_rate":0.0,"timestamp":1610712860,"path_taken":["M","M","M","$","?","R","?","R","T","E","M","R","E","M","R","BOSS","M","M","?"],"items_purchased_type":["Card","Card"],"build_version":"2020-12-22","purchased_purges":0,"victory":false,"max_hp_per_floor":[71,71,71,71,64,64,64,64,64,64,64,64,78,78,78,78,78,78,78,78,78],"card_choices":[{"not_picked":["Coolheaded","Blizzard"],"picked":"Sweeping Beam","floor":1},{"not_picked":["Heatsinks","Lockon"],"picked":"Darkness","floor":2},{"not_picked":["Tempest","Conserve Battery"],"picked":"Loop","floor":3},{"not_picked":["Beam Cell","Turbo"],"picked":"Undo","floor":10},{"not_picked":["Gash","Sweeping Beam","Compile Driver"],"picked":"SKIP","floor":11},{"not_picked":["Steam Power","Hyperbeam"],"picked":"Undo","floor":13},{"not_picked":["Leap","Barrage"],"picked":"Cold Snap","floor":14},{"not_picked":["Stack","Scrape"],"picked":"Rebound+1","floor":18},{"not_picked":["Chaos+1","Beam Cell","Heatsinks"],"picked":"SKIP","floor":19}],"player_experience":836149,"relics_obtained":[{"floor":9,"key":"MealTicket"},{"floor":10,"key":"Juzu Bracelet"},{"floor":13,"key":"Mango"},{"floor":17,"key":"Happy Flower"},{"floor":17,"key":"Matryoshka"},{"floor":17,"key":"Gambling Chip"}],"event_choices":[{"damage_healed":0,"gold_gain":0,"player_choice":"Lose Max HP","damage_taken":0,"relics_obtained":["Golden Idol"],"max_hp_gain":0,"max_hp_loss":7,"event_name":"Golden Idol","floor":5,"gold_loss":0},{"damage_healed":21,"gold_gain":0,"player_choice":"Banana","damage_taken":0,"max_hp_gain":0,"max_hp_loss":0,"event_name":"Big Fish","floor":7,"gold_loss":0},{"damage_healed":0,"gold_gain":0,"player_choice":"Fought Bandits","damage_taken":0,"max_hp_gain":0,"max_hp_loss":0,"event_name":"Masked Bandits","floor":20,"gold_loss":0}],"is_beta":false,"boss_relics":[{"not_picked":["Ectoplasm","SacredBark"],"picked":"Calling Bell"}],"items_purged_floors":[],"is_endless":false,"potions_floor_spawned":[3,10,13,18],"killed_by":"Masked Bandits","ascension_level":15}}