{"host":"l84l8xigz5v5foa2","time":1610734070,"event":{"mods":["2.2 Compatiblity","AchievementEnabler","BaseMod","Better Note","Better Vampires","Card Filter","Colored Map","DeckTracker","Downfall","Gremlin Skip","Highlight Path","Keyboard Shortcuts","Minty Spire (QoL Compilation)","Permanent Neow","Quick Restart","Relic Filter","Relic Stats","StSLib","SuperFastMode","Transform Curses","Unknown Chances"],"gold_per_floor":[0,14,27,42,52,52,52,52,52,65,99,9,9,38,58,135,135,135,155,167,167,267,281,332,257,323,336,486,411,108,158,173,250,250,250,270,320,140,167,387,387,437,469,519,444,469,486,501,516,516,516,542,114,114,114],"floor_reached":56,"language":"ENG","playtime":3426,"items_purged":["hexamod:Sear","hexamod:Defend","hexamod:Defend","hexamod:Strike+1"],"score":2338,"play_id":"267bdeec-4149-4638-ade9-e2557a2861ab","local_time":"20210116030750","is_ascension_mode":true,"campfire_choices":[{"data":"hexamod:Float","floor":1.0,"key":"SMITH"},{"data":"hexamod:SuperheatedStrike","floor":6.0,"key":"SMITH"},{"data":"hexamod:HeatMetal","floor":8.0,"key":"SMITH"},{"data":"hexamod:SoulSteal","floor":13.0,"key":"SMITH"},{"data":"hexamod:FastForward","floor":18.0,"key":"SMITH"},{"floor":25.0,"key":"RECALL"},{"data":"hexamod:GhostOfSpireFuture","floor":29.0,"key":"SMITH"},{"data":"expansioncontent:DefensiveStance","floor":35.0,"key":"SMITH"},{"data":"hexamod:GiftsFromTheDead","floor":45.0,"key":"SMITH"}],"circlet_count":0,"master_deck":["AscendersBane","hexamod:Strike+1","hexamod:Defend+1","hexamod:Defend+1","hexamod:Float+1","Sadistic Nature+1","hexamod:GhostShield+1","hexamod:SuperheatedStrike+1","hexamod:HauntingEcho+1","hexamod:HeatMetal+1","hexamod:ShieldOfDarkness+1","hexamod:SoulSteal+1","hexamod:WildfireWeapon+1","hexamod:FastForward+1","hexamod:InspiringFlames+1","hexamod:SpectersWail+1","hexamod:AdvancingGuard+1","hexamod:FourthSeal","hexamod:GhostOfSpireFuture+1","hexamod:AdvancingGuard+1","hexamod:Rewind+1","expansioncontent:DefensiveStance+1","hexamod:RainOfEmbers+1","hexamod:RadiantFlame+1","hexamod:SixthSeal","hexamod:GiftsFromTheDead+1","hexamod:FirstSeal","hexamod:StepThrough+1","hexamod:ShieldOfDarkness+1","hexamod:PowerFromBeyond+1","hexamod:NecessarySacrifice+1"],"relics":["hexamod:SpiritBrand","Potion Belt","Akabeko","Nunchaku","Coffee Dripper","downfall:CloakOfManyFaces","CultistMask","FaceOfCleric","NlothsMask","GremlinMask","SsserpentHead","downfall:HeartBlessingGreen","downfall:HeartBlessingRed","SacredBark","Toy Ornithopter","hexamod:TheBrokenSeal","Letter Opener","Ice Cream","downfall:HeartBlessingBlue","Ornamental Fan","Lantern","Frozen Eye"],"acts_visited":["Exordium","TheCity","TheBeyond","TheEnding"],"potions_floor_usage":[55,55,55,55],"damage_taken":[{"damage":0.0,"enemies":"Cultist","floor":2.0,"turns":3.0},{"damage":0.0,"enemies":"Small Slimes","floor":3.0,"turns":4.0},{"damage":0.0,"enemies":"2 Louse","floor":4.0,"turns":2.0},{"damage":11.0,"enemies":"Lots of Slimes","floor":5.0,"turns":4.0},{"damage":0.0,"enemies":"Blue Slaver","floor":10.0,"turns":3.0},{"damage":0.0,"enemies":"Lagavulin","floor":11.0,"turns":5.0},{"damage":0.0,"enemies":"downfall:FleeingMerchant","floor":12.0,"turns":4.0},{"damage":16.0,"enemies":"3 Sentries","floor":14.0,"turns":5.0},{"damage":0.0,"enemies":"Large Slime","floor":15.0,"turns":3.0},{"damage":5.0,"enemies":"downfall:Ironclad","floor":16.0,"turns":6.0},{"damage":7.0,"enemies":"3 Byrds","floor":19.0,"turns":5.0},{"damage":9.0,"enemies":"Chosen","floor":20.0,"turns":5.0},{"damage":9.0,"enemies":"downfall:FaceTrader","floor":22.0,"turns":6.0},{"damage":46.0,"enemies":"Snecko","floor":23.0,"turns":8.0},{"damage":9.0,"enemies":"3 Cultists","floor":26.0,"turns":5.0},{"damage":3.0,"enemies":"Snake Plant","floor":27.0,"turns":4.0},{"damage":6.0,"enemies":"downfall:Augmenter","floor":28.0,"turns":5.0},{"damage":0.0,"enemies":"downfall:FleeingMerchant","floor":30.0,"turns":4.0},{"damage":0.0,"enemies":"Chosen and Byrds","floor":32.0,"turns":7.0},{"damage":0.0,"enemies":"downfall:Watcher","floor":33.0,"turns":8.0},{"damage":0.0,"enemies":"3 Shapes","floor":36.0,"turns":9.0},{"damage":0.0,"enemies":"downfall:FleeingMerchant","floor":38.0,"turns":4.0},{"damage":16.0,"enemies":"Orb Walker","floor":39.0,"turns":5.0},{"damage":0.0,"enemies":"downfall:FleeingMerchant","floor":40.0,"turns":4.0},{"damage":3.0,"enemies":"Reptomancer","floor":43.0,"turns":5.0},{"damage":8.0,"enemies":"Giant Head","floor":46.0,"turns":7.0},{"damage":8.0,"enemies":"Sphere and 2 Shapes","floor":47.0,"turns":6.0},{"damage":0.0,"enemies":"Transient","floor":48.0,"turns":6.0},{"damage":24.0,"enemies":"Spire Growth","floor":49.0,"turns":6.0},{"damage":35.0,"enemies":"downfall:Silent","floor":50.0,"turns":10.0},{"damage":46.0,"enemies":"downfall:CharBossMerchant","floor":52.0,"turns":7.0},{"damage":39,"enemies":"downfall:NeowBoss","floor":55,"turns":17}],"seed_played":"8756648454765195314","potions_obtained":[{"floor":4.0,"key":"Weak Potion"},{"floor":5.0,"key":"ColorlessPotion"},{"floor":10.0,"key":"Dexterity Potion"},{"floor":15.0,"key":"Dexterity Potion"},{"floor":16.0,"key":"Explosive Potion"},{"floor":23.0,"key":"DistilledChaos"},{"floor":26.0,"key":"hexamod:DoubleChargePotion"},{"floor":26.0,"key":"hexamod:EctoCoolerPotion"},{"floor":27.0,"key":"Ancient Potion"},{"floor":28.0,"key":"AttackPotion"},{"floor":30.0,"key":"sneckomod:MuddlingPotion"},{"floor":32.0,"key":"SneckoOil"},{"floor":32.0,"key":"BlessingOfTheForge"},{"floor":32.0,"key":"Fire Potion"},{"floor":33.0,"key":"EssenceOfSteel"},{"floor":36.0,"key":"Block Potion"},{"floor":38.0,"key":"hexamod:DoubleChargePotion"},{"floor":39.0,"key":"Dexterity Potion"},{"floor":40.0,"key":"Swift Potion"},{"floor":43.0,"key":"FearPotion"},{"floor":44.0,"key":"SmokeBomb"},{"floor":44.0,"key":"FearPotion"},{"floor":46.0,"key":"FairyPotion"},{"floor":46.0,"key":"Swift Potion"},{"floor":47.0,"key":"sneckomod:MuddlingPotion"},{"floor":48.0,"key":"PowerPotion"},{"floor":48.0,"key":"ColorlessPotion"},{"floor":49.0,"key":"DuplicationPotion"},{"floor":52.0,"key":"SneckoOil"}],"is_trial":false,"path_per_floor":["R","M","M","M","M","R","T","R","?","M","E","$","R","E","M","B",null,"R","M","M","?","?","M","T","R","M","M","?","R","$","?","M","B",null,"R","M","?","$","M","$","T","T","E","?","R","E","M","M","M","B",null,"E","$","R","B",null],"character_chosen":"THE_SPIRIT","items_purchased":["hexamod:ThirdSeal","expansioncontent:DefensiveStance","hexamod:RainOfEmbers","Toy Ornithopter","CultistPotion","Frozen Eye"],"campfire_rested":0,"item_purchase_floors":[30,30,30,38,53,53],"current_hp_per_floor":[57,57,57,57,46,46,46,46,51,51,51,51,51,35,42,44,62,62,62,60,60,58,20,20,20,19,24,26,26,34,34,42,43,67,67,75,75,76,88,89,89,89,87,87,97,100,101,103,92,58,93,60,60,60,42],"gold":114,"neow_bonus":"RANDOM_COLORLESS_2","is_daily":false,"chose_seed":false,"campfire_upgraded":8,"win_rate":0.0,"timestamp":1610734070,"path_taken":["R","M","M","?","M","R","T","R","?","M","E","$","R","E","M","BOSS","R","M","M","?","?","M","T","R","?","M","?","R","$","?","M","BOSS","R","M","?","$","M","$","T","?","E","?","R","E","M","M","M","BOSS","E","$","R","BOSS"],"items_purchased_type":["Card","Card","Card","Relic","Potion","Relic"],"build_version":"2020-12-22","purchased_purges":4,"victory":true,"max_hp_per_floor":[63,63,63,63,63,63,63,63,68,68,68,68,68,68,68,68,68,68,68,68,68,68,69,69,69,70,71,72,72,73,73,74,75,75,75,76,76,77,88,89,89,89,90,90,100,101,102,103,104,105,105,106,106,106,107],"relic_stats":{"SsserpentHead":300,"Nunchaku":[17],"FaceOfCleric":19,"counters":[32,182],"Ornamental Fan":[28],"Letter Opener":[142],"obtain_stats":[{"Potion Belt":7,"Ice Cream":43,"Lantern":52,"downfall:HeartBlessingRed":29,"SacredBark":34,"hexamod:TheBrokenSeal":39,"GremlinMask":22,"downfall:HeartBlessingGreen":25,"Letter Opener":42,"Akabeko":11,"SsserpentHead":22,"Frozen Eye":53,"Nunchaku":14,"FaceOfCleric":22,"downfall:HeartBlessingBlue":45,"Ornamental Fan":46,"CultistMask":22,"Coffee Dripper":17,"downfall:CloakOfManyFaces":22,"hexamod:SpiritBrand":0,"Toy Ornithopter":38,"NlothsMask":22},{"Potion Belt":4,"Ice Cream":25,"Lantern":31,"downfall:HeartBlessingRed":17,"SacredBark":20,"hexamod:TheBrokenSeal":23,"GremlinMask":13,"downfall:HeartBlessingGreen":14,"Letter Opener":24,"Akabeko":6,"SsserpentHead":13,"Frozen Eye":31,"Nunchaku":8,"FaceOfCleric":13,"downfall:HeartBlessingBlue":25,"Ornamental Fan":26,"CultistMask":13,"Coffee Dripper":10,"downfall:CloakOfManyFaces":13,"hexamod:SpiritBrand":0,"Toy Ornithopter":22,"NlothsMask":13},{"Potion Belt":13,"Ice Cream":123,"Lantern":165,"downfall:HeartBlessingRed":77,"SacredBark":96,"hexamod:TheBrokenSeal":114,"GremlinMask":55,"downfall:HeartBlessingGreen":63,"Letter Opener":118,"Akabeko":21,"SsserpentHead":55,"Frozen Eye":165,"Nunchaku":30,"FaceOfCleric":55,"downfall:HeartBlessingBlue":123,"Ornamental Fan":130,"CultistMask":55,"Coffee Dripper":39,"downfall:CloakOfManyFaces":55,"hexamod:SpiritBrand":0,"Toy Ornithopter":109,"NlothsMask":55}],"Toy Ornithopter":40},"card_choices":[{"not_picked":["Thinking Ahead","Secret Technique"],"picked":"Sadistic Nature","floor":0.0},{"not_picked":["hexamod:GhostOfSpirePresent","hexamod:Firestarter"],"picked":"hexamod:GhostShield","floor":2.0},{"not_picked":["hexamod:ShieldOfDarkness","hexamod:SwordOfDarkness"],"picked":"hexamod:SuperheatedStrike","floor":3.0},{"not_picked":["hexamod:FastForward","hexamod:NightmareGuise"],"picked":"hexamod:HauntingEcho","floor":4.0},{"not_picked":["hexamod:NightmareStrike","hexamod:HauntingEcho"],"picked":"hexamod:HeatMetal","floor":5.0},{"not_picked":["hexamod:EtherealExpedition","hexamod:Firestarter"],"picked":"hexamod:ShieldOfDarkness","floor":10.0},{"not_picked":["hexamod:HeatMetal","hexamod:SpectersWail"],"picked":"hexamod:SoulSteal","floor":11.0},{"not_picked":["hexamod:EmpoweredFlame","hexamod:FirstSeal"],"picked":"hexamod:WildfireWeapon","floor":12.0},{"not_picked":["hexamod:Hexaguard","hexamod:NightmareGuise"],"picked":"hexamod:FirstSeal","floor":14.0},{"not_picked":["hexamod:SpectersWail","hexamod:ShieldOfDarkness"],"picked":"hexamod:FastForward","floor":15.0},{"not_picked":["hexamod:UnleashSpirits","hexamod:SearingWound"],"picked":"hexamod:SixthSeal","floor":16.0},{"not_picked":["hexamod:SpectralSpark","hexamod:HauntingEcho","hexamod:InspiringFlames"],"picked":"SKIP","floor":19.0},{"not_picked":["hexamod:RecurringNightmare","hexamod:CatchUp","hexamod:SuperheatedStrike"],"picked":"SKIP","floor":20.0},{"not_picked":["hexamod:RecurringNightmare","hexamod:EmpoweredFlame"],"picked":"hexamod:InspiringFlames","floor":22.0},{"not_picked":["hexamod:GhostOfSpirePresent","hexamod:PhantomFireball"],"picked":"hexamod:FourthSeal","floor":23.0},{"not_picked":["hexamod:EtherealExpedition","hexamod:HauntingEcho+1"],"picked":"hexamod:SpectersWail","floor":26.0},{"not_picked":["hexamod:FlamesFromBeyond","hexamod:HeatShield"],"picked":"hexamod:AdvancingGuard","floor":27.0},{"not_picked":["hexamod:ShieldOfDarkness","hexamod:GhostLash"],"picked":"hexamod:AdvancingGuard","floor":28.0},{"not_picked":["hexamod:HauntingEcho","hexamod:FlamesFromBeyond"],"picked":"hexamod:Rewind+1","floor":30.0},{"not_picked":["hexamod:AdvancingGuard","hexamod:GhostShield"],"picked":"hexamod:RadiantFlame+1","floor":32.0},{"not_picked":["hexamod:InspiringFlames","hexamod:EmpoweringStance","hexamod:HauntingEcho"],"picked":"SKIP","floor":32.0},{"not_picked":["hexamod:TimeWarp","hexamod:Toasty"],"picked":"hexamod:FifthSeal","floor":33.0},{"not_picked":["hexamod:WildfireWeapon","hexamod:SearingWound"],"picked":"hexamod:SixthSeal","floor":33.0},{"not_picked":["hexamod:SpectralAdrenaline","hexamod:HauntingEcho","hexamod:Firestarter+1"],"picked":"SKIP","floor":36.0},{"not_picked":["hexamod:DynamicBlow+1","hexamod:Hexaguard"],"picked":"hexamod:GiftsFromTheDead","floor":38.0},{"not_picked":["hexamod:SixthSeal","hexamod:ThirdSeal"],"picked":"hexamod:FirstSeal","floor":38.0},{"not_picked":["hexamod:Again","hexamod:HauntingEcho+1","hexamod:SpectersWail"],"picked":"SKIP","floor":38.0},{"not_picked":["hexamod:HauntingEcho","hexamod:ExtraCrispy"],"picked":"hexamod:StepThrough","floor":39.0},{"not_picked":["hexamod:BacktrackSmack","hexamod:CatchUp+1"],"picked":"hexamod:ShieldOfDarkness+1","floor":40.0},{"not_picked":["hexamod:FirstSeal","hexamod:ShieldOfDarkness","hexamod:SwordOfDarkness"],"picked":"SKIP","floor":43.0},{"not_picked":["hexamod:Firestarter+1","hexamod:FirstSeal"],"picked":"hexamod:PowerFromBeyond","floor":46.0},{"not_picked":["hexamod:RainOfEmbers","hexamod:GhostShield","hexamod:ThermalTransfer"],"picked":"SKIP","floor":47.0},{"not_picked":["hexamod:StepThrough","hexamod:ShieldOfDarkness"],"picked":"hexamod:NecessarySacrifice","floor":48.0},{"not_picked":["hexamod:ShieldOfDarkness+1","hexamod:Firestarter","hexamod:NightmareGuise"],"picked":"SKIP","floor":49.0},{"not_picked":["hexamod:GhostShield","hexamod:ExtraCrispy+1","hexamod:Again"],"picked":"SKIP","floor":52.0}],"player_experience":3234638,"relics_obtained":[{"floor":7.0,"key":"Potion Belt"},{"floor":11.0,"key":"Akabeko"},{"floor":14.0,"key":"Nunchaku"},{"floor":22.0,"key":"downfall:CloakOfManyFaces"},{"floor":42.0,"key":"Letter Opener"},{"floor":43.0,"key":"Ice Cream"},{"floor":46.0,"key":"Ornamental Fan"},{"floor":52.0,"key":"Lantern"}],"event_choices":[{"damage_healed":0.0,"max_hp_gain":5.0,"max_hp_loss":0.0,"gold_gain":0.0,"event_name":"Big Fish","player_choice":"Donut","floor":9.0,"gold_loss":0.0,"damage_taken":0.0},{"damage_healed":0.0,"max_hp_gain":0.0,"max_hp_loss":0.0,"gold_gain":0.0,"event_name":"Lab","player_choice":"Got Potions","floor":44.0,"gold_loss":0.0,"damage_taken":0.0}],"is_beta":false,"boss_relics":[{"not_picked":["Philosopher\u0027s Stone","Cursed Key"],"picked":"Coffee Dripper"},{"not_picked":["Calling Bell","Runic Pyramid"],"picked":"SacredBark"}],"items_purged_floors":[12,30,40,53],"is_endless":false,"potions_floor_spawned":[4,5,10,15,16,23,26,28,32,39,43,46,48],"ascension_level":20}}