{"host":"y7sd46uq4xlni546","time":1610738427,"event":{"mods":["AchievementEnabler","BaseMod","Colored Map","Colored Powertips","Curses Come First","Filter the Spire","Minty Spire (QoL Compilation)","Quick Restart","Random Character Button","Rare Cards Sparkle","StSLib"],"gold_per_floor":[113,113,128,128,142,142,154,170,170,170,345,43,62,78,78,177,177,189,209,224,224,224],"floor_reached":21,"language":"ENG","playtime":854,"items_purged":[],"score":245,"play_id":"b2ec7006-c978-4022-8844-9686e613c573","local_time":"20210115202027","is_ascension_mode":true,"campfire_choices":[{"data":"Body Slam","floor":6.0,"key":"SMITH"},{"data":"Dark Embrace","floor":10.0,"key":"SMITH"},{"floor":15.0,"key":"REST"}],"circlet_count":0,"master_deck":["Strike_R","Strike_R","Strike_R","Defend_R","Defend_R","Defend_R","Bash","Power Through+1","Sever Soul+1","True Grit+1","Body Slam+1","Body Slam+1","Dark Embrace+1","Cleave","Doubt","Seeing Red","Infernal Blade","Demon Form","CurseOfTheBell","Offering","Second Wind"],"relics":["Astrolabe","Vajra","Peace Pipe","Calling Bell","Toy Ornithopter","Sundial","Shovel"],"acts_visited":["Exordium","TheCity"],"potions_floor_usage":[21],"damage_taken":[{"damage":0.0,"enemies":"Cultist","floor":1.0,"turns":4.0},{"damage":0.0,"enemies":"2 Louse","floor":3.0,"turns":3.0},{"damage":2.0,"enemies":"Jaw Worm","floor":5.0,"turns":2.0},{"damage":7.0,"enemies":"Exordium Wildlife","floor":7.0,"turns":3.0},{"damage":0.0,"enemies":"Gremlin Gang","floor":8.0,"turns":3.0},{"damage":14.0,"enemies":"Large Slime","floor":13.0,"turns":4.0},{"damage":6.0,"enemies":"2 Fungi Beasts","floor":14.0,"turns":3.0},{"damage":48.0,"enemies":"Hexaghost","floor":16.0,"turns":9.0},{"damage":9.0,"enemies":"Shell Parasite","floor":18.0,"turns":4.0},{"damage":22.0,"enemies":"2 Thieves","floor":19.0,"turns":3.0},{"damage":27.0,"enemies":"Snake Plant","floor":20.0,"turns":4.0},{"damage":22,"enemies":"Shelled Parasite and Fungi","floor":21,"turns":3}],"seed_played":"6748775363524790209","potions_obtained":[{"floor":3.0,"key":"AttackPotion"},{"floor":7.0,"key":"LiquidBronze"},{"floor":8.0,"key":"Swift Potion"},{"floor":20.0,"key":"BlessingOfTheForge"}],"is_trial":false,"path_per_floor":["M","$","M","?","M","R","M","M","T","R","?","$","M","M","R","B",null,"M","M","M","M"],"character_chosen":"IRONCLAD","items_purchased":["Peace Pipe"],"campfire_rested":1,"item_purchase_floors":[12],"current_hp_per_floor":[72,72,72,72,70,70,63,63,63,63,63,63,49,43,67,19,65,56,39,17,0,0],"gold":224,"neow_bonus":"BOSS_RELIC","is_daily":false,"chose_seed":false,"campfire_upgraded":2,"win_rate":0.0,"timestamp":1610738427,"path_taken":["M","?","M","?","M","R","?","M","T","R","?","?","?","?","R","BOSS","M","M","M","M"],"items_purchased_type":["Relic"],"build_version":"2020-12-22","purchased_purges":0,"victory":false,"max_hp_per_floor":[80,80,80,80,80,80,80,80,80,80,80,80,80,80,80,80,80,80,80,80,80,80],"card_choices":[{"not_picked":["Hemokinesis","Dark Embrace"],"picked":"Body Slam","floor":1.0},{"not_picked":["Perfected Strike","Heavy Blade","True Grit"],"picked":"SKIP","floor":3.0},{"not_picked":["True Grit","Flame Barrier"],"picked":"Body Slam","floor":5.0},{"not_picked":["Anger","Heavy Blade"],"picked":"Dark Embrace","floor":7.0},{"not_picked":["Sword Boomerang","Perfected Strike"],"picked":"Cleave","floor":8.0},{"not_picked":["Disarm","Sentinel"],"picked":"Seeing Red","floor":13.0},{"not_picked":["Clothesline","Sword Boomerang"],"picked":"Infernal Blade","floor":14.0},{"not_picked":["Bludgeon","Juggernaut"],"picked":"Demon Form","floor":16.0},{"not_picked":["Pommel Strike","Twin Strike","Body Slam"],"picked":"SKIP","floor":18.0},{"not_picked":["Heavy Blade","Cleave+1"],"picked":"Offering","floor":19.0},{"not_picked":["Sword Boomerang+1","Iron Wave"],"picked":"Second Wind","floor":20.0}],"player_experience":641707,"relics_obtained":[{"floor":9.0,"key":"Vajra"},{"floor":17.0,"key":"Toy Ornithopter"},{"floor":17.0,"key":"Sundial"},{"floor":17.0,"key":"Shovel"}],"event_choices":[{"damage_healed":0.0,"max_hp_gain":0.0,"max_hp_loss":0.0,"gold_gain":0.0,"event_name":"Accursed Blacksmith","player_choice":"Forge","floor":4.0,"gold_loss":0.0,"damage_taken":0.0,"cards_upgraded":["Body Slam"]},{"damage_healed":0.0,"max_hp_gain":0.0,"max_hp_loss":0.0,"gold_gain":175.0,"event_name":"Liars Game","player_choice":"AGREE","floor":11.0,"gold_loss":0.0,"damage_taken":0.0,"cards_obtained":["Doubt"]}],"is_beta":false,"boss_relics":[{"not_picked":["Runic Cube","Velvet Choker"],"picked":"Calling Bell"}],"items_purged_floors":[],"is_endless":false,"potions_floor_spawned":[3,7,8,20],"killed_by":"Shelled Parasite and Fungi","ascension_level":8}}