{"host":"8lgo2trwv2o0qyml","time":1610749477,"event":{"mods":["BaseMod","Colored Map","Colored Powertips","DeckTracker","Highlight Path","Hubris","Infinite Spire","Minty Spire (QoL Compilation)","Quick Restart","Random Character Button","Relic Sorter","Replay The Spire","StSLib","SuperFastMode","Synergy Search"],"gold_per_floor":[119,22,22,37,37,64,64,64,64,84,101,120,154,154,154,259,259,269,269,269,269],"floor_reached":20,"playtime":864,"items_purged":[],"score":207,"play_id":"bf0e7c6a-e56d-46ff-9799-ea5bacfce3de","local_time":"20210115172437","is_ascension_mode":false,"campfire_choices":[{"data":"Creative AI","floor":8,"key":"SMITH"},{"floor":15,"key":"REST"}],"circlet_count":0,"master_deck":["Strike_B","Strike_B+1","Strike_B","Strike_B","Defend_B","Defend_B","Defend_B","Defend_B","Zap","Dualcast+1","Loop","Good Instincts","Time Bomb","Creative AI+1","Pain","Cold Snap","Storm","Go for the Eyes","Conserve Battery","Amplify","Consume"],"relics":["Cracked Core","NeowsBlessing","infinitespire:Lychee Nut","WarpedTongs","Mango","Omamori","hubris:TerracottaHorce","Ring of Misfortune","ReplayTheSpireMod:Ring of Addiction","SacredBark","Chameleon Ring"],"acts_visited":["Exordium","TheCity"],"potions_floor_usage":[13,13,16,16],"damage_taken":[{"damage":0,"enemies":"2 Louse","floor":1,"turns":1},{"damage":0,"enemies":"Cultist","floor":4,"turns":1},{"damage":0,"enemies":"Replay:BlueRogue","floor":6,"turns":1},{"damage":9,"enemies":"Small Slimes","floor":10,"turns":3},{"damage":14,"enemies":"Exordium Thugs","floor":11,"turns":6},{"damage":16,"enemies":"Looter","floor":12,"turns":3},{"damage":17,"enemies":"3 Sentries","floor":13,"turns":5},{"damage":37,"enemies":"The Guardian","floor":16,"turns":12},{"damage":56,"enemies":"Shell Parasite","floor":18,"turns":6},{"damage":15,"enemies":"Spheric Guardian","floor":20,"turns":5}],"seed_played":"1215167405485631019","potions_obtained":[{"floor":1,"key":"BlessingOfTheForge"},{"floor":3,"key":"SneckoOil"},{"floor":3,"key":"Venom Potion"},{"floor":13,"key":"AttackPotion"},{"floor":18,"key":"EssenceOfSteel"},{"floor":19,"key":"LiquidMemories"},{"floor":19,"key":"FocusPotion"}],"is_trial":false,"path_per_floor":["M","$","?","M","?","E","?","R","T","M","M","M","E","?","R","B",null,"M","?","M"],"character_chosen":"DEFECT","items_purchased":["Good Instincts"],"campfire_rested":1,"item_purchase_floors":[2],"current_hp_per_floor":[75,75,75,75,75,56,56,56,70,66,58,47,36,22,43,12,56,6,6,0,0],"gold":269,"neow_bonus":"THREE_ENEMY_KILL","is_daily":false,"chose_seed":false,"campfire_upgraded":1,"win_rate":0.0,"timestamp":1610749477,"path_taken":["M","$","?","?","?","E","?","R","T","M","M","?","E","?","R","BOSS","M","?","M"],"items_purchased_type":["Card"],"build_version":"2020-12-22","purchased_purges":0,"victory":false,"max_hp_per_floor":[75,75,75,75,75,56,56,56,70,70,70,70,70,70,70,70,70,70,70,70,70],"card_choices":[{"not_picked":["Rebound","Cold Snap"],"picked":"Loop","floor":1},{"not_picked":["Coolheaded","BasicCrystalCard"],"picked":"Time Bomb","floor":4},{"not_picked":["Blizzard","Coolheaded"],"picked":"Creative AI","floor":6},{"not_picked":["Darkness","Fusion"],"picked":"Cold Snap","floor":10},{"not_picked":["ReplayTheSpireMod:Repulse","Undo"],"picked":"Storm","floor":11},{"not_picked":["Panic Button","ReplaySort"],"picked":"Go for the Eyes","floor":12},{"not_picked":["Compile Driver","Go for the Eyes"],"picked":"Conserve Battery","floor":13},{"not_picked":["Meteor Strike","hubris:DoWhile"],"picked":"Amplify","floor":16},{"not_picked":["Cold Snap+1","Capacitor"],"picked":"Consume","floor":18}],"player_experience":71657,"relics_obtained":[{"floor":6,"key":"infinitespire:Lychee Nut"},{"floor":9,"key":"Mango"},{"floor":13,"key":"Omamori"},{"floor":19,"key":"Ring of Misfortune"},{"floor":19,"key":"ReplayTheSpireMod:Ring of Addiction"},{"floor":19,"key":"SacredBark"},{"floor":19,"key":"Chameleon Ring"}],"event_choices":[{"damage_healed":0,"gold_gain":0,"player_choice":"Got Potions","damage_taken":0,"max_hp_gain":0,"max_hp_loss":0,"event_name":"Lab","floor":3,"gold_loss":0},{"damage_healed":0,"gold_gain":0,"player_choice":"Leave","damage_taken":0,"max_hp_gain":0,"max_hp_loss":0,"event_name":"The Cleric","floor":5,"gold_loss":0},{"damage_healed":0,"gold_gain":0,"player_choice":"Rummage","damage_taken":0,"relics_obtained":["WarpedTongs"],"max_hp_gain":0,"max_hp_loss":0,"event_name":"Accursed Blacksmith","floor":7,"gold_loss":0,"cards_obtained":["Pain"]},{"damage_healed":0,"gold_gain":0,"player_choice":"Entered Light","damage_taken":14,"max_hp_gain":0,"max_hp_loss":0,"event_name":"Shining Light","floor":14,"gold_loss":0,"cards_upgraded":["Dualcast","Strike_B"]}],"is_beta":false,"boss_relics":[{"not_picked":["Coffee Dripper","Ectoplasm"],"picked":"hubris:TerracottaHorce"}],"items_purged_floors":[],"is_endless":false,"potions_floor_spawned":[1,11,13,18],"killed_by":"Spheric Guardian","ascension_level":0}}