{"host":"04hh9gplt9wkfmr1","time":1610729919,"event":{"mods":["AchievementEnabler","BaseMod","Colored Map","KOR Keyword Fix","Minty Spire (QoL Compilation)","Rare Cards Sparkle","SuperFastMode"],"gold_per_floor":[369,369,109,124,299,334,334,334,334,334,377,377,402,416,416,535,535,558,833,754,768,768,768,768,768],"floor_reached":24,"language":"KOR","playtime":597,"items_purged":["Strike_B"],"score":257,"play_id":"57977fec-2cf8-4921-bbe5-4f8bf95f34bd","local_time":"20210116015839","is_ascension_mode":true,"campfire_choices":[{"floor":7.0,"key":"REST"},{"floor":12.0,"key":"REST"},{"floor":15.0,"key":"REST"},{"floor":23,"key":"REST"}],"circlet_count":0,"master_deck":["Strike_B","Strike_B","Strike_B","Defend_B","Defend_B","Defend_B","Defend_B","Zap","Dualcast","Leap","Static Discharge","White Noise","Capacitor","Cold Snap","Conserve Battery","Fission","Genetic Algorithm+1","Storm+1","Hologram","Heatsinks+1"],"relics":["Cracked Core","Golden Idol","ClockworkSouvenir","Omamori","Centennial Puzzle","Bag of Preparation","Frozen Egg 2","Inserter"],"acts_visited":["Exordium","TheCity"],"potions_floor_usage":[18,24],"damage_taken":[{"damage":1.0,"enemies":"Cultist","floor":1.0,"turns":3.0},{"damage":0.0,"enemies":"Small Slimes","floor":4.0,"turns":3.0},{"damage":31.0,"enemies":"3 Sentries","floor":6.0,"turns":7.0},{"damage":16.0,"enemies":"Gremlin Nob","floor":11.0,"turns":5.0},{"damage":3.0,"enemies":"2 Louse","floor":13.0,"turns":3.0},{"damage":3.0,"enemies":"Blue Slaver","floor":14.0,"turns":5.0},{"damage":26.0,"enemies":"The Guardian","floor":16.0,"turns":13.0},{"damage":44,"enemies":"2 Thieves","floor":18,"turns":3},{"damage":16,"enemies":"Shell Parasite","floor":21,"turns":7},{"damage":41,"enemies":"Book of Stabbing","floor":24,"turns":3}],"seed_played":"-2515068066990579849","potions_obtained":[{"floor":4.0,"key":"Strength Potion"},{"floor":6.0,"key":"PowerPotion"},{"floor":11.0,"key":"Energy Potion"},{"floor":13.0,"key":"Dexterity Potion"},{"floor":16.0,"key":"Energy Potion"},{"floor":21,"key":"EssenceOfDarkness"}],"is_trial":false,"path_per_floor":["M","?","$","M","?","E","R","?","T","T","E","R","M","M","R","B",null,"M","?","$","M","?","R","E"],"character_chosen":"DEFECT","items_purchased":["ClockworkSouvenir","Static Discharge","Storm+1"],"campfire_rested":4,"item_purchase_floors":[3,3,20],"current_hp_per_floor":[53,35,35,35,35,4,26,19,19,19,3,25,22,19,41,15,75,31,31,31,15,15,37,0,0],"gold":768,"neow_bonus":"TWO_FIFTY_GOLD","is_daily":false,"chose_seed":false,"campfire_upgraded":0,"win_rate":0.0,"timestamp":1610729919,"path_taken":["M","?","$","M","?","E","R","?","T","?","E","R","M","M","R","BOSS","M","?","?","M","?","R","E"],"items_purchased_type":["Relic","Card","Card"],"build_version":"2020-12-22","purchased_purges":1,"victory":false,"max_hp_per_floor":[75,75,75,75,75,75,75,75,75,75,75,75,75,75,75,75,75,75,75,75,75,75,75,75,75],"card_choices":[{"not_picked":["Rebound","Beam Cell"],"picked":"Leap","floor":1.0},{"not_picked":["Doom and Gloom","Rebound"],"picked":"White Noise","floor":4.0},{"not_picked":["Ball Lightning","Sunder"],"picked":"Capacitor","floor":6.0},{"not_picked":["Sweeping Beam","Recycle","Reprogram"],"picked":"SKIP","floor":11.0},{"not_picked":["Undo","Redo"],"picked":"Cold Snap","floor":13.0},{"not_picked":["Hyperbeam","Turbo"],"picked":"Conserve Battery","floor":14.0},{"not_picked":["Reboot","Multi-Cast"],"picked":"Fission","floor":16.0},{"not_picked":["Scrape","Beam Cell"],"picked":"Genetic Algorithm+1","floor":18},{"not_picked":["Gash","Sweeping Beam"],"picked":"Hologram","floor":21}],"player_experience":32731,"relics_obtained":[{"floor":6.0,"key":"Omamori"},{"floor":9.0,"key":"Centennial Puzzle"},{"floor":10.0,"key":"Bag of Preparation"},{"floor":11.0,"key":"Frozen Egg 2"}],"event_choices":[{"damage_healed":0.0,"max_hp_gain":0.0,"max_hp_loss":0.0,"gold_gain":0.0,"event_name":"Golden Idol","player_choice":"Take Damage","floor":2.0,"gold_loss":0.0,"damage_taken":18.0,"relics_obtained":["Golden Idol"]},{"damage_healed":0.0,"max_hp_gain":0.0,"max_hp_loss":0.0,"gold_gain":175.0,"event_name":"Liars Game","player_choice":"AGREE","floor":5.0,"gold_loss":0.0,"damage_taken":0.0,"cards_obtained":["Doubt"]},{"cards_removed":["Doubt"],"damage_healed":0.0,"max_hp_gain":0.0,"max_hp_loss":0.0,"gold_gain":0.0,"event_name":"Golden Wing","player_choice":"Card Removal","floor":8.0,"gold_loss":0.0,"damage_taken":7.0},{"damage_healed":0,"gold_gain":275,"player_choice":"Desecrate","damage_taken":0,"max_hp_gain":0,"max_hp_loss":0,"event_name":"Golden Shrine","floor":19,"gold_loss":0,"cards_obtained":["Regret"]},{"damage_healed":0,"gold_gain":0,"player_choice":"Read","damage_taken":0,"max_hp_gain":0,"max_hp_loss":0,"event_name":"The Library","floor":22,"gold_loss":0,"cards_obtained":["Heatsinks"]}],"is_beta":false,"boss_relics":[{"not_picked":["FrozenCore","Coffee Dripper"],"picked":"Inserter"}],"items_purged_floors":[3],"is_endless":false,"potions_floor_spawned":[4,6,11,13,16,21],"killed_by":"Book of Stabbing","ascension_level":3}}