{"host":"etcb6tchevl37gae","time":1610718772,"event":{"mods":["BaseMod","Hubris","Minty Spire (QoL Compilation)","Permanent Neow","Remove Card Discount Mod","StSLib","The Necromancer"],"gold_per_floor":[118,134,149,91,91,126,126,137,137,157,177,202,202,215,215,311,311,323,323,103,122,122,151,151,151],"floor_reached":24,"language":"ENG","playtime":2112,"items_purged":["Strike_W","Defend_W","Defend_W","Defend_W","Strike_W","Defend_W","Strike_W","Strike_W"],"score":228,"play_id":"b7ad827f-e0e1-4742-90e4-4764ed877209","local_time":"20210115215252","is_ascension_mode":false,"campfire_choices":[{"floor":15.0,"key":"REST"}],"circlet_count":0,"master_deck":["Negative_Energy_Arrows+1","Bone_Wall","Bone_Armor","Thousand_Bone_Knives","Plague_Bolt+1","Bone_Shift+1","Bone_Armory","Bone_Spikes","Whirlwind_of_Bones","Summon_Undead_Army+1","Necrotic_Claws","Summon_Death_Knight","Blood_Is_Power","Life_Tap","Necrotic_Claws"],"relics":["Vampire_Amulet","hubris:TenFootPole","hubris:Metronome","Shuriken","hubris:CrystalStatue","Runic Pyramid","Nilry\u0027s Codex","Juzu Bracelet","Bottled Lightning"],"acts_visited":["Exordium","TheCity"],"potions_floor_usage":[],"damage_taken":[{"damage":1.0,"enemies":"Jaw Worm","floor":1.0,"turns":4.0},{"damage":3.0,"enemies":"Small Slimes","floor":2.0,"turns":3.0},{"damage":0.0,"enemies":"Cultist","floor":3.0,"turns":4.0},{"damage":47.0,"enemies":"3 Sentries","floor":6.0,"turns":12.0},{"damage":5.0,"enemies":"Large Slime","floor":8.0,"turns":5.0},{"damage":16.0,"enemies":"3 Louse","floor":10.0,"turns":3.0},{"damage":4.0,"enemies":"Exordium Wildlife","floor":11.0,"turns":3.0},{"damage":24.0,"enemies":"Gremlin Nob","floor":12.0,"turns":4.0},{"damage":4.0,"enemies":"2 Fungi Beasts","floor":14.0,"turns":2.0},{"damage":26.0,"enemies":"The Guardian","floor":16.0,"turns":7.0},{"damage":34,"enemies":"2 Thieves","floor":18,"turns":4},{"damage":4,"enemies":"3 Byrds","floor":21,"turns":4},{"damage":35,"enemies":"Book of Stabbing","floor":23,"turns":5},{"damage":11,"enemies":"Snecko","floor":24,"turns":2}],"seed_played":"-3125135740296799095","potions_obtained":[{"floor":6.0,"key":"Regen Potion"},{"floor":10.0,"key":"Fire Potion"},{"floor":11.0,"key":"SpeedPotion"},{"floor":16.0,"key":"Dexterity Potion"}],"is_trial":false,"path_per_floor":["M","M","M","$","?","E","?","M","T","M","M","E","?","M","R","B",null,"M","?","$","M","?","E","M"],"character_chosen":"NECROMANCER","items_purchased":["Bone_Shift","Blood_Is_Power","Juzu Bracelet"],"campfire_rested":1,"item_purchase_floors":[4,20,20],"current_hp_per_floor":[75,74,75,75,68,27,27,38,38,28,28,6,6,6,28,4,75,45,38,38,40,40,7,0,0],"gold":151,"neow_bonus":"RANDOM_COMMON_RELIC","is_daily":false,"chose_seed":false,"campfire_upgraded":0,"win_rate":0.0,"timestamp":1610718772,"path_taken":["M","M","M","$","?","E","?","M","T","M","?","E","?","M","R","BOSS","M","?","$","M","?","E","M"],"items_purchased_type":["Card","Card","Relic"],"build_version":"2020-12-22","purchased_purges":8,"victory":false,"max_hp_per_floor":[75,75,75,75,75,75,75,75,75,75,75,75,75,75,75,75,75,75,75,75,75,75,75,75,75],"card_choices":[{"not_picked":["Finger_Of_Death","Scare"],"picked":"Bone_Armor","floor":1.0},{"not_picked":["Negative_Energy_Sphere","Scare"],"picked":"Thousand_Bone_Knives","floor":2.0},{"not_picked":["Whirlwind_of_Bones","Negative_Energy_Mist"],"picked":"Plague_Bolt","floor":3.0},{"not_picked":["Blood_for_Blood","Death_Coil"],"picked":"Bone_Armory","floor":6.0},{"not_picked":["Shackles_Of_Pain","Blood_Curse"],"picked":"Bone_Spikes","floor":8.0},{"not_picked":["Spectral_Armor","Exploit","Negative_Energy_Mist"],"picked":"SKIP","floor":10.0},{"not_picked":["Pandemic","Shade_Step"],"picked":"Whirlwind_of_Bones","floor":11.0},{"not_picked":["Vampiric_Strike","Bone_Prison"],"picked":"Summon_Undead_Army","floor":12.0},{"not_picked":["Blood_for_Blood","Negative_Energy_Mist"],"picked":"Necrotic_Claws","floor":14.0},{"not_picked":["Negative_Energy_Bomb","Blood_Magic"],"picked":"Summon_Death_Knight","floor":16.0},{"not_picked":["Scare","Negative_Energy_Javelin","Uncharnel+1"],"picked":"SKIP","floor":18},{"not_picked":["Uncharnel","Toxic_Smoke_Screen"],"picked":"Life_Tap","floor":21},{"not_picked":["Thousand_Bone_Knives","Death_March_Dance"],"picked":"Necrotic_Claws","floor":23}],"player_experience":100199,"relics_obtained":[{"floor":6.0,"key":"hubris:Metronome"},{"floor":9.0,"key":"Shuriken"},{"floor":12.0,"key":"hubris:CrystalStatue"},{"floor":19,"key":"Nilry\u0027s Codex"},{"floor":23,"key":"Bottled Lightning"}],"event_choices":[{"damage_healed":0.0,"max_hp_gain":0.0,"max_hp_loss":0.0,"gold_gain":0.0,"event_name":"Shining Light","player_choice":"Entered Light","floor":5.0,"gold_loss":0.0,"damage_taken":15.0,"cards_upgraded":["Negative_Energy_Arrows","Plague_Bolt"]},{"damage_healed":0.0,"max_hp_gain":0.0,"max_hp_loss":0.0,"gold_gain":0.0,"event_name":"Accursed Blacksmith","player_choice":"Forge","floor":7.0,"gold_loss":0.0,"damage_taken":0.0,"cards_upgraded":["Bone_Shift"]},{"damage_healed":0.0,"max_hp_gain":0.0,"max_hp_loss":0.0,"gold_gain":0.0,"event_name":"Living Wall","player_choice":"Grow","floor":13.0,"gold_loss":0.0,"damage_taken":0.0,"cards_upgraded":["Summon_Undead_Army"]},{"damage_healed":0,"gold_gain":0,"player_choice":"Obtained Book","damage_taken":16,"max_hp_gain":0,"max_hp_loss":0,"event_name":"Cursed Tome","floor":19,"gold_loss":0},{"damage_healed":0,"gold_gain":0,"player_choice":"Ignored","damage_taken":0,"max_hp_gain":0,"max_hp_loss":0,"event_name":"Ghosts","floor":22,"gold_loss":0}],"is_beta":false,"boss_relics":[{"not_picked":["Velvet Choker","Snecko Eye"],"picked":"Runic Pyramid"}],"items_purged_floors":[4,4,4,4,4,4,20,20],"is_endless":false,"potions_floor_spawned":[6,10,11,16],"killed_by":"Snecko","ascension_level":0}}