{"host":"v54ek091sdz7ha6h","time":1610741519,"event":{"mods":["BaseMod","Better Vampires","Colored Map","Colored Powertips","Custom Start","DeckTracker","Highlight Path","KOR Keyword Fix","Minty Spire (QoL Compilation)","Rare Cards Sparkle","Relic Stats","StSLib","SuperFastMode","everything is the same but u backflip on backflip","slay the spire mod where everything is the same but ironclad has a cowboy hat"],"gold_per_floor":[112,122,122,139,64,64,96,96,96,106,6,24,24,36,36,36,36],"floor_reached":16,"language":"KOR","playtime":335,"items_purged":["Defend_R","Strike_R"],"score":204,"play_id":"01d83c01-6bd0-4005-a8dc-98ff6bddb125","local_time":"20210116051159","is_ascension_mode":true,"campfire_choices":[{"data":"Double Tap","floor":6,"key":"SMITH"},{"data":"Body Slam","floor":8,"key":"SMITH"},{"data":"True Grit","floor":13,"key":"SMITH"},{"data":"Iron Wave","floor":15,"key":"SMITH"}],"circlet_count":0,"master_deck":["AscendersBane","Strike_R","Strike_R","Strike_R","Defend_R","Defend_R","Defend_R","Bash","Double Tap+1","Iron Wave+1","Feel No Pain","Body Slam+1","True Grit+1"],"relics":["Burning Blood","StoneCalendar"],"acts_visited":["Exordium"],"potions_floor_usage":[7,10,16],"damage_taken":[{"damage":7,"enemies":"Small Slimes","floor":1,"turns":3},{"damage":4,"enemies":"2 Louse","floor":2,"turns":2},{"damage":7,"enemies":"Cultist","floor":4,"turns":4},{"damage":21,"enemies":"3 Sentries","floor":7,"turns":13},{"damage":12,"enemies":"Lots of Slimes","floor":10,"turns":3},{"damage":7,"enemies":"2 Fungi Beasts","floor":12,"turns":4},{"damage":25,"enemies":"Large Slime","floor":14,"turns":6},{"damage":29,"enemies":"The Guardian","floor":16,"turns":9}],"seed_played":"-8504811072418638338","potions_obtained":[{"floor":4,"key":"SpeedPotion"},{"floor":7,"key":"Explosive Potion"},{"floor":12,"key":"Energy Potion"}],"is_trial":false,"path_per_floor":["M","M","?","M","$","R","E","R","T","M","$","M","R","M","R","B"],"character_chosen":"IRONCLAD","items_purchased":[],"campfire_rested":0,"item_purchase_floors":[],"current_hp_per_floor":[67,69,69,68,68,68,53,53,53,47,47,46,46,27,27,0,0],"gold":36,"neow_bonus":"ONE_RANDOM_RARE_CARD","is_daily":false,"chose_seed":false,"campfire_upgraded":4,"win_rate":0.0,"timestamp":1610741519,"path_taken":["M","M","?","M","$","R","E","R","T","M","$","M","R","M","R","BOSS"],"items_purchased_type":[],"build_version":"2020-12-22","purchased_purges":2,"victory":false,"max_hp_per_floor":[75,75,75,75,75,75,75,75,75,75,75,75,75,75,75,75,75],"relic_stats":{"counters":[8,44],"StoneCalendar":[52],"obtain_stats":[{"StoneCalendar":7,"Burning Blood":0},{"StoneCalendar":4,"Burning Blood":0},{"StoneCalendar":22,"Burning Blood":0}],"Burning Blood":42},"card_choices":[{"not_picked":["Dual Wield","Shrug It Off"],"picked":"Iron Wave","floor":1},{"not_picked":["Anger","Armaments","Dropkick"],"picked":"SKIP","floor":2},{"not_picked":["Sword Boomerang","Havoc"],"picked":"Feel No Pain","floor":4},{"not_picked":["Ghostly Armor","Anger"],"picked":"Body Slam","floor":7},{"not_picked":["Perfected Strike","Carnage","Havoc"],"picked":"SKIP","floor":10},{"not_picked":["Headbutt","Twin Strike"],"picked":"True Grit","floor":12},{"not_picked":["Double Tap","Fire Breathing","Rampage"],"picked":"SKIP","floor":14}],"player_experience":1445230,"relics_obtained":[{"floor":7,"key":"StoneCalendar"}],"event_choices":[{"cards_removed":["Strike_R"],"damage_healed":0,"gold_gain":0,"player_choice":"Forget","damage_taken":0,"max_hp_gain":0,"max_hp_loss":0,"event_name":"Living Wall","floor":3,"gold_loss":0}],"is_beta":false,"boss_relics":[],"items_purged_floors":[5,11],"is_endless":false,"potions_floor_spawned":[4,7,12],"killed_by":"The Guardian","ascension_level":20}}