{"host":"z6c1sol8rulx2ubz","time":1610703366,"event":{"mods":["AchievementEnabler","Act Like it!","BaseMod","Better Note","Better Third Choice","Downfall","Elementarium","Gold Saver","Hallownest","Hubris","Infinite Spire","Minty Spire (QoL Compilation)","Potionbrewer","Quick Restart","Rare Cards Sparkle","StSLib","The Bug Knight","Wandering Minibosses"],"gold_per_floor":[990,1007,932,857,877,802,802,151,151,151,151,168,93,111,131,233,233,233,252,271,287,297,331,358,383,308,322,337,347,347,347,363,459,459,459,474,474,498,511,511,511,564,564,584,598,413,413,442,459,459],"floor_reached":51,"language":"ENG","playtime":3933,"items_purged":["Writhe"],"score":686,"play_id":"dd5c7f16-4495-4451-9b1f-17505d6e7bed","local_time":"20210115093606","is_ascension_mode":false,"campfire_choices":[{"floor":1,"key":"RECALL"},{"data":"Guardian:CurlUp","floor":6,"key":"SMITH"},{"data":"Guardian:BaubleBeam","floor":13,"key":"SMITH"},{"data":"Guardian:PrismaticBeam","floor":18,"key":"SMITH"},{"data":"Guardian:BaubleBeam","floor":26,"key":"SMITH"},{"floor":30,"key":"REST"},{"data":"Guardian:PrismaticBarrier","floor":35,"key":"SMITH"},{"data":"Guardian:Suspension","floor":40,"key":"SMITH"},{"data":"Guardian:TwinSlam","floor":43,"key":"SMITH"}],"circlet_count":0,"master_deck":["Guardian:Strike_Guardian","Guardian:Strike_Guardian","Guardian:Defend_Guardian","Guardian:Defend_Guardian","Guardian:Defend_Guardian","Guardian:CurlUp+1","Guardian:TwinSlam+1","Hallownest:skillGreenpathMap","Guardian:PrismaticBeam+1","Guardian:BaubleBeam+1","Guardian:Suspension+1","Guardian:Reroute","Guardian:BaubleBeam+1","Guardian:CrystalBeam","Guardian:CrystalBeam","Guardian:PrismaticBarrier+1","Guardian:PiercingHide","Guardian:ShieldCharger","Guardian:ExploitGems","Guardian:BronzeArmor+1","Guardian:ShieldCharger","Guardian:ShieldCharger","Guardian:Gem_Fragmented","Guardian:Gem_Cyan","Guardian:Gem_Green","Guardian:Gem_Synthetic","Guardian:CompilePackage"],"relics":["Guardian:ModeShifter","Hallownest:BankAccountRelic","downfall:HeartBlessingRed","Guardian:BottledStasis","hubris:PeanutButter","Hallownest:DreamNailRelic","downfall:HeartBlessingBlue","Sozu","Tiny Chest","Happy Flower","potionbrewer:MortarAndPestle","downfall:HeartBlessingGreen","infinitespire:Satchel","Philosopher\u0027s Stone","PreservedInsect","Letter Opener","Bird Faced Urn","infinitespire:Eraser"],"acts_visited":["Hallownest:Greenpath","TheCity","TheBeyond"],"potions_floor_usage":[16,25],"damage_taken":[{"damage":0,"enemies":"Hallownest:2_MossCreeps","floor":2,"turns":5},{"damage":0,"enemies":"2_ Uuma","floor":5,"turns":7},{"damage":0,"enemies":"downfall:FleeingMerchant","floor":8,"turns":4},{"damage":6,"enemies":"Hallownest:monsterMarmu","floor":9,"turns":10},{"damage":0,"enemies":"downfall:FleeingMerchant","floor":10,"turns":4},{"damage":0,"enemies":"Hallownest:monsterHuskGuard","floor":12,"turns":7},{"damage":0,"enemies":"Hallownest:1_Ooma_and_2_Uuma","floor":14,"turns":5},{"damage":0,"enemies":"Hallownest:Guard_and_Warrior","floor":15,"turns":4},{"damage":31,"enemies":"downfall:Ironclad","floor":16,"turns":10},{"damage":0,"enemies":"Spheric Guardian","floor":19,"turns":4},{"damage":2,"enemies":"Centurion and Healer","floor":20,"turns":7},{"damage":19,"enemies":"Cultist and Chosen","floor":21,"turns":8},{"damage":8,"enemies":"3 Cultists","floor":22,"turns":5},{"damage":13,"enemies":"HollowMod:Nosk","floor":23,"turns":9},{"damage":30,"enemies":"Slavers","floor":25,"turns":7},{"damage":3,"enemies":"Shelled Parasite and Fungi","floor":27,"turns":5},{"damage":0,"enemies":"Snecko","floor":28,"turns":3},{"damage":4,"enemies":"Sentry and Sphere","floor":29,"turns":5},{"damage":0,"enemies":"3 Cultists","floor":32,"turns":5},{"damage":16,"enemies":"downfall:Silent","floor":33,"turns":9},{"damage":13,"enemies":"3 Shapes","floor":36,"turns":4},{"damage":7,"enemies":"3 Darklings","floor":39,"turns":4},{"damage":15,"enemies":"2 Orb Walkers","floor":42,"turns":5},{"damage":0,"enemies":"Maw","floor":44,"turns":7},{"damage":2,"enemies":"Spire Growth","floor":45,"turns":4},{"damage":0,"enemies":"downfall:FleeingMerchant","floor":46,"turns":4},{"damage":13,"enemies":"Reptomancer","floor":48,"turns":4},{"damage":7,"enemies":"3 Darklings","floor":49,"turns":3},{"damage":2,"enemies":"downfall:Defect","floor":50,"turns":8}],"seed_played":"-2047297617580540328","potions_obtained":[{"floor":12,"key":"Dexterity Potion"},{"floor":14,"key":"SpeedPotion"}],"is_trial":false,"path_per_floor":["R","M","?","?","M","R","T","$","?","$","?","M","R","M","M","B",null,"R","M","M","M","M","E","T","E","R","M","M","M","R","?","M","B",null,"R","M","?","T","M","R","T","?","R","M","M","$","?","E","M","B",null],"character_chosen":"GUARDIAN","items_purchased":["Guardian:BottledStasis","Guardian:Gem_Green","Guardian:Gem_Purple","hubris:PeanutButter","Guardian:BaubleBeam","Guardian:Gem_Lightblue","Guardian:Gem_Synthetic"],"campfire_rested":1,"item_purchase_floors":[8,8,8,8,8,10,46],"current_hp_per_floor":[88,88,88,88,88,88,88,88,82,82,82,82,92,92,92,61,98,98,98,96,77,69,56,56,26,26,23,23,19,48,48,48,32,98,98,85,85,85,78,78,78,63,63,63,61,61,61,48,41,41],"gold":459,"neow_bonus":"TEN_PERCENT_HP_BONUS","is_daily":false,"chose_seed":false,"campfire_upgraded":7,"win_rate":0.0,"timestamp":1610703366,"path_taken":["R","M","?","?","M","R","T","$","?","$","?","M","R","?","M","BOSS","R","M","M","M","M","E","T","E","R","M","M","?","R","?","M","BOSS","R","M","?","?","M","R","T","?","R","M","M","$","?","E","M","BOSS"],"items_purchased_type":["Relic","Card","Card","Relic","Card","Card","Card"],"build_version":"2020-12-22","purchased_purges":1,"victory":true,"max_hp_per_floor":[88,88,88,88,88,88,88,88,88,88,88,88,98,98,98,98,98,98,98,98,98,98,98,98,98,98,98,98,98,98,98,98,98,98,98,98,98,98,98,98,98,98,98,98,98,98,98,98,98,98],"card_choices":[{"not_picked":["Guardian:PrimingBeam","Guardian:MultiBeam"],"picked":"Guardian:Gem_Lightblue","floor":2},{"not_picked":["Guardian:Gem_Lightblue","Guardian:Incinerate","Guardian:GuardianWhirl"],"picked":"SKIP","floor":5},{"not_picked":["Guardian:ShieldCharger","Guardian:VentSteam"],"picked":"Guardian:PrismaticBeam","floor":8},{"not_picked":["Guardian:ShieldCharger","Guardian:Recover"],"picked":"Guardian:Suspension","floor":10},{"not_picked":["Guardian:TimeCapacitor","Guardian:FloatingOrbs","Guardian:FierceBash"],"picked":"SKIP","floor":12},{"not_picked":["Guardian:Planning","Guardian:ChargeCore"],"picked":"Guardian:Reroute","floor":14},{"not_picked":["Guardian:Incinerate","Guardian:Planning"],"picked":"Guardian:Gem_Yellow","floor":15},{"not_picked":["Guardian:HyperBeam_Guardian","Guardian:StasisField"],"picked":"Guardian:BaubleBeam","floor":16},{"not_picked":["Guardian:Gem_Blue","Guardian:Recover"],"picked":"Guardian:CrystalBeam","floor":19},{"not_picked":["Guardian:PiercingHide","Guardian:Recover"],"picked":"Guardian:Gem_Purple","floor":20},{"not_picked":["Guardian:Gem_Lightblue","Guardian:Gem_Fragmented"],"picked":"Guardian:Gem_White","floor":21},{"not_picked":["Guardian:Incinerate","Guardian:Gem_Yellow"],"picked":"Guardian:CrystalBeam","floor":22},{"not_picked":["Guardian:HyperBeam_Guardian","Guardian:CrystalBeam"],"picked":"Guardian:PrismaticBarrier","floor":23},{"not_picked":["Guardian:Planning","Guardian:DonusPower","Guardian:RollAttack"],"picked":"SKIP","floor":25},{"not_picked":["Guardian:TemporalShield","Guardian:CrystalBeam+1"],"picked":"Guardian:PiercingHide","floor":27},{"not_picked":["Guardian:HyperBeam_Guardian","Guardian:ChargeCore"],"picked":"Guardian:Gem_Cyan","floor":28},{"not_picked":["Guardian:RefractedBeam+1","Guardian:WalkerClaw"],"picked":"Guardian:ShieldCharger","floor":29},{"not_picked":["Guardian:Planning","Guardian:PiercingHide"],"picked":"Guardian:Gem_Lightblue","floor":32},{"not_picked":["Guardian:HyperBeam_Guardian","Guardian:GemFinder"],"picked":"Guardian:ExploitGems","floor":33},{"not_picked":["Guardian:WalkerClaw","Guardian:ShieldCharger"],"picked":"Guardian:BronzeArmor+1","floor":36},{"not_picked":["Guardian:RollAttack+1","Guardian:Recover"],"picked":"Guardian:ShieldCharger","floor":39},{"not_picked":["Guardian:Incinerate+1","Guardian:Planning"],"picked":"Guardian:ShieldCharger","floor":42},{"not_picked":["Guardian:PrimingBeam","Guardian:Gem_White"],"picked":"Guardian:Gem_Fragmented","floor":44},{"not_picked":["Guardian:ChargeCore","Guardian:TemporalShield+1"],"picked":"Guardian:Gem_Cyan","floor":45},{"not_picked":["Guardian:RollAttack+1","Guardian:Suspension"],"picked":"Guardian:Gem_Green","floor":46},{"not_picked":["Guardian:WalkerClaw","Guardian:SpikerProtocol"],"picked":"Guardian:CompilePackage","floor":48},{"not_picked":["Guardian:WalkerClaw","Guardian:ShieldCharger+1","Guardian:PolyBeam+1"],"picked":"SKIP","floor":49}],"player_experience":250184,"relics_obtained":[{"floor":23,"key":"Tiny Chest"},{"floor":24,"key":"Happy Flower"},{"floor":25,"key":"potionbrewer:MortarAndPestle"},{"floor":38,"key":"PreservedInsect"},{"floor":41,"key":"Letter Opener"},{"floor":42,"key":"Bird Faced Urn"},{"floor":48,"key":"infinitespire:Eraser"}],"event_choices":[{"damage_healed":0,"gold_gain":0,"player_choice":"Fight","damage_taken":0,"max_hp_gain":0,"max_hp_loss":0,"event_name":"Mysterious Sphere","floor":42,"gold_loss":0},{"cards_removed":["Guardian:Strike_Guardian"],"damage_healed":0,"gold_gain":0,"player_choice":"Removed Attack","damage_taken":0,"max_hp_gain":0,"max_hp_loss":0,"event_name":"Falling","floor":47,"gold_loss":0}],"is_beta":false,"boss_relics":[{"not_picked":["hubris:CrackedHourglass","SacredBark"],"picked":"Sozu"},{"not_picked":["Calling Bell","Coffee Dripper"],"picked":"Philosopher\u0027s Stone"}],"items_purged_floors":[46],"is_endless":false,"potions_floor_spawned":[9,12,14,20,21,22,28,29,33,39,42,49],"ascension_level":0}}