{"host":"20zfc6q1fr6uo3nm","time":1610673139,"event":{"mods":["BaseMod","Minty Spire (QoL Compilation)"],"gold_per_floor":[117,67,18,18,18,18,18,32,32,42,73,50,65,65,65,166,166,177,196,196,196,206,206,236,287,287,287,287,212,42,53,53,154,154,166,166,180,197,197,197,197,197,197,0,14,25,25,42,42,42],"floor_reached":51,"language":"ENG","playtime":3425,"items_purged":["Defend_P"],"score":763,"play_id":"19ef3fa7-9644-4480-bf8d-8b8e41bf3198","local_time":"20210114191219","is_ascension_mode":false,"campfire_choices":[{"data":"ForeignInfluence","floor":6,"key":"SMITH"},{"data":"Eruption","floor":15,"key":"SMITH"},{"floor":23,"key":"REST"},{"floor":28,"key":"REST"},{"floor":32,"key":"REST"},{"data":"ForeignInfluence","floor":40,"key":"SMITH"},{"data":"Vault","floor":42,"key":"SMITH"},{"floor":47,"key":"REST"},{"data":"Pray","floor":49,"key":"SMITH"}],"circlet_count":0,"master_deck":["Strike_P","Strike_P","Eruption+1","Vigilance","ForeignInfluence+1","FollowUp","WheelKick","FlurryOfBlows","EmptyFist","Prostrate","Prostrate","FollowUp","Devotion","FollowUp","ClearTheMind","InnerPeace","DeceiveReality","Pray+1","ForeignInfluence+1","Good Instincts","SandsOfTime","Vault+1","Fasting2","Pain","Consecrate","SignatureMove+1","Writhe","Parasite","Regret","Consecrate+1","WindmillStrike+1","FollowUp"],"relics":["HolyWater","NeowsBlessing","Darkstone Periapt","Meat on the Bone","Cursed Key","Unceasing Top","Omamori","Dead Branch","WarpedTongs","Mercury Hourglass","Damaru","Red Mask"],"acts_visited":["Exordium","TheCity","TheBeyond"],"potions_floor_usage":[16,16,19,24,24,38,50,50,50,50,50,50],"damage_taken":[{"damage":0,"enemies":"2 Louse","floor":1,"turns":1},{"damage":0,"enemies":"Jaw Worm","floor":8,"turns":1},{"damage":0,"enemies":"Small Slimes","floor":10,"turns":1},{"damage":3,"enemies":"Lagavulin","floor":11,"turns":3},{"damage":0,"enemies":"Blue Slaver","floor":13,"turns":3},{"damage":17,"enemies":"The Guardian","floor":16,"turns":7},{"damage":23,"enemies":"3 Byrds","floor":18,"turns":4},{"damage":12,"enemies":"2 Thieves","floor":19,"turns":3},{"damage":25,"enemies":"Snecko","floor":22,"turns":5},{"damage":40,"enemies":"Gremlin Leader","floor":24,"turns":7},{"damage":4,"enemies":"Chosen and Byrds","floor":31,"turns":5},{"damage":23,"enemies":"Champ","floor":33,"turns":8},{"damage":18,"enemies":"3 Darklings","floor":35,"turns":4},{"damage":12,"enemies":"3 Shapes","floor":37,"turns":2},{"damage":2,"enemies":"3 Darklings","floor":38,"turns":4},{"damage":6,"enemies":"Sphere and 2 Shapes","floor":45,"turns":3},{"damage":8,"enemies":"Jaw Worm Horde","floor":46,"turns":4},{"damage":7,"enemies":"Maw","floor":48,"turns":5},{"damage":44,"enemies":"Time Eater","floor":50,"turns":5}],"seed_played":"-6060281487613535567","potions_obtained":[{"floor":1,"key":"LiquidBronze"},{"floor":8,"key":"Energy Potion"},{"floor":11,"key":"Ancient Potion"},{"floor":18,"key":"EssenceOfSteel"},{"floor":22,"key":"BottledMiracle"},{"floor":33,"key":"Strength Potion"},{"floor":35,"key":"GamblersBrew"},{"floor":38,"key":"EntropicBrew"},{"floor":48,"key":"Swift Potion"}],"is_trial":false,"path_per_floor":["M","?","$","?","?","R","$","M","T","M","E","$","M","?","R","B",null,"M","M","?","?","M","R","E","T","T","?","R","?","$","M","R","B",null,"M","?","M","M","?","R","T","R","T","?","M","M","R","M","R","B",null],"character_chosen":"WATCHER","items_purchased":["FollowUp","Prostrate","Good Instincts"],"campfire_rested":4,"item_purchase_floors":[3,12,30],"current_hp_per_floor":[72,72,72,72,72,72,72,72,72,72,69,69,69,62,62,45,72,49,37,37,37,24,45,17,23,23,23,46,46,46,42,65,42,78,60,66,54,52,79,79,85,85,91,91,85,77,102,95,95,63],"gold":42,"neow_bonus":"THREE_ENEMY_KILL","is_daily":false,"chose_seed":false,"campfire_upgraded":5,"win_rate":0.0,"timestamp":1610673139,"path_taken":["M","?","$","?","?","R","$","M","T","M","E","?","M","?","R","BOSS","M","M","?","?","M","R","E","?","T","?","R","?","?","M","R","BOSS","M","?","?","M","?","R","?","R","T","?","M","M","R","M","R","BOSS"],"items_purchased_type":["Card","Card","Card"],"build_version":"2020-12-22","purchased_purges":1,"victory":true,"max_hp_per_floor":[72,72,72,72,72,72,72,72,72,72,72,72,72,72,72,72,72,72,72,72,72,72,72,72,78,78,78,78,78,78,78,78,78,78,78,84,84,84,90,90,96,96,102,102,102,102,102,102,102,102],"card_choices":[{"not_picked":["JustLucky","FlurryOfBlows"],"picked":"ForeignInfluence","floor":1},{"not_picked":["FlyingSleeves","JustLucky"],"picked":"FlurryOfBlows","floor":8},{"not_picked":["ThirdEye","Halt"],"picked":"EmptyFist","floor":10},{"not_picked":["Devotion","CrushJoints"],"picked":"Prostrate","floor":11},{"not_picked":["Weave","Study"],"picked":"FollowUp","floor":13},{"not_picked":["Ragnarok","Vault"],"picked":"Devotion","floor":16},{"not_picked":["PathToVictory","Prostrate"],"picked":"FollowUp","floor":18},{"not_picked":["CrushJoints","Prostrate"],"picked":"ClearTheMind","floor":19},{"not_picked":["Protect","SashWhip"],"picked":"DeceiveReality","floor":22},{"not_picked":["Tantrum+1","Prostrate"],"picked":"Pray","floor":24},{"not_picked":["CrushJoints","WheelKick"],"picked":"SandsOfTime","floor":31},{"not_picked":["ConjureBlade","Ragnarok"],"picked":"Vault","floor":33},{"not_picked":["EmptyFist+1","SandsOfTime+1"],"picked":"Fasting2","floor":35},{"not_picked":["BowlingBash+1","FlyingSleeves"],"picked":"Consecrate","floor":37},{"not_picked":["Blasphemy","Crescendo"],"picked":"SignatureMove+1","floor":38},{"not_picked":["PathToVictory+1","Crescendo"],"picked":"Consecrate+1","floor":45},{"not_picked":["PathToVictory","Fasting2+1"],"picked":"WindmillStrike+1","floor":46},{"not_picked":["Halt+1","Crescendo"],"picked":"FollowUp","floor":48}],"player_experience":188367,"relics_obtained":[{"floor":9,"key":"Darkstone Periapt"},{"floor":11,"key":"Meat on the Bone"},{"floor":24,"key":"Unceasing Top"},{"floor":25,"key":"Omamori"},{"floor":26,"key":"Dead Branch"},{"floor":41,"key":"Mercury Hourglass"},{"floor":43,"key":"Damaru"}],"event_choices":[{"cards_removed":["Defend_P"],"damage_healed":0,"gold_gain":0,"player_choice":"Card Removal","damage_taken":0,"max_hp_gain":0,"max_hp_loss":0,"event_name":"The Cleric","floor":2,"gold_loss":50},{"damage_healed":0,"gold_gain":0,"cards_transformed":["Strike_P"],"player_choice":"Change","damage_taken":0,"max_hp_gain":0,"max_hp_loss":0,"event_name":"Living Wall","floor":4,"gold_loss":0,"cards_obtained":["WheelKick"]},{"damage_healed":0,"gold_gain":0,"player_choice":"Ignored","damage_taken":0,"max_hp_gain":0,"max_hp_loss":0,"event_name":"Golden Idol","floor":5,"gold_loss":0},{"cards_removed":["Defend_P"],"damage_healed":0,"gold_gain":0,"player_choice":"Card Removal","damage_taken":7,"max_hp_gain":0,"max_hp_loss":0,"event_name":"Golden Wing","floor":14,"gold_loss":0},{"damage_healed":0,"gold_gain":0,"player_choice":"Ignored","damage_taken":0,"max_hp_gain":0,"max_hp_loss":0,"event_name":"Vampires","floor":20,"gold_loss":0},{"damage_healed":0,"gold_gain":0,"player_choice":"Read","damage_taken":0,"max_hp_gain":0,"max_hp_loss":0,"event_name":"The Library","floor":21,"gold_loss":0,"cards_obtained":["InnerPeace"]},{"damage_healed":0,"gold_gain":0,"cards_transformed":["Shame","Strike_P"],"player_choice":"Became Test Subject","damage_taken":0,"max_hp_gain":0,"max_hp_loss":0,"event_name":"Drug Dealer","floor":27,"gold_loss":0,"cards_obtained":["Regret","ForeignInfluence"]},{"cards_removed":["Defend_P"],"damage_healed":0,"gold_gain":0,"player_choice":"Gave Gold","damage_taken":0,"max_hp_gain":0,"max_hp_loss":0,"event_name":"Beggar","floor":29,"gold_loss":75},{"damage_healed":0,"gold_gain":0,"player_choice":"Rummage","damage_taken":0,"relics_obtained":["WarpedTongs"],"max_hp_gain":0,"max_hp_loss":0,"event_name":"Accursed Blacksmith","floor":36,"gold_loss":0,"cards_obtained":["Pain"]},{"damage_healed":21,"gold_gain":0,"player_choice":"Writhe","damage_taken":0,"max_hp_gain":0,"max_hp_loss":0,"event_name":"Winding Halls","floor":39,"gold_loss":0,"cards_obtained":["Writhe"]},{"damage_healed":0,"gold_gain":0,"player_choice":"Paid","damage_taken":0,"relics_obtained":["Red Mask"],"max_hp_gain":0,"max_hp_loss":0,"event_name":"Tomb of Lord Red Mask","floor":44,"gold_loss":197}],"is_beta":false,"boss_relics":[{"not_picked":["VioletLotus","Velvet Choker"],"picked":"Cursed Key"},{"not_picked":["Fusion Hammer","SlaversCollar"],"picked":"HolyWater"}],"items_purged_floors":[30],"is_endless":false,"potions_floor_spawned":[1,8,11,18,22,33,35,38,48],"ascension_level":0}}