{"host":"9kesdg97wkrx2bva","time":1610690605,"event":{"mods":["AchievementEnabler","BaseMod","Colored Map","Downfall","GifTheSpireLib","Infinite Spire","Minty Spire (QoL Compilation)","Replay The Spire","StSLib"],"gold_per_floor":[114,39,39,55,55,55,89,149,149,74,92,117,129,159,159,234,234,249,261,261,279,279,311,311,342,342,342,370,390,491,491,491],"floor_reached":31,"language":"ENG","playtime":1050,"items_purged":["Strike_B"],"score":650,"play_id":"2e3c0c06-d6f8-4ebe-b486-9b3e73248482","local_time":"20210115010325","is_ascension_mode":true,"campfire_choices":[{"floor":15,"key":"REST"},{"floor":24,"key":"REST"}],"circlet_count":0,"master_deck":["AscendersBane","Defend_B","Defend_B+1","Defend_B","Defend_B","Zap","Dualcast+1","Ball Lightning","Panic Button","FTL","Leap","Go for the Eyes","Cold Snap","FTL","Core Surge","Seek","Sweeping Beam","Rebound","Ball Lightning","All For One","Core Surge","ReplayTheSpireMod:Calculation Training+1","Chaos","Pain","ReplayTheSpireMod:Calculation Training","Gash"],"relics":["Cracked Core","NeowsBlessing","Dream Catcher","Chameleon Ring","infinitespire:WardingShard","Divine Protection","Gremlin Food","Black Star","Pen Nib","Vajra","Orichalcum","Prayer Wheel","Bottled Lightning","Empty Cage","Du-Vu Doll","infinitespire:Bottled Soul","Bottled Flame"],"acts_visited":["Exordium","TheCity"],"potions_floor_usage":[8,8,16,19,21,23,28,29],"damage_taken":[{"damage":0,"enemies":"Jaw Worm","floor":1,"turns":1},{"damage":0,"enemies":"Cultist","floor":4,"turns":1},{"damage":0,"enemies":"Gremlin Nob","floor":7,"turns":1},{"damage":23,"enemies":"3 Sentries","floor":8,"turns":7},{"damage":0,"enemies":"2 Louse","floor":11,"turns":2},{"damage":24,"enemies":"3 Sentries","floor":12,"turns":6},{"damage":0,"enemies":"Blue Slaver","floor":13,"turns":3},{"damage":0,"enemies":"Lagavulin","floor":14,"turns":5},{"damage":7,"enemies":"The Guardian","floor":16,"turns":10},{"damage":0,"enemies":"Chosen","floor":18,"turns":5},{"damage":10,"enemies":"2 Thieves","floor":19,"turns":5},{"damage":0,"enemies":"Cultist and Chosen","floor":21,"turns":6},{"damage":21,"enemies":"Gremlin Leader","floor":23,"turns":8},{"damage":20,"enemies":"Book of Stabbing","floor":25,"turns":4},{"damage":22,"enemies":"Slavers","floor":28,"turns":5},{"damage":0,"enemies":"Snake Plant","floor":29,"turns":3},{"damage":9,"enemies":"Centurion and Healer","floor":31,"turns":3}],"seed_played":"2742597448730144880","potions_obtained":[{"floor":1,"key":"LiquidBronze"},{"floor":3,"key":"Dexterity Potion"},{"floor":11,"key":"Ancient Potion"},{"floor":12,"key":"Block Potion"},{"floor":16,"key":"SneckoOil"},{"floor":19,"key":"PowerPotion"},{"floor":25,"key":"Block Potion"},{"floor":28,"key":"SkillPotion"},{"floor":29,"key":"SteroidPotion"}],"is_trial":false,"path_per_floor":["M","?","?","M","$","?","E","?","T","$","M","E","M","E","R","B",null,"M","M","?","M","?","E","R","E","T","AVR","E","M","?","M"],"character_chosen":"DEFECT","items_purchased":[],"campfire_rested":2,"item_purchase_floors":[],"current_hp_per_floor":[64,64,64,64,64,64,64,41,41,41,41,17,17,17,38,31,61,61,51,51,51,51,30,51,31,31,31,9,9,9,0,0],"gold":491,"neow_bonus":"THREE_ENEMY_KILL","is_daily":false,"chose_seed":false,"campfire_upgraded":0,"win_rate":0.0,"timestamp":1610690605,"path_taken":["M","?","?","?","$","?","E","?","T","?","M","E","?","E","R","BOSS","M","M","?","M","?","E","R","E","T","AVR","E","M","?","M"],"items_purchased_type":[],"build_version":"2020-12-22","purchased_purges":1,"victory":false,"max_hp_per_floor":[71,71,71,71,71,71,71,71,71,71,71,71,71,71,71,71,71,71,71,71,71,71,71,71,71,71,71,71,71,71,71,71],"card_choices":[{"not_picked":["Turbo","Sweeping Beam"],"picked":"Ball Lightning","floor":1},{"not_picked":["Fusion","Redo"],"picked":"Panic Button","floor":4},{"not_picked":["BasicCrystalCard","Redo"],"picked":"FTL","floor":7},{"not_picked":["Steam","Barrage"],"picked":"Leap","floor":8},{"not_picked":["Beam Cell","Stack"],"picked":"Go for the Eyes","floor":11},{"not_picked":["Hologram","ReplaySort"],"picked":"Cold Snap","floor":12},{"not_picked":["Cold Snap","Glacier"],"picked":"FTL","floor":13},{"not_picked":["Coolheaded","Turbo"],"picked":"Core Surge","floor":14},{"not_picked":["Mirror Shield","Multi-Cast"],"picked":"Seek","floor":16},{"not_picked":["BootSequence","Melter"],"picked":"Sweeping Beam","floor":18},{"not_picked":["Stack","Barrage"],"picked":"Rebound","floor":19},{"not_picked":["Coolheaded","Barrage"],"picked":"Ball Lightning","floor":21},{"not_picked":["Thunder Strike","Steam"],"picked":"Core Surge","floor":23},{"not_picked":["Lockon","Sweeping Beam"],"picked":"ReplayTheSpireMod:Calculation Training+1","floor":24},{"not_picked":["Sweeping Beam","Mirror Shield","Steam+1"],"picked":"SKIP","floor":25},{"not_picked":["Darkness","Conserve Battery"],"picked":"Chaos","floor":28},{"not_picked":["Turbo+1","Barrage","Hologram+1"],"picked":"SKIP","floor":29},{"not_picked":["ReplayTheSpireMod:GoodbyeWorld","Hologram+1","Sweeping Beam"],"picked":"SKIP","floor":29},{"not_picked":["Barrage","Hello World"],"picked":"ReplayTheSpireMod:Calculation Training","floor":30},{"not_picked":["Machine Learning","Rebound"],"picked":"Gash","floor":30}],"player_experience":935805,"relics_obtained":[{"floor":7,"key":"Dream Catcher"},{"floor":8,"key":"Chameleon Ring"},{"floor":9,"key":"infinitespire:WardingShard"},{"floor":12,"key":"Divine Protection"},{"floor":14,"key":"Gremlin Food"},{"floor":23,"key":"Pen Nib"},{"floor":23,"key":"Vajra"},{"floor":25,"key":"Orichalcum"},{"floor":25,"key":"Prayer Wheel"},{"floor":26,"key":"Bottled Lightning"},{"floor":28,"key":"infinitespire:Bottled Soul"},{"floor":28,"key":"Bottled Flame"}],"event_choices":[{"cards_removed":["Strike_B"],"damage_healed":0,"gold_gain":0,"player_choice":"Card Removal","damage_taken":0,"max_hp_gain":0,"max_hp_loss":0,"event_name":"The Cleric","floor":2,"gold_loss":75},{"damage_healed":0,"gold_gain":0,"player_choice":"Got Potions","damage_taken":0,"max_hp_gain":0,"max_hp_loss":0,"event_name":"Lab","floor":3,"gold_loss":0},{"damage_healed":0,"gold_gain":0,"player_choice":"Searched \u00271\u0027 times","damage_taken":0,"max_hp_gain":0,"max_hp_loss":0,"event_name":"Dead Adventurer","floor":8,"gold_loss":0},{"damage_healed":0,"gold_gain":0,"player_choice":"Ignored","damage_taken":0,"max_hp_gain":0,"max_hp_loss":0,"event_name":"Vampires","floor":20,"gold_loss":0},{"damage_healed":0,"gold_gain":0,"player_choice":"Read","damage_taken":0,"max_hp_gain":0,"max_hp_loss":0,"event_name":"The Library","floor":22,"gold_loss":0,"cards_obtained":["All For One"]}],"is_beta":false,"boss_relics":[{"not_picked":["Astrolabe","Inserter"],"picked":"Black Star"}],"items_purged_floors":[10],"is_endless":false,"potions_floor_spawned":[1,11,12,16,19,25,28,29],"killed_by":"Centurion and Healer","ascension_level":16}}