{"host":"txhhdwa0hqfs4jhb","time":1610740170,"event":{"mods":["BaseMod","Better Third Choice","Downfall","Filter the Spire","Hermit","Mad Scientist","Minty Spire (QoL Compilation)","Relic Stats","Replay The Spire","StSLib","Thieving Mod"],"gold_per_floor":[113,125,31,47,47,72,72,101,101,101,112,112,129,16,16,95,95,114,64,76,36,50,50,70,102,128,128,148,159,184,30,30,104,104,119,132,18,29,89,115,115,140,164,180,26,26,58,70,70,70],"floor_reached":51,"language":"ENG","playtime":3970,"items_purged":["Pain","Neutralize","Strike_G"],"score":1158,"play_id":"031104f3-8ac5-4fa0-9ed1-01bdc34bd253","local_time":"20210115194930","is_ascension_mode":true,"campfire_choices":[{"data":"ReplayTheSpireMod:Scrap Shanks","floor":7.0,"key":"SMITH"},{"floor":10.0,"key":"REST"},{"data":"Acrobatics","floor":12.0,"key":"SMITH"},{"data":"Noxious Fumes","floor":15.0,"key":"SMITH"},{"data":"Draining Mist","floor":23,"key":"SMITH"},{"data":"Accuracy","floor":27,"key":"SMITH"},{"data":"ReplayTheSpireMod:Scrap Shanks","floor":32,"key":"SMITH"},{"floor":41,"key":"REST"},{"data":"Storm of Steel","floor":46,"key":"SMITH"},{"floor":49,"key":"REST"}],"circlet_count":0,"master_deck":["AscendersBane","Strike_G+1","Strike_G","Strike_G","Strike_G","Defend_G","Defend_G","Defend_G","Defend_G","Defend_G","Survivor","ReplayTheSpireMod:Scrap Shanks+1","Dagger Throw","All Out Attack","Underhanded Strike+1","Acrobatics+1","Underhanded Strike","Madness","ReplayTheSpireMod:From All Sides","Noxious Fumes+1","Poison Darts","Draining Mist+1","ReplayTheSpireMod:Scrap Shanks+1","Accuracy+1","Dagger Throw","Leg Sweep","Cloak And Dagger+1","Draining Mist","Sucker Punch+1","ReplayTheSpireMod:Tripwire","Replay:SS_fish_2","Bullet Time","Quick Slash","ReplayTheSpireMod:Scrap Shanks+1","Underhanded Strike","Dagger Throw","Sneak Up","Replay:Poison Smokescreen+1","Flying Knee+1","ReplayTheSpireMod:Tripwire","ReplayTheSpireMod:Tripwire+1","Storm of Steel+1","Footwork+1","Noxious Fumes+1","Bouncing Flask","Sucker Punch","Cloak And Dagger+1","Acrobatics"],"relics":["Snecko Eye","Tough Bandages","WarpedTongs","Pet Ghost","InkBottle","ReplayFunnel","Membership Card","Replay:Wax Seal","Nunchaku","Ring of Chaos","Lee\u0027s Waffle","ReplayTheSpireMod:TigerMarble","Medical Kit","Art of War","Strawberry","Whetstone","BargainBundle","Replay:Towering Pillar of Hats","HoveringKite","StrikeDummy","CaptainsWheel","Bag of Preparation","Lantern","Frozen Egg 2","DollysMirror","Juzu Bracelet"],"acts_visited":["Exordium","TheCity","TheBeyond"],"potions_floor_usage":[47,50,50],"damage_taken":[{"damage":0.0,"enemies":"2 Louse","floor":1.0,"turns":4.0},{"damage":1.0,"enemies":"Cultist","floor":2.0,"turns":5.0},{"damage":4.0,"enemies":"Jaw Worm","floor":4.0,"turns":4.0},{"damage":22.0,"enemies":"Lagavulin","floor":6.0,"turns":9.0},{"damage":5.0,"enemies":"Replay:BlueRogue","floor":8.0,"turns":3.0},{"damage":2.0,"enemies":"Blue Slaver","floor":11.0,"turns":3.0},{"damage":1.0,"enemies":"Exordium Thugs","floor":13.0,"turns":3.0},{"damage":13.0,"enemies":"Hexaghost","floor":16.0,"turns":9.0},{"damage":5.0,"enemies":"2 Thieves","floor":18.0,"turns":3.0},{"damage":0,"enemies":"Shell Parasite","floor":20,"turns":5},{"damage":5,"enemies":"Centurion and Healer","floor":22,"turns":4},{"damage":0,"enemies":"Snake Plant","floor":24,"turns":3},{"damage":3,"enemies":"Gremlin Leader","floor":25,"turns":5},{"damage":8,"enemies":"Shelled Parasite and Fungi","floor":28,"turns":5},{"damage":0,"enemies":"Centurion and Healer","floor":29,"turns":4},{"damage":1,"enemies":"Book of Stabbing","floor":30,"turns":4},{"damage":59,"enemies":"Automaton","floor":33,"turns":8},{"damage":19,"enemies":"3 Shapes","floor":35,"turns":4},{"damage":0,"enemies":"Orb Walker","floor":36,"turns":3},{"damage":0,"enemies":"Writhing Mass","floor":38,"turns":4},{"damage":0,"enemies":"Nemesis","floor":40,"turns":3},{"damage":4,"enemies":"R_Hoarder","floor":42,"turns":7},{"damage":0,"enemies":"4 Shapes","floor":44,"turns":2},{"damage":3,"enemies":"Giant Head","floor":47,"turns":6},{"damage":0,"enemies":"Transient","floor":48,"turns":5},{"damage":58,"enemies":"Replay:Hell Engine","floor":50,"turns":7}],"seed_played":"7753374818279682263","potions_obtained":[{"floor":4.0,"key":"Guardian:BlockOnCardUsePotion"},{"floor":8.0,"key":"Fire Potion"},{"floor":18.0,"key":"Ancient Potion"},{"floor":38,"key":"Swift Potion"},{"floor":48,"key":"Elixir"}],"is_trial":false,"path_per_floor":["M","M","$","M","?","E","R","E","T","R","M","R","M","$","R","B",null,"M","$","M","$","M","R","M","E","T","R","M","M","E","$","R","B",null,"M","M","$","M","?","E","R","E","T","M","$","R","E","M","R","B",null],"character_chosen":"THE_SILENT","items_purchased":["All Out Attack","Underhanded Strike","Replay:Wax Seal","ReplayTheSpireMod:From All Sides","Nunchaku","Noxious Fumes","Accuracy","BargainBundle","ReplayTheSpireMod:Tripwire","Replay:SS_fish_2","Replay:Towering Pillar of Hats","ReplayTheSpireMod:Scrap Shanks+1","Underhanded Strike","Dagger Throw","Sneak Up","Footwork+1","DollysMirror","Bouncing Flask","Sucker Punch"],"campfire_rested":3,"item_purchase_floors":[3,3,14,14,14,14,21,31,31,31,31,37,37,37,37,45,45,45,45],"current_hp_per_floor":[59,58,58,54,54,32,32,27,27,46,44,44,43,43,43,30,57,52,73,73,73,68,68,68,65,72,72,64,64,63,63,63,12,63,52,60,60,68,36,36,60,64,64,64,64,64,69,77,80,30],"gold":70,"neow_bonus":"BOSS_RELIC","is_daily":false,"chose_seed":false,"campfire_upgraded":7,"win_rate":0.0,"timestamp":1610740170,"path_taken":["M","M","$","M","?","E","R","E","T","R","M","R","M","$","R","BOSS","M","$","?","?","M","R","M","E","T","R","M","?","E","$","R","BOSS","M","M","?","M","?","E","R","E","T","?","$","R","E","M","R","BOSS"],"items_purchased_type":["Card","Card","Relic","Card","Relic","Card","Card","Relic","Card","Card","Relic","Card","Card","Card","Card","Card","Relic","Card","Card"],"build_version":"2020-12-22","purchased_purges":3,"victory":true,"max_hp_per_floor":[66,66,66,66,66,66,66,66,66,66,66,66,66,66,66,66,66,66,73,73,73,73,73,73,73,80,80,80,80,80,80,80,80,80,80,80,80,80,80,80,80,80,80,80,80,80,80,80,80,80],"relic_stats":{"Lee\u0027s Waffle":21,"counters":[26,122],"HoveringKite":[30],"Bag of Preparation":[8],"Juzu Bracelet":0,"Whetstone":["Strike_G","Underhanded Strike"],"Medical Kit":[0],"WarpedTongs":[109],"Tough Bandages":[459],"Nunchaku":[30],"Snecko Eye":[237,255,218,263],"Art of War":[5],"obtain_stats":[{"ReplayFunnel":9,"Lantern":43,"HoveringKite":34,"Bag of Preparation":42,"Juzu Bracelet":47,"Whetstone":30,"Pet Ghost":6,"Tough Bandages":3,"Nunchaku":14,"DollysMirror":45,"Strawberry":26,"Replay:Wax Seal":14,"InkBottle":8,"Ring of the Snake":0,"Lee\u0027s Waffle":19,"BargainBundle":31,"Replay:Towering Pillar of Hats":31,"Ring of Chaos":17,"Frozen Egg 2":45,"Medical Kit":21,"WarpedTongs":5,"CaptainsWheel":40,"Snecko Eye":0,"ReplayTheSpireMod:TigerMarble":19,"Art of War":25,"Membership Card":14,"StrikeDummy":39},{"ReplayFunnel":5,"Lantern":22,"HoveringKite":17,"Bag of Preparation":22,"Juzu Bracelet":24,"Whetstone":16,"Pet Ghost":4,"Tough Bandages":2,"Nunchaku":7,"DollysMirror":23,"Strawberry":13,"Replay:Wax Seal":7,"InkBottle":5,"Ring of the Snake":0,"Lee\u0027s Waffle":9,"BargainBundle":16,"Replay:Towering Pillar of Hats":16,"Ring of Chaos":8,"Frozen Egg 2":23,"Medical Kit":10,"WarpedTongs":3,"CaptainsWheel":21,"Snecko Eye":0,"ReplayTheSpireMod:TigerMarble":9,"Art of War":13,"Membership Card":7,"StrikeDummy":20},{"ReplayFunnel":25,"Lantern":102,"HoveringKite":81,"Bag of Preparation":102,"Juzu Bracelet":110,"Whetstone":73,"Pet Ghost":22,"Tough Bandages":9,"Nunchaku":31,"DollysMirror":104,"Strawberry":60,"Replay:Wax Seal":31,"InkBottle":25,"Ring of the Snake":0,"Lee\u0027s Waffle":43,"BargainBundle":73,"Replay:Towering Pillar of Hats":73,"Ring of Chaos":40,"Frozen Egg 2":104,"Medical Kit":48,"WarpedTongs":13,"CaptainsWheel":95,"Snecko Eye":0,"ReplayTheSpireMod:TigerMarble":43,"Art of War":60,"Membership Card":31,"StrikeDummy":92}],"InkBottle":[57]},"card_choices":[{"not_picked":["Deflect","PiercingWail"],"picked":"ReplayTheSpireMod:Scrap Shanks","floor":1.0},{"not_picked":["Tactician","Deadly Poison"],"picked":"Dagger Throw","floor":2.0},{"not_picked":["Flying Knee","Bane","Fluid Movement"],"picked":"SKIP","floor":4.0},{"not_picked":["Blade Dance","Masterful Stab","ReplayTheSpireMod:The Works"],"picked":"SKIP","floor":6.0},{"not_picked":["Expertise","Doppelganger"],"picked":"Acrobatics","floor":8.0},{"not_picked":["Concentrate","Dodge and Roll"],"picked":"Underhanded Strike","floor":11.0},{"not_picked":["Flechettes","Dodge and Roll","Slice"],"picked":"SKIP","floor":13.0},{"not_picked":["Replay:Bag of Tricks","Adrenaline"],"picked":"Poison Darts","floor":16.0},{"not_picked":["Outmaneuver","Bane+1"],"picked":"Draining Mist","floor":18.0},{"not_picked":["Dagger Throw","Flechettes"],"picked":"ReplayTheSpireMod:Scrap Shanks","floor":20},{"not_picked":["Outmaneuver","Hidden Blade"],"picked":"Dagger Throw","floor":22},{"not_picked":["Riddle With Holes","Backflip+1"],"picked":"Leg Sweep","floor":24},{"not_picked":["Slice","Blade Dance","Prepared"],"picked":"SKIP","floor":25},{"not_picked":["Prepared","ReplayTheSpireMod:Necrosis"],"picked":"Cloak And Dagger+1","floor":28},{"not_picked":["Calculated Gamble","Caltrops"],"picked":"Draining Mist","floor":29},{"not_picked":["Accuracy","Dash"],"picked":"Sucker Punch+1","floor":30},{"not_picked":["Night Terror","Atom Bomb"],"picked":"Bullet Time","floor":33},{"not_picked":["Deflect","Outmaneuver","Tactician"],"picked":"SKIP","floor":35},{"not_picked":["ReplayTheSpireMod:The Works","Cloak And Dagger"],"picked":"Quick Slash","floor":36},{"not_picked":["Setup","All Out Attack"],"picked":"Replay:Poison Smokescreen+1","floor":38},{"not_picked":["Dagger Throw","Deadly Poison"],"picked":"Flying Knee+1","floor":39},{"not_picked":["Flechettes","Dodge and Roll"],"picked":"ReplayTheSpireMod:Tripwire","floor":40},{"not_picked":["ReplayTheSpireMod:Exploit Weakness","Endless Agony+1"],"picked":"ReplayTheSpireMod:Tripwire+1","floor":42},{"not_picked":["ReplayTheSpireMod:Speed Training","PiercingWail"],"picked":"Storm of Steel","floor":44},{"not_picked":["Deflect+1","Expertise"],"picked":"Cloak And Dagger+1","floor":47},{"not_picked":["Tactician","Underhanded Strike"],"picked":"Acrobatics","floor":48}],"player_experience":298632,"relics_obtained":[{"floor":6.0,"key":"Pet Ghost"},{"floor":8.0,"key":"InkBottle"},{"floor":9.0,"key":"ReplayFunnel"},{"floor":25,"key":"Art of War"},{"floor":26,"key":"Strawberry"},{"floor":30,"key":"Whetstone"},{"floor":39,"key":"StrikeDummy"},{"floor":40,"key":"CaptainsWheel"},{"floor":42,"key":"Bag of Preparation"},{"floor":43,"key":"Lantern"},{"floor":47,"key":"Juzu Bracelet"}],"event_choices":[{"damage_healed":0.0,"max_hp_gain":0.0,"max_hp_loss":0.0,"gold_gain":0.0,"event_name":"Accursed Blacksmith","player_choice":"Rummage","floor":5.0,"gold_loss":0.0,"damage_taken":0.0,"relics_obtained":["WarpedTongs"],"cards_obtained":["Pain"]}],"is_beta":false,"boss_relics":[{"not_picked":["Tiny House","WristBlade"],"picked":"Ring of Chaos"},{"not_picked":["Kintsugi","Empty Cage"],"picked":"HoveringKite"}],"items_purged_floors":[14,19,31],"is_endless":false,"potions_floor_spawned":[4,8,11,13,18,22,28,29,33,35,36,38,48],"ascension_level":14}}