{"host":"ac78wf4m5y9yc4g3","time":1610747880,"event":{"mods":["BaseMod","Better Third Choice","Downfall","Hermit","Marisa????????","Minty Spire (QoL Compilation)","StSLib","The Servant 0.9.4","The Wild Card"],"gold_per_floor":[99,113,126,146,156,175,202,212,230,155,155,172,192,204,218,218,218,218],"floor_reached":16,"language":"POL","playtime":809,"items_purged":[],"score":102,"play_id":"1274a8b6-946e-4536-909a-ad152dd7e64f","local_time":"20210115225800","is_ascension_mode":false,"campfire_choices":[{"floor":1,"key":"RECALL"},{"data":"Slimebound:Schlurp","floor":10,"key":"SMITH"}],"circlet_count":0,"master_deck":["Slimebound:Strike_Slimebound","Slimebound:Strike_Slimebound","Slimebound:Strike_Slimebound","Slimebound:Tackle","Slimebound:Defend_Slimebound","Slimebound:Defend_Slimebound","Slimebound:Defend_Slimebound","Slimebound:Defend_Slimebound+1","Slimebound:Split","Slimebound:CorrosiveSpit+1","Slimebound:Repurpose","Slimebound:SplitBruiser","Slimebound:Equalize","Slimebound:LeechEnergy","Slimebound:Schlurp+1","Slimebound:PressTheAttack","Slimebound:SamplingLick","Slimebound:MassFeed","Slimebound:ItLooksTasty","Slimebound:FormOfPuddle","Slimebound:SplitAcid"],"relics":["Slimebound:AbsorbEndCombat","War Paint","downfall:HeartBlessingRed"],"acts_visited":["Exordium"],"potions_floor_usage":[16,16,16],"damage_taken":[{"damage":6,"enemies":"Jaw Worm","floor":2,"turns":5},{"damage":12,"enemies":"Cultist","floor":3,"turns":4},{"damage":8,"enemies":"Small Slimes","floor":4,"turns":4},{"damage":18,"enemies":"Exordium Thugs","floor":5,"turns":6},{"damage":28,"enemies":"Gremlin Gang","floor":6,"turns":7},{"damage":9,"enemies":"3 Louse","floor":8,"turns":3},{"damage":11,"enemies":"Large Slime","floor":9,"turns":3},{"damage":6,"enemies":"Blue Slaver","floor":12,"turns":3},{"damage":8,"enemies":"2 Fungi Beasts","floor":13,"turns":3},{"damage":36,"enemies":"Lots of Slimes","floor":14,"turns":5},{"damage":21,"enemies":"Red Slaver","floor":15,"turns":3},{"damage":56,"enemies":"downfall:Ironclad","floor":16,"turns":6}],"seed_played":"-3258377545614114920","potions_obtained":[{"floor":4,"key":"sneckomod:MuddlingPotion"},{"floor":5,"key":"Slimebound:SlimedPotion"},{"floor":6,"key":"SkillPotion"}],"is_trial":false,"path_per_floor":["R","M","M","M","M","M","T","M","M","R","?","M","M","M","M","B"],"character_chosen":"SLIMEBOUND","items_purchased":[],"campfire_rested":0,"item_purchase_floors":[],"current_hp_per_floor":[66,66,59,61,57,45,45,48,53,53,53,55,64,44,35,0,0,0],"gold":218,"neow_bonus":"TEN_PERCENT_HP_BONUS","is_daily":false,"chose_seed":false,"campfire_upgraded":1,"win_rate":0.0,"timestamp":1610747880,"path_taken":["R","M","M","M","M","M","T","M","M","R","?","M","?","M","M","BOSS"],"items_purchased_type":[],"build_version":"2020-12-22","purchased_purges":0,"victory":false,"max_hp_per_floor":[66,66,66,66,66,66,66,66,66,66,66,66,69,69,69,69,69,69],"card_choices":[{"not_picked":["Slimebound:SlimeSpikes","Slimebound:LeadByExample"],"picked":"Slimebound:Repurpose","floor":2},{"not_picked":["Slimebound:LeadByExample","Slimebound:TongueLash"],"picked":"Slimebound:SplitBruiser","floor":3},{"not_picked":["Slimebound:LeechingTouch","Slimebound:LeechEnergy"],"picked":"Slimebound:Equalize","floor":4},{"not_picked":["Slimebound:PressTheAttack","Slimebound:SlimeSpikes"],"picked":"Slimebound:LeechEnergy","floor":5},{"not_picked":["Slimebound:SplitAcid","Slimebound:ForwardTackle"],"picked":"Slimebound:Schlurp","floor":6},{"not_picked":["Slimebound:SpikyOuterGoop","Slimebound:SlimeBrawl"],"picked":"Slimebound:PressTheAttack","floor":8},{"not_picked":["Slimebound:Equalize","Slimebound:Grow"],"picked":"Slimebound:SamplingLick","floor":9},{"not_picked":["Slimebound:LeadByExample","Slimebound:TongueLash"],"picked":"Slimebound:MassFeed","floor":12},{"not_picked":["Slimebound:FinishingTackle","Slimebound:RollThrough"],"picked":"Slimebound:ItLooksTasty","floor":13},{"not_picked":["Slimebound:Prepare","Slimebound:LeechEnergy"],"picked":"Slimebound:FormOfPuddle","floor":14},{"not_picked":["Slimebound:SlimeSpikes","Slimebound:LeadByExample"],"picked":"Slimebound:SplitAcid","floor":15}],"player_experience":55870,"relics_obtained":[{"floor":7,"key":"War Paint"}],"event_choices":[{"damage_healed":0,"gold_gain":0,"player_choice":"Got Potions","damage_taken":0,"max_hp_gain":0,"max_hp_loss":0,"event_name":"Lab","floor":11,"gold_loss":0}],"is_beta":false,"boss_relics":[],"items_purged_floors":[],"is_endless":false,"potions_floor_spawned":[4,5,6,12,14,15],"killed_by":"downfall:Ironclad","ascension_level":0}}