{"host":"7vlopc64487frs6y","time":1610731958,"event":{"mods":["Act Like it!","BaseMod","BetterRewards","Colored Map","Downfall","Friendly Minions","Hallownest","Highlight Path","Minty Spire (QoL Compilation)","Quick Restart","Replay The Spire","Shop Mod","StSLib","TestMod","The Bug Knight","Unceasing Turn Reminder"],"gold_per_floor":[111,59,75,75,75,75,87,122,170,196,223,281,307,341,341,341,341,485,485,522,187,196,196,223,277,303,347,347,400,422,268,268,297,297,405,405,443,483,525,573,599,653,687,746,746,812,690,690,732,779,779,804,831,831,831,724,775,823],"floor_reached":59,"language":"ZHS","playtime":13831,"items_purged":["Strike_R","Strike_R+1","Defend_R"],"score":2791,"play_id":"b32fec00-b702-45cc-96ab-d565c2304685","local_time":"20210116013238","is_ascension_mode":true,"campfire_choices":[{"data":"Body Slam","floor":6.0,"key":"SMITH"},{"data":"Flex","floor":17.0,"key":"SMITH"},{"floor":34.0,"key":"RECALL"},{"data":"Armaments","floor":48,"key":"SMITH"},{"data":"Limit Break","floor":51,"key":"SMITH"},{"data":"Flex","floor":55,"key":"SMITH"}],"circlet_count":0,"master_deck":["AscendersBane","Bash","Replay:Undeath\u0027s Touch","Body Slam+1","Evolve","Flex+1","Rage","Feed","Flex+1","Bludgeon+1","Entrench","Replay:Bootleg Shield Generator","Slimebound:CheckThePlaybook","Rampage","Armaments+1","Pummel","Sword Boomerang","Demon Form","Defy Death+1","Replay:Undeath\u0027s Touch","Heavy Blade+1","Limit Break+1","Shrug It Off","Flame Barrier","Flex","Ghostly Armor","Defy Death","Replay:Undeath\u0027s Touch","Panache","Headbutt+1"],"relics":["testmod-TestBox","testmod-DeterminationOfClimber","NeowsBlessing","testmod-AssaultLearning","CeramicFish","ReplayTheSpireMod:Ninjato","testmod-Temperance","Membership Card","Nloth\u0027s Gift","Replay:Bottled Flurry","Red Skull","Strawberry","Whetstone","Runic Cube","testmod-IndustrialRevolution","Boot","Replay:Rubber Ducky","BargainBundle","Blue Doll","Orrery"],"acts_visited":["Exordium","TheCity","TheBeyond","TheEnding"],"potions_floor_usage":[],"damage_taken":[{"damage":0.0,"enemies":"Cultist","floor":1.0,"turns":1.0},{"damage":0.0,"enemies":"2 Louse","floor":3.0,"turns":1.0},{"damage":0.0,"enemies":"Small Slimes","floor":7.0,"turns":1.0},{"damage":26.0,"enemies":"Lagavulin","floor":8.0,"turns":6.0},{"damage":2.0,"enemies":"3 Louse","floor":10.0,"turns":4.0},{"damage":1.0,"enemies":"Exordium Thugs","floor":11.0,"turns":4.0},{"damage":10.0,"enemies":"3 Sentries","floor":12.0,"turns":7.0},{"damage":3.0,"enemies":"Exordium Wildlife","floor":13.0,"turns":3.0},{"damage":0.0,"enemies":"Gremlin Gang","floor":14.0,"turns":2.0},{"damage":0.0,"enemies":"Fading Forest","floor":18.0,"turns":13.0},{"damage":0.0,"enemies":"3 Byrds","floor":20.0,"turns":3.0},{"damage":3.0,"enemies":"Spheric Guardian","floor":24.0,"turns":1.0},{"damage":17.0,"enemies":"HollowMod:Nosk","floor":25.0,"turns":2.0},{"damage":0.0,"enemies":"Shelled Parasite and Fungi","floor":26.0,"turns":1.0},{"damage":5.0,"enemies":"Replay:Snechameleon","floor":27.0,"turns":2.0},{"damage":3.0,"enemies":"Gremlin Leader","floor":29.0,"turns":1.0},{"damage":0.0,"enemies":"Snake Plant","floor":30.0,"turns":2.0},{"damage":0.0,"enemies":"Centurion and Healer","floor":33.0,"turns":1.0},{"damage":49.0,"enemies":"Automaton","floor":35.0,"turns":5.0},{"damage":3,"enemies":"Orb Walker","floor":37,"turns":2},{"damage":1,"enemies":"3 Shapes","floor":38,"turns":2},{"damage":0,"enemies":"Spire Growth","floor":39,"turns":1},{"damage":0,"enemies":"Transient","floor":40,"turns":1},{"damage":0,"enemies":"4 Shapes","floor":41,"turns":1},{"damage":6,"enemies":"Reptomancer","floor":42,"turns":1},{"damage":14,"enemies":"Jaw Worm Horde","floor":43,"turns":2},{"damage":3,"enemies":"Nemesis","floor":44,"turns":3},{"damage":17,"enemies":"Reptomancer","floor":46,"turns":3},{"damage":0,"enemies":"Transient","floor":49,"turns":2},{"damage":0,"enemies":"Nemesis","floor":50,"turns":1},{"damage":0,"enemies":"Awakened One","floor":52,"turns":3},{"damage":0,"enemies":"Replay:Hell Engine","floor":53,"turns":2},{"damage":0,"enemies":"Shield and Spear","floor":57,"turns":1},{"damage":93,"enemies":"The Heart","floor":58,"turns":5}],"seed_played":"-1212196604440284934","potions_obtained":[{"floor":1.0,"key":"Venom Potion"},{"floor":12.0,"key":"Guardian:BlockOnCardUsePotion"}],"is_trial":false,"path_per_floor":["M","$","M","?","?","R","M","E","T","M","M","E","M","M","R_BF","PTL","R","B",null,"M","$","?","?","M","E","M","E","T","E","M","$","?","M","R_BF","B",null,"M","M","M","M","M","E","M","E","T","E","$","R","M","E","R","B","B",null,"R","$","E","B",null],"character_chosen":"IRONCLAD","items_purchased":["Body Slam","Membership Card","Bludgeon","Entrench","Replay:Bootleg Shield Generator","Whetstone","Sword Boomerang","Flex","BargainBundle","Ghostly Armor","Orrery","Panache","Headbutt+1"],"campfire_rested":0,"item_purchase_floors":[2,21,21,21,21,31,31,47,47,47,56,56,56],"current_hp_per_floor":[74,74,75,68,68,68,75,60,60,72,75,75,75,75,75,75,75,75,75,78,78,43,43,44,43,54,66,66,81,91,91,91,95,95,65,91,97,102,105,109,109,106,105,112,112,107,107,107,116,116,116,116,116,116,116,116,119,65],"gold":823,"neow_bonus":"THREE_ENEMY_KILL","is_daily":false,"chose_seed":false,"campfire_upgraded":5,"win_rate":0.0,"timestamp":1610731958,"path_taken":["M","$","M","?","?","R","M","E","T","?","M","E","M","M","R_BF","PTL","R","BOSS","M","$","?","?","?","E","M","E","T","E","M","$","?","M","R_BF","BOSS","M","?","M","M","M","E","M","E","T","E","$","R","M","E","R","BOSS","BOSS","R","$","E","BOSS"],"items_purchased_type":["Card","Relic","Card","Card","Card","Relic","Card","Card","Relic","Card","Relic","Card","Card"],"build_version":"2020-12-22","purchased_purges":3,"victory":true,"max_hp_per_floor":[75,75,75,75,75,75,75,75,75,75,75,75,75,75,75,75,75,75,75,78,78,78,78,78,78,81,85,85,92,95,95,95,95,95,99,99,99,102,105,109,109,109,112,112,112,112,112,112,116,116,116,116,116,116,116,116,119,119],"card_choices":[{"not_picked":["Metallicize","Armaments"],"picked":"Replay:Undeath\u0027s Touch","floor":1.0},{"not_picked":["Pommel Strike","Wild Strike","Havoc"],"picked":"SKIP","floor":3.0},{"not_picked":["Sever Soul","Clash"],"picked":"Warcry","floor":7.0},{"not_picked":["Spot Weakness","Hemokinesis"],"picked":"Evolve","floor":8.0},{"not_picked":["Pommel Strike","ReplayTheSpireMod:Strike From Hell","Reckless Charge"],"picked":"SKIP","floor":10.0},{"not_picked":["Sever Soul","Cleave"],"picked":"Flex","floor":11.0},{"not_picked":["Reckless Charge","Cleave"],"picked":"Rage","floor":12.0},{"not_picked":["ReplayTheSpireMod:Strike From Hell","Cleave","Uppercut"],"picked":"SKIP","floor":13.0},{"not_picked":["Infernal Blade","Clash"],"picked":"Rupture","floor":14.0},{"not_picked":["Reaper","Exhume"],"picked":"Feed","floor":18.0},{"not_picked":["Sentinel","Thunderclap"],"picked":"Flex","floor":20.0},{"not_picked":["Anger","Metallicize"],"picked":"Rampage","floor":24.0},{"not_picked":["ReplayTheSpireMod:Strike From Hell","Clothesline"],"picked":"Warcry","floor":25.0},{"not_picked":["True Grit","Metallicize"],"picked":"Armaments","floor":26.0},{"not_picked":["Impervious","Brutality","True Grit"],"picked":"SKIP","floor":27.0},{"not_picked":["Brutality","Battle Trance"],"picked":"Pummel","floor":29.0},{"not_picked":["ReplayTheSpireMod:Corrosion Curse+1","Rupture+1","Run Through"],"picked":"SKIP","floor":30.0},{"not_picked":["Anger","Clothesline","Perfected Strike"],"picked":"SKIP","floor":33.0},{"not_picked":["Eclipse","Impervious"],"picked":"Demon Form","floor":35.0},{"not_picked":["Double Tap","Thunderclap"],"picked":"Defy Death+1","floor":37},{"not_picked":["Anger","Bloodletting"],"picked":"Replay:Undeath\u0027s Touch","floor":38},{"not_picked":["ReplayTheSpireMod:Stacked","Pommel Strike"],"picked":"Heavy Blade+1","floor":39},{"not_picked":["Heavy Blade+1","Sword Boomerang","Uppercut+1"],"picked":"SKIP","floor":40},{"not_picked":["Wild Strike","True Grit","Infernal Blade"],"picked":"SKIP","floor":41},{"not_picked":["Twin Strike","Wild Strike"],"picked":"Limit Break","floor":42},{"not_picked":["Double Tap","Uppercut"],"picked":"Shrug It Off","floor":43},{"not_picked":["Anger+1","Dropkick","Corruption"],"picked":"SKIP","floor":44},{"not_picked":["Burning Pact+1","Pommel Strike"],"picked":"Flame Barrier","floor":46},{"not_picked":["Pommel Strike","Thunderclap+1","Abandon"],"picked":"SKIP","floor":49},{"not_picked":["Hemokinesis+1","Bludgeon","Exhume"],"picked":"SKIP","floor":50},{"not_picked":["Clothesline","Life Link"],"picked":"Defy Death","floor":56},{"not_picked":["Cleave+1","Bludgeon"],"picked":"Replay:Undeath\u0027s Touch","floor":56},{"not_picked":["Havoc","Double Tap","Sentinel"],"picked":"SKIP","floor":57}],"player_experience":655102,"relics_obtained":[{"floor":8.0,"key":"testmod-AssaultLearning"},{"floor":9.0,"key":"CeramicFish"},{"floor":12.0,"key":"ReplayTheSpireMod:Ninjato"},{"floor":25.0,"key":"Replay:Bottled Flurry"},{"floor":27.0,"key":"Red Skull"},{"floor":29.0,"key":"Strawberry"},{"floor":44,"key":"testmod-IndustrialRevolution"},{"floor":45,"key":"Boot"},{"floor":46,"key":"Replay:Rubber Ducky"},{"floor":50,"key":"Blue Doll"}],"event_choices":[{"cards_removed":["Strike_R"],"damage_healed":0.0,"max_hp_gain":0.0,"max_hp_loss":0.0,"gold_gain":0.0,"event_name":"Golden Wing","player_choice":"Card Removal","floor":4.0,"gold_loss":0.0,"damage_taken":7.0},{"cards_removed":["Strike_R"],"damage_healed":0.0,"max_hp_gain":0.0,"max_hp_loss":0.0,"gold_gain":0.0,"event_name":"Bonfire Elementals","player_choice":"Offered Basic","floor":5.0,"gold_loss":0.0,"damage_taken":0.0},{"damage_healed":0.0,"max_hp_gain":0.0,"max_hp_loss":0.0,"gold_gain":0.0,"event_name":"N\u0027loth","player_choice":"Traded Relic","floor":23.0,"relics_lost":["Burning Blood"],"gold_loss":0.0,"damage_taken":0.0,"relics_obtained":["Nloth\u0027s Gift"]},{"damage_healed":0.0,"max_hp_gain":0.0,"max_hp_loss":0.0,"gold_gain":0.0,"event_name":"Lab","player_choice":"Got Potions","floor":32.0,"gold_loss":0.0,"damage_taken":0.0}],"is_beta":false,"boss_relics":[{"not_picked":["testmod-BatchProcessingSystem","Fusion Hammer"],"picked":"testmod-Temperance"},{"not_picked":["Electric Blood","Runic Pyramid"],"picked":"Runic Cube"}],"items_purged_floors":[21,31,47],"is_endless":false,"potions_floor_spawned":[1,12,13,14,20,25,29,30,35,39,40,41,44,46],"ascension_level":20}}