{"host":"6es90lqcwaoc0kgm","time":1610675522,"event":{"mods":["Act Like it!","Bard","BaseMod","Hallownest","HololiveMod","Jorbs\u0027s Wanderer Trilogy","Marisa£®ÏF”Í°°ƒß¿Ì…≥£©","Minty Spire (QoL Compilation)","Quick Restart","StSLib","The Administrix","The Animator","The Bug Knight","The Cursed","The Runesmith","[GremlinLeader]The Maniac"],"gold_per_floor":[113,113,113,113,129,164,164,0,26,26,39,57,57,57],"floor_reached":13,"language":"ZHS","playtime":446,"items_purged":[],"score":118,"play_id":"69734559-583b-4d81-abfc-b461ee5f973d","local_time":"20210115095202","is_ascension_mode":true,"campfire_choices":[{"data":"HollowMod:SoulEater","floor":7.0,"key":"SMITH"}],"circlet_count":0,"master_deck":["HollowMod:NailStrikeStart","HollowMod:NailStrikeStart","HollowMod:NailStrikeStart","HollowMod:QuickDashStart","HollowMod:QuickDashStart","HollowMod:QuickDashStart","HollowMod:QuickDashStart","HollowMod:FocusHealStart","HollowMod:PogoStrike","HollowMod:MonomonsArchive","HollowMod:SoulEater+1","HollowMod:Hiveblood","HollowMod:GrimmsGift"],"relics":["HollowMod:VesselMask","NeowsBlessing","Hallownest:DreamNailRelic","Du-Vu Doll","Tiny Chest"],"acts_visited":["Exordium"],"potions_floor_usage":[],"damage_taken":[{"damage":0.0,"enemies":"2_ Uuma","floor":1.0,"turns":1.0},{"damage":0.0,"enemies":"Hallownest:2_Baldur","floor":5.0,"turns":1.0},{"damage":0.0,"enemies":"Hallownest:eliteCrystalGuardian","floor":6.0,"turns":1.0},{"damage":1.0,"enemies":"Hallownest:2_Tiktiks_and_1_Crawlid","floor":11.0,"turns":4.0},{"damage":10.0,"enemies":"Hallownest:monsterMossCharger","floor":12.0,"turns":8.0},{"damage":3,"enemies":"Hallownest:eliteVengeflyKing","floor":13,"turns":7}],"seed_played":"2970607186021155132","potions_obtained":[{"floor":6.0,"key":"Dexterity Potion"},{"floor":12.0,"key":"AttackPotion"}],"is_trial":false,"path_per_floor":["M","?","?","?","M","E","R","?","T","?","M","M","E"],"character_chosen":"THE_BUGKNIGHT","items_purchased":[],"campfire_rested":0,"item_purchase_floors":[],"current_hp_per_floor":[75,75,66,66,66,66,66,66,66,75,80,80,81,81],"gold":57,"neow_bonus":"THREE_ENEMY_KILL","is_daily":false,"chose_seed":false,"campfire_upgraded":1,"win_rate":0.0,"timestamp":1610675522,"path_taken":["M","?","?","?","?","E","R","?","T","?","M","M","E"],"items_purchased_type":[],"build_version":"2020-12-22","purchased_purges":0,"victory":false,"max_hp_per_floor":[75,75,75,75,75,75,75,75,75,84,84,84,84,84],"card_choices":[{"not_picked":["HollowMod:CycloneSlash","HollowMod:Grubsong"],"picked":"HollowMod:MonomonsArchive","floor":1.0},{"not_picked":["HollowMod:TaintedHusks","HollowMod:NewJinnsSoul"],"picked":"HollowMod:SoulEater","floor":5.0},{"not_picked":["HollowMod:TaintedHusks","HollowMod:NewGlowingWomb"],"picked":"HollowMod:Hiveblood","floor":6.0},{"not_picked":["HollowMod:HeavyBlow","HollowMod:DoubleDash","HollowMod:InfectedCysts"],"picked":"SKIP","floor":11.0},{"not_picked":["HollowMod:RecoilStrike","HollowMod:DashSlash"],"picked":"HollowMod:GrimmsGift","floor":12.0}],"player_experience":679084,"relics_obtained":[{"floor":6.0,"key":"Du-Vu Doll"}],"event_choices":[],"is_beta":false,"boss_relics":[],"items_purged_floors":[],"is_endless":false,"potions_floor_spawned":[6,12],"killed_by":"Hallownest:eliteVengeflyKing","ascension_level":2}}