{"host":"92108ef2q9tm8rod","time":1610702852,"event":{"mods":["BaseMod","Defuse TimeMaze Blight","Minty Spire (QoL Compilation)","StSLib","The Jungle"],"gold_per_floor":[109,124,140,140,160,160,192,192,274,274,274,274,306,323,323,428,428,447,465,481,170,170,170,203,221,270,305,337,337,369,223,223,322,372,384,384,384,235,235,235,263,263,263,298,298,318,318,335,335,335],"floor_reached":51,"language":"ENG","playtime":1716,"items_purged":[],"score":1114,"play_id":"abe4efdf-1c75-4c1c-a648-32aba9488b14","local_time":"20210115092732","daily_mods":["SealedDeck","Purple Cards","Heirloom","Flight"],"is_ascension_mode":false,"campfire_choices":[{"data":"ClearTheMind","floor":6.0,"key":"SMITH"},{"data":"LikeWater","floor":8.0,"key":"SMITH"},{"data":"Footwork","floor":10.0,"key":"SMITH"},{"data":"PathToVictory","floor":11.0,"key":"SMITH"},{"data":"Dodge and Roll","floor":15.0,"key":"SMITH"},{"data":"BowlingBash","floor":23.0,"key":"SMITH"},{"data":"LikeWater","floor":29.0,"key":"SMITH"},{"data":"1","floor":32.0,"key":"LIFT"},{"data":"Corpse Explosion","floor":40,"key":"SMITH"},{"data":"2","floor":42,"key":"LIFT"},{"data":"3","floor":45,"key":"LIFT"},{"floor":47,"key":"REST"},{"floor":49,"key":"REST"}],"circlet_count":0,"master_deck":["Slice+1","Footwork+1","Slice+1","ThirdEye+1","Dodge and Roll+1","ClearTheMind+1","LikeWater+1","PathToVictory+1","PathToVictory+1","LikeWater+1","Corpse Explosion+1"],"relics":["Ring of the Snake","Ginger","Calipers","HornCleat","Whetstone","Black Star","Torii","Bronze Scales","Tingsha","Lantern","TungstenRod","MealTicket","Darkstone Periapt","Ice Cream","Girya","Question Card","Bag of Marbles","Tiny House","Lee\u0027s Waffle","Ornamental Fan","Nunchaku","StrikeDummy","Bottled Lightning","Toy Ornithopter"],"acts_visited":["Exordium","Exordium","TheBeyond"],"potions_floor_usage":[50,50,50],"damage_taken":[{"damage":0.0,"enemies":"Small Slimes","floor":1.0,"turns":3.0},{"damage":0.0,"enemies":"Jaw Worm","floor":2.0,"turns":1.0},{"damage":2.0,"enemies":"2 Louse","floor":3.0,"turns":3.0},{"damage":1.0,"enemies":"Blue Slaver","floor":5.0,"turns":3.0},{"damage":9.0,"enemies":"3 Sentries","floor":7.0,"turns":8.0},{"damage":0.0,"enemies":"Lagavulin","floor":13.0,"turns":4.0},{"damage":0.0,"enemies":"3 Louse","floor":14.0,"turns":2.0},{"damage":0.0,"enemies":"The Guardian","floor":16.0,"turns":4.0},{"damage":0.0,"enemies":"theJungle:MUSHROOMGANG","floor":18.0,"turns":4.0},{"damage":0.0,"enemies":"theJungle:5_Spyders","floor":19.0,"turns":4.0},{"damage":8.0,"enemies":"Snake Plant","floor":20.0,"turns":4.0},{"damage":0.0,"enemies":"theJungle:MamaSnecko","floor":24.0,"turns":5.0},{"damage":0.0,"enemies":"theJungle:JungleHuntersEncounter","floor":25.0,"turns":3.0},{"damage":0.0,"enemies":"theJungle:2_Phrogs","floor":27.0,"turns":4.0},{"damage":0.0,"enemies":"theJungle:MamaSnecko","floor":28.0,"turns":4.0},{"damage":0.0,"enemies":"theJungle:Cassacara","floor":30.0,"turns":4.0},{"damage":0.0,"enemies":"theJungle:QueenSpyder","floor":33.0,"turns":7.0},{"damage":5,"enemies":"Orb Walker","floor":35,"turns":3},{"damage":0,"enemies":"Giant Head","floor":41,"turns":6},{"damage":0,"enemies":"Reptomancer","floor":44,"turns":6},{"damage":0,"enemies":"3 Darklings","floor":46,"turns":1},{"damage":0,"enemies":"4 Shapes","floor":48,"turns":4},{"damage":6,"enemies":"Awakened One","floor":50,"turns":11}],"seed_played":"4386154822742123419","potions_obtained":[{"floor":1.0,"key":"AttackPotion"},{"floor":7.0,"key":"AttackPotion"},{"floor":13.0,"key":"SteroidPotion"},{"floor":20.0,"key":"SkillPotion"},{"floor":25.0,"key":"Ancient Potion"},{"floor":28.0,"key":"LiquidMemories"},{"floor":34,"key":"GhostInAJar"}],"is_trial":true,"path_per_floor":["M","M","M","?","M","R","E","R","T","R","R","?","E","M","R","B",null,"M","M","M","$","?","R","E","M","T","E","E","R","E","$","R","B",null,"M","?","$","$","?","R","E","R","T","E","R","M","R","M","R","B",null],"character_chosen":"THE_SILENT","items_purchased":["Torii","Bag of Marbles","Lee\u0027s Waffle"],"campfire_rested":2,"item_purchase_floors":[21,31,38],"current_hp_per_floor":[70,70,68,73,72,72,63,63,63,63,63,63,63,63,63,63,75,75,75,67,67,67,67,67,67,67,67,67,67,67,75,75,75,80,75,75,80,87,87,87,87,87,87,87,87,87,87,87,87,81],"gold":335,"neow_bonus":"","is_daily":false,"chose_seed":false,"campfire_upgraded":8,"win_rate":0.0,"timestamp":1610702852,"path_taken":["M","M","M","?","M","R","E","R","T","R","R","?","E","M","R","BOSS","M","M","M","$","?","R","E","M","T","E","E","R","E","$","R","BOSS","BOSS","M","?","$","$","?","R","E","R","T","E","R","M","R","M","R","BOSS"],"items_purchased_type":["Relic","Relic","Relic"],"build_version":"2020-12-22","purchased_purges":0,"victory":true,"max_hp_per_floor":[70,70,70,75,75,75,75,75,75,75,75,75,75,75,75,75,75,75,75,75,75,75,75,75,75,75,75,75,75,75,75,75,75,80,80,80,80,87,87,87,87,87,87,87,87,87,87,87,87,87],"card_choices":[{"not_picked":["Flechettes","Flying Knee","Skewer"],"picked":"SKIP","floor":1.0},{"not_picked":["PiercingWail","ClearTheMind","Nirvana"],"picked":"SKIP","floor":2.0},{"not_picked":["BowlingBash","Expertise","CarveReality"],"picked":"SKIP","floor":3.0},{"not_picked":["Outmaneuver","Slice","Noxious Fumes"],"picked":"SKIP","floor":5.0},{"not_picked":["Dodge and Roll","Protect","Tools of the Trade"],"picked":"SKIP","floor":7.0},{"not_picked":["Predator","Backflip","Crescendo"],"picked":"SKIP","floor":13.0},{"not_picked":["Tactician","Poisoned Stab","Halt"],"picked":"SKIP","floor":14.0},{"not_picked":["PathToVictory","Worship","Quick Slash"],"picked":"SKIP","floor":18.0},{"not_picked":["Underhanded Strike","CutThroughFate","Skewer"],"picked":"SKIP","floor":19.0},{"not_picked":["Dodge and Roll","Weave","Predator+1"],"picked":"SKIP","floor":20.0},{"not_picked":["Crescendo","Acrobatics","Distraction"],"picked":"SKIP","floor":24.0},{"not_picked":["WheelKick","InnerPeace","Outmaneuver+1"],"picked":"SKIP","floor":25.0},{"not_picked":["Dash+1","FlyingSleeves","PathToVictory"],"picked":"SKIP","floor":27.0},{"not_picked":["FollowUp","DeceiveReality"],"picked":"LikeWater","floor":28.0},{"not_picked":["Endless Agony+1","Phantasmal Killer","SandsOfTime"],"picked":"SKIP","floor":30.0},{"not_picked":["After Image","SpiritShield","Doppelganger"],"picked":"Corpse Explosion","floor":33},{"not_picked":["Tantrum","Halt+1","Concentrate","Poisoned Stab+1"],"picked":"SKIP","floor":35},{"not_picked":["BowlingBash+1","Nirvana+1","Cloak And Dagger+1","Halt+1"],"picked":"SKIP","floor":41},{"not_picked":["WindmillStrike+1","A Thousand Cuts","Dodge and Roll","Concentrate"],"picked":"SKIP","floor":44},{"not_picked":["Poisoned Stab","Masterful Stab","FollowUp","Infinite Blades+1"],"picked":"SKIP","floor":46},{"not_picked":["Endless Agony+1","Backflip+1","Flying Knee+1","Sucker Punch+1"],"picked":"SKIP","floor":48}],"player_experience":3290325,"relics_obtained":[{"floor":7.0,"key":"Calipers"},{"floor":9.0,"key":"HornCleat"},{"floor":13.0,"key":"Whetstone"},{"floor":24.0,"key":"Bronze Scales"},{"floor":24.0,"key":"Tingsha"},{"floor":26.0,"key":"Lantern"},{"floor":27.0,"key":"TungstenRod"},{"floor":27.0,"key":"MealTicket"},{"floor":28.0,"key":"Darkstone Periapt"},{"floor":28.0,"key":"Ice Cream"},{"floor":30.0,"key":"Girya"},{"floor":30.0,"key":"Question Card"},{"floor":41,"key":"Ornamental Fan"},{"floor":41,"key":"Nunchaku"},{"floor":43,"key":"StrikeDummy"},{"floor":44,"key":"Bottled Lightning"},{"floor":44,"key":"Toy Ornithopter"}],"event_choices":[{"damage_healed":0.0,"max_hp_gain":5.0,"max_hp_loss":0.0,"gold_gain":0.0,"event_name":"Big Fish","player_choice":"Donut","floor":4.0,"gold_loss":0.0,"damage_taken":0.0},{"damage_healed":0.0,"max_hp_gain":0.0,"max_hp_loss":0.0,"gold_gain":0.0,"event_name":"Living Wall","player_choice":"Grow","floor":12.0,"gold_loss":0.0,"damage_taken":0.0,"cards_upgraded":["PathToVictory"]},{"cards_removed":["BowlingBash"],"damage_healed":0,"gold_gain":0,"player_choice":"Removed Attack","damage_taken":0,"max_hp_gain":0,"max_hp_loss":0,"event_name":"Falling","floor":36,"gold_loss":0},{"damage_healed":0,"gold_gain":0,"player_choice":"Ignored","damage_taken":0,"max_hp_gain":0,"max_hp_loss":0,"event_name":"Mysterious Sphere","floor":39,"gold_loss":0}],"is_beta":false,"boss_relics":[{"not_picked":["Coffee Dripper","Empty Cage"],"picked":"Black Star"},{"not_picked":["Fusion Hammer","Velvet Choker"],"picked":"Tiny House"}],"items_purged_floors":[],"is_endless":false,"potions_floor_spawned":[1,7,13,20,25,28,30,33,35,41,46,48],"ascension_level":0}}