{"host":"w3q5ijqu8eoknil3","time":1610701321,"event":{"mods":["AchievementEnabler","BaseMod","Block Reminder","Colored Map","Colored Powertips","Curses Come First","Dark Map","Minty Spire (QoL Compilation)","Quick Restart","Relic Stats","StSLib","ojb\u0027s Better Paths Mod","ojb\u0027s Info Mod","slay the spire mod where everything is the same but ironclad has a cowboy hat"],"gold_per_floor":[109,125,125,125,125,156,156,39,39,53,63,63,63],"floor_reached":12,"language":"ENG","playtime":216,"items_purged":["Regret"],"score":196,"play_id":"310f1f52-a318-43fd-8238-a442838b5172","local_time":"20210115090201","is_ascension_mode":true,"campfire_choices":[{"data":"All Out Attack","floor":7,"key":"SMITH"}],"circlet_count":0,"master_deck":["AscendersBane","Strike_G","Strike_G","Strike_G","Strike_G","Strike_G","Defend_G","Defend_G","Defend_G","Defend_G","Defend_G","Survivor","Neutralize","All Out Attack+1","Dagger Spray","Acrobatics","Calculated Gamble","PiercingWail","Eviscerate"],"relics":["Ring of the Snake","NeowsBlessing","InkBottle","Juzu Bracelet","Darkstone Periapt"],"acts_visited":["Exordium"],"potions_floor_usage":[],"damage_taken":[{"damage":0,"enemies":"Cultist","floor":1,"turns":1},{"damage":0,"enemies":"Jaw Worm","floor":2,"turns":1},{"damage":0,"enemies":"3 Sentries","floor":6,"turns":1},{"damage":0,"enemies":"2 Louse","floor":10,"turns":1},{"damage":6,"enemies":"Blue Slaver","floor":11,"turns":5},{"damage":58,"enemies":"Lagavulin","floor":12,"turns":8}],"seed_played":"7730712154603001687","potions_obtained":[{"floor":6,"key":"GamblersBrew"}],"is_trial":false,"path_per_floor":["M","M","$","?","?","E","R","$","T","M","M","E"],"character_chosen":"THE_SILENT","items_purchased":["Calculated Gamble"],"campfire_rested":0,"item_purchase_floors":[8],"current_hp_per_floor":[59,59,59,59,59,59,59,59,59,59,53,0,0],"gold":63,"neow_bonus":"THREE_ENEMY_KILL","is_daily":false,"chose_seed":false,"campfire_upgraded":1,"win_rate":0.0,"timestamp":1610701321,"path_taken":["M","M","?","?","?","E","R","?","T","M","M","E"],"items_purchased_type":["Card"],"build_version":"2020-12-22","purchased_purges":1,"victory":false,"max_hp_per_floor":[66,66,66,66,66,66,66,66,66,66,66,66,66],"relic_stats":{"Darkstone Periapt":0,"counters":[6,17],"Juzu Bracelet":0,"obtain_stats":[{"Darkstone Periapt":9,"NeowsBlessing":0,"Juzu Bracelet":6,"InkBottle":5,"Ring of the Snake":0},{"Darkstone Periapt":3,"NeowsBlessing":0,"Juzu Bracelet":3,"InkBottle":2,"Ring of the Snake":0},{"Darkstone Periapt":3,"NeowsBlessing":0,"Juzu Bracelet":3,"InkBottle":2,"Ring of the Snake":0}],"InkBottle":[4],"Ring of the Snake":[12]},"card_choices":[{"not_picked":["Acrobatics","Sucker Punch"],"picked":"All Out Attack","floor":1},{"not_picked":["Dodge and Roll","Blade Dance"],"picked":"Dagger Spray","floor":2},{"not_picked":["Blur","Dodge and Roll"],"picked":"Acrobatics","floor":6},{"not_picked":["Acrobatics","Sucker Punch"],"picked":"PiercingWail","floor":10},{"not_picked":["Deadly Poison","Dodge and Roll"],"picked":"Eviscerate","floor":11}],"player_experience":982575,"relics_obtained":[{"floor":6,"key":"Juzu Bracelet"},{"floor":9,"key":"Darkstone Periapt"}],"event_choices":[{"damage_healed":0,"gold_gain":0,"player_choice":"Leave","damage_taken":0,"max_hp_gain":0,"max_hp_loss":0,"event_name":"The Cleric","floor":4,"gold_loss":0},{"damage_healed":0,"gold_gain":0,"player_choice":"Box","damage_taken":0,"relics_obtained":["InkBottle"],"max_hp_gain":0,"max_hp_loss":0,"event_name":"Big Fish","floor":5,"gold_loss":0,"cards_obtained":["Regret"]}],"is_beta":false,"boss_relics":[],"items_purged_floors":[8],"is_endless":false,"potions_floor_spawned":[6],"killed_by":"Lagavulin","ascension_level":18}}