{"host":"m9i7qe3hvz6jihjh","time":1610729884,"event":{"mods":["BaseMod","Colored Powertips","Infinite Spire","Minty Spire (QoL Compilation)","Quick Restart","StSLib","The Animator","Waifu the Spire"],"gold_per_floor":[126,45,220,232,246,246,272,347,347,347,347,347,367,386,386,518,518,533,547,472,472,472,472,472],"floor_reached":23,"language":"ENG","playtime":836,"items_purged":[],"score":239,"play_id":"933eb41b-17a3-4958-8908-862d010a511f","local_time":"20210115175804","is_ascension_mode":false,"campfire_choices":[{"data":"animator:IrohaTamaki","floor":6,"key":"SMITH"},{"floor":10,"key":"REST"},{"floor":15,"key":"REST"}],"circlet_count":0,"master_deck":["animator:Strike_MadokaMagica+1","animator:Defend_MadokaMagica+1","animator:Strike+1","animator:Strike+1","animator:Defend+1","animator:Defend+1","animator:Defend+1","animator:IrohaTamaki+1","animator:YuiTsuruno","animator:NagisaMomoe","animator:SuzuneAmano","Doubt","animator:KyokoSakura","animator:IrohaTamaki+1","Injury","animator:Yuuichirou","animator:DolaRiku","animator:Fredrika","animator:MadokaKaname","animator:Mikaela","animator:OrikoMikuni","Writhe"],"relics":["animator:LivingPicture","animator:TheMissingPiece","animator:PurgingStone","animator:BattleDrones","Mercury Hourglass","Golden Idol","infinitespire:Cupcake","Tiny Chest"],"acts_visited":["Exordium","TheCity"],"potions_floor_usage":[16,16,16,18],"damage_taken":[{"damage":0,"enemies":"Small Slimes","floor":1,"turns":4},{"damage":0,"enemies":"2 Louse","floor":4,"turns":3},{"damage":3,"enemies":"Cultist","floor":5,"turns":4},{"damage":29,"enemies":"3 Sentries","floor":7,"turns":13},{"damage":11,"enemies":"Exordium Wildlife","floor":13,"turns":3},{"damage":0,"enemies":"Looter","floor":14,"turns":2},{"damage":0,"enemies":"Slime Boss","floor":16,"turns":6},{"damage":23,"enemies":"2 Thieves","floor":18,"turns":5},{"damage":23,"enemies":"Shell Parasite","floor":19,"turns":6},{"damage":42,"enemies":"animator:HornedBat","floor":23,"turns":7}],"seed_played":"213564408754799244","potions_obtained":[{"floor":1,"key":"SneckoOil"},{"floor":4,"key":"FearPotion"},{"floor":13,"key":"Fire Potion"},{"floor":14,"key":"Regen Potion"},{"floor":16,"key":"SkillPotion"}],"is_trial":false,"path_per_floor":["M","$","?","M","M","R","E","?","T","R","?","?","M","M","R","B",null,"M","M","?","?","?","E"],"character_chosen":"THE_ANIMATOR","items_purchased":["animator:SuzuneAmano"],"campfire_rested":2,"item_purchase_floors":[2],"current_hp_per_floor":[66,66,66,67,64,64,35,24,24,44,44,44,33,33,53,67,67,53,40,40,40,40,0,0],"gold":472,"neow_bonus":"UPGRADE_CARD","is_daily":false,"chose_seed":false,"campfire_upgraded":1,"win_rate":0.0,"timestamp":1610729884,"path_taken":["M","$","?","M","M","R","E","?","T","R","?","?","M","M","R","BOSS","M","?","?","?","?","E"],"items_purchased_type":["Card"],"build_version":"2020-12-22","purchased_purges":0,"victory":false,"max_hp_per_floor":[66,66,66,67,67,67,67,67,67,67,67,67,67,67,67,67,67,67,68,68,68,68,68,68],"card_choices":[{"not_picked":["animator:Gluttony","animator:Shalltear"],"picked":"animator:NagisaMomoe","floor":1},{"not_picked":["animator:Mikaela","animator:Lu"],"picked":"animator:KyokoSakura","floor":4},{"not_picked":["animator:TukaLunaMarceau","animator:Kaijin"],"picked":"animator:IrohaTamaki","floor":5},{"not_picked":["animator:Priestess","animator:Hitei"],"picked":"animator:Fredrika","floor":13},{"not_picked":["animator:YaoHaDucy","animator:UneriGinkaku","animator:Cocytus"],"picked":"SKIP","floor":14},{"not_picked":["animator:Envy","animator:Albedo"],"picked":"animator:MadokaKaname","floor":16},{"not_picked":["animator:RoryMercury","animator:GazelDwargon"],"picked":"animator:Mikaela","floor":18},{"not_picked":["animator:YuiTsuruno","animator:KyokoSakura"],"picked":"animator:OrikoMikuni","floor":19}],"player_experience":904487,"relics_obtained":[{"floor":7,"key":"animator:BattleDrones"},{"floor":9,"key":"Mercury Hourglass"}],"event_choices":[{"damage_healed":0,"gold_gain":175,"player_choice":"AGREE","damage_taken":0,"max_hp_gain":0,"max_hp_loss":0,"event_name":"Liars Game","floor":3,"gold_loss":0,"cards_obtained":["Doubt"]},{"damage_healed":0,"gold_gain":75,"player_choice":"Gather Gold","damage_taken":11,"max_hp_gain":0,"max_hp_loss":0,"event_name":"World of Goop","floor":8,"gold_loss":0},{"damage_healed":0,"gold_gain":0,"player_choice":"Take Wound","damage_taken":0,"relics_obtained":["Golden Idol"],"max_hp_gain":0,"max_hp_loss":0,"event_name":"Golden Idol","floor":11,"gold_loss":0,"cards_obtained":["Injury"]},{"damage_healed":0,"gold_gain":0,"player_choice":"2 cards matched","damage_taken":0,"max_hp_gain":0,"max_hp_loss":0,"event_name":"Match and Keep!","floor":12,"gold_loss":0,"cards_obtained":["animator:Yuuichirou","animator:DolaRiku"]},{"cards_removed":["animator:Strike"],"damage_healed":0,"gold_gain":0,"player_choice":"Gave Gold","damage_taken":0,"max_hp_gain":0,"max_hp_loss":0,"event_name":"Beggar","floor":20,"gold_loss":75},{"damage_healed":0,"gold_gain":0,"player_choice":"Simplicity","damage_taken":0,"max_hp_gain":0,"max_hp_loss":0,"event_name":"Back to Basics","floor":21,"gold_loss":0,"cards_upgraded":["animator:Strike_MadokaMagica","animator:Defend_MadokaMagica","animator:Strike","animator:Strike","animator:Defend","animator:Defend","animator:Defend"]},{"damage_healed":0,"gold_gain":0,"player_choice":"Opened","damage_taken":0,"relics_obtained":["Tiny Chest"],"max_hp_gain":0,"max_hp_loss":0,"event_name":"The Mausoleum","floor":22,"gold_loss":0,"cards_obtained":["Writhe"]}],"is_beta":false,"boss_relics":[{"not_picked":["SacredBark","Pandora\u0027s Box"],"picked":"infinitespire:Cupcake"}],"items_purged_floors":[],"is_endless":false,"potions_floor_spawned":[1,4,13,14,16],"killed_by":"animator:HornedBat","ascension_level":0}}