{"host":"3eao3znc71vovznr","time":1610752773,"event":{"mods":["BaseMod","Minty Spire (QoL Compilation)","StSLib","The Marked"],"gold_per_floor":[111,61,74,74,84,112,287,287,333,350,350,403,403,430,430,430,430],"floor_reached":16,"language":"ENG","playtime":526,"items_purged":[],"score":108,"play_id":"a74fb63d-d9fd-4167-b973-8fa3b4a5b2bb","local_time":"20210116001933","is_ascension_mode":false,"campfire_choices":[{"floor":11,"key":"REST"},{"data":"theMarked:EternalStudent","floor":13,"key":"SMITH"},{"floor":15,"key":"REST"}],"circlet_count":0,"master_deck":["theMarked:Strike+1","theMarked:Strike","theMarked:Strike","theMarked:Strike+1","theMarked:Defend","theMarked:Defend","theMarked:Defend","theMarked:Defend","theMarked:SoldierOfQuellstein","theMarked:StartUp","theMarked:EmpowerWeapon","theMarked:Seal","theMarked:ResourceFulStrike","Doubt","Regret","theMarked:EternalStudent+1","theMarked:Frustration"],"relics":["theMarked:ArtifactOfAir","Juzu Bracelet","Art of War","Whetstone","Ancient Tea Set"],"acts_visited":["Exordium"],"potions_floor_usage":[],"damage_taken":[{"damage":1.0,"enemies":"Jaw Worm","floor":1.0,"turns":5.0},{"damage":0.0,"enemies":"2 Louse","floor":3.0,"turns":2.0},{"damage":0.0,"enemies":"Small Slimes","floor":5.0,"turns":3.0},{"damage":31.0,"enemies":"Lagavulin","floor":6.0,"turns":6.0},{"damage":9.0,"enemies":"3 Louse","floor":10.0,"turns":4.0},{"damage":37,"enemies":"Gremlin Nob","floor":14,"turns":5},{"damage":44,"enemies":"Slime Boss","floor":16,"turns":6}],"seed_played":"3583512568895178561","potions_obtained":[{"floor":5.0,"key":"SteroidPotion"},{"floor":6.0,"key":"Weak Potion"},{"floor":14,"key":"Block Potion"}],"is_trial":false,"path_per_floor":["M","?","M","$","M","E","?","?","T","M","R","?","R","E","R","B"],"character_chosen":"THE_DEFAULT","items_purchased":[],"campfire_rested":2,"item_purchase_floors":[],"current_hp_per_floor":[69,69,69,69,69,38,38,38,38,29,50,50,50,13,34,0,0],"gold":430,"neow_bonus":"THREE_CARDS","is_daily":false,"chose_seed":false,"campfire_upgraded":1,"win_rate":0.0,"timestamp":1610752773,"path_taken":["M","?","M","$","M","E","?","?","T","M","R","?","R","E","R","BOSS"],"items_purchased_type":[],"build_version":"2020-12-22","purchased_purges":0,"victory":false,"max_hp_per_floor":[70,70,70,70,70,70,70,70,70,70,70,70,70,70,70,70,70],"card_choices":[{"not_picked":["theMarked:Aftermath","theMarked:AttractMetal"],"picked":"theMarked:StartUp","floor":0.0},{"not_picked":["theMarked:RepellingDischarge","theMarked:ResourceFulStrike"],"picked":"theMarked:EmpowerWeapon","floor":1.0},{"not_picked":["theMarked:PowerFlow","theMarked:Aftermath"],"picked":"theMarked:Seal","floor":3.0},{"not_picked":["theMarked:EmpowerWeapon","theMarked:WastefulDefense","theMarked:Aftermath"],"picked":"SKIP","floor":5.0},{"not_picked":["theMarked:ChainLightning","theMarked:Aftermath"],"picked":"theMarked:ResourceFulStrike","floor":6.0},{"not_picked":["theMarked:RepellingDischarge","theMarked:HeightenedSenses"],"picked":"theMarked:EternalStudent","floor":10.0},{"not_picked":["theMarked:MuscleMemory","theMarked:WastefulDefense"],"picked":"theMarked:Frustration","floor":14}],"player_experience":395813,"relics_obtained":[{"floor":6.0,"key":"Juzu Bracelet"},{"floor":9.0,"key":"Whetstone"},{"floor":14,"key":"Ancient Tea Set"}],"event_choices":[{"cards_removed":["theMarked:Strike"],"damage_healed":0.0,"max_hp_gain":0.0,"max_hp_loss":0.0,"gold_gain":0.0,"event_name":"The Cleric","player_choice":"Card Removal","floor":2.0,"gold_loss":50.0,"damage_taken":0.0},{"damage_healed":0.0,"max_hp_gain":0.0,"max_hp_loss":0.0,"gold_gain":175.0,"event_name":"Liars Game","player_choice":"AGREE","floor":7.0,"gold_loss":0.0,"damage_taken":0.0,"cards_obtained":["Doubt"]},{"damage_healed":0.0,"max_hp_gain":0.0,"max_hp_loss":0.0,"gold_gain":0.0,"event_name":"Big Fish","player_choice":"Box","floor":8.0,"gold_loss":0.0,"damage_taken":0.0,"relics_obtained":["Art of War"],"cards_obtained":["Regret"]},{"damage_healed":0,"gold_gain":53,"player_choice":"Gained Gold","damage_taken":0,"max_hp_gain":0,"max_hp_loss":0,"event_name":"Golden Wing","floor":12,"gold_loss":0}],"is_beta":false,"boss_relics":[],"items_purged_floors":[],"is_endless":false,"potions_floor_spawned":[5,6,14],"killed_by":"Slime Boss","ascension_level":0}}