{"host":"qvl114e0jmbc6yhm","time":1610670675,"event":{"mods":["Act Like it!","BaseMod","Hermit","Highlight Path","Hubris","Jedi Mod","Marisa????????","Marked Mod","Minty Spire (QoL Compilation)","Permanent Neow","Random Character Button","Relic Sorter","Relic Stats","Replay The Spire","Shop Mod","Spicy Shops","StSLib","The Jungle","The Runesmith"],"gold_per_floor":[213,288,288,301,319,344,344,369,394,1,52,52,98,127,127,228,228,269,312,356,52,52,52,103,193,193,256,319,385,441,505,505,620,720,771,837,837,897,797,797,848,876,876,908,908,975,975,1007,1007,1013,1013,1013,791,900,912,912],"floor_reached":55,"language":"ENG","playtime":4218,"items_purged":["Strike_MRS","Defend_MRS"],"score":1659,"play_id":"993d8f0e-5ff6-4f6c-9c5d-e238dcd64530","local_time":"20210114193115","is_ascension_mode":true,"campfire_choices":[{"data":"OortCloud","floor":7.0,"key":"SMITH"},{"data":"MilkyWay","floor":12.0,"key":"SMITH"},{"data":"WitchOfGreed","floor":15,"key":"SMITH"},{"data":"CollectingQuirk","floor":23,"key":"SMITH"},{"data":"BinaryStars","floor":32,"key":"SMITH"},{"data":"AsteroidBelt","floor":40,"key":"SMITH"},{"floor":49,"key":"RECALL"},{"data":"DarkMatter","floor":52,"key":"SMITH"}],"circlet_count":0,"master_deck":["AscendersBane","Strike_MRS","Strike_MRS","Strike_MRS","Defend_MRS","Defend_MRS","Defend_MRS","MasterSpark","UpSweep","OortCloud+1","ShootTheMoon","MilkyWay+1","OrrerysSun","Flash of Steel","Flash of Steel","MilkyWay","SporeBomb","DarkMatter+1","CollectingQuirk+1","GalacticHalo","Good Instincts","Good Instincts","AlicesGift+1","BinaryStars+1","ShootingEcho","GrandCross+1","JA","OortCloud+1","AsteroidBelt+1","MilkyWay+1","Hemogenesis+1","StarBarrage","Acceleration","PowerUp+1"],"relics":["MiniHakkero","Blue Doll","hubris:OldNail","Blue Candle","Omamori","BargainBundle","Mummified Hand","ReplayTheSpireMod:TigerMarble","Bag of Preparation","hubris:TenFootPole","Black Star","Lee\u0027s Waffle","hubris:BottledHeart","Replay:Bandana","Darkstone Periapt","Centennial Puzzle","Dream Catcher","Pen Nib","Regal Pillow","Replay:Wanted Poster","Toy Ornithopter","Eternal Feather","Prayer Wheel","hubris:Icosahedron","hubris:SlimyHat","Onion Ring","SimpleLauncher","Happy Flower","Vajra","hubris:NiceRug","Strawberry","Nunchaku","Toolbox","Mango","Replay:Mystery Machine"],"acts_visited":["Exordium","TheCity","TheBeyond","TheEnding"],"potions_floor_usage":[13,16,18,19,20,28,33,38,55,55],"damage_taken":[{"damage":2.0,"enemies":"Jaw Worm","floor":1.0,"turns":3.0},{"damage":0.0,"enemies":"Cultist","floor":4.0,"turns":4.0},{"damage":0.0,"enemies":"Small Slimes","floor":5.0,"turns":4.0},{"damage":6.0,"enemies":"Gremlin Nob","floor":6.0,"turns":5.0},{"damage":2.0,"enemies":"3 Sentries","floor":8.0,"turns":8.0},{"damage":0.0,"enemies":"Lagavulin","floor":11.0,"turns":5.0},{"damage":3,"enemies":"Gremlin Nob","floor":13,"turns":4},{"damage":0,"enemies":"Blue Slaver","floor":14,"turns":2},{"damage":0,"enemies":"Slime Boss","floor":16,"turns":8},{"damage":16,"enemies":"2 Thieves","floor":18,"turns":4},{"damage":0,"enemies":"3 Byrds","floor":19,"turns":5},{"damage":26,"enemies":"Centurion and Healer","floor":20,"turns":7},{"damage":0,"enemies":"Slavers","floor":24,"turns":9},{"damage":0,"enemies":"Snecko","floor":27,"turns":4},{"damage":0,"enemies":"Gremlin Leader","floor":28,"turns":6},{"damage":0,"enemies":"Snake Plant","floor":29,"turns":3},{"damage":0,"enemies":"Centurion and Healer","floor":30,"turns":3},{"damage":0,"enemies":"Replay:Snechameleon","floor":31,"turns":5},{"damage":0,"enemies":"Champ","floor":33,"turns":11},{"damage":0,"enemies":"3 Darklings","floor":35,"turns":6},{"damage":0,"enemies":"Orb Walker","floor":36,"turns":2},{"damage":0,"enemies":"3 Darklings","floor":38,"turns":5},{"damage":0,"enemies":"Nemesis","floor":41,"turns":3},{"damage":0,"enemies":"Sphere and 2 Shapes","floor":42,"turns":4},{"damage":0,"enemies":"Transient","floor":44,"turns":5},{"damage":0,"enemies":"R_Hoarder","floor":46,"turns":3},{"damage":0,"enemies":"Maw","floor":48,"turns":3},{"damage":0,"enemies":"Replay:Hell Engine","floor":50,"turns":9},{"damage":0,"enemies":"hubris:Merchant","floor":53,"turns":2},{"damage":0,"enemies":"Shield and Spear","floor":54,"turns":2},{"damage":2,"enemies":"The Heart","floor":55,"turns":8}],"seed_played":"7837920836813117719","potions_obtained":[{"floor":1.0,"key":"SteroidPotion"},{"floor":5.0,"key":"ColorlessPotion"},{"floor":11.0,"key":"LiquidMemories"},{"floor":13,"key":"SkillPotion"},{"floor":18,"key":"BottledSpark"},{"floor":18,"key":"EssenceOfSteel"},{"floor":24,"key":"FearPotion"},{"floor":27,"key":"Fire Potion"},{"floor":28,"key":"BottledSpark"},{"floor":30,"key":"Energy Potion"},{"floor":33,"key":"AttackPotion"},{"floor":38,"key":"DuplicationPotion"}],"is_trial":false,"path_per_floor":["M","?","?","M","M","E","R","E","T","$","E","R","E","M","R","B",null,"M","M","M","$","?","R","E","?","T","M","E","M","M","E","R","B",null,"M","M","?","M","NS","R","E","M","T","M","?","E","?","M","R","B",null,"R","$","E","B"],"character_chosen":"MARISA","items_purchased":["BargainBundle","Mummified Hand","Flash of Steel","MilkyWay","SporeBomb","Weak Potion","Adrenaline Potion","WitchOfGreed","ReplayTheSpireMod:TigerMarble","Lee\u0027s Waffle","Good Instincts","SimpleLauncher","Happy Flower","StarBarrage","Vajra"],"campfire_rested":0,"item_purchase_floors":[10,10,10,10,10,10,10,10,10,21,21,53,53,53,53],"current_hp_per_floor":[61,50,50,50,50,44,44,42,42,42,42,42,39,39,39,39,62,46,46,20,77,1,1,1,1,1,1,1,1,1,1,1,1,1,1,1,1,1,1,1,1,1,1,1,1,1,1,1,1,1,1,1,1,1,0,0],"gold":912,"neow_bonus":"HUNDRED_GOLD","is_daily":false,"chose_seed":false,"campfire_upgraded":7,"win_rate":0.0,"timestamp":1610670675,"path_taken":["M","?","?","M","M","E","R","E","T","$","E","R","E","?","R","BOSS","M","M","M","$","?","R","E","?","T","M","E","?","M","E","R","BOSS","M","M","?","M","NS","R","E","?","T","M","?","E","?","M","R","BOSS","R","$","E","BOSS"],"items_purchased_type":["Relic","Relic","Card","Card","Card","Potion","Potion","Card","Relic","Relic","Card","Relic","Relic","Card","Relic"],"build_version":"2020-12-22","purchased_purges":2,"victory":false,"max_hp_per_floor":[70,70,70,70,70,70,70,70,70,70,70,70,70,70,70,70,70,70,70,70,77,1,1,1,1,1,1,1,1,1,1,1,1,1,1,1,1,1,1,1,1,1,1,1,1,1,1,1,1,1,1,1,1,1,1,1],"relic_stats":{"Darkstone Periapt":0,"Lee\u0027s Waffle":57,"Regal Pillow":0,"Happy Flower":[4],"counters":[31,152],"Blue Candle":[0],"Eternal Feather":0,"Pen Nib":[13],"Bag of Preparation":[50],"Centennial Puzzle":[0],"Dream Catcher":0,"Nunchaku":[2],"Mummified Hand":[78],"Prayer Wheel":2,"Black Star":6,"obtain_stats":[{"Darkstone Periapt":24,"Regal Pillow":31,"Vajra":53,"Blue Doll":3,"Mango":54,"Bag of Preparation":11,"hubris:SlimyHat":46,"Replay:Mystery Machine":54,"Replay:Wanted Poster":34,"Replay:Bandana":24,"Centennial Puzzle":28,"Dream Catcher":28,"Nunchaku":53,"hubris:Icosahedron":45,"Mummified Hand":10,"Strawberry":53,"Toolbox":53,"Prayer Wheel":43,"SimpleLauncher":53,"BargainBundle":10,"Lee\u0027s Waffle":21,"Happy Flower":53,"Blue Candle":8,"Eternal Feather":41,"Pen Nib":31,"Omamori":9,"hubris:BottledHeart":22,"Onion Ring":46,"ReplayTheSpireMod:TigerMarble":10,"hubris:TenFootPole":13,"Black Star":17,"MiniHakkero":0,"hubris:OldNail":6,"Toy Ornithopter":41,"hubris:NiceRug":53},{"Darkstone Periapt":13,"Regal Pillow":18,"Vajra":28,"Blue Doll":1,"Mango":30,"Bag of Preparation":6,"hubris:SlimyHat":26,"Replay:Mystery Machine":30,"Replay:Wanted Poster":19,"Replay:Bandana":13,"Centennial Puzzle":15,"Dream Catcher":15,"Nunchaku":29,"hubris:Icosahedron":25,"Mummified Hand":5,"Strawberry":29,"Toolbox":29,"Prayer Wheel":24,"SimpleLauncher":28,"BargainBundle":5,"Lee\u0027s Waffle":12,"Happy Flower":28,"Blue Candle":5,"Eternal Feather":23,"Pen Nib":18,"Omamori":5,"hubris:BottledHeart":12,"Onion Ring":26,"ReplayTheSpireMod:TigerMarble":5,"hubris:TenFootPole":7,"Black Star":9,"MiniHakkero":0,"hubris:OldNail":4,"Toy Ornithopter":23,"hubris:NiceRug":29},{"Darkstone Periapt":68,"Regal Pillow":89,"Vajra":140,"Blue Doll":3,"Mango":144,"Bag of Preparation":29,"hubris:SlimyHat":128,"Replay:Mystery Machine":144,"Replay:Wanted Poster":100,"Replay:Bandana":68,"Centennial Puzzle":78,"Dream Catcher":78,"Nunchaku":142,"hubris:Icosahedron":125,"Mummified Hand":24,"Strawberry":142,"Toolbox":142,"Prayer Wheel":120,"SimpleLauncher":140,"BargainBundle":24,"Lee\u0027s Waffle":59,"Happy Flower":140,"Blue Candle":24,"Eternal Feather":116,"Pen Nib":89,"Omamori":24,"hubris:BottledHeart":59,"Onion Ring":128,"ReplayTheSpireMod:TigerMarble":24,"hubris:TenFootPole":33,"Black Star":43,"MiniHakkero":0,"hubris:OldNail":16,"Toy Ornithopter":116,"hubris:NiceRug":142}],"Toy Ornithopter":0},"card_choices":[{"not_picked":["Occultation","GalacticHalo"],"picked":"OortCloud","floor":1.0},{"not_picked":["GalacticHalo","BlazeAway","PulseMagic"],"picked":"SKIP","floor":4.0},{"not_picked":["EnergyRecoil","DragonMeteor"],"picked":"ShootTheMoon","floor":5.0},{"not_picked":["PowerUp","MagicChant"],"picked":"MilkyWay","floor":6.0},{"not_picked":["StarlightTyphoon","MagicChant"],"picked":"OrrerysSun","floor":8.0},{"not_picked":["DoubleSpark","ShootTheMoon"],"picked":"DarkMatter","floor":11.0},{"not_picked":["UnstableBomb","LuminesStrike","SuperNova"],"picked":"SKIP","floor":13},{"not_picked":["ShootingEcho","MagicChant","DoubleSpark"],"picked":"SKIP","floor":14},{"not_picked":["StarDustReverie","ManaRampage"],"picked":"CollectingQuirk","floor":16},{"not_picked":["MilkyWay+1","AsteroidBelt"],"picked":"GalacticHalo","floor":18},{"not_picked":["WitchOfGreed","FairyDestructionRay","ManaConvection"],"picked":"SKIP","floor":19},{"not_picked":["WitchLeyline","StarlightTyphoon","IllusionStar"],"picked":"SKIP","floor":20},{"not_picked":["GalacticHalo","MagicChant+1"],"picked":"AlicesGift+1","floor":24},{"not_picked":["6A","AsteroidBelt"],"picked":"BinaryStars","floor":25},{"not_picked":["PowerUp","MysteriousBeam"],"picked":"ShootingEcho","floor":27},{"not_picked":["MagicChant","6A"],"picked":"GrandCross+1","floor":28},{"not_picked":["NonDirectionalLaser","SporeBomb","IllusionStar"],"picked":"SKIP","floor":29},{"not_picked":["6A","UnstableBomb+1","DC"],"picked":"SKIP","floor":30},{"not_picked":["FairyDestructionRay","FinalSpark"],"picked":"JA","floor":31},{"not_picked":["SuperNova","UltimateShortwave"],"picked":"CasketOfStar","floor":33},{"not_picked":["DoubleSpark+1","IllusionStar","MeteoricShower+1"],"picked":"SKIP","floor":35},{"not_picked":["MysteriousBeam","AlicesGift"],"picked":"NonDirectionalLaser+1","floor":36},{"not_picked":["GrandCross","ShootingEcho"],"picked":"AsteroidBelt","floor":38},{"not_picked":["MysteriousBeam","SporeBomb","StarlightTyphoon"],"picked":"SKIP","floor":41},{"not_picked":["GalacticHalo+1","WitchLeyline+1","BigCrunch"],"picked":"SKIP","floor":42},{"not_picked":["MysteriousBeam","6A"],"picked":"MilkyWay+1","floor":44},{"not_picked":["MysteriousBeam","GalacticHalo","EnergyRecoil"],"picked":"SKIP","floor":44},{"not_picked":["MilkyWay","MachineGunSpark","GalacticHalo"],"picked":"SKIP","floor":46},{"not_picked":["MaximisePower","DoubleSpark","Robbery"],"picked":"SKIP","floor":48},{"not_picked":["ManaConvection","GrandCross+1","NonDirectionalLaser"],"picked":"SKIP","floor":48},{"not_picked":[],"picked":"Acceleration","floor":53},{"not_picked":[],"picked":"PowerUp+1","floor":53},{"not_picked":["ShootingEcho"],"picked":"SKIP","floor":53},{"not_picked":["OrrerysSun"],"picked":"SKIP","floor":53},{"not_picked":["Swift Strike"],"picked":"SKIP","floor":53},{"not_picked":["Secret Weapon"],"picked":"SKIP","floor":53},{"not_picked":["Acceleration","6A","EarthLightRay"],"picked":"SKIP","floor":54}],"player_experience":2447782,"relics_obtained":[{"floor":6.0,"key":"hubris:OldNail"},{"floor":8.0,"key":"Blue Candle"},{"floor":9.0,"key":"Omamori"},{"floor":11.0,"key":"Bag of Preparation"},{"floor":13,"key":"hubris:TenFootPole"},{"floor":24,"key":"Replay:Bandana"},{"floor":24,"key":"Darkstone Periapt"},{"floor":28,"key":"Centennial Puzzle"},{"floor":28,"key":"Dream Catcher"},{"floor":31,"key":"Pen Nib"},{"floor":31,"key":"Regal Pillow"},{"floor":41,"key":"Toy Ornithopter"},{"floor":41,"key":"Eternal Feather"},{"floor":43,"key":"Prayer Wheel"},{"floor":46,"key":"hubris:SlimyHat"},{"floor":46,"key":"Onion Ring"},{"floor":53,"key":"Strawberry"},{"floor":53,"key":"Nunchaku"},{"floor":53,"key":"Toolbox"},{"floor":54,"key":"Mango"},{"floor":54,"key":"Replay:Mystery Machine"}],"event_choices":[{"damage_healed":0.0,"max_hp_gain":0.0,"max_hp_loss":0.0,"gold_gain":75.0,"event_name":"World of Goop","player_choice":"Gather Gold","floor":2.0,"gold_loss":0.0,"damage_taken":11.0},{"damage_healed":0.0,"max_hp_gain":0.0,"max_hp_loss":0.0,"gold_gain":0.0,"event_name":"WeMeetAgain","player_choice":"Gave Potion","floor":3.0,"gold_loss":0.0,"damage_taken":0.0,"relics_obtained":["Blue Doll"]},{"damage_healed":0,"gold_gain":0,"player_choice":"Copied","damage_taken":0,"max_hp_gain":0,"max_hp_loss":0,"event_name":"Duplicator","floor":37,"gold_loss":0,"cards_obtained":["OortCloud"]},{"cards_removed":["CasketOfStar"],"damage_healed":0,"gold_gain":0,"player_choice":"Took Card","damage_taken":0,"max_hp_gain":0,"max_hp_loss":0,"event_name":"NoteForYourself","floor":47,"gold_loss":0,"cards_obtained":["Hemogenesis"]}],"is_beta":false,"boss_relics":[{"not_picked":["Astrolabe","Painkiller Herb"],"picked":"Black Star"},{"not_picked":["Sozu","RampagingMagicTools"],"picked":"Replay:Wanted Poster"}],"items_purged_floors":[10,21],"is_endless":false,"potions_floor_spawned":[1,5,11,13,18,24,27,28,38,44,46,48],"killed_by":"The Heart","ascension_level":14}}