{"host":"2hlhnd4tei6r1t0s","time":1610672946,"event":{"mods":["100% Spire Juice","ATMod(阿瑾Mod)","Act Like it!","Arknights The Spire","Aspiration","Astrologer","Bard","BaseMod","Dota2Spire","Downfall","Energized Spire","Evolution","Gensokyo","Gremlin Mod","Hallownest","Hermit","HumanHunterMod(怪物杀人mod)","Jedi Mod","Jorbs\u0027s Wanderer Trilogy","KinomotoSakuraMod(木之本樱)","Koishi","Luminous","Mari Mod (Legacy)","Mari\u0027s V1 Patch","Minty Spire (QoL Compilation)","MostiFishMod","Pale of the Ancients","Potionbrewer","Prisma Mod","Quick Restart","Reimu（博丽灵梦）","Replay The Spire","Robot Space Explorer","RumiaBox-露米娅的神秘盒子","Spicy Shops","StSLib","TestMod","The Administrix","The Alterego","The Animator","The Blackbeard","The Construct","The Cursed","The Forsaken","The Gatherer","The Hayseed","The Marked","The Mystic","The Poker Player","The Runesmith","The Saiyan","The Showman","TheHeartMod","TheWitcher","Uncapped","WarShipGirlsR/战舰少女R mod","Yakumo Yukari mod","Yuyuko","[GremlinLeader]The Maniac","[IsaacMod]以撒尖塔","noobMod","vexMod","【功能Mod】混沌之环修复补丁","【功能Mod】聪明的最终Boss","【遗物卡牌】REMEMod","残留之物"],"gold_per_floor":[10000000,10000000,10000018,9998556,9998556,9998591,9997200,9997200,9997200,9997219,9997233,9997252,9997212,9997227,9997227,9997331,9995931,9995941,9994472,9994489,9992861,9993089,9993089,9993091,9993091],"floor_reached":24,"language":"ZHS","playtime":1663,"items_purged":["astrologer:TheWorld","RobotSpaceExplorer:Defend","Shame","MostiFishMod:Pointsdynamics","RobotSpaceExplorer:Defend"],"score":396,"play_id":"927317c0-f935-418f-8c99-10e2755f20d5","local_time":"20210115090906","is_ascension_mode":false,"campfire_choices":[{"data":"AT_KingSlayer","floor":15,"key":"SMITH"},{"data":"AT_KingSlayer","floor":23,"key":"SMITH"}],"circlet_count":0,"master_deck":["RobotSpaceExplorer:Strike","RobotSpaceExplorer:Strike","RobotSpaceExplorer:Strike","RobotSpaceExplorer:Defend","RobotSpaceExplorer:Scan","RobotSpaceExplorer:MiniLasers","AT_KingSlayer+1","EpicFetus","Gremlin:SecondVolley","RobotSpaceExplorer:SurgingStrike","RobotSpaceExplorer:ScrapMissile","RobotSpaceExplorer:StarLightning","RobotSpaceExplorer:ImprovisedAttack+1","RobotSpaceExplorer:Smokescreen","testmod-AdversityCounterattack","testmod-Dream","testmod-PowerStrike","RobotSpaceExplorer:BigMissile","RobotSpaceExplorer:LaserBurst","RobotSpaceExplorer:Blitz+1","RobotSpaceExplorer:PowerCollector","MostiFishMod:KingOfFree","RobotSpaceExplorer:ScrapMissile","RobotSpaceExplorer:Blitz","RobotSpaceExplorer:ShovelStrike","AT_KingSlayer+1","RobotSpaceExplorer:Blitz","RobotSpaceExplorer:Blitz+1","testmod-RabbitOfFibonacci","RobotSpaceExplorer:StarLightning+1","RobotSpaceExplorer:Comet","RobotSpaceExplorer:ShovelStrike+1","RobotSpaceExplorer:Explosion","RobotSpaceExplorer:ScrapToss","RobotSpaceExplorer:ScrapToss","RobotSpaceExplorer:TrailblazerForm","RobotSpaceExplorer:SurgingStrike+1"],"relics":["RobotSpaceExplorer:RoboCore","EVO:Axolotl","ice","testmod-TestBox","DaveBox","HushsDoor","AT_ATBox","Leech","RhineSuit","testmod-HeartOfStrike","NeowsBlessing","SynthV:TestCard","Ring of Fury","Ring of Searing","BFFS","Matryoshka","Dota2Spire:ArcaneBoots","ReplayTheSpireMod:ShopPack","aspiration:SeaSaltIceCream","REME_ComplimentaryCards","Replay:Bottled Snecko","REME_ComplimentaryCards","Regal Pillow","RobotSpaceExplorer:ClockworkSextant","testmod-FatalChain","testmod-Faith","Vajra","DianDianMeat","BargainBundle","Ccalipers","testmod-EqualTreatment","PaintedHorse:ReiMu","SynthV:MejaisSoulstealer","Pocketwatch","aspiration:HiddenCompartment","REME_CardOfGreed","Dota2Spire:MonkeyKingBar","Dota2Spire:LotusOrb","vexMod:TimeEaterHat","BirthdayGift-Tetrahedron","Runesmith:Nanobots","Dota2Spire:MaskOfMadness","potionbrewer:WarMedal","Anchor","vexMod:GhostlyGear","Quantum Egg"],"acts_visited":["Exordium","TheCity"],"potions_floor_usage":[],"damage_taken":[{"damage":0,"enemies":"Jaw Worm","floor":1,"turns":1},{"damage":0,"enemies":"Small Slimes","floor":3,"turns":1},{"damage":0,"enemies":"Gremlin Nob","floor":6,"turns":1},{"damage":23,"enemies":"2 Louse","floor":10,"turns":3},{"damage":27,"enemies":"Looter","floor":11,"turns":4},{"damage":40,"enemies":"2 Fungi Beasts","floor":12,"turns":6},{"damage":52,"enemies":"3 Louse","floor":14,"turns":6},{"damage":75,"enemies":"Hexaghost","floor":16,"turns":7},{"damage":37,"enemies":"Spheric Guardian","floor":18,"turns":4},{"damage":5,"enemies":"3 Byrds","floor":20,"turns":3},{"damage":2,"enemies":"Centurion and Healer","floor":24,"turns":2}],"seed_played":"2732862157358246583","potions_obtained":[{"floor":11,"key":"Swift Potion"},{"floor":12,"key":"Elixir"},{"floor":14,"key":"champ:CounterPotion"}],"is_trial":false,"path_per_floor":["M","?","M","$","?","E","$","?","T","M","M","M","?","M","R","B",null,"M","$","M","$","?","R","M"],"character_chosen":"RobotSpaceExplorer","items_purchased":["BFFS","Matryoshka","Dota2Spire:ArcaneBoots","ReplayTheSpireMod:ShopPack","RobotSpaceExplorer:StarLightning","RobotSpaceExplorer:ImprovisedAttack+1","aspiration:SeaSaltIceCream","RobotSpaceExplorer:Smokescreen","Replay:Bottled Snecko","RobotSpaceExplorer:ClockworkSextant","testmod-FatalChain","testmod-Faith","Vajra","DianDianMeat","BargainBundle","RobotSpaceExplorer:LaserBurst","RobotSpaceExplorer:Blitz+1","RobotSpaceExplorer:PowerCollector","MostiFishMod:KingOfFree","Pocketwatch","aspiration:HiddenCompartment","REME_CardOfGreed","Dota2Spire:MonkeyKingBar","Dota2Spire:LotusOrb","vexMod:TimeEaterHat","testmod-RabbitOfFibonacci","RobotSpaceExplorer:StarLightning+1","RobotSpaceExplorer:Comet","BirthdayGift-Tetrahedron","Runesmith:Nanobots","Dota2Spire:MaskOfMadness","potionbrewer:WarMedal","Anchor","vexMod:GhostlyGear","RobotSpaceExplorer:Explosion","RobotSpaceExplorer:ScrapToss"],"campfire_rested":0,"item_purchase_floors":[4,4,4,4,4,4,4,4,4,7,7,7,7,7,7,7,7,7,7,19,19,19,19,19,19,19,19,19,21,21,21,21,21,21,21,21],"current_hp_per_floor":[75,75,75,75,75,75,85,85,85,68,52,26,26,104,104,47,141,117,171,186,240,208,208,209,209],"gold":9993091,"neow_bonus":"THREE_ENEMY_KILL","is_daily":false,"chose_seed":false,"campfire_upgraded":2,"win_rate":0.0,"timestamp":1610672946,"path_taken":["M","?","M","$","?","E","$","?","T","M","M","?","?","M","R","BOSS","M","$","M","$","?","R","M"],"items_purchased_type":["Relic","Relic","Relic","Relic","Card","Card","Relic","Card","Relic","Relic","Relic","Relic","Relic","Relic","Relic","Card","Card","Card","Card","Relic","Relic","Relic","Relic","Relic","Relic","Card","Card","Card","Relic","Relic","Relic","Relic","Relic","Relic","Card","Card"],"build_version":"2020-12-22","purchased_purges":5,"victory":false,"max_hp_per_floor":[75,75,75,75,75,75,85,85,85,90,96,103,103,121,121,141,141,155,209,240,294,335,335,336,336],"card_choices":[{"not_picked":[],"picked":"EpicFetus","floor":0},{"not_picked":["RobotSpaceExplorer:Smokescreen","RobotSpaceExplorer:FreezeRay"],"picked":"RobotSpaceExplorer:SurgingStrike","floor":1},{"not_picked":["RobotSpaceExplorer:Fix","RobotSpaceExplorer:ImprovisedAttack","RobotSpaceExplorer:DualCore","RobotSpaceExplorer:SwiftStep"],"picked":"RobotSpaceExplorer:ScrapMissile","floor":3},{"not_picked":["Midas Touch","Thinking Ahead","testmod-PulseDistributor","Master of Strategy"],"picked":"testmod-AdversityCounterattack","floor":4},{"not_picked":["expansioncontent:GuardianWhirl","Replay:SS_fish_2","expansioncontent:AwakenDeath","ReplayUltimateDefense"],"picked":"testmod-Dream","floor":4},{"not_picked":["Replay:SS_fish_3","testmod-BloodShelter","Impatience","Discovery"],"picked":"testmod-PowerStrike","floor":4},{"not_picked":["RobotSpaceExplorer:TurboDodge","RobotSpaceExplorer:Pulsar","RobotSpaceExplorer:LuckyStrike","RobotSpaceExplorer:FranticSearch"],"picked":"RobotSpaceExplorer:BigMissile","floor":6},{"not_picked":["RobotSpaceExplorer:StunGrenade","RobotSpaceExplorer:Discharger","RobotSpaceExplorer:Electropulse","RobotSpaceExplorer:RigExplosive"],"picked":"RobotSpaceExplorer:ScrapMissile","floor":10},{"not_picked":["RobotSpaceExplorer:FrostMissile","RobotSpaceExplorer:SurgingStrike","RobotSpaceExplorer:Ammunition","RobotSpaceExplorer:PlasmaMissile"],"picked":"RobotSpaceExplorer:Blitz","floor":11},{"not_picked":["RobotSpaceExplorer:SurgingShield","RobotSpaceExplorer:Pulsar","Bomb","RobotSpaceExplorer:RigExplosive"],"picked":"RobotSpaceExplorer:ShovelStrike","floor":12},{"not_picked":["RobotSpaceExplorer:Ammunition","RobotSpaceExplorer:Pulsar","RobotSpaceExplorer:SlimeMissile","RobotSpaceExplorer:Comet"],"picked":"RobotSpaceExplorer:Blitz","floor":14},{"not_picked":["RobotSpaceExplorer:Accelerator","RobotSpaceExplorer:Scanner","RobotSpaceExplorer:ShockMissile","RobotSpaceExplorer:Autoloader"],"picked":"RobotSpaceExplorer:Exploration","floor":16},{"not_picked":["RobotSpaceExplorer:TurboDodge","RobotSpaceExplorer:MiniDrones","RobotSpaceExplorer:ShovelStrike","RobotSpaceExplorer:ShockKick"],"picked":"RobotSpaceExplorer:Blitz+1","floor":18},{"not_picked":["RobotSpaceExplorer:Pulsar","RobotSpaceExplorer:MiniDrones","RobotSpaceExplorer:FranticSearch","RobotSpaceExplorer:GlueShot"],"picked":"RobotSpaceExplorer:ShovelStrike+1","floor":20},{"not_picked":["RobotSpaceExplorer:SlimeMissile","RobotSpaceExplorer:ShockKick","RobotSpaceExplorer:Probe","RobotSpaceExplorer:ToxicBomb"],"picked":"RobotSpaceExplorer:TrailblazerForm","floor":22},{"not_picked":["RobotSpaceExplorer:ScrapShield","RobotSpaceExplorer:Ammunition","RobotSpaceExplorer:MiniDrones","RobotSpaceExplorer:Electropulse"],"picked":"RobotSpaceExplorer:SurgingStrike+1","floor":22}],"player_experience":90892,"relics_obtained":[{"floor":1,"key":"SynthV:TestCard"},{"floor":2,"key":"Ring of Fury"},{"floor":2,"key":"Ring of Searing"},{"floor":6,"key":"Regal Pillow"},{"floor":9,"key":"Ccalipers"},{"floor":9,"key":"testmod-EqualTreatment"},{"floor":22,"key":"Quantum Egg"}],"event_choices":[{"damage_healed":0,"gold_gain":0,"player_choice":"Swap Relic","damage_taken":0,"relics_obtained":["REME_ComplimentaryCards"],"max_hp_gain":0,"max_hp_loss":0,"event_name":"给自己的盒子","floor":5,"relics_lost":["REME_ComplimentaryCards"],"gold_loss":0},{"damage_healed":0,"gold_gain":0,"player_choice":"Ignored","damage_taken":0,"max_hp_gain":0,"max_hp_loss":0,"event_name":"PokerPlayerMod:ExordiumClub","floor":8,"gold_loss":0},{"damage_healed":0,"gold_gain":0,"player_choice":"塞钱","damage_taken":0,"relics_obtained":["PaintedHorse:ReiMu"],"max_hp_gain":0,"max_hp_loss":0,"event_name":"yidonshenshe","floor":13,"gold_loss":40}],"is_beta":false,"boss_relics":[{"not_picked":["aspiration:RunicSpoon","Calling Bell"],"picked":"SynthV:MejaisSoulstealer"},{"not_picked":[]}],"items_purged_floors":[4,7,19,19,21],"is_endless":false,"potions_floor_spawned":[11,12,14,16,18],"killed_by":"Centurion and Healer","ascension_level":0}}