{"host":"8i4doyxqctgl5qb0","time":1610681593,"event":{"mods":["AchievementEnabler","BaseMod","Block Reminder","Colored Powertips","Downfall","Minty Spire (QoL Compilation)","Permanent Neow","Potion Indicator Mod","Rare Cards Sparkle","StSLib","SuperFastMode","The Jungle"],"gold_per_floor":[10,25,45,45,63,63,63,63,63,79,93,106,2,60,60,163,163,179,179,196,10,10,10,28,28,28,28,28,44,44,44],"floor_reached":30,"language":"ZHS","playtime":654,"items_purged":[],"score":369,"play_id":"7e279ebf-e056-47ec-8d60-6798771989f1","local_time":"20210115113313","is_ascension_mode":true,"campfire_choices":[{"data":"Loop","floor":6.0,"key":"SMITH"},{"data":"Zap","floor":8.0,"key":"SMITH"},{"floor":15.0,"key":"REST"},{"data":"Static Discharge","floor":23,"key":"SMITH"}],"circlet_count":0,"master_deck":["AscendersBane","Defend_B","Defend_B","Defend_B","Defend_B","Zap+1","Dualcast","Conserve Battery","Loop+1","Undo","BootSequence","Ball Lightning","Auto Shields","Static Discharge+1","Leap","Amplify","Force Field","Storm","Chaos","Bite","Bite","Bite","Bite","Bite","Blizzard","J.A.X.","Leap"],"relics":["FrozenCore","Bottled Tornado","Matryoshka","PreservedInsect","Vajra","Bronze Scales","Strawberry","Incense Burner"],"acts_visited":["Exordium","TheCity"],"potions_floor_usage":[30],"damage_taken":[{"damage":1.0,"enemies":"Cultist","floor":1.0,"turns":4.0},{"damage":3.0,"enemies":"2 Louse","floor":2.0,"turns":3.0},{"damage":7.0,"enemies":"Jaw Worm","floor":3.0,"turns":4.0},{"damage":10.0,"enemies":"Blue Slaver","floor":5.0,"turns":4.0},{"damage":13.0,"enemies":"Exordium Wildlife","floor":10.0,"turns":6.0},{"damage":6.0,"enemies":"Looter","floor":11.0,"turns":3.0},{"damage":10.0,"enemies":"Gremlin Gang","floor":12.0,"turns":5.0},{"damage":16.0,"enemies":"Lagavulin Event","floor":14.0,"turns":5.0},{"damage":22.0,"enemies":"Hexaghost","floor":16.0,"turns":10.0},{"damage":10,"enemies":"Shell Parasite","floor":18,"turns":7},{"damage":13,"enemies":"Spheric Guardian","floor":20,"turns":7},{"damage":24,"enemies":"Centurion and Healer","floor":24,"turns":8},{"damage":18,"enemies":"Snake Plant","floor":29,"turns":3},{"damage":35,"enemies":"Cultist and Chosen","floor":30,"turns":6}],"seed_played":"-5192683102137696245","potions_obtained":[{"floor":5.0,"key":"PotionOfCapacity"},{"floor":10.0,"key":"GamblersBrew"},{"floor":16.0,"key":"Swift Potion"}],"is_trial":false,"path_per_floor":["M","M","M","?","M","R","?","R","T","M","M","M","$","?","R","B",null,"M","?","M","$","?","R","M","?","T","T","$","M","M"],"character_chosen":"DEFECT","items_purchased":["Auto Shields","Static Discharge","PreservedInsect","Chaos"],"campfire_rested":1,"item_purchase_floors":[13,13,21,21],"current_hp_per_floor":[81,78,71,71,61,61,61,61,61,48,42,32,32,16,42,20,72,62,62,49,49,49,49,33,33,33,40,40,24,0,0],"gold":44,"neow_bonus":"TWENTY_PERCENT_HP_BONUS","is_daily":false,"chose_seed":false,"campfire_upgraded":3,"win_rate":0.0,"timestamp":1610681593,"path_taken":["M","M","M","?","M","R","?","R","T","M","?","?","$","?","R","BOSS","M","?","M","$","?","R","M","?","T","?","?","?","?"],"items_purchased_type":["Card","Card","Relic","Card"],"build_version":"2020-12-22","purchased_purges":0,"victory":false,"max_hp_per_floor":[89,89,89,89,89,89,89,89,89,89,89,89,89,89,89,89,89,89,89,89,89,62,62,62,62,62,69,69,69,69,69],"card_choices":[{"not_picked":["Leap","Ball Lightning"],"picked":"Conserve Battery","floor":1.0},{"not_picked":["Compile Driver","Streamline"],"picked":"Loop","floor":2.0},{"not_picked":["Rebound","Compile Driver","Beam Cell"],"picked":"SKIP","floor":3.0},{"not_picked":["Steam Power","Redo"],"picked":"Undo","floor":5.0},{"not_picked":["Cold Snap","Reprogram","Barrage"],"picked":"SKIP","floor":10.0},{"not_picked":["Glacier","Recycle"],"picked":"BootSequence","floor":11.0},{"not_picked":["Beam Cell","Sweeping Beam"],"picked":"Ball Lightning","floor":12.0},{"not_picked":["Reprogram","Stack"],"picked":"Leap","floor":14.0},{"not_picked":["Meteor Strike","Thunder Strike"],"picked":"Amplify","floor":16.0},{"not_picked":["Genetic Algorithm","Beam Cell","Rip and Tear+1"],"picked":"SKIP","floor":18},{"not_picked":["Recycle","Stack"],"picked":"Storm","floor":20},{"not_picked":["Ball Lightning","Hologram+1"],"picked":"Blizzard","floor":24},{"not_picked":["Cold Snap","Reprogram+1"],"picked":"Leap","floor":29}],"player_experience":188968,"relics_obtained":[{"floor":9.0,"key":"Bottled Tornado"},{"floor":14.0,"key":"Matryoshka"},{"floor":26,"key":"Vajra"},{"floor":26,"key":"Bronze Scales"},{"floor":27,"key":"Strawberry"},{"floor":27,"key":"Incense Burner"}],"event_choices":[{"damage_healed":0.0,"max_hp_gain":0.0,"max_hp_loss":0.0,"gold_gain":0.0,"event_name":"The Cleric","player_choice":"Leave","floor":4.0,"gold_loss":0.0,"damage_taken":0.0},{"damage_healed":0.0,"max_hp_gain":0.0,"max_hp_loss":0.0,"gold_gain":0.0,"event_name":"The Woman in Blue","player_choice":"Bought 0 Potions","floor":7.0,"gold_loss":0.0,"damage_taken":0.0},{"damage_healed":0.0,"max_hp_gain":0.0,"max_hp_loss":0.0,"gold_gain":0.0,"event_name":"Dead Adventurer","player_choice":"Searched \u00271\u0027 times","floor":14.0,"gold_loss":0.0,"damage_taken":0.0},{"damage_healed":0,"gold_gain":0,"player_choice":"Read","damage_taken":0,"max_hp_gain":0,"max_hp_loss":0,"event_name":"The Library","floor":19,"gold_loss":0,"cards_obtained":["Force Field"]},{"damage_healed":0,"gold_gain":0,"player_choice":"Became a vampire","damage_taken":0,"max_hp_gain":0,"max_hp_loss":27,"event_name":"Vampires","floor":22,"gold_loss":0,"cards_obtained":["Bite","Bite","Bite","Bite","Bite"]},{"damage_healed":0,"gold_gain":0,"player_choice":"Obtain J.A.X.","damage_taken":0,"max_hp_gain":0,"max_hp_loss":0,"event_name":"Drug Dealer","floor":25,"gold_loss":0,"cards_obtained":["J.A.X."]}],"is_beta":false,"boss_relics":[{"not_picked":["Runic Pyramid","SlaversCollar"],"picked":"FrozenCore"}],"items_purged_floors":[],"is_endless":false,"potions_floor_spawned":[5,10,12,16,20,24],"killed_by":"Cultist and Chosen","ascension_level":11}}