{"host":"0m7uut7ws4kj19nt","time":1610725263,"event":{"mods":["AchievementEnabler","BaseMod","Downfall","Minty Spire (QoL Compilation)","Replay The Spire","StSLib"],"gold_per_floor":[99,111,130,150,200,215,215,215,215,74,105,105,122,156,167,263,263,263,263,274,374,386,386,435,451,451,478,478,478,478],"floor_reached":28,"language":"ENG","playtime":1719,"items_purged":["Languid"],"score":255,"play_id":"28fbe7b8-3ea1-46fb-a3a5-b79a46915608","local_time":"20210115224103","is_ascension_mode":false,"campfire_choices":[{"data":"hexamod:Float","floor":1.0,"key":"SMITH"},{"data":"hexamod:FastForward","floor":12,"key":"SMITH"},{"floor":18,"key":"DIG"},{"floor":26,"key":"REST"}],"circlet_count":0,"master_deck":["hexamod:Strike","hexamod:Strike","hexamod:Strike","hexamod:Strike","hexamod:Defend+1","hexamod:Defend+1","hexamod:Defend+1","hexamod:Sear","hexamod:Float+1","hexamod:FastForward+1","hexamod:Rewind","hexamod:SpectersWail","hexamod:GhostOfSpirePast","hexamod:BurningTouch+1","hexamod:EmpoweredFlame+1","hexamod:TimeWarp+1","hexamod:AdvancingGuard+1","hexamod:InspiringFlames","hexamod:EmpoweredFlame","ReplayTheSpireMod:IOU","hexamod:TurnItUp+1","hexamod:SwordOfDarkness","hexamod:SecondSeal","Parasite","hexamod:HauntingEcho+1","hexamod:Again","hexamod:PhantomFireball"],"relics":["hexamod:SpiritBrand","Ring of Hypnosis","Ring of Greed","Golden Egg","Smiling Mask","Counterbalance","Centennial Puzzle","Thread and Needle","Tiny Chest","Empty Cage","Replay:Bottled Eggs","Nunchaku"],"acts_visited":["Exordium","TheCity"],"potions_floor_usage":[27],"damage_taken":[{"damage":5.0,"enemies":"2 Louse","floor":2.0,"turns":4.0},{"damage":1.0,"enemies":"Small Slimes","floor":3.0,"turns":3.0},{"damage":0.0,"enemies":"Jaw Worm","floor":4.0,"turns":3.0},{"damage":0.0,"enemies":"3 Louse","floor":6.0,"turns":4.0},{"damage":0.0,"enemies":"downfall:FleeingMerchant","floor":10.0,"turns":4.0},{"damage":16,"enemies":"Lagavulin","floor":11,"turns":5},{"damage":0,"enemies":"Gremlin Gang","floor":13,"turns":3},{"damage":0,"enemies":"3 Sentries","floor":14,"turns":5},{"damage":0,"enemies":"2 Fungi Beasts","floor":15,"turns":3},{"damage":1,"enemies":"downfall:Watcher","floor":16,"turns":7},{"damage":0,"enemies":"Chosen","floor":19,"turns":1},{"damage":35,"enemies":"Snecko","floor":20,"turns":7},{"damage":24,"enemies":"Centurion and Healer","floor":22,"turns":6},{"damage":8,"enemies":"Shelled Parasite and Fungi","floor":25,"turns":4},{"damage":27,"enemies":"Sentry and Sphere","floor":27,"turns":5},{"damage":11,"enemies":"Centurion and Healer","floor":28,"turns":1}],"seed_played":"-9176076477002383593","potions_obtained":[{"floor":2.0,"key":"CultistPotion"},{"floor":6.0,"key":"SteroidPotion"},{"floor":13,"key":"hexamod:InfernoChargePotion"},{"floor":22,"key":"Slimebound:ThreeZeroPotion"}],"is_trial":false,"path_per_floor":["R","M","M","M","?","M","T","?","T","$","E","R","M","E","M","B",null,"R","M","M","?","M","?","T","M","R","M","M"],"character_chosen":"THE_SPIRIT","items_purchased":["hexamod:EmpoweredFlame"],"campfire_rested":1,"item_purchase_floors":[10],"current_hp_per_floor":[77,72,71,71,71,71,71,71,71,71,55,55,55,55,55,54,77,77,77,42,42,18,18,18,10,33,6,0,0,0],"gold":478,"neow_bonus":"TEN_PERCENT_HP_BONUS","is_daily":false,"chose_seed":false,"campfire_upgraded":2,"win_rate":0.0,"timestamp":1610725263,"path_taken":["R","M","M","M","?","M","T","?","?","$","E","R","M","E","M","BOSS","R","M","M","?","M","?","T","M","R","M","M"],"items_purchased_type":["Card"],"build_version":"2020-12-22","purchased_purges":1,"victory":false,"max_hp_per_floor":[77,77,77,77,77,77,77,77,77,77,77,77,77,77,77,77,77,77,77,77,77,77,77,77,77,77,77,77,77,77],"card_choices":[{"not_picked":["hexamod:RetreatToShadows","hexamod:EtherealExpedition"],"picked":"hexamod:FastForward","floor":2.0},{"not_picked":["hexamod:Hexaguard","hexamod:BacktrackSmack"],"picked":"hexamod:Rewind","floor":3.0},{"not_picked":["hexamod:InspiringFlames","hexamod:BacktrackSmack"],"picked":"hexamod:SpectersWail","floor":4.0},{"not_picked":["hexamod:NightmareGuise","hexamod:SpectralAdrenaline"],"picked":"hexamod:GhostOfSpirePast","floor":6.0},{"not_picked":["hexamod:GhostLash","hexamod:GhostShield"],"picked":"hexamod:BurningTouch","floor":10.0},{"not_picked":["hexamod:AdvancingGuard","hexamod:GhostLash"],"picked":"hexamod:TimeWarp","floor":11},{"not_picked":["hexamod:NightmareGuise","hexamod:Firestarter"],"picked":"hexamod:AdvancingGuard","floor":13},{"not_picked":["hexamod:GhostOfSpirePast","hexamod:FastForward"],"picked":"hexamod:InspiringFlames","floor":14},{"not_picked":["hexamod:RadiantFlame","hexamod:HeatMetal"],"picked":"hexamod:EmpoweredFlame","floor":15},{"not_picked":["hexamod:TimeWarp","hexamod:UnleashSpirits"],"picked":"hexamod:TurnItUp","floor":16},{"not_picked":["hexamod:GhostShield+1","hexamod:ShieldOfDarkness+1"],"picked":"hexamod:SwordOfDarkness","floor":19},{"not_picked":["hexamod:ShieldOfDarkness","hexamod:BurningTouch"],"picked":"hexamod:SecondSeal","floor":20},{"not_picked":["hexamod:GhostShield+1","hexamod:ShieldOfDarkness+1"],"picked":"hexamod:HauntingEcho+1","floor":22},{"not_picked":["hexamod:EtherealExpedition","hexamod:AdvancingGuard"],"picked":"hexamod:Again","floor":25},{"not_picked":["hexamod:GhostShield+1","hexamod:ShieldOfDarkness"],"picked":"hexamod:PhantomFireball","floor":27}],"player_experience":136810,"relics_obtained":[{"floor":5.0,"key":"Ring of Hypnosis"},{"floor":5.0,"key":"Ring of Greed"},{"floor":5.0,"key":"Golden Egg"},{"floor":5.0,"key":"Smiling Mask"},{"floor":7.0,"key":"Counterbalance"},{"floor":9.0,"key":"Centennial Puzzle"},{"floor":11,"key":"Thread and Needle"},{"floor":14,"key":"Tiny Chest"},{"floor":18,"key":"Replay:Bottled Eggs"},{"floor":24,"key":"Nunchaku"}],"event_choices":[{"damage_healed":0,"gold_gain":0,"player_choice":"Forge","damage_taken":0,"max_hp_gain":0,"max_hp_loss":0,"event_name":"Accursed Blacksmith","floor":23,"gold_loss":0,"cards_upgraded":["hexamod:AdvancingGuard"]}],"is_beta":false,"boss_relics":[{"not_picked":["Runic Dome","Busted Crown"],"picked":"Empty Cage"}],"items_purged_floors":[10],"is_endless":false,"potions_floor_spawned":[2,6,13,14,22,25],"killed_by":"Centurion and Healer","ascension_level":0}}