{"host":"6jtzbi9kl8x9w6dt","time":1610687813,"event":{"mods":["Act Like it!","Aspiration","BaseMod","BetterRewards","Colored Powertips","Defuse TimeMaze Blight","Downfall","Friendly Minions","Halation","Hallownest","Hermit","Hubris","Marisa????????","Mimic Mod","Minty Spire (QoL Compilation)","Prisma Mod","READ ME - Guardian Mod","StSLib","SuperFastMode","Td1madao Mod","The Animator","The Bladedancer","The Construct","The Cursed","The Disciple","The Hierophant","The Mystic","The Necromancer","The Senshi","The Servant 0.9.4"],"gold_per_floor":[99,113,113,125,125,50,50,69,69,69,84,84,110,127,146,248,248,248,262,70,80,80,113,113,129,155,80,91,91,108,18,35,135,135,135,145,160,160,18,47,73,92,117,42,84,95,95,395,435,465,465,516,13,13,13],"floor_reached":56,"language":"ENG","playtime":2795,"items_purged":["Doubt","PrismaMod:IllyaCommonAttack","PrismaMod:IllyaCommonAttack"],"score":1276,"play_id":"8c8178e3-9bda-4e9f-a7cf-3138d56dcd83","local_time":"20210114211653","is_ascension_mode":false,"campfire_choices":[{"floor":1,"key":"RECALL"},{"data":"PrismaMod:IllyaCheapChannelAttack","floor":6,"key":"SMITH"},{"data":"PrismaMod:IllyaGrailKun","floor":12,"key":"SMITH"},{"data":"PrismaMod:IllyaStunPoison","floor":18,"key":"SMITH"},{"floor":27,"key":"REST"},{"data":"Apotheosis","floor":35,"key":"SMITH"},{"data":"Defragment","floor":44,"key":"SMITH"},{"floor":54,"key":"REST"}],"circlet_count":0,"master_deck":["PrismaMod:IllyaCommonDefend","PrismaMod:IllyaCommonDefend","PrismaMod:IllyaCommonAttack","PrismaMod:IllyaCommonDefend","PrismaMod:IllyaCommonAttack","PrismaMod:IllyaCommonDefend","PrismaMod:IllyaCommonAttack+1","PrismaMod:IllyaCommonDefend","PrismaMod:IllyaUncommonAttack+1","PrismaMod:IllyaUncommonDefend+1","PrismaMod:IllyaCheapChannelAttack+1","PrismaMod:IllyaCheapChannelDefend","PrismaMod:IllyaGrailKun+1","PrismaMod:IllyaStunPoison+1","PrismaMod:IllyaHassanGift","PrismaMod:IllyaBoysLove","PrismaMod:IllyaRubysPotion","PrismaMod:IllyaPoisonTippedWeapons","PrismaMod:IllyaUberChannel+1","Apotheosis+1","Hello World+1","PrismaMod:IllyaCarnivalOrbs","PrismaMod:IllyaFeed","PrismaMod:IllyaPoisonBlock+1","PrismaMod:IllyaAlice","PrismaMod:IllyaFeed","Capacitor+1","Core Surge","aspiration:Polymerization","PrismaMod:IllyaInstallAlterEgo","PrismaMod:IllyaCheapChannelAttack+1","PrismaMod:IllyaFeed+1","PrismaMod:IllyaCarnivalPrismaAstolfo","expansioncontent:DashGenerateEvil+1","PrismaMod:IllyaUberDefendChannel","Barrage","Capacitor+1","Redo","Defragment+1","Parasite","PrismaMod:IllyaUpgradeOrbs","PrismaMod:IllyaMaid+1","aspiration:Polymerization+1","Ball Lightning+1","PrismaMod:IllyaCarnivalOrbs"],"relics":["PrismaMod:PrismaRuby","Vajra","downfall:HeartBlessingRed","hubris:Potato","MealTicket","aspiration:DefectSkillbook","aspiration:FetidBarrel","hubris:FunFungus","downfall:HeartBlessingBlue","PrismaMod:AliceRelic","SlaversCollar","aspiration:StickyExplosives_weak","Centennial Puzzle","hubris:GlazedTorus","downfall:HeartBlessingGreen","aspiration:ChemicalBlood","Thread and Needle"],"acts_visited":["Exordium","TheCity","TheBeyond","TheEnding"],"potions_floor_usage":[13,13,16,16,16,25,25,32,33,33,55,55,55],"damage_taken":[{"damage":0,"enemies":"Small Slimes","floor":2,"turns":4},{"damage":0,"enemies":"2 Louse","floor":4,"turns":3},{"damage":0,"enemies":"Cultist","floor":8,"turns":3},{"damage":0,"enemies":"2 Fungi Beasts","floor":11,"turns":3},{"damage":6,"enemies":"Lagavulin","floor":13,"turns":4},{"damage":12,"enemies":"Lots of Slimes","floor":14,"turns":4},{"damage":12,"enemies":"Blue Slaver","floor":15,"turns":3},{"damage":35,"enemies":"downfall:Silent","floor":16,"turns":8},{"damage":12,"enemies":"Shell Parasite","floor":19,"turns":5},{"damage":0,"enemies":"downfall:FleeingMerchant","floor":20,"turns":4},{"damage":4,"enemies":"3 Byrds","floor":21,"turns":4},{"damage":57,"enemies":"Slavers","floor":23,"turns":4},{"damage":0,"enemies":"Snecko","floor":25,"turns":2},{"damage":25,"enemies":"Gremlin Leader","floor":26,"turns":6},{"damage":29,"enemies":"Centurion and Healer","floor":28,"turns":4},{"damage":0,"enemies":"Cultist and Chosen","floor":30,"turns":3},{"damage":14,"enemies":"downfall:FleeingMerchant","floor":31,"turns":4},{"damage":0,"enemies":"Snecko","floor":32,"turns":2},{"damage":51,"enemies":"downfall:Ironclad","floor":33,"turns":6},{"damage":22,"enemies":"3 Darklings","floor":36,"turns":5},{"damage":36,"enemies":"3 Shapes","floor":37,"turns":4},{"damage":11,"enemies":"downfall:FleeingMerchant","floor":39,"turns":4},{"damage":18,"enemies":"Giant Head","floor":40,"turns":7},{"damage":19,"enemies":"Transient","floor":42,"turns":5},{"damage":16,"enemies":"Reptomancer","floor":43,"turns":4},{"damage":6,"enemies":"Writhing Mass","floor":45,"turns":5},{"damage":0,"enemies":"Maw","floor":46,"turns":5},{"damage":13,"enemies":"Transient","floor":49,"turns":5},{"damage":9,"enemies":"downfall:Defect","floor":50,"turns":6},{"damage":96,"enemies":"downfall:CharBossMerchant","floor":52,"turns":8},{"damage":12,"enemies":"downfall:NeowBoss","floor":55,"turns":18}],"seed_played":"861131386664028046","potions_obtained":[{"floor":10,"key":"Slimebound:ThreeZeroPotion"},{"floor":10,"key":"Block Potion"},{"floor":10,"key":"Ancient Potion"},{"floor":13,"key":"champ:CounterPotion"},{"floor":14,"key":"GamblersBrew"},{"floor":16,"key":"LiquidMemories"},{"floor":21,"key":"Guardian:BlockOnCardUsePotion"},{"floor":26,"key":"Energy Potion"},{"floor":30,"key":"SpeedPotion"},{"floor":32,"key":"Energy Potion"},{"floor":36,"key":"SteroidPotion"},{"floor":43,"key":"Weak Potion"},{"floor":49,"key":"PowerPotion"}],"is_trial":false,"path_per_floor":["R","M","?","M","?","R","T","M","?","?","M","R","E","M","M","B",null,"R","M","$","M","?","E","T","M","E","R","M","?","M","$","M","B",null,"R","M","M","?","$","E","T","M","E","R","M","M","?","?","M","B",null,"E","$","R","B",null],"character_chosen":"ILLYA","items_purchased":["Apotheosis","expansioncontent:DashGenerateEvil","PrismaMod:IllyaUberDefendChannel","Barrage","PrismaMod:IllyaCarnivalOrbs","Thread and Needle"],"campfire_rested":2,"item_purchase_floors":[20,39,39,39,53,53],"current_hp_per_floor":[75,75,80,80,80,80,80,80,80,80,80,80,76,64,52,22,82,82,75,82,78,70,13,13,13,2,39,18,48,79,78,82,57,92,92,87,56,56,92,92,92,88,92,92,92,92,92,92,92,92,92,2,17,44,92],"gold":13,"neow_bonus":"RANDOM_COMMON_RELIC","is_daily":false,"chose_seed":false,"campfire_upgraded":5,"win_rate":0.0,"timestamp":1610687813,"path_taken":["R","M","?","M","?","R","T","M","?","?","?","R","E","M","M","BOSS","R","M","$","M","?","E","T","?","E","R","M","?","M","$","M","BOSS","R","M","M","?","$","E","T","M","E","R","M","?","?","?","M","BOSS","E","$","R","BOSS"],"items_purchased_type":["Card","Card","Card","Card","Card","Relic"],"build_version":"2020-12-22","purchased_purges":3,"victory":true,"max_hp_per_floor":[75,75,80,80,80,80,80,80,80,80,80,80,82,82,82,82,82,82,82,82,82,82,82,82,82,82,92,92,92,92,92,92,92,92,92,92,92,92,92,92,92,92,92,92,92,92,92,92,92,92,92,92,92,92,92],"card_choices":[{"not_picked":["PrismaMod:IllyaRubysPotion","PrismaMod:IllyaBerserCAR"],"picked":"PrismaMod:IllyaCheapChannelAttack","floor":2},{"not_picked":["PrismaMod:IllyaMinorReinForce","PrismaMod:IllyaMaid"],"picked":"PrismaMod:IllyaCheapChannelDefend","floor":4},{"not_picked":["PrismaMod:IllyaCheapChannelDefend","PrismaMod:IllyaCommandSeal"],"picked":"PrismaMod:IllyaGrailKun","floor":8},{"not_picked":["PrismaMod:IllyaCheapDefend","PrismaMod:IllyaRussianRoulette"],"picked":"PrismaMod:IllyaStunPoison","floor":11},{"not_picked":["PrismaMod:IllyaBlindPoisonToss","PrismaMod:IllyaRussianRoulette"],"picked":"PrismaMod:IllyaHassanGift","floor":13},{"not_picked":["PrismaMod:IllyaFeed","PrismaMod:IllyaUncommonAttack"],"picked":"PrismaMod:IllyaBoysLove","floor":14},{"not_picked":["PrismaMod:IllyaStunPoison","PrismaMod:IllyaAOECommonAttack"],"picked":"PrismaMod:IllyaRubysPotion","floor":15},{"not_picked":["PrismaMod:IllyaUberDefendChannel","PrismaMod:IllyaInstallRider"],"picked":"PrismaMod:IllyaInstallArcher","floor":16},{"not_picked":["PrismaMod:IllyaMaid","Sunder","PrismaMod:IllyaDetonatingBlow"],"picked":"PrismaMod:IllyaPoisonTippedWeapons","floor":19},{"not_picked":["PrismaMod:IllyaAssassinRevenge","Doom and Gloom","PrismaMod:IllyaPoisonTippedWeapons"],"picked":"PrismaMod:IllyaUberChannel+1","floor":20},{"not_picked":["PrismaMod:IllyaFriendMaker","PrismaMod:IllyaHassanGift","PrismaMod:IllyaBoysLove"],"picked":"Hello World+1","floor":21},{"not_picked":["PrismaMod:IllyaDevil","PrismaMod:IllyaBoysLove","PrismaMod:IllyaReinForce"],"picked":"PrismaMod:IllyaFeed","floor":23},{"not_picked":["PrismaMod:IllyaMinorReinForce","PrismaMod:IllyaCheapChannelDefend","PrismaMod:IllyaAOECommonAttack"],"picked":"PrismaMod:IllyaPoisonBlock+1","floor":25},{"not_picked":["Gash+1","Reboot","PrismaMod:IllyaDevil"],"picked":"PrismaMod:IllyaAlice","floor":26},{"not_picked":["Tempest","PrismaMod:IllyaHassanGift","Recycle"],"picked":"PrismaMod:IllyaFeed","floor":28},{"not_picked":["PrismaMod:IllyaBoysLove","Steam Power","PrismaMod:IllyaFeed"],"picked":"Capacitor+1","floor":30},{"not_picked":["PrismaMod:IllyaRussianRoulette","Reinforced Body","PrismaMod:IllyaMinorZwei"],"picked":"Core Surge","floor":31},{"not_picked":["PrismaMod:IllyaUpgradeOrbs","FTL+1","PrismaMod:IllyaRussianRoulette"],"picked":"aspiration:Polymerization","floor":32},{"not_picked":["PrismaMod:IllyaZwei","Hyperbeam","PrismaMod:IllyaCarnivalAttack"],"picked":"PrismaMod:IllyaInstallAlterEgo","floor":33},{"not_picked":["hubris:PowerSurge+1","Gash+1","Rebound"],"picked":"PrismaMod:IllyaCheapChannelAttack+1","floor":36},{"not_picked":["Barrage","PrismaMod:IllyaBoysLove","PrismaMod:IllyaUncommonAOEAttack+1"],"picked":"PrismaMod:IllyaFeed+1","floor":37},{"not_picked":["PrismaMod:IllyaDetonatingBlow","PrismaMod:IllyaAOECommonAttack+1","PrismaMod:IllyaMaid"],"picked":"PrismaMod:IllyaCarnivalPrismaAstolfo","floor":39},{"not_picked":["Streamline","Tempest","PrismaMod:IllyaRubysPotion+1"],"picked":"Capacitor+1","floor":40},{"not_picked":["Heatsinks","PrismaMod:IllyaDetonatingBlow+1","PrismaMod:IllyaCheapAttack+1"],"picked":"Redo","floor":42},{"not_picked":["PrismaMod:IllyaRussianRoulette+1","PrismaMod:IllyaInstallMoonCancer","Compile Driver"],"picked":"Defragment","floor":43},{"not_picked":["PrismaMod:IllyaRussianRoulette+1","PrismaMod:IllyaPoisonTippedWeapons","PrismaMod:IllyaPartialInstallAssassin+1"],"picked":"PrismaMod:IllyaUpgradeOrbs","floor":45},{"not_picked":["PrismaMod:IllyaAssassinRevenge+1","Cold Snap","PrismaMod:IllyaAOECommonAttack"],"picked":"PrismaMod:IllyaMaid+1","floor":46},{"not_picked":["Ball Lightning","PrismaMod:IllyaPoisoningPhantasm","PrismaMod:IllyaMinorRapidFire"],"picked":"aspiration:Polymerization+1","floor":49},{"not_picked":["Reinforced Body","PrismaMod:IllyaGrail+1","PrismaMod:IllyaCheapChannelPoison"],"picked":"Ball Lightning+1","floor":52}],"player_experience":92637,"relics_obtained":[{"floor":7,"key":"hubris:Potato"},{"floor":13,"key":"MealTicket"},{"floor":23,"key":"aspiration:FetidBarrel"},{"floor":26,"key":"hubris:FunFungus"},{"floor":40,"key":"aspiration:StickyExplosives_weak"},{"floor":41,"key":"Centennial Puzzle"},{"floor":43,"key":"hubris:GlazedTorus"},{"floor":52,"key":"aspiration:ChemicalBlood"}],"event_choices":[{"damage_healed":0,"gold_gain":0,"player_choice":"Donut","damage_taken":0,"max_hp_gain":5,"max_hp_loss":0,"event_name":"Big Fish","floor":3,"gold_loss":0},{"damage_healed":0,"gold_gain":0,"player_choice":"Got Potions","damage_taken":0,"max_hp_gain":0,"max_hp_loss":0,"event_name":"Lab","floor":10,"gold_loss":0},{"damage_healed":30,"gold_gain":0,"player_choice":"Heal","damage_taken":0,"max_hp_gain":0,"max_hp_loss":0,"event_name":"The Library","floor":29,"gold_loss":0},{"damage_healed":0,"gold_gain":0,"player_choice":"Ignored","damage_taken":0,"max_hp_gain":0,"max_hp_loss":0,"event_name":"NoteForYourself","floor":38,"gold_loss":0},{"damage_healed":0,"gold_gain":300,"player_choice":"Gold","damage_taken":0,"max_hp_gain":0,"max_hp_loss":0,"event_name":"Wheel of Change","floor":48,"gold_loss":0}],"is_beta":false,"boss_relics":[{"not_picked":["halation:SmartPhone","hubris:HollowSoul"],"picked":"aspiration:DefectSkillbook"},{"not_picked":["hubris:GrandSneckoEye","aspiration:RitualDagger"],"picked":"SlaversCollar"}],"items_purged_floors":[31,39,53],"is_endless":false,"potions_floor_spawned":[11,13,14,16,21,26,30,32,36,43,49],"ascension_level":0}}