{"host":"b7j598ve05halrwk","time":1610673162,"event":{"mods":["2.2 Compatiblity","BaseMod","Block Reminder","DeckTracker","Minty Spire (QoL Compilation)","Relic Stats","Slay the Relics Exporter","StSLib","ojb\u0027s Better Paths Mod","ojb\u0027s Info Mod"],"gold_per_floor":[118,393,42,60,73,100,100,111,137,172,187,215,49,68,68,140,140,152,166,216,232,251,280,290,323,323,338,372,372,24,24,24,102,102,115,129,139,139,156,156,204,238,238,238,265,280,290,318,318,318,318,318,318,88,122,122,122],"floor_reached":56,"language":"ENG","playtime":6159,"items_purged":["Regret","Strike_B+1","Strike_B+1"],"score":2192,"play_id":"536559ec-862a-4a78-85cb-dcdf98930f3b","local_time":"20210114201242","is_ascension_mode":true,"campfire_choices":[{"data":"Sunder","floor":7.0,"key":"SMITH"},{"data":"Defragment","floor":15.0,"key":"SMITH"},{"floor":32.0,"key":"REST"},{"floor":40,"key":"RECALL"},{"data":"Consume","floor":44,"key":"SMITH"},{"floor":49,"key":"REST"},{"data":"Seek","floor":53,"key":"SMITH"}],"circlet_count":0,"master_deck":["AscendersBane","Strike_B+1","Strike_B+1","Defend_B+1","Defend_B+1","Defend_B+1","Defend_B+1","Zap","Dualcast+1","Beam Cell","The Bomb","Sunder+1","Leap","Coolheaded","Loop","Ball Lightning+1","Hologram","Doom and Gloom","Defragment+1","Rainbow","Cold Snap","Consume+1","Seek+1","Reboot","Double Energy+1","FTL+1","Core Surge","Self Repair","Multi-Cast","Glacier","Compile Driver","White Noise+1","Tempest","Steam+1","Undo+1","Conserve Battery+1","Aggregate","Deep Breath"],"relics":["Nuclear Battery","PreservedInsect","Strawberry","Whetstone","Bag of Preparation","Runic Capacitor","Runic Pyramid","Sundial","Lantern","TungstenRod","War Paint","OrangePellets","Sozu","Girya","Happy Flower","Smiling Mask","Darkstone Periapt","Bronze Scales"],"acts_visited":["Exordium","TheCity","TheBeyond","TheEnding"],"potions_floor_usage":[47],"damage_taken":[{"damage":4.0,"enemies":"Small Slimes","floor":1.0,"turns":4.0},{"damage":1.0,"enemies":"Cultist","floor":4.0,"turns":3.0},{"damage":12.0,"enemies":"Jaw Worm","floor":5.0,"turns":2.0},{"damage":8.0,"enemies":"Lagavulin","floor":6.0,"turns":6.0},{"damage":9.0,"enemies":"Gremlin Gang","floor":8.0,"turns":5.0},{"damage":5.0,"enemies":"3 Sentries","floor":10.0,"turns":4.0},{"damage":0.0,"enemies":"2 Fungi Beasts","floor":11.0,"turns":2.0},{"damage":6.0,"enemies":"Gremlin Nob","floor":12.0,"turns":3.0},{"damage":4.0,"enemies":"Looter","floor":14.0,"turns":3.0},{"damage":3.0,"enemies":"Hexaghost","floor":16.0,"turns":7.0},{"damage":5.0,"enemies":"2 Thieves","floor":18.0,"turns":4.0},{"damage":10.0,"enemies":"Shell Parasite","floor":19.0,"turns":3.0},{"damage":0.0,"enemies":"Cultist and Chosen","floor":21.0,"turns":6.0},{"damage":19.0,"enemies":"Snake Plant","floor":22.0,"turns":4.0},{"damage":0.0,"enemies":"Slavers","floor":23.0,"turns":2.0},{"damage":0.0,"enemies":"Centurion and Healer","floor":24.0,"turns":4.0},{"damage":0.0,"enemies":"Gremlin Leader","floor":25.0,"turns":4.0},{"damage":9.0,"enemies":"Shelled Parasite and Fungi","floor":27.0,"turns":4.0},{"damage":12.0,"enemies":"Slavers","floor":28.0,"turns":3.0},{"damage":27.0,"enemies":"Collector","floor":33.0,"turns":7.0},{"damage":0,"enemies":"3 Shapes","floor":35,"turns":3},{"damage":0,"enemies":"Orb Walker","floor":36,"turns":3},{"damage":13,"enemies":"Spire Growth","floor":37,"turns":4},{"damage":4,"enemies":"4 Shapes","floor":39,"turns":3},{"damage":24,"enemies":"2 Orb Walkers","floor":41,"turns":4},{"damage":25,"enemies":"Reptomancer","floor":42,"turns":5},{"damage":14,"enemies":"Giant Head","floor":45,"turns":7},{"damage":1,"enemies":"Maw","floor":46,"turns":5},{"damage":0,"enemies":"3 Darklings","floor":47,"turns":4},{"damage":11,"enemies":"Reptomancer","floor":48,"turns":3},{"damage":27,"enemies":"Awakened One","floor":50,"turns":16},{"damage":8,"enemies":"Time Eater","floor":51,"turns":13},{"damage":54,"enemies":"Shield and Spear","floor":55,"turns":5},{"damage":10,"enemies":"The Heart","floor":56,"turns":2}],"seed_played":"-8470589691679333993","potions_obtained":[{"floor":1.0,"key":"SneckoOil"},{"floor":8.0,"key":"GamblersBrew"},{"floor":11.0,"key":"LiquidMemories"},{"floor":12.0,"key":"Regen Potion"},{"floor":19.0,"key":"PotionOfCapacity"},{"floor":22.0,"key":"Explosive Potion"},{"floor":28.0,"key":"Ancient Potion"},{"floor":33.0,"key":"Swift Potion"}],"is_trial":false,"path_per_floor":["M","?","$","M","M","E","R","M","T","E","M","E","$","M","R","B",null,"M","M","?","M","M","E","M","E","T","M","E","?","$","?","R","B",null,"M","M","M","?","M","R","?","E","T","R","E","M","M","E","R","B","B",null,"R","$","E","B"],"character_chosen":"DEFECT","items_purchased":["The Bomb","Sunder","Runic Capacitor","OrangePellets","Self Repair","Aggregate","Deep Breath"],"campfire_rested":2,"item_purchase_floors":[3,3,13,30,30,54,54],"current_hp_per_floor":[60,60,60,59,47,39,39,30,37,32,32,26,26,22,22,19,63,58,57,57,57,38,38,38,38,38,29,17,17,17,17,40,20,64,71,78,72,72,74,74,57,39,39,39,32,31,38,34,56,36,35,64,64,64,10,0,0],"gold":122,"neow_bonus":"BOSS_RELIC","is_daily":false,"chose_seed":false,"campfire_upgraded":4,"win_rate":0.0,"timestamp":1610673162,"path_taken":["M","?","$","M","M","E","R","M","T","E","M","E","?","?","R","BOSS","M","M","?","?","M","E","M","E","T","M","E","?","$","?","R","BOSS","M","M","M","?","M","R","?","E","T","R","E","M","M","E","R","BOSS","BOSS","R","$","E","BOSS"],"items_purchased_type":["Card","Card","Relic","Relic","Card","Card","Card"],"build_version":"2020-12-22","purchased_purges":3,"victory":false,"max_hp_per_floor":[71,71,71,71,71,71,71,71,78,78,78,78,78,78,78,78,78,78,78,78,78,78,78,78,78,78,78,78,78,78,78,78,78,78,78,78,78,74,74,74,74,74,74,74,74,74,74,74,74,74,74,74,74,74,74,74,74],"relic_stats":{"Darkstone Periapt":0,"Happy Flower":[18],"counters":[34,157],"PreservedInsect":514,"Bag of Preparation":[52],"Whetstone":["Strike_B","Ball Lightning"],"War Paint":["Dualcast","Double Energy"],"Smiling Mask":75,"Sozu":5,"OrangePellets":[9],"Sundial":[10],"Bronze Scales":[36],"obtain_stats":[{"Darkstone Periapt":48,"Girya":41,"Lantern":25,"Happy Flower":42,"PreservedInsect":6,"Bag of Preparation":12,"Runic Capacitor":13,"Whetstone":10,"War Paint":28,"Smiling Mask":45,"Nuclear Battery":0,"Sozu":34,"OrangePellets":30,"Sundial":23,"Strawberry":9,"Bronze Scales":55,"Cracked Core":0,"TungstenRod":26,"Runic Pyramid":17},{"Darkstone Periapt":30,"Girya":25,"Lantern":17,"Happy Flower":26,"PreservedInsect":4,"Bag of Preparation":8,"Runic Capacitor":8,"Whetstone":6,"War Paint":19,"Smiling Mask":27,"Nuclear Battery":0,"Sozu":20,"OrangePellets":19,"Sundial":15,"Strawberry":5,"Bronze Scales":33,"Cracked Core":0,"TungstenRod":17,"Runic Pyramid":10},{"Darkstone Periapt":121,"Girya":97,"Lantern":66,"Happy Flower":102,"PreservedInsect":15,"Bag of Preparation":29,"Runic Capacitor":29,"Whetstone":24,"War Paint":73,"Smiling Mask":109,"Nuclear Battery":0,"Sozu":80,"OrangePellets":73,"Sundial":58,"Strawberry":20,"Bronze Scales":155,"Cracked Core":0,"TungstenRod":66,"Runic Pyramid":39}],"TungstenRod":50},"card_choices":[{"not_picked":["Hologram","Redo"],"picked":"Beam Cell","floor":1.0},{"not_picked":["Conserve Battery","Go for the Eyes"],"picked":"Leap","floor":4.0},{"not_picked":["Chill","Genetic Algorithm"],"picked":"Coolheaded","floor":5.0},{"not_picked":["Conserve Battery","Rebound"],"picked":"Loop","floor":6.0},{"not_picked":["Chill","Steam"],"picked":"Ball Lightning","floor":8.0},{"not_picked":["Streamline","Sweeping Beam"],"picked":"Hologram","floor":10.0},{"not_picked":["Consume","Hello World"],"picked":"Doom and Gloom","floor":11.0},{"not_picked":["Sunder","Rainbow"],"picked":"Defragment","floor":12.0},{"not_picked":["Redo","Capacitor","Beam Cell"],"picked":"SKIP","floor":14.0},{"not_picked":["Thunder Strike","Hyperbeam"],"picked":"Rainbow","floor":16.0},{"not_picked":["Sunder","Hologram"],"picked":"Cold Snap","floor":18.0},{"not_picked":["Turbo+1","Conserve Battery"],"picked":"Consume","floor":19.0},{"not_picked":["Consume","Steam Power","Doom and Gloom"],"picked":"SKIP","floor":21.0},{"not_picked":["Self Repair","Redo"],"picked":"Seek","floor":22.0},{"not_picked":["Gash","Darkness"],"picked":"Reboot","floor":23.0},{"not_picked":["Conserve Battery","Ball Lightning"],"picked":"Double Energy","floor":24.0},{"not_picked":["Fusion","Redo","Gash"],"picked":"SKIP","floor":25.0},{"not_picked":["Streamline","Cold Snap"],"picked":"FTL+1","floor":27.0},{"not_picked":["Recycle","Reboot"],"picked":"Core Surge","floor":28.0},{"not_picked":["Thunder Strike","Machine Learning"],"picked":"Multi-Cast","floor":33.0},{"not_picked":["Steam","Stack"],"picked":"Glacier","floor":35},{"not_picked":["Stack","Rebound","Ball Lightning+1"],"picked":"SKIP","floor":36},{"not_picked":["Consume","Reinforced Body"],"picked":"Compile Driver","floor":37},{"not_picked":["Blizzard+1","Rebound"],"picked":"White Noise+1","floor":39},{"not_picked":["Auto Shields+1","Gash"],"picked":"Tempest","floor":41},{"not_picked":["Force Field","Stack","Rebound"],"picked":"SKIP","floor":42},{"not_picked":["Melter","Steam Power","Steam"],"picked":"SKIP","floor":45},{"not_picked":["Leap","Stack"],"picked":"Steam+1","floor":46},{"not_picked":["Streamline","Turbo"],"picked":"Undo+1","floor":47},{"not_picked":["Blizzard+1","Consume"],"picked":"Conserve Battery+1","floor":48},{"not_picked":["Streamline","Melter","Turbo"],"picked":"SKIP","floor":55}],"player_experience":958010,"relics_obtained":[{"floor":6.0,"key":"PreservedInsect"},{"floor":9.0,"key":"Strawberry"},{"floor":10.0,"key":"Whetstone"},{"floor":12.0,"key":"Bag of Preparation"},{"floor":23.0,"key":"Sundial"},{"floor":25.0,"key":"Lantern"},{"floor":26.0,"key":"TungstenRod"},{"floor":28.0,"key":"War Paint"},{"floor":41,"key":"Girya"},{"floor":42,"key":"Happy Flower"},{"floor":45,"key":"Smiling Mask"},{"floor":48,"key":"Darkstone Periapt"},{"floor":55,"key":"Bronze Scales"}],"event_choices":[{"damage_healed":0.0,"max_hp_gain":0.0,"max_hp_loss":0.0,"gold_gain":275.0,"event_name":"Golden Shrine","player_choice":"Desecrate","floor":2.0,"gold_loss":0.0,"damage_taken":0.0,"cards_obtained":["Regret"]},{"damage_healed":0.0,"max_hp_gain":0.0,"max_hp_loss":0.0,"gold_gain":100.0,"event_name":"The Joust","player_choice":"Bet on Murderer","floor":20.0,"gold_loss":50.0,"damage_taken":0.0},{"damage_healed":0.0,"max_hp_gain":0.0,"max_hp_loss":0.0,"gold_gain":0.0,"event_name":"Back to Basics","player_choice":"Simplicity","floor":29.0,"gold_loss":0.0,"damage_taken":0.0,"cards_upgraded":["Strike_B","Strike_B","Strike_B","Defend_B","Defend_B","Defend_B","Defend_B"]},{"damage_healed":0.0,"max_hp_gain":0.0,"max_hp_loss":0.0,"gold_gain":0.0,"event_name":"Vampires","player_choice":"Ignored","floor":31.0,"gold_loss":0.0,"damage_taken":0.0},{"damage_healed":0,"gold_gain":0,"player_choice":"Max HP","damage_taken":0,"max_hp_gain":0,"max_hp_loss":4,"event_name":"Winding Halls","floor":38,"gold_loss":0},{"damage_healed":0,"gold_gain":0,"player_choice":"Fight","damage_taken":0,"max_hp_gain":0,"max_hp_loss":0,"event_name":"Mysterious Sphere","floor":41,"gold_loss":0}],"is_beta":false,"boss_relics":[{"not_picked":["Cursed Key","Velvet Choker"],"picked":"Runic Pyramid"},{"not_picked":["SacredBark","Snecko Eye"],"picked":"Sozu"}],"items_purged_floors":[3,30,54],"is_endless":false,"potions_floor_spawned":[1,8,11,12,14,19,22,28,33,39,41,46,47,48],"killed_by":"The Heart","ascension_level":20}}