{"host":"w4b7hmige5bnqipq","time":1610691216,"event":{"mods":["2.2 Compatiblity","BaseMod","Colored Map","DeckTracker","Keyboard Shortcuts","Minty Spire (QoL Compilation)","Permanent Neow","Rare Cards Sparkle","SuperFastMode","everything is the same but u backflip on backflip","slay the spire mod where everything is the same but ironclad has a cowboy hat"],"gold_per_floor":[52,86,136,167,224,277,277,326,326,251,251,287,21,71,71,143,143,159,253,253,253,253],"floor_reached":21,"language":"KOR","playtime":741,"items_purged":["Strike_G","Strike_G"],"score":398,"play_id":"a852083f-8020-419b-a24d-398bf0b5b21d","local_time":"20210115151336","is_ascension_mode":true,"campfire_choices":[{"floor":7.0,"key":"REST"},{"data":"HandOfGreed","floor":11.0,"key":"SMITH"},{"floor":15.0,"key":"REST"}],"circlet_count":0,"master_deck":["AscendersBane","Strike_G","Strike_G","Strike_G","Defend_G","Defend_G","Defend_G","Defend_G","Defend_G","Survivor","Neutralize","HandOfGreed+1","Dagger Throw","PiercingWail","Blur","Underhanded Strike","Doppelganger","Adrenaline","Terror","Deadly Poison"],"relics":["Ring of the Snake","Meat on the Bone","Mummified Hand","Matryoshka","Regal Pillow","Bottled Lightning","Sozu"],"acts_visited":["Exordium","TheCity"],"potions_floor_usage":[19],"damage_taken":[{"damage":4.0,"enemies":"Small Slimes","floor":1.0,"turns":5.0},{"damage":2.0,"enemies":"Cultist","floor":2.0,"turns":4.0},{"damage":0.0,"enemies":"Jaw Worm","floor":4.0,"turns":4.0},{"damage":2.0,"enemies":"2 Fungi Beasts","floor":5.0,"turns":4.0},{"damage":35.0,"enemies":"Lagavulin","floor":6.0,"turns":8.0},{"damage":24.0,"enemies":"3 Sentries","floor":8.0,"turns":10.0},{"damage":5.0,"enemies":"Blue Slaver","floor":12.0,"turns":6.0},{"damage":19.0,"enemies":"Lagavulin","floor":14.0,"turns":5.0},{"damage":52.0,"enemies":"The Guardian","floor":16.0,"turns":14.0},{"damage":38.0,"enemies":"Chosen","floor":18.0,"turns":6.0},{"damage":19,"enemies":"3 Byrds","floor":19,"turns":7},{"damage":37,"enemies":"Snecko","floor":21,"turns":4}],"seed_played":"-2108891805490215639","potions_obtained":[{"floor":4.0,"key":"Weak Potion"},{"floor":5.0,"key":"Block Potion"},{"floor":6.0,"key":"ColorlessPotion"},{"floor":8.0,"key":"BlessingOfTheForge"},{"floor":16.0,"key":"Energy Potion"}],"is_trial":false,"path_per_floor":["M","M","?","M","M","E","R","E","T","$","R","M","$","E","R","B",null,"M","M","?","M"],"character_chosen":"THE_SILENT","items_purchased":["Regal Pillow"],"campfire_rested":2,"item_purchase_floors":[13],"current_hp_per_floor":[55,53,53,53,51,16,35,23,23,23,23,30,30,23,57,17,54,28,21,21,0,0],"gold":253,"neow_bonus":"RANDOM_COLORLESS_2","is_daily":false,"chose_seed":false,"campfire_upgraded":1,"win_rate":0.0,"timestamp":1610691216,"path_taken":["M","M","?","M","M","E","R","E","T","$","R","M","$","E","R","BOSS","M","M","?","M"],"items_purchased_type":["Relic"],"build_version":"2020-12-22","purchased_purges":2,"victory":false,"max_hp_per_floor":[66,66,66,66,66,66,66,66,66,66,66,66,66,66,66,66,66,66,66,66,66,66],"card_choices":[{"not_picked":["Master of Strategy","Chrysalis"],"picked":"HandOfGreed","floor":0.0},{"not_picked":["Infinite Blades","Bane","Slice"],"picked":"SKIP","floor":1.0},{"not_picked":["Expertise","Underhanded Strike"],"picked":"Dagger Throw","floor":2.0},{"not_picked":["Burst","Sucker Punch","Quick Slash"],"picked":"SKIP","floor":4.0},{"not_picked":["Noxious Fumes","Dagger Spray"],"picked":"PiercingWail","floor":5.0},{"not_picked":["Masterful Stab","Choke"],"picked":"Blur","floor":6.0},{"not_picked":["Acrobatics","Blur"],"picked":"Underhanded Strike","floor":8.0},{"not_picked":["Cloak And Dagger","Catalyst","PiercingWail"],"picked":"SKIP","floor":12.0},{"not_picked":["Slice","Backstab"],"picked":"Doppelganger","floor":14.0},{"not_picked":["Bullet Time","Night Terror"],"picked":"Adrenaline","floor":16.0},{"not_picked":["Setup","Flying Knee"],"picked":"Terror","floor":18.0},{"not_picked":["Prepared","Dagger Spray"],"picked":"Deadly Poison","floor":19}],"player_experience":495174,"relics_obtained":[{"floor":6.0,"key":"Meat on the Bone"},{"floor":8.0,"key":"Mummified Hand"},{"floor":9.0,"key":"Matryoshka"},{"floor":14.0,"key":"Bottled Lightning"}],"event_choices":[{"damage_healed":0.0,"max_hp_gain":0.0,"max_hp_loss":0.0,"gold_gain":50.0,"event_name":"Golden Shrine","player_choice":"Pray","floor":3.0,"gold_loss":0.0,"damage_taken":0.0},{"damage_healed":0,"gold_gain":0,"player_choice":"Ignored","damage_taken":0,"max_hp_gain":0,"max_hp_loss":0,"event_name":"Ghosts","floor":20,"gold_loss":0}],"is_beta":false,"boss_relics":[{"not_picked":["WristBlade","Runic Dome"],"picked":"Sozu"}],"items_purged_floors":[10,13],"is_endless":false,"potions_floor_spawned":[4,5,6,8,16,18,19],"killed_by":"Snecko","ascension_level":20}}