{"host":"x21cvmfdo17nyhii","time":1610669249,"event":{"mods":["AchievementEnabler","BaseMod","Colored Map","Colored Powertips","DeckTracker","Highlight Path","Minty Spire (QoL Compilation)","Quick Restart","Rare Cards Sparkle","SuperFastMode"],"gold_per_floor":[119,7,7,7,32,65,78,78,78,96,96,96,96,127,127,250,250,270,289,314,11,0,0,0,0,0,0,23,23,64,80,80,210,210,224,289,289,160,9,9,9,22,46,46,59,75,75,90,90,90,90,90,14,57,57],"floor_reached":56,"language":"ENG","playtime":3795,"items_purged":["Defend_G"],"score":1309,"play_id":"2151581a-3779-4f7e-aa56-fa1e7aa10790","local_time":"20210114160729","is_ascension_mode":true,"campfire_choices":[{"floor":8.0,"key":"REST"},{"data":"Neutralize","floor":12.0,"key":"SMITH"},{"floor":15.0,"key":"REST"},{"data":"Well Laid Plans","floor":23.0,"key":"SMITH"},{"floor":25.0,"key":"REST"},{"data":"Cloak And Dagger","floor":32.0,"key":"SMITH"},{"data":"Burst","floor":40.0,"key":"SMITH"},{"data":"Phantasmal Killer","floor":44.0,"key":"SMITH"},{"floor":47.0,"key":"RECALL"},{"floor":49.0,"key":"REST"},{"data":"Tools of the Trade","floor":52.0,"key":"SMITH"}],"circlet_count":0,"master_deck":["Survivor","Neutralize+1","Dash+1","Leg Sweep","Underhanded Strike","Cloak And Dagger+1","PiercingWail","Dagger Throw","Cloak And Dagger+1","Phantasmal Killer+1","Malaise","Bouncing Flask","Expertise","After Image","Burst+1","Venomology","Reflex","Deflect","Accuracy","Well Laid Plans+1","Caltrops","Underhanded Strike+1","Tools of the Trade+1","Jack Of All Trades","Infinite Blades","Quick Slash"],"relics":["Ring of the Snake","Centennial Puzzle","Golden Idol","Spirit Poop","Letter Opener","Kunai","Ninja Scroll","Pandora\u0027s Box","Toolbox","Orichalcum","MutagenicStrength","Thread and Needle","Juzu Bracelet","Busted Crown","The Specimen","FossilizedHelix","Anchor","Blood Vial"],"acts_visited":["Exordium","TheCity","TheBeyond","TheEnding"],"potions_floor_usage":[55],"damage_taken":[{"damage":5.0,"enemies":"2 Louse","floor":1.0,"turns":5.0},{"damage":0.0,"enemies":"Cultist","floor":5.0,"turns":5.0},{"damage":32.0,"enemies":"Gremlin Nob","floor":6.0,"turns":5.0},{"damage":0.0,"enemies":"Small Slimes","floor":7.0,"turns":4.0},{"damage":0.0,"enemies":"2 Fungi Beasts","floor":10.0,"turns":5.0},{"damage":3.0,"enemies":"Lagavulin","floor":14.0,"turns":8.0},{"damage":2.0,"enemies":"The Guardian","floor":16.0,"turns":15.0},{"damage":0.0,"enemies":"Spheric Guardian","floor":18.0,"turns":3.0},{"damage":0.0,"enemies":"Shell Parasite","floor":19.0,"turns":6.0},{"damage":14.0,"enemies":"Cultist and Chosen","floor":20.0,"turns":7.0},{"damage":1.0,"enemies":"Snake Plant","floor":28.0,"turns":3.0},{"damage":15.0,"enemies":"Slavers","floor":30.0,"turns":7.0},{"damage":0.0,"enemies":"Centurion and Healer","floor":31.0,"turns":4.0},{"damage":19.0,"enemies":"Collector","floor":33.0,"turns":12.0},{"damage":0.0,"enemies":"3 Darklings","floor":35.0,"turns":3.0},{"damage":7.0,"enemies":"2 Orb Walkers","floor":36.0,"turns":5.0},{"damage":0.0,"enemies":"3 Shapes","floor":42.0,"turns":5.0},{"damage":3.0,"enemies":"Jaw Worm Horde","floor":45.0,"turns":4.0},{"damage":0.0,"enemies":"3 Darklings","floor":46.0,"turns":3.0},{"damage":12.0,"enemies":"Spire Growth","floor":48.0,"turns":5.0},{"damage":14.0,"enemies":"Awakened One","floor":50.0,"turns":9.0},{"damage":12.0,"enemies":"Shield and Spear","floor":54.0,"turns":6.0},{"damage":13,"enemies":"The Heart","floor":55,"turns":9}],"seed_played":"8156614374622375117","potions_obtained":[{"floor":1.0,"key":"Dexterity Potion"},{"floor":5.0,"key":"PowerPotion"},{"floor":7.0,"key":"Swift Potion"},{"floor":31.0,"key":"LiquidMemories"},{"floor":36.0,"key":"FearPotion"},{"floor":42.0,"key":"LiquidMemories"}],"is_trial":false,"path_per_floor":["M","$","?","?","M","E","M","R","T","M","?","R","?","E","R","B",null,"M","M","M","$","?","R","?","R","T","?","M","$","E","M","R","B",null,"M","?","?","?","$","R","?","M","T","R","M","M","R","M","R","B",null,"R","$","E","B",null],"character_chosen":"THE_SILENT","items_purchased":["Leg Sweep","Toolbox","Orichalcum","Anchor","Strength Potion","Quick Slash"],"campfire_rested":4,"item_purchase_floors":[2,21,21,39,53,53],"current_hp_per_floor":[65,65,65,65,65,33,33,54,54,54,54,54,54,51,70,68,70,70,70,56,56,56,56,56,70,70,70,69,69,54,54,54,35,61,61,54,54,54,54,54,54,54,54,54,51,51,51,39,60,46,64,64,64,52,41],"gold":57,"neow_bonus":"RANDOM_COMMON_RELIC","is_daily":false,"chose_seed":false,"campfire_upgraded":6,"win_rate":0.0,"timestamp":1610669249,"path_taken":["M","$","?","?","M","E","M","R","T","?","?","R","?","E","R","BOSS","M","?","M","$","?","R","?","R","T","?","M","$","E","M","R","BOSS","M","?","?","?","$","R","?","M","T","R","M","M","R","M","R","BOSS","R","$","E","BOSS"],"items_purchased_type":["Card","Relic","Relic","Relic","Potion","Card"],"build_version":"2020-12-22","purchased_purges":1,"victory":true,"max_hp_per_floor":[70,70,70,70,70,70,70,70,70,70,70,70,70,70,70,70,70,70,70,70,70,70,70,70,70,70,70,70,70,70,70,70,70,70,70,70,70,70,70,70,70,70,70,70,70,70,70,70,70,70,70,70,70,70,70],"card_choices":[{"not_picked":["Riddle With Holes","Acrobatics"],"picked":"Dash","floor":1.0},{"not_picked":["Finisher","Slice"],"picked":"Underhanded Strike","floor":5.0},{"not_picked":["Sucker Punch","Underhanded Strike"],"picked":"Cloak And Dagger","floor":6.0},{"not_picked":["Glass Knife","Reflex"],"picked":"PiercingWail","floor":7.0},{"not_picked":["Dodge and Roll","Dash"],"picked":"Dagger Throw","floor":10.0},{"not_picked":["Backflip","Concentrate"],"picked":"Cloak And Dagger","floor":14.0},{"not_picked":["Die Die Die","Adrenaline"],"picked":"Phantasmal Killer","floor":16.0},{"not_picked":["Tactician","Slice","Reflex"],"picked":"SKIP","floor":18.0},{"not_picked":["Masterful Stab","Bane"],"picked":"Accuracy","floor":19.0},{"not_picked":["Setup","Choke"],"picked":"Well Laid Plans","floor":20.0},{"not_picked":["Leg Sweep","Acrobatics","Deflect"],"picked":"SKIP","floor":28.0},{"not_picked":["Tactician","Glass Knife","Acrobatics"],"picked":"SKIP","floor":30.0},{"not_picked":["Catalyst","Prepared"],"picked":"Underhanded Strike+1","floor":31.0},{"not_picked":["Burst","Venomology"],"picked":"Tools of the Trade","floor":33.0},{"not_picked":["Expertise+1"],"picked":"SKIP","floor":35.0},{"not_picked":[],"picked":"Jack Of All Trades","floor":37.0},{"not_picked":["Reflex"],"picked":"SKIP","floor":42.0},{"not_picked":["Deadly Poison"],"picked":"SKIP","floor":45.0},{"not_picked":["Deflect"],"picked":"SKIP","floor":46.0},{"not_picked":[],"picked":"Infinite Blades","floor":48.0},{"not_picked":["Backstab+1"],"picked":"SKIP","floor":54.0}],"player_experience":390556,"relics_obtained":[{"floor":6.0,"key":"Letter Opener"},{"floor":9.0,"key":"Kunai"},{"floor":14.0,"key":"Ninja Scroll"},{"floor":26.0,"key":"Thread and Needle"},{"floor":30.0,"key":"Juzu Bracelet"},{"floor":36.0,"key":"The Specimen"},{"floor":54.0,"key":"Blood Vial"}],"event_choices":[{"damage_healed":0.0,"max_hp_gain":0.0,"max_hp_loss":0.0,"gold_gain":0.0,"event_name":"Golden Idol","player_choice":"Take Wound","floor":3.0,"gold_loss":0.0,"damage_taken":0.0,"relics_obtained":["Golden Idol"],"cards_obtained":["Injury"]},{"cards_removed":["Injury"],"damage_healed":0.0,"max_hp_gain":0.0,"max_hp_loss":0.0,"gold_gain":0.0,"event_name":"Bonfire Elementals","player_choice":"Offered Curse","floor":4.0,"gold_loss":0.0,"damage_taken":0.0,"relics_obtained":["Spirit Poop"]},{"damage_healed":0.0,"max_hp_gain":0.0,"max_hp_loss":0.0,"gold_gain":0.0,"event_name":"Living Wall","player_choice":"Grow","floor":11.0,"gold_loss":0.0,"damage_taken":0.0,"cards_upgraded":["Cloak And Dagger"]},{"damage_healed":0.0,"max_hp_gain":0.0,"max_hp_loss":0.0,"gold_gain":0.0,"event_name":"Upgrade Shrine","player_choice":"Upgraded","floor":13.0,"gold_loss":0.0,"damage_taken":0.0,"cards_upgraded":["Dash"]},{"damage_healed":0.0,"max_hp_gain":0.0,"max_hp_loss":0.0,"gold_gain":0.0,"event_name":"Masked Bandits","player_choice":"Paid Fearfully","floor":22.0,"gold_loss":11.0,"damage_taken":0.0},{"damage_healed":0.0,"max_hp_gain":0.0,"max_hp_loss":0.0,"gold_gain":0.0,"event_name":"Drug Dealer","player_choice":"Inject Mutagens","floor":24.0,"gold_loss":0.0,"damage_taken":0.0,"relics_obtained":["MutagenicStrength"]},{"damage_healed":0.0,"max_hp_gain":0.0,"max_hp_loss":0.0,"gold_gain":0.0,"event_name":"The Library","player_choice":"Read","floor":27.0,"gold_loss":0.0,"damage_taken":0.0,"cards_obtained":["Caltrops"]},{"damage_healed":0.0,"max_hp_gain":0.0,"max_hp_loss":0.0,"gold_gain":0.0,"event_name":"Mysterious Sphere","player_choice":"Fight","floor":36.0,"gold_loss":0.0,"damage_taken":0.0},{"damage_healed":0.0,"max_hp_gain":0.0,"max_hp_loss":0.0,"gold_gain":0.0,"event_name":"SensoryStone","player_choice":"Memory 1","floor":37.0,"gold_loss":0.0,"damage_taken":0.0},{"damage_healed":0.0,"max_hp_gain":0.0,"max_hp_loss":0.0,"gold_gain":0.0,"event_name":"WeMeetAgain","player_choice":"Paid Gold","floor":38.0,"gold_loss":129.0,"damage_taken":0.0,"relics_obtained":["FossilizedHelix"]},{"cards_removed":["Choke"],"damage_healed":0.0,"max_hp_gain":0.0,"max_hp_loss":0.0,"gold_gain":0.0,"event_name":"Falling","player_choice":"Removed Attack","floor":41.0,"gold_loss":0.0,"damage_taken":0.0}],"is_beta":false,"boss_relics":[{"not_picked":["SlaversCollar","Tiny House"],"picked":"Pandora\u0027s Box"},{"not_picked":["Snecko Eye","Coffee Dripper"],"picked":"Busted Crown"}],"items_purged_floors":[2],"is_endless":false,"potions_floor_spawned":[1,5,7,16,19,30,31,36,42,48],"ascension_level":5}}