{"host":"32dedufnxebqtmo3","time":1610693209,"event":{"mods":["AchievementEnabler","BaseMod","Better Third Choice","Card Filter","Colored Powertips","Defuse TimeMaze Blight","GifTheSpireLib","Minty Spire (QoL Compilation)","Permanent Neow","Relic Filter","Relic Stats","Remove Card Discount Mod","Shop Mod","StSLib","The Construct","The Cursed","Unceasing Turn Reminder"],"gold_per_floor":[112,287,303,313,332,362,321,332,410,422,32,32,64,62,62,62,62],"floor_reached":16,"language":"ENG","playtime":768,"items_purged":["Doubt","Parasite","Parasite"],"score":112,"play_id":"fda4e17b-9106-40c4-843a-060f87e44c24","local_time":"20210114224649","is_ascension_mode":false,"campfire_choices":[{"floor":15,"key":"REST"}],"circlet_count":0,"master_deck":["construct:Strike_Gold","construct:Strike_Gold+2","construct:Strike_Gold","construct:Strike_Gold","construct:Strike_Gold","construct:Defend_Gold","construct:Defend_Gold","construct:Defend_Gold","construct:Defend_Gold","construct:Defend_Gold","construct:AttackMode","construct:DefenseMode","construct:ScrapCannon","construct:FierceBash","construct:PointDefense","construct:PointDefense","construct:Autoturret","construct:BatteryAcid","construct:Tumble","construct:Autoturret","construct:PowerUp","construct:ForceCore"],"relics":["construct:ClockworkPhoenix","FossilizedHelix","Regal Pillow","construct:MegaBattery","Mercury Hourglass","Oddly Smooth Stone"],"acts_visited":["Exordium"],"potions_floor_usage":[8,16,16],"damage_taken":[{"damage":0,"enemies":"Cultist","floor":1,"turns":4},{"damage":17,"enemies":"Jaw Worm","floor":3,"turns":5},{"damage":0,"enemies":"Small Slimes","floor":4,"turns":3},{"damage":20,"enemies":"3 Louse","floor":5,"turns":3},{"damage":19,"enemies":"3 Sentries","floor":6,"turns":23},{"damage":14,"enemies":"Red Slaver","floor":8,"turns":6},{"damage":1,"enemies":"Blue Slaver","floor":10,"turns":5},{"damage":12,"enemies":"Gremlin Nob","floor":13,"turns":4},{"damage":0,"enemies":"Hexaghost","floor":16,"turns":2}],"seed_played":"-3786164593134455820","potions_obtained":[{"floor":1,"key":"SpeedPotion"},{"floor":8,"key":"Strength Potion"},{"floor":10,"key":"Explosive Potion"},{"floor":13,"key":"EntropicBrew"}],"is_trial":false,"path_per_floor":["M","?","M","M","M","E","?","M","T","M","$","?","E","$","R","B"],"character_chosen":"THE_CONSTRUCT_MOD","items_purchased":["construct:Autoturret","construct:PowerUp","Mercury Hourglass"],"campfire_rested":1,"item_purchase_floors":[11,11,11],"current_hp_per_floor":[85,85,68,68,48,29,29,15,15,14,14,34,22,22,60,60,60],"gold":62,"neow_bonus":"ONE_RARE_RELIC","is_daily":false,"chose_seed":false,"campfire_upgraded":0,"win_rate":0.0,"timestamp":1610693209,"path_taken":["M","?","M","M","M","E","?","M","T","M","$","?","E","$","R","BOSS"],"items_purchased_type":["Card","Card","Relic"],"build_version":"2020-12-22","purchased_purges":3,"victory":false,"max_hp_per_floor":[85,85,85,85,85,85,85,85,85,85,82,82,82,79,79,79,79],"relic_stats":{"Regal Pillow":15,"counters":[9,55],"obtain_stats":[{"Regal Pillow":6,"Oddly Smooth Stone":13,"construct:MegaBattery":9,"construct:ClockworkPhoenix":0,"FossilizedHelix":0,"Mercury Hourglass":11},{"Regal Pillow":5,"Oddly Smooth Stone":8,"construct:MegaBattery":6,"construct:ClockworkPhoenix":0,"FossilizedHelix":0,"Mercury Hourglass":7},{"Regal Pillow":38,"Oddly Smooth Stone":53,"construct:MegaBattery":44,"construct:ClockworkPhoenix":0,"FossilizedHelix":0,"Mercury Hourglass":49}],"Mercury Hourglass":[18]},"card_choices":[{"not_picked":["construct:Impenetrable","construct:Analyze"],"picked":"construct:ScrapCannon","floor":1},{"not_picked":["construct:OneWayMirror","construct:SuppressiveFire"],"picked":"construct:FierceBash","floor":3},{"not_picked":["construct:Tumble","construct:Bunker"],"picked":"construct:PointDefense","floor":4},{"not_picked":["construct:Backfire","construct:Anticipate"],"picked":"construct:PointDefense","floor":5},{"not_picked":["construct:ElectricArmor","construct:SyphonStrike"],"picked":"construct:Autoturret","floor":6},{"not_picked":["construct:Accumulate","construct:VentSteam"],"picked":"construct:BatteryAcid","floor":8},{"not_picked":["construct:Anticipate","construct:ModeShift"],"picked":"construct:Tumble","floor":10},{"not_picked":["construct:SaveState","construct:UnbalancingBlast"],"picked":"construct:ForceCore","floor":13}],"player_experience":718822,"relics_obtained":[{"floor":6,"key":"Regal Pillow"},{"floor":9,"key":"construct:MegaBattery"},{"floor":13,"key":"Oddly Smooth Stone"}],"event_choices":[{"damage_healed":0,"gold_gain":175,"player_choice":"AGREE","damage_taken":112,"max_hp_gain":0,"max_hp_loss":0,"event_name":"betterThird:BetterSerpent","floor":2,"gold_loss":0},{"damage_healed":0,"gold_gain":0,"player_choice":"Left","damage_taken":0,"max_hp_gain":0,"max_hp_loss":0,"event_name":"betterThird:BetterGoop","floor":7,"gold_loss":41},{"damage_healed":20,"gold_gain":0,"player_choice":"Healed and dodged fight","damage_taken":0,"max_hp_gain":0,"max_hp_loss":0,"event_name":"Mushrooms","floor":12,"gold_loss":0,"cards_obtained":["Parasite"]}],"is_beta":false,"boss_relics":[],"items_purged_floors":[11,11,14],"is_endless":false,"potions_floor_spawned":[1,8,10,13],"killed_by":"Hexaghost","ascension_level":0}}