{"host":"Dean","time":1610713071,"event":{"mods":["2.2 Compatiblity","AchievementEnabler","BaseMod","Block Reminder","Colored Map","Colored Powertips","Minty Spire (QoL Compilation)","Permanent Neow","Quick Restart","Relic Stats","Replay The Spire","StSLib"],"gold_per_floor":[119,269,269,269,177,177,177],"floor_reached":6,"language":"ENG","playtime":287,"items_purged":["Doubt"],"score":58,"play_id":"17da17b1-9d2a-4967-893e-57ac094b50d5","local_time":"20210115071751","is_ascension_mode":true,"campfire_choices":[],"circlet_count":0,"master_deck":["AscendersBane","Strike_G","Strike_G","Strike_G","Strike_G+1","Strike_G","Defend_G","Defend_G","Defend_G","Defend_G+1","Defend_G","Neutralize","Deadly Poison+1","Blade Dance+1","m_Survivalism+1"],"relics":["Toxic Egg 2","Golden Egg","Prayer Wheel","Ring of Chaos","Sizzling Blood","Tingsha","OrangePellets"],"acts_visited":["Exordium"],"potions_floor_usage":[],"damage_taken":[{"damage":1,"enemies":"Small Slimes","floor":1,"turns":4},{"damage":50,"enemies":"Gremlin Nob","floor":6,"turns":4}],"seed_played":"7533401630500489938","potions_obtained":[],"is_trial":false,"path_per_floor":["M","?","?","?","$","E"],"character_chosen":"THE_SILENT","items_purchased":["Tingsha","OrangePellets"],"campfire_rested":0,"item_purchase_floors":[5,5],"current_hp_per_floor":[66,66,45,45,45,0,0],"gold":177,"neow_bonus":"BOSS_RELIC","is_daily":false,"chose_seed":false,"campfire_upgraded":0,"win_rate":0.0,"timestamp":1610713071,"path_taken":["M","?","?","?","$","E"],"items_purchased_type":["Relic","Relic"],"build_version":"2020-12-18","purchased_purges":1,"victory":false,"max_hp_per_floor":[70,70,70,70,70,70,70],"relic_stats":{"OrangePellets":[0],"counters":[2,8],"Prayer Wheel":1,"Tingsha":[0],"obtain_stats":[{"Golden Egg":0,"OrangePellets":5,"Prayer Wheel":0,"Tingsha":5,"Ring of Chaos":0,"Sizzling Blood":0,"Toxic Egg 2":0,"ReplayTheSpireMod:DimensionalGlitch":0,"Ring of the Snake":0},{"Golden Egg":0,"OrangePellets":1,"Prayer Wheel":0,"Tingsha":1,"Ring of Chaos":0,"Sizzling Blood":0,"Toxic Egg 2":0,"ReplayTheSpireMod:DimensionalGlitch":0,"Ring of the Snake":0},{"Golden Egg":0,"OrangePellets":4,"Prayer Wheel":0,"Tingsha":4,"Ring of Chaos":0,"Sizzling Blood":0,"Toxic Egg 2":0,"ReplayTheSpireMod:DimensionalGlitch":0,"Ring of the Snake":0}]},"card_choices":[{"not_picked":["Hidden Blade+1","Dagger Throw"],"picked":"Deadly Poison+1","floor":1},{"not_picked":["Hidden Blade+1","Dagger Throw"],"picked":"Blade Dance+1","floor":1}],"player_experience":784812,"relics_obtained":[],"event_choices":[{"damage_healed":0,"gold_gain":150,"player_choice":"AGREE","damage_taken":0,"max_hp_gain":0,"max_hp_loss":0,"event_name":"Liars Game","floor":2,"gold_loss":0,"cards_obtained":["Doubt"]},{"damage_healed":0,"gold_gain":0,"player_choice":"Entered Light","damage_taken":21,"max_hp_gain":0,"max_hp_loss":0,"event_name":"Shining Light","floor":3,"gold_loss":0,"cards_upgraded":["Defend_G","Strike_G"]}],"is_beta":true,"boss_relics":[],"items_purged_floors":[5],"is_endless":false,"potions_floor_spawned":[],"killed_by":"Gremlin Nob","ascension_level":16}}