{"host":"ydg0vn0pu4pubmdt","time":1610744967,"event":{"mods":["AchievementEnabler","BaseMod","Colored Map","Gold Saver","Minty Spire (QoL Compilation)","Quick Restart","SuperFastMode"],"gold_per_floor":[827,219,236,256,256,256,296,321,374,374,394,410,410,450,450,579,579,593,115,214,15,15,48,48,0,0],"floor_reached":25,"language":"KOR","playtime":483,"items_purged":["Defend_B","Strike_B","Strike_B"],"score":286,"play_id":"e9add253-e4a3-4237-9c46-2bf4fba7d40e","local_time":"20210116060927","is_ascension_mode":true,"campfire_choices":[{"data":"Loop","floor":6.0,"key":"SMITH"},{"floor":10.0,"key":"REST"},{"data":"Zap","floor":15.0,"key":"SMITH"}],"circlet_count":0,"master_deck":["Strike_B","Strike_B","Defend_B","Defend_B","Defend_B","Zap+1","Dualcast","Loop+1","Streamline","Doom and Gloom","White Noise","Conserve Battery","FTL","Electrodynamics+1","Static Discharge+1","Self Repair+1"],"relics":["Cracked Core","TheAbacus","Potion Belt","Juzu Bracelet","Golden Idol","Frozen Egg 2","Centennial Puzzle","Dream Catcher","Nuclear Battery","Bag of Preparation","OrangePellets","Happy Flower","Bronze Scales"],"acts_visited":["Exordium","TheCity"],"potions_floor_usage":[],"damage_taken":[{"damage":1.0,"enemies":"Cultist","floor":1.0,"turns":4.0},{"damage":7.0,"enemies":"Jaw Worm","floor":3.0,"turns":3.0},{"damage":0.0,"enemies":"2 Louse","floor":4.0,"turns":2.0},{"damage":24.0,"enemies":"Lagavulin","floor":7.0,"turns":5.0},{"damage":1.0,"enemies":"Exordium Wildlife","floor":8.0,"turns":3.0},{"damage":0.0,"enemies":"3 Louse","floor":11.0,"turns":2.0},{"damage":13.0,"enemies":"2 Fungi Beasts","floor":12.0,"turns":3.0},{"damage":16.0,"enemies":"Gremlin Nob","floor":14.0,"turns":3.0},{"damage":18.0,"enemies":"The Guardian","floor":16.0,"turns":7.0},{"damage":0.0,"enemies":"3 Byrds","floor":18.0,"turns":2.0},{"damage":43.0,"enemies":"Book of Stabbing","floor":23.0,"turns":4.0},{"damage":32,"enemies":"2 Thieves","floor":25,"turns":2}],"seed_played":"6330533769633828323","potions_obtained":[{"floor":1.0,"key":"EntropicBrew"},{"floor":4.0,"key":"Strength Potion"},{"floor":8.0,"key":"FearPotion"},{"floor":14.0,"key":"Regen Potion"},{"floor":18.0,"key":"Swift Potion"}],"is_trial":false,"path_per_floor":["M","$","M","M","?","R","E","M","T","R","M","M","?","E","R","B",null,"M","$","?","$","?","E","?","M"],"character_chosen":"DEFECT","items_purchased":["TheAbacus","Potion Belt","Loop","Juzu Bracelet","Bag of Preparation","Static Discharge+1","OrangePellets","Self Repair+1"],"campfire_rested":1,"item_purchase_floors":[2,2,2,2,19,19,19,21],"current_hp_per_floor":[67,67,60,60,43,43,19,18,18,38,38,25,47,31,31,28,58,58,58,58,58,58,25,25,0,0],"gold":0,"neow_bonus":"TWO_FIFTY_GOLD","is_daily":false,"chose_seed":false,"campfire_upgraded":2,"win_rate":0.0,"timestamp":1610744967,"path_taken":["M","$","M","M","?","R","E","M","T","R","M","M","?","E","R","BOSS","M","$","?","$","?","E","?","M"],"items_purchased_type":["Relic","Relic","Card","Relic","Relic","Card","Relic","Card"],"build_version":"2020-12-22","purchased_purges":3,"victory":false,"max_hp_per_floor":[68,68,68,68,68,68,68,68,68,68,68,68,68,68,68,68,68,68,68,68,68,68,68,68,68,68],"card_choices":[{"not_picked":["Reprogram","Lockon","Go for the Eyes"],"picked":"SKIP","floor":1.0},{"not_picked":["Hologram","Go for the Eyes"],"picked":"Streamline","floor":3.0},{"not_picked":["Aggregate","Steam","Lockon"],"picked":"SKIP","floor":4.0},{"not_picked":["Leap","Beam Cell"],"picked":"Doom and Gloom","floor":7.0},{"not_picked":["Aggregate","BootSequence"],"picked":"White Noise","floor":8.0},{"not_picked":["Sweeping Beam","Go for the Eyes","Ball Lightning"],"picked":"SKIP","floor":11.0},{"not_picked":["Compile Driver","Blizzard"],"picked":"Conserve Battery","floor":12.0},{"not_picked":["Skim","Stack"],"picked":"FTL","floor":14.0},{"not_picked":["Creative AI+1","Multi-Cast"],"picked":"Electrodynamics+1","floor":16.0},{"not_picked":["Steam+1","Stack","Reinforced Body+1"],"picked":"SKIP","floor":18.0},{"not_picked":["Static Discharge+1","Sweeping Beam","Leap"],"picked":"SKIP","floor":23.0}],"player_experience":376368,"relics_obtained":[{"floor":7.0,"key":"Frozen Egg 2"},{"floor":9.0,"key":"Centennial Puzzle"},{"floor":14.0,"key":"Dream Catcher"},{"floor":23.0,"key":"Bronze Scales"}],"event_choices":[{"damage_healed":0.0,"max_hp_gain":0.0,"max_hp_loss":0.0,"gold_gain":0.0,"event_name":"Golden Idol","player_choice":"Take Damage","floor":5.0,"gold_loss":0.0,"damage_taken":17.0,"relics_obtained":["Golden Idol"]},{"damage_healed":22.0,"max_hp_gain":0.0,"max_hp_loss":0.0,"gold_gain":0.0,"event_name":"Big Fish","player_choice":"Banana","floor":13.0,"gold_loss":0.0,"damage_taken":0.0},{"damage_healed":0.0,"max_hp_gain":0.0,"max_hp_loss":0.0,"gold_gain":99.0,"event_name":"Nest","player_choice":"Stole From Cult","floor":20.0,"gold_loss":0.0,"damage_taken":0.0},{"damage_healed":0.0,"max_hp_gain":0.0,"max_hp_loss":0.0,"gold_gain":0.0,"event_name":"The Mausoleum","player_choice":"Opened","floor":22.0,"gold_loss":0.0,"damage_taken":0.0,"relics_obtained":["Happy Flower"]},{"damage_healed":0,"gold_gain":0,"player_choice":"Ignored","damage_taken":0,"max_hp_gain":0,"max_hp_loss":0,"event_name":"Cursed Tome","floor":24,"gold_loss":0}],"is_beta":false,"boss_relics":[{"not_picked":["SlaversCollar","Black Star"],"picked":"Nuclear Battery"}],"items_purged_floors":[2,19,21],"is_endless":false,"potions_floor_spawned":[1,4,8,14,18],"killed_by":"2 Thieves","ascension_level":5}}