{"host":"4ag909k4xupnj24b","time":1610708443,"event":{"mods":["BaseMod","Minty Spire (QoL Compilation)","StSLib"],"gold_per_floor":[115,128,128,143,143,143,186,202,250,250,250,274,292,72,72,171,171,185,176,176,176],"floor_reached":20,"language":"ENG","playtime":762,"items_purged":[],"score":326,"play_id":"08387345-8515-481d-b906-a860c4b40040","local_time":"20210115030043","is_ascension_mode":true,"campfire_choices":[{"data":"Beam Cell","floor":6,"key":"SMITH"},{"floor":11,"key":"REST"},{"floor":15,"key":"REST"}],"circlet_count":0,"master_deck":["AscendersBane","Strike_B","Strike_B","Strike_B","Strike_B","Defend_B","Defend_B","Defend_B","Defend_B","Zap","Dualcast","Beam Cell+1","Compile Driver","Gash","Ball Lightning","BootSequence","Leap","Barrage","Loop","Coolheaded","Sweeping Beam","Go for the Eyes","Echo Form","Gash","Rebound+1"],"relics":["Philosopher\u0027s Stone","Golden Idol","Pear","Smiling Mask","Blood Vial","Orrery","Runic Dome"],"acts_visited":["Exordium","TheCity"],"potions_floor_usage":[7,10,16,16,20],"damage_taken":[{"damage":11,"enemies":"Jaw Worm","floor":1,"turns":4},{"damage":11,"enemies":"2 Louse","floor":2,"turns":3},{"damage":0,"enemies":"Cultist","floor":4,"turns":3},{"damage":24,"enemies":"3 Sentries","floor":7,"turns":7},{"damage":2,"enemies":"Looter","floor":8,"turns":2},{"damage":0,"enemies":"Lagavulin","floor":10,"turns":1},{"damage":15,"enemies":"Exordium Thugs","floor":12,"turns":4},{"damage":0,"enemies":"Exordium Wildlife","floor":13,"turns":2},{"damage":50,"enemies":"The Guardian","floor":16,"turns":14},{"damage":16,"enemies":"Shell Parasite","floor":18,"turns":5},{"damage":11,"enemies":"2 Thieves","floor":19,"turns":4},{"damage":37,"enemies":"Snecko","floor":20,"turns":4}],"seed_played":"-7908283552264480154","potions_obtained":[{"floor":1,"key":"AttackPotion"},{"floor":2,"key":"SmokeBomb"},{"floor":8,"key":"BlessingOfTheForge"},{"floor":12,"key":"DuplicationPotion"},{"floor":18,"key":"LiquidBronze"},{"floor":19,"key":"LiquidBronze"}],"is_trial":false,"path_per_floor":["M","M","?","M","?","R","E","M","T","E","R","M","M","$","R","B",null,"M","M","M"],"character_chosen":"DEFECT","items_purchased":["Loop","Orrery"],"campfire_rested":2,"item_purchase_floors":[14,14],"current_hp_per_floor":[53,42,42,42,41,41,17,15,15,17,39,26,28,28,50,2,56,42,33,0,0],"gold":176,"neow_bonus":"BOSS_RELIC","is_daily":false,"chose_seed":false,"campfire_upgraded":1,"win_rate":0.0,"timestamp":1610708443,"path_taken":["M","M","?","M","?","R","E","?","T","E","R","M","M","$","R","BOSS","M","M","M"],"items_purchased_type":["Card","Relic"],"build_version":"2020-12-22","purchased_purges":0,"victory":false,"max_hp_per_floor":[71,71,64,64,74,74,74,74,74,74,74,74,74,74,74,74,74,74,74,74,74],"card_choices":[{"not_picked":["Recycle","Go for the Eyes"],"picked":"Beam Cell","floor":1},{"not_picked":["Heatsinks","Redo"],"picked":"Compile Driver","floor":2},{"not_picked":["Turbo","Chaos"],"picked":"Gash","floor":4},{"not_picked":["BootSequence","Steam"],"picked":"Ball Lightning","floor":7},{"not_picked":["Barrage","Steam Power"],"picked":"BootSequence","floor":8},{"not_picked":["Storm","Rebound"],"picked":"Leap","floor":12},{"not_picked":["Stack","Steam Power"],"picked":"Barrage","floor":13},{"not_picked":["Steam","Turbo"],"picked":"Coolheaded","floor":14},{"not_picked":["Cold Snap","Beam Cell"],"picked":"Sweeping Beam","floor":14},{"not_picked":["Steam","Sweeping Beam"],"picked":"Go for the Eyes","floor":14},{"not_picked":["Reboot","Biased Cognition"],"picked":"Echo Form","floor":16},{"not_picked":["Steam","Turbo"],"picked":"Gash","floor":18},{"not_picked":["Rip and Tear","Gash"],"picked":"Rebound+1","floor":19}],"player_experience":832054,"relics_obtained":[{"floor":7,"key":"Smiling Mask"},{"floor":9,"key":"Blood Vial"}],"event_choices":[{"damage_healed":0,"gold_gain":0,"player_choice":"Lose Max HP","damage_taken":0,"relics_obtained":["Golden Idol"],"max_hp_gain":0,"max_hp_loss":7,"event_name":"Golden Idol","floor":3,"gold_loss":0},{"damage_healed":0,"gold_gain":0,"player_choice":"Success","damage_taken":11,"relics_obtained":["Pear"],"max_hp_gain":0,"max_hp_loss":0,"event_name":"Scrap Ooze","floor":5,"gold_loss":0}],"is_beta":false,"boss_relics":[{"not_picked":["Busted Crown","Velvet Choker"],"picked":"Runic Dome"}],"items_purged_floors":[],"is_endless":false,"potions_floor_spawned":[1,2,8,12,18,19],"killed_by":"Snecko","ascension_level":15}}