{"host":"7yela8q99r8dgl9y","time":1610693978,"event":{"mods":["AchievementEnabler","Act Like it!","Aspiration","BaseMod","BetterRewards","Challenge The Spire","Colored Map","Colored Powertips","Conspire","DeckTracker","Downfall","GifTheSpireLib","Googly Eyes","Halation","Highlight Path","Hubris","Infinite Spire","Jorbs\u0027s Wanderer Trilogy","Minty Spire (QoL Compilation)","Quick Restart","Rare Cards Sparkle","Replay The Spire","Spikes Relics","StSLib","Stuff the Spire","The Factory","The Jungle","vexMod"],"gold_per_floor":[109,109,109,34,34,34,34,34,84,97,97,122,141,154,154,258,258,276,276,37,57,75,93,93,93,93],"floor_reached":25,"language":"ENG","playtime":3743,"items_purged":["Defend_P"],"score":294,"play_id":"627f0932-2e31-4fa8-b6c6-1afc70b6e543","local_time":"20210114225938","is_ascension_mode":true,"campfire_choices":[{"data":"DevaForm","floor":6.0,"key":"SMITH"},{"data":"Vigilance","floor":8.0,"key":"SMITH"},{"data":"Wireheading","floor":11.0,"key":"SMITH"},{"floor":15.0,"key":"REST"},{"data":"stsjorbsmod:ReapAndSow","floor":24.0,"key":"SMITH"}],"circlet_count":0,"master_deck":["Strike_P","Strike_P","Strike_P","Strike_P","Defend_P","Defend_P+1","Defend_P+1","Eruption","Vigilance+1","DevaForm+1","ClearTheMind","Wireheading+1","Sanctity","Replay:Cycle","LikeWater","Establishment","ThirdEye","ReachHeaven+1","Protect","Brilliance","Adaptation+1","stsjorbsmod:DisguiseSelf","stsjorbsmod:ReapAndSow+1","Guardian:Gem_Cyan"],"relics":["HolyWater","halation:PinkSoulGem","Toy Ornithopter","War Paint","PrismaticShard"],"acts_visited":["Exordium","TheCity"],"potions_floor_usage":[],"damage_taken":[{"damage":7.0,"enemies":"Jaw Worm","floor":1.0,"turns":5.0},{"damage":0.0,"enemies":"2 Louse","floor":10.0,"turns":2.0},{"damage":28.0,"enemies":"Lagavulin","floor":12.0,"turns":7.0},{"damage":10.0,"enemies":"Small Slimes","floor":13.0,"turns":5.0},{"damage":8.0,"enemies":"Blue Slaver","floor":14.0,"turns":4.0},{"damage":20.0,"enemies":"Slime Boss","floor":16.0,"turns":7.0},{"damage":0.0,"enemies":"Shell Parasite","floor":18.0,"turns":7.0},{"damage":9.0,"enemies":"2 Thieves","floor":21.0,"turns":3.0},{"damage":10.0,"enemies":"Snecko","floor":22.0,"turns":5.0},{"damage":35.0,"enemies":"Centurion and Healer","floor":23.0,"turns":5.0},{"damage":7,"enemies":"Cultist and Chosen","floor":25,"turns":2}],"seed_played":"-8533790888966884733","potions_obtained":[{"floor":1.0,"key":"LifebloodPotion"},{"floor":16.0,"key":"SpeedPotion"},{"floor":21.0,"key":"BlessingOfTheForge"},{"floor":22.0,"key":"Ancient Potion"},{"floor":23.0,"key":"ColorlessPotion"}],"is_trial":false,"path_per_floor":["M","?","?","$","?","R","$","R","T","M","R","E","M","M","R","B",null,"M","?","$","M","M","M","R","M"],"character_chosen":"WATCHER","items_purchased":["Protect","Brilliance","Adaptation+1"],"campfire_rested":1,"item_purchase_floors":[20,20,20],"current_hp_per_floor":[58,58,72,72,72,72,72,72,72,72,72,44,34,26,47,27,61,61,53,53,49,39,9,9,2,2],"gold":93,"neow_bonus":"ONE_RANDOM_RARE_CARD","is_daily":false,"chose_seed":false,"campfire_upgraded":4,"win_rate":0.0,"timestamp":1610693978,"path_taken":["M","?","?","$","?","R","?","R","T","M","R","E","?","M","R","BOSS","M","?","?","?","M","?","R","?"],"items_purchased_type":["Card","Card","Card"],"build_version":"2020-12-22","purchased_purges":1,"victory":false,"max_hp_per_floor":[72,72,72,72,72,72,72,72,72,72,72,72,72,72,72,72,72,72,72,72,72,72,72,72,72,72],"card_choices":[{"not_picked":["FollowUp","Vengeance"],"picked":"ClearTheMind","floor":1.0},{"not_picked":["SashWhip","FearNoEvil"],"picked":"Wireheading","floor":10.0},{"not_picked":["Protect","Replay:ManipulateFuture"],"picked":"Sanctity","floor":12.0},{"not_picked":["Prostrate","Wish"],"picked":"Replay:Cycle","floor":13.0},{"not_picked":["Worship","Replay:BluntJabs"],"picked":"LikeWater","floor":14.0},{"not_picked":["Replay:AllIn","Blasphemy"],"picked":"Establishment","floor":16.0},{"not_picked":["BowlingBash","InnerPeace"],"picked":"ThirdEye","floor":18.0},{"not_picked":["Halt","FearNoEvil"],"picked":"ReachHeaven+1","floor":19.0},{"not_picked":["Prepared","hexamod:BurningTouch"],"picked":"stsjorbsmod:DisguiseSelf","floor":21.0},{"not_picked":["Go for the Eyes+1","champ:BerserkersShout"],"picked":"stsjorbsmod:ReapAndSow","floor":22.0},{"not_picked":["StuffTheSpire:LoadUp+1","Rebound"],"picked":"Guardian:Gem_Cyan","floor":23.0}],"player_experience":663401,"relics_obtained":[{"floor":9.0,"key":"Toy Ornithopter"},{"floor":12.0,"key":"War Paint"},{"floor":19.0,"key":"PrismaticShard"}],"event_choices":[{"damage_healed":24.0,"max_hp_gain":0.0,"max_hp_loss":0.0,"gold_gain":0.0,"event_name":"Big Fish","player_choice":"Banana","floor":3.0,"gold_loss":0.0,"damage_taken":0.0},{"damage_healed":0.0,"max_hp_gain":0.0,"max_hp_loss":0.0,"gold_gain":0.0,"event_name":"conspire:Investor","player_choice":"Leave","floor":5.0,"gold_loss":0.0,"damage_taken":0.0}],"is_beta":false,"boss_relics":[{"not_picked":["ChewingGum","Runic Dome"],"picked":"HolyWater"}],"items_purged_floors":[4],"is_endless":false,"potions_floor_spawned":[1,16,21,22,23],"killed_by":"Cultist and Chosen","ascension_level":6}}