{"host":"tqat8h9oealf2qov","time":1610720334,"event":{"mods":["Aspiration","BaseMod","Downfall","Hermit","Minty Spire (QoL Compilation)","Quick Restart","READ ME - Guardian Mod","Remilia£®¿Ÿ√◊¿Ú—«£©","Replay The Spire","StSLib","The Cursed","Youmu£®ªÍ∆«—˝√Œ£©"],"gold_per_floor":[99,99,99,99,113,131,131,131,166,166,181,196,207,217,229,229,229,229],"floor_reached":16,"language":"ZHS","playtime":925,"items_purged":[],"score":104,"play_id":"24b61619-918d-411c-afab-43ac31963513","local_time":"20210115221854","is_ascension_mode":false,"campfire_choices":[],"circlet_count":0,"master_deck":["Guardian:Strike_Guardian","Guardian:Strike_Guardian","Guardian:Strike_Guardian","Guardian:Defend_Guardian","Guardian:Defend_Guardian","Guardian:Defend_Guardian","Guardian:Defend_Guardian","Guardian:CurlUp","Guardian:TwinSlam","Guardian:PolyBeam","Guardian:Emergency","Guardian:PrimingBeam","Guardian:DecasProtection","Guardian:Recover","Guardian:Planning","Guardian:TimeBomb","Guardian:BronzeOrb","Guardian:DonusPower","Guardian:Gem_Synthetic"],"relics":["Guardian:ModeShifter","downfall:HeartsMalice","Guardian:PickAxe","Orichalcum","Art of War"],"acts_visited":["Exordium"],"potions_floor_usage":[16],"damage_taken":[{"damage":0.0,"enemies":"Jaw Worm","floor":2.0,"turns":1.0},{"damage":0.0,"enemies":"Cultist","floor":3.0,"turns":1.0},{"damage":0.0,"enemies":"Cultist","floor":4.0,"turns":1.0},{"damage":2.0,"enemies":"Small Slimes","floor":5.0,"turns":4.0},{"damage":15.0,"enemies":"3 Louse","floor":6.0,"turns":7.0},{"damage":29.0,"enemies":"Lagavulin","floor":9.0,"turns":8.0},{"damage":4.0,"enemies":"Large Slime","floor":11.0,"turns":6.0},{"damage":7.0,"enemies":"Blue Slaver","floor":12.0,"turns":4.0},{"damage":9.0,"enemies":"Exordium Thugs","floor":13.0,"turns":3.0},{"damage":0.0,"enemies":"Large Slime","floor":14.0,"turns":4.0},{"damage":5.0,"enemies":"Blue Slaver","floor":15.0,"turns":3.0},{"damage":7,"enemies":"downfall:Defect","floor":16,"turns":2}],"seed_played":"793610552226719316","potions_obtained":[{"floor":5.0,"key":"Regen Potion"},{"floor":6.0,"key":"Fire Potion"},{"floor":8.0,"key":"SpeedPotion"},{"floor":8.0,"key":"Reflective Coating"},{"floor":12.0,"key":"Block Potion"}],"is_trial":false,"path_per_floor":["R","M","M","?","M","M","T","?","E","R","M","M","M","M","M","B"],"character_chosen":"GUARDIAN","items_purchased":[],"campfire_rested":0,"item_purchase_floors":[],"current_hp_per_floor":[80,80,80,68,66,51,51,51,31,31,27,20,11,11,6,0,0,0],"gold":229,"neow_bonus":"THREE_ENEMY_KILL","is_daily":false,"chose_seed":false,"campfire_upgraded":0,"win_rate":0.0,"timestamp":1610720334,"path_taken":["R","M","M","?","M","M","T","?","E","R","M","M","M","?","M","BOSS"],"items_purchased_type":[],"build_version":"2020-12-22","purchased_purges":0,"victory":false,"max_hp_per_floor":[80,80,80,80,80,80,80,80,80,80,80,80,80,80,80,80,80,80],"card_choices":[{"not_picked":["Guardian:Incinerate","Guardian:ChargeCore"],"picked":"Guardian:Emergency","floor":2.0},{"not_picked":["Guardian:CrystalBeam","Guardian:PolyBeam"],"picked":"Guardian:PrimingBeam","floor":3.0},{"not_picked":["Guardian:Gem_Cyan","Guardian:RollAttack"],"picked":"Guardian:DecasProtection","floor":5.0},{"not_picked":["Guardian:Gem_Lightblue","Guardian:Gem_Red"],"picked":"Guardian:Recover","floor":6.0},{"not_picked":["Guardian:CrystalBeam","Guardian:ShieldSpikes"],"picked":"Guardian:Planning","floor":9.0},{"not_picked":["Guardian:Gem_Green","Guardian:RollAttack"],"picked":"Guardian:TimeBomb","floor":11.0},{"not_picked":["Guardian:Gem_Cyan","Guardian:WalkerClaw","Guardian:ShieldCharger"],"picked":"SKIP","floor":12.0},{"not_picked":["Guardian:Incinerate","Guardian:CrystalBeam"],"picked":"Guardian:BronzeOrb","floor":13.0},{"not_picked":["Guardian:VentSteam","Guardian:Harden"],"picked":"Guardian:DonusPower","floor":14.0},{"not_picked":["Guardian:TimeBomb","Guardian:TemporalShield"],"picked":"Guardian:Gem_Synthetic","floor":15.0}],"player_experience":316850,"relics_obtained":[{"floor":7.0,"key":"Orichalcum"},{"floor":9.0,"key":"Art of War"}],"event_choices":[{"damage_healed":0.0,"max_hp_gain":0.0,"max_hp_loss":0.0,"gold_gain":0.0,"event_name":"Lab","player_choice":"Got Potions","floor":8.0,"gold_loss":0.0,"damage_taken":0.0}],"is_beta":false,"boss_relics":[],"items_purged_floors":[],"is_endless":false,"potions_floor_spawned":[4,5,6,12,13],"killed_by":"downfall:Defect","ascension_level":0}}