{"host":"ga4s3hj9m6nkn6gp","time":1610714961,"event":{"mods":["AchievementEnabler","BaseMod","Bestiary","Colored Powertips","Highlight Path","Minty Spire (QoL Compilation)","Relic Stats","everything is the same but u backflip on backflip"],"gold_per_floor":[369,544,218,238,238,238,271,271,271,311,324,28,47,88,88,88,88],"floor_reached":16,"language":"ENG","playtime":712,"items_purged":["Doubt"],"score":171,"play_id":"755e4205-87eb-43a4-b342-760418724c96","local_time":"20210115134921","is_ascension_mode":true,"campfire_choices":[{"data":"Defragment","floor":6,"key":"SMITH"},{"data":"Beam Cell","floor":15,"key":"SMITH"}],"circlet_count":0,"master_deck":["Strike_B","Strike_B","Strike_B","Strike_B+1","Defend_B","Defend_B","Defend_B","Defend_B","Zap","Dualcast+1","Defragment+1","Cold Snap","Coolheaded","Auto Shields","Sweeping Beam","Beam Cell+1"],"relics":["Cracked Core","Lantern","Golden Idol","Omamori","Sundial","Turnip","Medical Kit","Happy Flower","White Beast Statue"],"acts_visited":["Exordium"],"potions_floor_usage":[10],"damage_taken":[{"damage":0,"enemies":"Small Slimes","floor":1,"turns":4},{"damage":0,"enemies":"2 Louse","floor":4,"turns":2},{"damage":6,"enemies":"Lagavulin","floor":7,"turns":8},{"damage":12,"enemies":"3 Sentries","floor":10,"turns":7},{"damage":0,"enemies":"Jaw Worm","floor":11,"turns":3},{"damage":1,"enemies":"Red Slaver","floor":13,"turns":4},{"damage":5,"enemies":"Lagavulin","floor":14,"turns":8},{"damage":17,"enemies":"Slime Boss","floor":16,"turns":7}],"seed_played":"2459983163335838228","potions_obtained":[{"floor":4,"key":"Block Potion"},{"floor":7,"key":"Explosive Potion"},{"floor":11,"key":"SpeedPotion"},{"floor":13,"key":"SteroidPotion"}],"is_trial":false,"path_per_floor":["M","?","$","M","?","R","E","?","T","E","M","$","M","E","R","B"],"character_chosen":"DEFECT","items_purchased":["Cold Snap","Coolheaded","Lantern","Medical Kit","Happy Flower"],"campfire_rested":0,"item_purchase_floors":[3,3,3,12,12],"current_hp_per_floor":[68,68,68,68,51,51,45,31,31,19,19,19,18,13,13,0,0],"gold":88,"neow_bonus":"TWO_FIFTY_GOLD","is_daily":false,"chose_seed":false,"campfire_upgraded":2,"win_rate":0.0,"timestamp":1610714961,"path_taken":["M","?","$","M","?","R","E","?","T","E","M","$","M","E","R","BOSS"],"items_purchased_type":["Card","Card","Relic","Relic","Relic"],"build_version":"2020-12-22","purchased_purges":1,"victory":false,"max_hp_per_floor":[68,68,68,68,68,68,68,68,68,68,68,68,68,68,68,68,68],"relic_stats":{"Happy Flower":[6],"counters":[8,43],"Golden Idol":30,"Sundial":[6],"Turnip":[4],"Medical Kit":[0],"obtain_stats":[{"Lantern":3,"Happy Flower":12,"Golden Idol":5,"Sundial":9,"Turnip":10,"Omamori":7,"Cracked Core":0,"Medical Kit":12,"White Beast Statue":14},{"Lantern":1,"Happy Flower":5,"Golden Idol":2,"Sundial":3,"Turnip":4,"Omamori":3,"Cracked Core":0,"Medical Kit":5,"White Beast Statue":7},{"Lantern":4,"Happy Flower":24,"Golden Idol":6,"Sundial":14,"Turnip":21,"Omamori":14,"Cracked Core":0,"Medical Kit":24,"White Beast Statue":36}]},"card_choices":[{"not_picked":["Streamline","Cold Snap"],"picked":"Defragment","floor":1},{"not_picked":["Storm","Undo"],"picked":"Auto Shields","floor":4},{"not_picked":["Beam Cell","Coolheaded","Barrage"],"picked":"SKIP","floor":7},{"not_picked":["Beam Cell","Coolheaded","Barrage"],"picked":"SKIP","floor":7},{"not_picked":["Meteor Strike","Double Energy","Aggregate"],"picked":"SKIP","floor":10},{"not_picked":["Leap","Rebound"],"picked":"Sweeping Beam","floor":11},{"not_picked":["Compile Driver","Hologram"],"picked":"Beam Cell","floor":13},{"not_picked":["Storm","Barrage","Undo"],"picked":"SKIP","floor":14}],"player_experience":629225,"relics_obtained":[{"floor":7,"key":"Omamori"},{"floor":9,"key":"Sundial"},{"floor":10,"key":"Turnip"},{"floor":14,"key":"White Beast Statue"}],"event_choices":[{"damage_healed":0,"gold_gain":175,"player_choice":"AGREE","damage_taken":0,"max_hp_gain":0,"max_hp_loss":0,"event_name":"Liars Game","floor":2,"gold_loss":0,"cards_obtained":["Doubt"]},{"damage_healed":0,"gold_gain":0,"player_choice":"Take Damage","damage_taken":17,"relics_obtained":["Golden Idol"],"max_hp_gain":0,"max_hp_loss":0,"event_name":"Golden Idol","floor":5,"gold_loss":0},{"damage_healed":0,"gold_gain":0,"player_choice":"Entered Light","damage_taken":14,"max_hp_gain":0,"max_hp_loss":0,"event_name":"Shining Light","floor":8,"gold_loss":0,"cards_upgraded":["Dualcast","Strike_B"]}],"is_beta":false,"boss_relics":[],"items_purged_floors":[3],"is_endless":false,"potions_floor_spawned":[4,7,11,13],"killed_by":"Slime Boss","ascension_level":9}}