{"host":"ngetrkxyfzueafxy","time":1610677288,"event":{"mods":["AchievementEnabler","BaseMod","CapriCore","Halation","Hubris","Koishi","Marisa????????","Minty Spire (QoL Compilation)","Replay The Spire","StSLib","The Animator","The Bug Knight","The Immortal","The IronCluck","The Wild Card","Trackpad","egg","slay the spire mod where everything is the same but ironclad has a cowboy hat","vexMod"],"gold_per_floor":[114,114,114,124,10,40,40],"floor_reached":6,"language":"ENG","playtime":197,"items_purged":["Spreading Infection"],"score":72,"play_id":"28d2172a-6647-45a7-a594-dab7faae1581","local_time":"20210115022128","is_ascension_mode":true,"campfire_choices":[],"circlet_count":0,"master_deck":["theWildCard:BasicStrike","theWildCard:BasicStrike","theWildCard:BasicStrike","theWildCard:BasicStrike","theWildCard:BasicDefend","theWildCard:BasicDefend","theWildCard:BasicDefend","theWildCard:BasicDefend","theWildCard:CallToAdventure","theWildCard:Arsene","theWildCard:PaleRider","theWildCard:PowerOfTheArcana","theWildCard:SacrificialStroke+1","theWildCard:BladeOfGenerations"],"relics":["theWildCard:VelvetContract","NeowsBlessing","GremlinMask","Bottled Tornado"],"acts_visited":["Exordium"],"potions_floor_usage":[],"damage_taken":[{"damage":0,"enemies":"Small Slimes","floor":1,"turns":1},{"damage":0,"enemies":"Jaw Worm","floor":4,"turns":1},{"damage":0,"enemies":"3 Sentries","floor":6,"turns":1}],"seed_played":"-2293209766827011773","potions_obtained":[{"floor":1,"key":"Languid Potion"}],"is_trial":false,"path_per_floor":["M","?","?","M","$","E"],"character_chosen":"THE_WILD_CARD","items_purchased":["theWildCard:SacrificialStroke+1"],"campfire_rested":0,"item_purchase_floors":[5],"current_hp_per_floor":[60,60,60,60,60,60,60],"gold":40,"neow_bonus":"THREE_ENEMY_KILL","is_daily":false,"chose_seed":false,"campfire_upgraded":0,"win_rate":0.0,"timestamp":1610677288,"path_taken":["M","?","?","?","$","E"],"items_purchased_type":["Card"],"build_version":"2020-12-22","purchased_purges":1,"victory":false,"max_hp_per_floor":[60,60,60,60,60,60,60],"card_choices":[{"not_picked":["theWildCard:UnderLockAndKey","theWildCard:EnergizedStroke"],"picked":"theWildCard:PaleRider","floor":1},{"not_picked":["theWildCard:ArcaneArts","theWildCard:ArchaicAssault"],"picked":"theWildCard:PowerOfTheArcana","floor":4},{"not_picked":["theWildCard:Unburden","theWildCard:PowerOfTheArcana"],"picked":"theWildCard:BladeOfGenerations","floor":6}],"player_experience":475682,"relics_obtained":[{"floor":6,"key":"Bottled Tornado"}],"event_choices":[{"damage_healed":0,"gold_gain":0,"player_choice":"Trade","damage_taken":0,"relics_obtained":["GremlinMask"],"max_hp_gain":0,"max_hp_loss":0,"event_name":"FaceTrader","floor":3,"gold_loss":0}],"is_beta":false,"boss_relics":[],"items_purged_floors":[5],"is_endless":false,"potions_floor_spawned":[1],"killed_by":"3 Sentries","ascension_level":1}}