{"host":"af1kf8gfe86ugcx8","time":1610678265,"event":{"mods":["2.2 Compatiblity","BaseMod","Better Altar","Better Match","Better Sensory Stone","Better Skull","Better Vampires","BetterRewards","Card Filter","Colored Map","Conspire","Defuse TimeMaze Blight","Downfall","Energized Spire","Friendly Minions","Glutton Mod","Infinite Spire","Mad Scientist","Minty Spire (QoL Compilation)","Permanent Neow","Quick Restart","Random Character Button","Replay The Spire","Shop Mod","Spikes Relics","StSLib","The Construct","The Death Knight","The Disciple","The Necromancer","Transform Curses","UnlockEverythingMod"],"gold_per_floor":[99,111,169,269,9,9,9,23,41,53,70,70,85,105,119,214,214,214,226,242,242,252,252,277,277,162,162,262,262,290,111,125,225,225,225,245,295,306,19,19,19,30,30,30,45,64,64,64,80,80,80,80],"floor_reached":50,"language":"ENG","playtime":4202,"items_purged":["Slimebound:Tackle","Slimebound:DuplicatedForm","Slimebound:Defend_Slimebound","Slimebound:Defend_Slimebound","Slimebound:Defend_Slimebound","Slimebound:Strike_Slimebound"],"score":531,"play_id":"766983b3-2818-43ea-a4a6-41ca5f296393","local_time":"20210114183745","is_ascension_mode":false,"campfire_choices":[{"data":"Slimebound:Split","floor":1.0,"key":"SMITH"},{"data":"Slimebound:SplitBruiser","floor":6.0,"key":"SMITH"},{"data":"Slimebound:SplitLeeching","floor":12.0,"key":"SMITH"},{"data":"Slimebound:SlimeTap","floor":18.0,"key":"SMITH"},{"data":"Slimebound:LeechEnergy","floor":23.0,"key":"SMITH"},{"floor":35.0,"key":"DIG"},{"data":"Slimebound:SlimeSlap","floor":47.0,"key":"SMITH"}],"circlet_count":0,"master_deck":["Slimebound:Strike_Slimebound","Slimebound:Defend_Slimebound","Slimebound:Split+1","Slimebound:CorrosiveSpit","Slimebound:SplitLeeching+1","Slimebound:SplitBruiser+1","Slimebound:LeechEnergy+1","Slimebound:Schlurp+1","Slimebound:SplitBruiser","Slimebound:LeechEnergy","Slimebound:SpikyOuterGoop","Slimebound:SlimeTap+1","Slimebound:LeechingTouch","Slimebound:SamplingLick+1","Slimebound:SplitLeeching+1","Slimebound:SplitLeeching+1","Slimebound:SplitMire","Slimebound:Teamwork","Slimebound:LeadByExample+1","Slimebound:SplitMire","Slimebound:SplitMire","Slimebound:SelfFormingGoo","Slimebound:SplitLeeching","Slimebound:SplitLeeching+1","Slimebound:MassRepurpose","Master of Strategy","Slimebound:SelfFormingGoo","Slimebound:SlimeSlap+1","Pain","Slimebound:RejuvenatingLick+1"],"relics":["Slimebound:AbsorbEndCombat","Replay:Accelerometer","MerchantsRug","conspire:DeflatedDodgeball","conspire:RunicOctahedron","Boot","Enchiridion","StoneCalendar","Meat on the Bone","Replay:Bottled Flurry","Pen Nib","CosmicIsotope","RollingBoulder","Replay:PocketPolymizer","Bag of Marbles","DeathKnight:PutricidesVial","Replay:Kaleidoscope","Calipers"],"acts_visited":["Exordium","TheCity","TheBeyond"],"potions_floor_usage":[50,50,50],"damage_taken":[{"damage":9.0,"enemies":"conspire:RoseBush","floor":2.0,"turns":2.0},{"damage":46.0,"enemies":"Gremlin Nob","floor":3.0,"turns":5.0},{"damage":16.0,"enemies":"downfall:FleeingMerchant","floor":5.0,"turns":4.0},{"damage":27.0,"enemies":"infinitespire:Voidling","floor":8.0,"turns":3.0},{"damage":13.0,"enemies":"Jaw Worm","floor":9.0,"turns":3.0},{"damage":24.0,"enemies":"Red Slaver","floor":10.0,"turns":2.0},{"damage":16.0,"enemies":"Large Slime","floor":11.0,"turns":3.0},{"damage":20.0,"enemies":"Exordium Wildlife","floor":13.0,"turns":3.0},{"damage":21.0,"enemies":"3 Louse","floor":14.0,"turns":3.0},{"damage":20.0,"enemies":"Large Slime","floor":15.0,"turns":3.0},{"damage":49.0,"enemies":"downfall:Defect","floor":16.0,"turns":5.0},{"damage":20.0,"enemies":"Chosen","floor":19.0,"turns":3.0},{"damage":20.0,"enemies":"Shell Parasite","floor":20.0,"turns":2.0},{"damage":41.0,"enemies":"Chosen and Byrds","floor":22.0,"turns":5.0},{"damage":27.0,"enemies":"downfall:FleeingMerchant","floor":26.0,"turns":4.0},{"damage":28.0,"enemies":"downfall:Watcher","floor":28.0,"turns":4.0},{"damage":42.0,"enemies":"Slavers","floor":30.0,"turns":4.0},{"damage":32.0,"enemies":"downfall:FleeingMerchant","floor":31.0,"turns":4.0},{"damage":51.0,"enemies":"Snake Plant","floor":32.0,"turns":3.0},{"damage":72.0,"enemies":"downfall:Ironclad","floor":33.0,"turns":7.0},{"damage":54.0,"enemies":"3 Darklings","floor":36.0,"turns":4.0},{"damage":32.0,"enemies":"Mind Bloom Boss Battle","floor":37.0,"turns":3.0},{"damage":48.0,"enemies":"3 Shapes","floor":38.0,"turns":4.0},{"damage":4.0,"enemies":"downfall:FleeingMerchant","floor":39.0,"turns":1.0},{"damage":44.0,"enemies":"Writhing Mass","floor":42.0,"turns":4.0},{"damage":32.0,"enemies":"Spire Growth","floor":45.0,"turns":3.0},{"damage":37.0,"enemies":"4 Shapes","floor":46.0,"turns":4.0},{"damage":51.0,"enemies":"Transient","floor":49.0,"turns":5.0},{"damage":123,"enemies":"downfall:Silent","floor":50,"turns":5}],"seed_played":"-1024317688483534625","potions_obtained":[{"floor":2.0,"key":"Block Potion"},{"floor":3.0,"key":"Swift Potion"},{"floor":8.0,"key":"PowerPotion"},{"floor":14.0,"key":"DuplicationPotion"},{"floor":15.0,"key":"Death Potion"},{"floor":19.0,"key":"Adrenaline Potion"},{"floor":22.0,"key":"Guardian:BlockOnCardUsePotion"},{"floor":32.0,"key":"SteroidPotion"},{"floor":33.0,"key":"Strength Potion"},{"floor":42.0,"key":"Energy Potion"},{"floor":46.0,"key":"Adrenaline Potion"}],"is_trial":false,"path_per_floor":["R","M","?","?","$","R","T","M","M","M","M","R","M","M","M","B",null,"R","M","M","?","M","R","T","?","$","?","?","AVR","E","$","M","B",null,"R_BF","M","?","M","$","?","T","M","AVR","T","M","M","R","?","M","B"],"character_chosen":"SLIMEBOUND","items_purchased":["Slimebound:Schlurp","MerchantsRug","Slimebound:SplitMire","Bag of Marbles","Slimebound:MassRepurpose","Master of Strategy"],"campfire_rested":0,"item_purchase_floors":[5,5,31,39,39,39],"current_hp_per_floor":[60,60,34,34,38,38,38,35,38,38,46,46,50,49,60,36,60,60,60,60,52,55,55,55,55,60,44,60,60,57,60,59,56,60,60,58,60,56,56,56,56,60,60,60,60,59,57,57,57,0,0,0],"gold":80,"neow_bonus":"TRANSFORM_CARD","is_daily":false,"chose_seed":false,"campfire_upgraded":6,"win_rate":0.0,"timestamp":1610678265,"path_taken":["R","M","?","?","$","R","T","M","M","M","M","R","?","M","M","BOSS","R","M","M","?","?","R","T","?","?","?","?","AVR","E","?","M","BOSS","R_BF","M","?","M","$","?","T","?","AVR","?","?","M","R","?","M","BOSS"],"items_purchased_type":["Card","Relic","Card","Relic","Card","Card"],"build_version":"2020-12-22","purchased_purges":6,"victory":false,"max_hp_per_floor":[60,60,60,60,60,60,60,60,60,60,60,60,60,60,60,60,60,60,60,60,60,60,60,60,60,60,60,60,60,60,60,60,60,60,60,60,60,60,60,60,60,60,60,60,60,60,57,57,57,57,57,57],"card_choices":[{"not_picked":["Slimebound:SlimeSpikes","Slimebound:Schlurp"],"picked":"Slimebound:SplitLeeching","floor":2.0},{"not_picked":["Slimebound:SlimeSpikes","Slimebound:GoopSpray"],"picked":"Slimebound:SplitBruiser","floor":3.0},{"not_picked":["Slimebound:FinishingTackle","Slimebound:BestDefense"],"picked":"Slimebound:LeechEnergy","floor":5.0},{"not_picked":["Slimebound:FinishingTackle","Slimebound:ComboTackle"],"picked":"Slimebound:SplitBruiser","floor":8.0},{"not_picked":["Slimebound:PressTheAttack","Slimebound:TongueLash"],"picked":"Slimebound:LeechEnergy","floor":9.0},{"not_picked":["Slimebound:SlimeSpikes","Slimebound:LeechEnergy"],"picked":"Slimebound:SpikyOuterGoop","floor":10.0},{"not_picked":["Slimebound:Replication","Slimebound:ForwardTackle","Slimebound:Dissolve"],"picked":"SKIP","floor":11.0},{"not_picked":["Slimebound:Schlurp","Slimebound:RollThrough","Slimebound:SlimeSlap"],"picked":"SKIP","floor":13.0},{"not_picked":["Slimebound:ProtectTheBoss","Slimebound:FirmFortitude"],"picked":"Slimebound:SlimeTap","floor":14.0},{"not_picked":["Slimebound:ForwardTackle","Slimebound:FinishingTackle"],"picked":"Slimebound:LeechingTouch","floor":15.0},{"not_picked":["Slimebound:Teamwork","Slimebound:MassFeed"],"picked":"Slimebound:DuplicatedForm","floor":16.0},{"not_picked":["Slimebound:Schlurp+1","Slimebound:SlimeBarrage"],"picked":"Slimebound:SamplingLick+1","floor":19.0},{"not_picked":["Slimebound:GoopTackle","Slimebound:SlimeSpikes"],"picked":"Slimebound:SplitLeeching+1","floor":20.0},{"not_picked":["Slimebound:RejuvenatingLick","Slimebound:GoopSpray"],"picked":"Slimebound:SplitLeeching+1","floor":22.0},{"not_picked":["Slimebound:Chomp","Slimebound:ForwardTackle"],"picked":"Slimebound:SplitMire","floor":26.0},{"not_picked":["Slimebound:SplitAcid","Slimebound:SplitBruiser+1"],"picked":"Slimebound:Teamwork","floor":30.0},{"not_picked":["Slimebound:LivingWall","Slimebound:GoopSpray"],"picked":"Slimebound:LeadByExample+1","floor":31.0},{"not_picked":["Slimebound:SlimeBrawl+1","Slimebound:PressTheAttack","Slimebound:RollThrough"],"picked":"SKIP","floor":32.0},{"not_picked":["Slimebound:MinionMaster","Slimebound:DuplicatedForm"],"picked":"Slimebound:SelfFormingGoo","floor":33.0},{"not_picked":["Slimebound:Equalize","Slimebound:ViciousTackle"],"picked":"Slimebound:SplitLeeching","floor":36.0},{"not_picked":["Slimebound:LeechingTouch","Slimebound:RollThrough+1"],"picked":"Slimebound:SplitLeeching+1","floor":38.0},{"not_picked":["Slimebound:SpikyOuterGoop","Slimebound:BestDefense","Slimebound:SlimeBrawl+1"],"picked":"SKIP","floor":39.0},{"not_picked":["Slimebound:ItLooksTasty","Slimebound:GrowthPunch","Slimebound:TongueLash+1"],"picked":"SKIP","floor":42.0},{"not_picked":["Slimebound:SlimeSpikes","Slimebound:DisruptingSlam+1"],"picked":"Slimebound:SelfFormingGoo","floor":45.0},{"not_picked":["Slimebound:FinishingTackle","Slimebound:SlimeSpikes+1","Slimebound:HauntingLick"],"picked":"SKIP","floor":46.0},{"not_picked":["Slimebound:FirmFortitude","Slimebound:LeechEnergy+1"],"picked":"Slimebound:RejuvenatingLick+1","floor":49.0}],"player_experience":242856,"relics_obtained":[{"floor":3.0,"key":"Replay:Accelerometer"},{"floor":7.0,"key":"conspire:DeflatedDodgeball"},{"floor":24.0,"key":"Boot"},{"floor":27.0,"key":"Enchiridion"},{"floor":28.0,"key":"StoneCalendar"},{"floor":28.0,"key":"Meat on the Bone"},{"floor":30.0,"key":"Pen Nib"},{"floor":35.0,"key":"RollingBoulder"},{"floor":37.0,"key":"Replay:PocketPolymizer"},{"floor":41.0,"key":"DeathKnight:PutricidesVial"},{"floor":44.0,"key":"Calipers"}],"event_choices":[{"damage_healed":0.0,"max_hp_gain":0.0,"max_hp_loss":0.0,"gold_gain":0.0,"event_name":"Ghosts","player_choice":"Ignored","floor":25.0,"gold_loss":0.0,"damage_taken":0.0},{"damage_healed":0.0,"max_hp_gain":0.0,"max_hp_loss":0.0,"gold_gain":0.0,"event_name":"NoteForYourself","player_choice":"Ignored","floor":40.0,"gold_loss":0.0,"damage_taken":0.0}],"is_beta":false,"boss_relics":[{"not_picked":["Black Star","Replay:Grab Bag"],"picked":"conspire:RunicOctahedron"},{"not_picked":["energizedSpire:HugeHouse","construct:ClawGrip"],"picked":"CosmicIsotope"}],"items_purged_floors":[5,26,29,31,39,43],"is_endless":false,"potions_floor_spawned":[2,3,8,14,15,19,22,32,33,42,46,49],"killed_by":"downfall:Silent","ascension_level":0}}