{"host":"foq4mrde4mssg7vt","time":1610735145,"event":{"mods":["AchievementEnabler","BaseMod","Colored Map","Colored Powertips","Highlight Path","Minty Spire (QoL Compilation)","Relic Stats","everything is the same but u backflip on backflip"],"gold_per_floor":[117,127,127,148,164,164,187,187,211,247,272,308,308,328,328,421,421,440,455,455,478,81,81,121,121,121,139,264,278,93,134,134,227,227,251,6,0,13,13,13,13],"floor_reached":40,"language":"ENG","playtime":1674,"items_purged":["Bite","Bite"],"score":854,"play_id":"470bc670-2a97-4932-94a8-50b5384cfa6c","local_time":"20210116022545","is_ascension_mode":true,"campfire_choices":[{"data":"Uppercut","floor":6.0,"key":"SMITH"},{"data":"Twin Strike","floor":8.0,"key":"SMITH"},{"data":"Shrug It Off","floor":13.0,"key":"SMITH"},{"floor":15.0,"key":"REST"},{"data":"Disarm","floor":23.0,"key":"SMITH"},{"floor":25.0,"key":"REST"},{"data":"Immolate","floor":32.0,"key":"SMITH"}],"circlet_count":0,"master_deck":["AscendersBane","Defend_R","Defend_R","Defend_R","Defend_R","Bash","Twin Strike+1","Shrug It Off+1","Wild Strike","Uppercut+1","Immolate+1","Sever Soul","Spot Weakness","Reaper","Evolve","Bite","Bite","Bite","Disarm+1","Second Wind","Dark Embrace","Offering","Limit Break","Feel No Pain"],"relics":["Burning Blood","Omamori","Golden Idol","Vajra","Red Skull","Pen Nib","Cursed Key","Bronze Scales","Toy Ornithopter","Akabeko","Mango","Question Card","Incense Burner","Fusion Hammer","Bag of Preparation","Red Mask"],"acts_visited":["Exordium","TheCity","TheBeyond"],"potions_floor_usage":[],"damage_taken":[{"damage":12.0,"enemies":"Small Slimes","floor":1.0,"turns":4.0},{"damage":9.0,"enemies":"Jaw Worm","floor":2.0,"turns":5.0},{"damage":0.0,"enemies":"Cultist","floor":4.0,"turns":3.0},{"damage":21.0,"enemies":"Exordium Wildlife","floor":5.0,"turns":5.0},{"damage":12.0,"enemies":"Blue Slaver","floor":7.0,"turns":4.0},{"damage":12.0,"enemies":"Lagavulin","floor":10.0,"turns":6.0},{"damage":0.0,"enemies":"Looter","floor":11.0,"turns":1.0},{"damage":10.0,"enemies":"3 Sentries","floor":12.0,"turns":3.0},{"damage":24.0,"enemies":"Exordium Thugs","floor":14.0,"turns":3.0},{"damage":42.0,"enemies":"The Guardian","floor":16.0,"turns":11.0},{"damage":33.0,"enemies":"Spheric Guardian","floor":18.0,"turns":4.0},{"damage":27.0,"enemies":"3 Byrds","floor":19.0,"turns":4.0},{"damage":42.0,"enemies":"Snake Plant","floor":21.0,"turns":4.0},{"damage":38.0,"enemies":"Book of Stabbing","floor":24.0,"turns":5.0},{"damage":35.0,"enemies":"Centurion and Healer","floor":27.0,"turns":18.0},{"damage":47.0,"enemies":"Colosseum Slavers","floor":28.0,"turns":5.0},{"damage":12.0,"enemies":"Colosseum Nobs","floor":28.0,"turns":4.0},{"damage":9.0,"enemies":"Chosen and Byrds","floor":29.0,"turns":3.0},{"damage":47.0,"enemies":"Slavers","floor":31.0,"turns":7.0},{"damage":47.0,"enemies":"Collector","floor":33.0,"turns":7.0},{"damage":13.0,"enemies":"Orb Walker","floor":35.0,"turns":2.0},{"damage":44.0,"enemies":"3 Darklings","floor":38.0,"turns":6.0},{"damage":103,"enemies":"Giant Head","floor":40,"turns":7}],"seed_played":"-404962148346142195","potions_obtained":[{"floor":5.0,"key":"DistilledChaos"},{"floor":7.0,"key":"Dexterity Potion"},{"floor":11.0,"key":"BlessingOfTheForge"},{"floor":12.0,"key":"ColorlessPotion"},{"floor":16.0,"key":"BloodPotion"},{"floor":21.0,"key":"BlessingOfTheForge"},{"floor":24.0,"key":"CultistPotion"},{"floor":38.0,"key":"LiquidBronze"}],"is_trial":false,"path_per_floor":["M","M","?","M","M","R","M","R","T","E","M","E","R","M","R","B",null,"M","M","?","M","$","R","E","R","T","M","?","M","$","E","R","B",null,"M","$","?","M","?","E"],"character_chosen":"IRONCLAD","items_purchased":["Disarm","Bronze Scales","Second Wind","Dark Embrace","Feel No Pain","Bag of Preparation"],"campfire_rested":2,"item_purchase_floors":[22,22,22,30,36,36],"current_hp_per_floor":[62,59,59,65,50,50,44,44,44,38,44,40,40,22,44,8,58,35,33,33,22,22,22,14,29,29,52,49,52,52,34,34,25,56,61,61,61,66,66,0,0],"gold":13,"neow_bonus":"RANDOM_COMMON_RELIC","is_daily":false,"chose_seed":false,"campfire_upgraded":5,"win_rate":0.0,"timestamp":1610735145,"path_taken":["M","M","?","M","M","R","M","R","T","E","M","E","R","M","R","BOSS","M","M","?","M","$","R","E","R","T","M","?","M","$","E","R","BOSS","M","$","?","M","?","E"],"items_purchased_type":["Card","Relic","Card","Card","Card","Relic"],"build_version":"2020-12-22","purchased_purges":2,"victory":false,"max_hp_per_floor":[75,75,75,75,75,75,75,75,75,75,75,75,75,75,75,75,75,75,75,52,52,52,52,52,52,52,52,66,66,66,66,66,66,66,66,66,66,66,66,66,66],"relic_stats":{"counters":[23,121],"Golden Idol":141,"Bronze Scales":[204],"Pen Nib":[13],"Bag of Preparation":[4],"Cursed Key":1,"Question Card":5,"obtain_stats":[{"Golden Idol":3,"Vajra":9,"Mango":28,"Pen Nib":12,"Omamori":0,"Incense Burner":31,"Bag of Preparation":36,"Cursed Key":17,"Question Card":28,"Burning Blood":0,"Akabeko":26,"Bronze Scales":22,"Fusion Hammer":34,"Red Mask":37,"Red Skull":10,"Toy Ornithopter":24},{"Golden Idol":2,"Vajra":5,"Mango":17,"Pen Nib":8,"Omamori":0,"Incense Burner":19,"Bag of Preparation":21,"Cursed Key":10,"Question Card":17,"Burning Blood":0,"Akabeko":14,"Bronze Scales":13,"Fusion Hammer":20,"Red Mask":21,"Red Skull":6,"Toy Ornithopter":14},{"Golden Idol":9,"Vajra":21,"Mango":89,"Pen Nib":31,"Omamori":0,"Incense Burner":99,"Bag of Preparation":108,"Cursed Key":45,"Question Card":89,"Burning Blood":0,"Akabeko":62,"Bronze Scales":57,"Fusion Hammer":106,"Red Mask":108,"Red Skull":27,"Toy Ornithopter":62}],"Burning Blood":121,"Toy Ornithopter":5},"card_choices":[{"not_picked":["Flex","Iron Wave"],"picked":"Twin Strike","floor":1.0},{"not_picked":["Thunderclap","Flex"],"picked":"Shrug It Off","floor":2.0},{"not_picked":["Fire Breathing","Metallicize"],"picked":"Wild Strike","floor":4.0},{"not_picked":["Exhume","Twin Strike"],"picked":"Uppercut","floor":5.0},{"not_picked":["Headbutt","Thunderclap","Sentinel"],"picked":"SKIP","floor":7.0},{"not_picked":["Pommel Strike","Dropkick"],"picked":"Immolate","floor":10.0},{"not_picked":["Sword Boomerang","Hemokinesis","Pummel"],"picked":"SKIP","floor":11.0},{"not_picked":["Clash","Flex"],"picked":"Sever Soul","floor":12.0},{"not_picked":["Blood for Blood","Searing Blow"],"picked":"Spot Weakness","floor":14.0},{"not_picked":["Exhume","Brutality"],"picked":"Reaper","floor":16.0},{"not_picked":["Pummel","Heavy Blade","Pommel Strike+1"],"picked":"SKIP","floor":18.0},{"not_picked":["Reckless Charge","Armaments"],"picked":"Evolve","floor":19.0},{"not_picked":["Flex+1","Anger","Inflame"],"picked":"SKIP","floor":21.0},{"not_picked":["Iron Wave","Clash","Body Slam"],"picked":"SKIP","floor":24.0},{"not_picked":["Armaments","Fire Breathing","Thunderclap"],"picked":"SKIP","floor":27.0},{"not_picked":["Seeing Red","Headbutt+1","Whirlwind+1","Sentinel"],"picked":"SKIP","floor":29.0},{"not_picked":["Fire Breathing","Warcry","Disarm"],"picked":"Offering","floor":31.0},{"not_picked":["Brutality","Demon Form","Juggernaut"],"picked":"Limit Break","floor":33.0},{"not_picked":["Thunderclap","Iron Wave","Headbutt+1","Bloodletting"],"picked":"SKIP","floor":35.0},{"not_picked":["Carnage+1","Iron Wave","Entrench+1","Uppercut"],"picked":"SKIP","floor":38.0}],"player_experience":477193,"relics_obtained":[{"floor":9.0,"key":"Vajra"},{"floor":10.0,"key":"Red Skull"},{"floor":12.0,"key":"Pen Nib"},{"floor":24.0,"key":"Toy Ornithopter"},{"floor":26.0,"key":"Akabeko"},{"floor":28.0,"key":"Mango"},{"floor":28.0,"key":"Question Card"},{"floor":31.0,"key":"Incense Burner"}],"event_choices":[{"damage_healed":0.0,"max_hp_gain":0.0,"max_hp_loss":0.0,"gold_gain":0.0,"event_name":"Golden Idol","player_choice":"Take Wound","floor":3.0,"gold_loss":0.0,"damage_taken":0.0,"relics_obtained":["Golden Idol"],"cards_obtained":["Injury"]},{"damage_healed":0.0,"max_hp_gain":0.0,"max_hp_loss":23.0,"gold_gain":0.0,"event_name":"Vampires","player_choice":"Became a vampire","floor":20.0,"gold_loss":0.0,"damage_taken":0.0,"cards_obtained":["Bite","Bite","Bite","Bite","Bite"]},{"damage_healed":0.0,"max_hp_gain":0.0,"max_hp_loss":0.0,"gold_gain":0.0,"event_name":"Colosseum","player_choice":"Fight","floor":28.0,"gold_loss":0.0,"damage_taken":0.0},{"damage_healed":0.0,"max_hp_gain":0.0,"max_hp_loss":0.0,"gold_gain":0.0,"event_name":"Colosseum","player_choice":"Fought Nobs","floor":28.0,"gold_loss":0.0,"damage_taken":0.0},{"damage_healed":0.0,"max_hp_gain":0.0,"max_hp_loss":0.0,"gold_gain":0.0,"event_name":"Tomb of Lord Red Mask","player_choice":"Paid","floor":37.0,"gold_loss":6.0,"damage_taken":0.0,"relics_obtained":["Red Mask"]},{"damage_healed":0.0,"max_hp_gain":0.0,"max_hp_loss":0.0,"gold_gain":0.0,"event_name":"Mysterious Sphere","player_choice":"Ignored","floor":39.0,"gold_loss":0.0,"damage_taken":0.0}],"is_beta":false,"boss_relics":[{"not_picked":["Astrolabe","Pandora\u0027s Box"],"picked":"Cursed Key"},{"not_picked":["Calling Bell","Snecko Eye"],"picked":"Fusion Hammer"}],"items_purged_floors":[22,30],"is_endless":false,"potions_floor_spawned":[5,7,11,12,16,21,24,28,31,38],"killed_by":"Giant Head","ascension_level":19}}