{"host":"qxeepl7ydvsgmfdb","time":1610718510,"event":{"mods":["AchievementEnabler","BaseMod","Colored Powertips","Minty Spire (QoL Compilation)","Quick Restart","slay the spire mod where everything is the same but ironclad has a cowboy hat"],"gold_per_floor":[114,130,146,26,26,26,57,57,57,83,83,113,73,5,5,109,109,129,129,129,44,55,81,81,111,111,122,139,155,155,9,9,113,113,132,432,450,450,450,479,441,441,441],"floor_reached":42,"language":"ENG","playtime":1218,"items_purged":["Defend_G"],"score":651,"play_id":"8e1f7041-ddd8-4d66-8349-eed741d5681d","local_time":"20210115084830","is_ascension_mode":true,"campfire_choices":[{"floor":6.0,"key":"REST"},{"floor":11.0,"key":"REST"},{"floor":15.0,"key":"REST"},{"floor":24.0,"key":"REST"},{"floor":30.0,"key":"REST"},{"floor":32.0,"key":"REST"}],"circlet_count":0,"master_deck":["Strike_G","Strike_G","Strike_G+1","Defend_G","Defend_G+1","Defend_G","Defend_G+1","Survivor","Neutralize","Accuracy","Dagger Spray","Infinite Blades","Deadly Poison","Backflip","Blade Dance+1","Noxious Fumes","Die Die Die","Cloak And Dagger+1","Blade Dance","Envenom","CurseOfTheBell","Cloak And Dagger+1","Poisoned Stab"],"relics":["WristBlade","Ornamental Fan","Ninja Scroll","Lantern","Bag of Preparation","HoveringKite","Pantograph","Centennial Puzzle","Matryoshka","MealTicket","WingedGreaves","Membership Card","Calling Bell","War Paint","HornCleat","Turnip","Incense Burner"],"acts_visited":["Exordium","TheCity","TheBeyond"],"potions_floor_usage":[],"damage_taken":[{"damage":0.0,"enemies":"Cultist","floor":1.0,"turns":4.0},{"damage":17.0,"enemies":"Small Slimes","floor":2.0,"turns":4.0},{"damage":8.0,"enemies":"Jaw Worm","floor":3.0,"turns":4.0},{"damage":5.0,"enemies":"Gremlin Nob","floor":7.0,"turns":3.0},{"damage":18.0,"enemies":"Lagavulin","floor":10.0,"turns":4.0},{"damage":21.0,"enemies":"Gremlin Nob","floor":12.0,"turns":4.0},{"damage":18.0,"enemies":"Slime Boss","floor":16.0,"turns":4.0},{"damage":1.0,"enemies":"Chosen","floor":18.0,"turns":4.0},{"damage":0.0,"enemies":"Spheric Guardian","floor":22.0,"turns":3.0},{"damage":19.0,"enemies":"Book of Stabbing","floor":23.0,"turns":4.0},{"damage":11.0,"enemies":"Gremlin Leader","floor":25.0,"turns":4.0},{"damage":0.0,"enemies":"Centurion and Healer","floor":27.0,"turns":2.0},{"damage":0.0,"enemies":"Chosen and Byrds","floor":28.0,"turns":4.0},{"damage":18.0,"enemies":"3 Cultists","floor":29.0,"turns":5.0},{"damage":67.0,"enemies":"Champ","floor":33.0,"turns":9.0},{"damage":2.0,"enemies":"Orb Walker","floor":35.0,"turns":2.0},{"damage":9.0,"enemies":"3 Shapes","floor":37.0,"turns":5.0},{"damage":0.0,"enemies":"Writhing Mass","floor":38.0,"turns":1.0},{"damage":22.0,"enemies":"Reptomancer","floor":40.0,"turns":4.0},{"damage":38,"enemies":"Nemesis","floor":42,"turns":5}],"seed_played":"-1957403232898646026","potions_obtained":[{"floor":1.0,"key":"CunningPotion"},{"floor":3.0,"key":"Weak Potion"},{"floor":10.0,"key":"DuplicationPotion"},{"floor":13.0,"key":"Fire Potion"},{"floor":13.0,"key":"SmokeBomb"},{"floor":23.0,"key":"PowerPotion"},{"floor":25.0,"key":"LiquidMemories"},{"floor":35.0,"key":"SteroidPotion"}],"is_trial":false,"path_per_floor":["M","M","M","$","?","R","E","?","T","E","R","E","?","$","R","B",null,"M","?","?","?","M","E","R","E","T","M","M","M","R","$","R","B",null,"M","?","M","M","?","E","$","E"],"character_chosen":"THE_SILENT","items_purchased":["Infinite Blades","Deadly Poison","Noxious Fumes","Membership Card"],"campfire_rested":6,"item_purchase_floors":[4,4,14,31],"current_hp_per_floor":[63,46,38,38,24,45,40,33,33,15,36,15,15,15,36,18,57,56,40,40,40,40,21,42,31,31,31,31,13,34,49,70,3,53,51,51,42,42,42,20,35,0,0],"gold":441,"neow_bonus":"BOSS_RELIC","is_daily":false,"chose_seed":false,"campfire_upgraded":0,"win_rate":0.0,"timestamp":1610718510,"path_taken":["M","M","?","$","?","R","E","?","T","E","R","E","?","$","R","BOSS","M","?","?","?","M","E","R","E","T","?","M","M","R","$","R","BOSS","M","?","M","?","?","E","$","E"],"items_purchased_type":["Card","Card","Card","Relic"],"build_version":"2020-12-22","purchased_purges":1,"victory":false,"max_hp_per_floor":[70,70,70,70,70,70,70,70,70,70,70,70,70,70,70,70,70,70,70,70,70,70,70,70,70,70,70,70,70,70,70,70,70,70,70,70,70,70,70,70,70,70,70],"card_choices":[{"not_picked":["Backflip","Sucker Punch"],"picked":"Accuracy","floor":1.0},{"not_picked":["Underhanded Strike","Outmaneuver","Sucker Punch"],"picked":"SKIP","floor":2.0},{"not_picked":["Blur","Sucker Punch"],"picked":"Dagger Spray","floor":3.0},{"not_picked":["Sucker Punch","All Out Attack"],"picked":"Backflip","floor":7.0},{"not_picked":["Underhanded Strike","Finisher","Crippling Poison"],"picked":"SKIP","floor":10.0},{"not_picked":["Outmaneuver","Envenom"],"picked":"Blade Dance","floor":12.0},{"not_picked":["Tools of the Trade","Wraith Form v2"],"picked":"Die Die Die","floor":16.0},{"not_picked":["Acrobatics+1","Predator"],"picked":"Cloak And Dagger+1","floor":18.0},{"not_picked":["Terror","Expertise","Acrobatics"],"picked":"SKIP","floor":22.0},{"not_picked":["Deflect","PiercingWail+1"],"picked":"Blade Dance","floor":23.0},{"not_picked":["Well Laid Plans+1","Flechettes","Acrobatics"],"picked":"SKIP","floor":25.0},{"not_picked":["Leg Sweep","Slice+1","Prepared"],"picked":"SKIP","floor":27.0},{"not_picked":["All Out Attack","PiercingWail","Deflect"],"picked":"SKIP","floor":28.0},{"not_picked":["Backflip+1","Slice+1","Sucker Punch+1"],"picked":"SKIP","floor":29.0},{"not_picked":["Malaise","Adrenaline"],"picked":"Envenom","floor":33.0},{"not_picked":["Reflex+1","Finisher+1"],"picked":"Cloak And Dagger+1","floor":35.0},{"not_picked":["Prepared","Cloak And Dagger","Reflex+1"],"picked":"SKIP","floor":37.0},{"not_picked":["Skewer","Sucker Punch"],"picked":"Poisoned Stab","floor":40.0}],"player_experience":143932,"relics_obtained":[{"floor":7.0,"key":"Ornamental Fan"},{"floor":9.0,"key":"Ninja Scroll"},{"floor":10.0,"key":"Lantern"},{"floor":12.0,"key":"Bag of Preparation"},{"floor":23.0,"key":"Centennial Puzzle"},{"floor":25.0,"key":"Matryoshka"},{"floor":26.0,"key":"MealTicket"},{"floor":26.0,"key":"WingedGreaves"},{"floor":34.0,"key":"War Paint"},{"floor":34.0,"key":"HornCleat"},{"floor":34.0,"key":"Turnip"},{"floor":40.0,"key":"Incense Burner"}],"event_choices":[{"damage_healed":0.0,"max_hp_gain":0.0,"max_hp_loss":0.0,"gold_gain":0.0,"event_name":"Shining Light","player_choice":"Entered Light","floor":5.0,"gold_loss":0.0,"damage_taken":14.0,"cards_upgraded":["Strike_G","Defend_G"]},{"cards_removed":["Strike_G"],"damage_healed":0.0,"max_hp_gain":0.0,"max_hp_loss":0.0,"gold_gain":0.0,"event_name":"Golden Wing","player_choice":"Card Removal","floor":8.0,"gold_loss":0.0,"damage_taken":7.0},{"damage_healed":0.0,"max_hp_gain":0.0,"max_hp_loss":0.0,"gold_gain":0.0,"event_name":"The Woman in Blue","player_choice":"Bought 3 Potions","floor":13.0,"gold_loss":0.0,"damage_taken":0.0},{"damage_healed":0.0,"max_hp_gain":0.0,"max_hp_loss":0.0,"gold_gain":0.0,"event_name":"Cursed Tome","player_choice":"Obtained Book","floor":19.0,"gold_loss":0.0,"damage_taken":16.0},{"damage_healed":0.0,"max_hp_gain":0.0,"max_hp_loss":0.0,"gold_gain":0.0,"event_name":"Ghosts","player_choice":"Ignored","floor":20.0,"gold_loss":0.0,"damage_taken":0.0},{"damage_healed":0.0,"max_hp_gain":0.0,"max_hp_loss":0.0,"gold_gain":0.0,"event_name":"Addict","player_choice":"Obtained Relic","floor":21.0,"gold_loss":85.0,"damage_taken":0.0,"relics_obtained":["Pantograph"]},{"damage_healed":0.0,"max_hp_gain":0.0,"max_hp_loss":0.0,"gold_gain":300.0,"event_name":"Wheel of Change","player_choice":"Gold","floor":36.0,"gold_loss":0.0,"damage_taken":0.0},{"cards_removed":["Strike_G"],"damage_healed":0.0,"max_hp_gain":0.0,"max_hp_loss":0.0,"gold_gain":0.0,"event_name":"Falling","player_choice":"Removed Attack","floor":39.0,"gold_loss":0.0,"damage_taken":0.0}],"is_beta":false,"boss_relics":[{"not_picked":["Fusion Hammer","Philosopher\u0027s Stone"],"picked":"HoveringKite"},{"not_picked":["SacredBark","Astrolabe"],"picked":"Calling Bell"}],"items_purged_floors":[41],"is_endless":false,"potions_floor_spawned":[1,3,10,23,25,35,38],"killed_by":"Nemesis","ascension_level":7}}