{"host":"873t0y8ybyo38pfq","time":1610734305,"event":{"mods":["BaseMod","Bestiary","Colored Map","Colored Powertips","Highlight Path","Minty Spire (QoL Compilation)","Quick Restart","RNG Fix","Rare Cards Sparkle","Relic Stats","StSLib"],"gold_per_floor":[114,84,110,129,129,162,162,179,179,196,196,196,224,240,240,315,315,334,334,352,54,4,4,23,23,23,35,35,62,62,91,91,164,164,177,51,51,64,83,112,32,32,79,93,108,108,136,149,149,149,149],"floor_reached":50,"language":"ENG","playtime":4251,"items_purged":["Strike_B+1"],"score":1350,"play_id":"8c09da67-6912-4b40-930c-684024dbe29a","local_time":"20210115131145","is_ascension_mode":true,"campfire_choices":[{"data":"Zap","floor":7.0,"key":"SMITH"},{"data":"Loop","floor":11.0,"key":"SMITH"},{"data":"Dualcast","floor":15.0,"key":"SMITH"},{"data":"Seek","floor":23.0,"key":"SMITH"},{"data":"Biased Cognition","floor":25.0,"key":"SMITH"},{"data":"White Noise","floor":28.0,"key":"SMITH"},{"data":"Creative AI","floor":30.0,"key":"SMITH"},{"floor":32.0,"key":"REST"},{"floor":46,"key":"REST"},{"floor":49,"key":"RECALL"}],"circlet_count":0,"master_deck":["AscendersBane","Strike_B+1","Strike_B+1","Defend_B+1","Defend_B+1","Defend_B+1","Defend_B+1","Zap+1","Dualcast+1","FTL","Loop+1","Skim","Go for the Eyes","Glacier","Seek+1","Biased Cognition+1","Sunder+1","Compile Driver","Hologram","Hologram+1","White Noise+1","Creative AI+1","Auto Shields","Multi-Cast","Turbo","Defragment","Undo","Capacitor","Force Field+1","Heatsinks","Seek+1","Conserve Battery+1"],"relics":["FrozenCore","NeowsBlessing","Happy Flower","Anchor","Bottled Tornado","Kunai","Sozu","Toolbox","Cables","Pen Nib","Sundial","Pear","Singing Bowl"],"acts_visited":["Exordium","TheCity","TheBeyond"],"potions_floor_usage":[],"damage_taken":[{"damage":0.0,"enemies":"Cultist","floor":1.0,"turns":1.0},{"damage":0.0,"enemies":"2 Louse","floor":4.0,"turns":1.0},{"damage":0.0,"enemies":"Gremlin Nob","floor":6.0,"turns":1.0},{"damage":2.0,"enemies":"Jaw Worm","floor":8.0,"turns":2.0},{"damage":3.0,"enemies":"Looter","floor":10.0,"turns":3.0},{"damage":4.0,"enemies":"3 Sentries","floor":13.0,"turns":10.0},{"damage":18.0,"enemies":"Exordium Thugs","floor":14.0,"turns":6.0},{"damage":24.0,"enemies":"Slime Boss","floor":16.0,"turns":12.0},{"damage":0.0,"enemies":"3 Byrds","floor":18.0,"turns":3.0},{"damage":4.0,"enemies":"Shell Parasite","floor":20.0,"turns":4.0},{"damage":5.0,"enemies":"Centurion and Healer","floor":24.0,"turns":7.0},{"damage":0.0,"enemies":"Snake Plant","floor":27.0,"turns":4.0},{"damage":0.0,"enemies":"Book of Stabbing","floor":29.0,"turns":3.0},{"damage":20.0,"enemies":"Slavers","floor":31.0,"turns":4.0},{"damage":0.0,"enemies":"Champ","floor":33.0,"turns":15.0},{"damage":0.0,"enemies":"3 Shapes","floor":35.0,"turns":3.0},{"damage":0.0,"enemies":"Orb Walker","floor":38.0,"turns":3.0},{"damage":10.0,"enemies":"Transient","floor":39.0,"turns":6.0},{"damage":10.0,"enemies":"Reptomancer","floor":40.0,"turns":8.0},{"damage":6.0,"enemies":"Jaw Worm Horde","floor":44.0,"turns":3.0},{"damage":0,"enemies":"Writhing Mass","floor":45,"turns":8},{"damage":42,"enemies":"Giant Head","floor":47,"turns":11},{"damage":15,"enemies":"Sphere and 2 Shapes","floor":48,"turns":6},{"damage":30,"enemies":"Time Eater","floor":50,"turns":15}],"seed_played":"378296307720708913","potions_obtained":[{"floor":2.0,"key":"FairyPotion"},{"floor":2.0,"key":"Dexterity Potion"},{"floor":13.0,"key":"Regen Potion"}],"is_trial":false,"path_per_floor":["M","?","T","M","?","E","R","M","T","M","R","?","E","M","R","B",null,"M","?","M","$","?","R","M","R","T","M","R","E","R","E","R","B",null,"M","$","?","M","M","E","$","?","T","M","M","R","E","M","R","B"],"character_chosen":"DEFECT","items_purchased":["Toolbox","Hologram","Defragment","Undo","Heatsinks"],"campfire_rested":2,"item_purchase_floors":[21,21,36,36,41],"current_hp_per_floor":[64,64,64,64,64,64,64,62,62,59,59,59,55,37,37,28,60,60,60,56,56,56,56,51,51,51,51,51,51,51,31,52,52,66,66,66,66,66,56,56,56,56,56,50,50,74,32,19,19,0,0],"gold":149,"neow_bonus":"THREE_ENEMY_KILL","is_daily":false,"chose_seed":false,"campfire_upgraded":7,"win_rate":0.0,"timestamp":1610734305,"path_taken":["M","?","?","M","?","E","R","M","T","M","R","?","E","M","R","BOSS","M","?","M","$","?","R","M","R","T","?","R","E","R","E","R","BOSS","M","?","?","M","?","E","$","?","T","M","M","R","E","M","R","BOSS"],"items_purchased_type":["Relic","Card","Card","Card","Card"],"build_version":"2020-12-22","purchased_purges":1,"victory":false,"max_hp_per_floor":[71,71,71,71,71,71,71,71,71,71,71,71,71,71,71,71,71,71,71,71,71,71,71,71,71,71,71,71,71,71,71,71,71,71,71,71,71,71,71,81,81,81,81,81,81,81,81,83,83,83,83],"relic_stats":{"Sozu":6,"Happy Flower":[46],"Singing Bowl":2,"counters":[24,136],"Sundial":[14],"Pen Nib":[11],"Kunai":[25],"obtain_stats":[{"Pear":40,"NeowsBlessing":0,"Happy Flower":3,"Singing Bowl":47,"Pen Nib":29,"Bottled Tornado":9,"Cables":26,"FrozenCore":34,"Sozu":17,"Anchor":6,"Sundial":31,"Toolbox":21,"Kunai":13,"Cracked Core":0},{"Pear":19,"NeowsBlessing":0,"Happy Flower":1,"Singing Bowl":22,"Pen Nib":13,"Bottled Tornado":4,"Cables":11,"FrozenCore":15,"Sozu":8,"Anchor":3,"Sundial":14,"Toolbox":10,"Kunai":6,"Cracked Core":0},{"Pear":94,"NeowsBlessing":0,"Happy Flower":1,"Singing Bowl":115,"Pen Nib":56,"Bottled Tornado":5,"Cables":49,"FrozenCore":74,"Sozu":35,"Anchor":3,"Sundial":60,"Toolbox":42,"Kunai":17,"Cracked Core":0}],"FrozenCore":[33],"Cables":[82,27,55,0,0]},"card_choices":[{"not_picked":["Rebound","Streamline"],"picked":"FTL","floor":1.0},{"not_picked":["Turbo","Barrage"],"picked":"Loop","floor":4.0},{"not_picked":["Gash","Streamline"],"picked":"Skim","floor":6.0},{"not_picked":["Leap","Gash"],"picked":"Go for the Eyes","floor":8.0},{"not_picked":["Hologram","Turbo"],"picked":"Glacier","floor":10.0},{"not_picked":["Turbo","Steam"],"picked":"Lockon","floor":13.0},{"not_picked":["Aggregate","Fission","Barrage"],"picked":"SKIP","floor":14.0},{"not_picked":["Buffer","Meteor Strike"],"picked":"Biased Cognition","floor":16.0},{"not_picked":["Rebound+1","Melter+1"],"picked":"Sunder+1","floor":18.0},{"not_picked":["Loop","Melter"],"picked":"Compile Driver","floor":20.0},{"not_picked":["Reprogram","Redo"],"picked":"Hologram+1","floor":24.0},{"not_picked":["BootSequence","Steam Power"],"picked":"White Noise","floor":27.0},{"not_picked":["Rainbow","Coolheaded"],"picked":"Creative AI","floor":29.0},{"not_picked":["Skim","Go for the Eyes"],"picked":"Auto Shields","floor":31.0},{"not_picked":["All For One","Rainbow"],"picked":"Multi-Cast","floor":33.0},{"not_picked":["Recycle","Barrage"],"picked":"Turbo","floor":35.0},{"not_picked":["Genetic Algorithm","Go for the Eyes","Hologram"],"picked":"SKIP","floor":38.0},{"not_picked":["Consume","Scrape+1"],"picked":"Capacitor","floor":39.0},{"not_picked":["Streamline","Conserve Battery"],"picked":"Force Field+1","floor":40.0},{"not_picked":["Storm","Streamline","Barrage"],"picked":"SKIP","floor":44.0},{"not_picked":["Turbo","Go for the Eyes","Ball Lightning"],"picked":"SKIP","floor":45},{"not_picked":["Turbo","Barrage"],"picked":"Conserve Battery+1","floor":47},{"not_picked":["Compile Driver","Barrage","Fusion"],"picked":"Singing Bowl","floor":48}],"player_experience":1639266,"relics_obtained":[{"floor":3.0,"key":"Happy Flower"},{"floor":6.0,"key":"Anchor"},{"floor":9.0,"key":"Bottled Tornado"},{"floor":13.0,"key":"Kunai"},{"floor":26.0,"key":"Cables"},{"floor":29.0,"key":"Pen Nib"},{"floor":31.0,"key":"Sundial"},{"floor":40.0,"key":"Pear"},{"floor":47,"key":"Singing Bowl"}],"event_choices":[{"damage_healed":0.0,"max_hp_gain":0.0,"max_hp_loss":0.0,"gold_gain":0.0,"event_name":"The Woman in Blue","player_choice":"Bought 2 Potions","floor":2.0,"gold_loss":0.0,"damage_taken":0.0},{"cards_removed":["Strike_B"],"damage_healed":0.0,"max_hp_gain":0.0,"max_hp_loss":0.0,"gold_gain":0.0,"event_name":"Bonfire Elementals","player_choice":"Offered Basic","floor":5.0,"gold_loss":0.0,"damage_taken":0.0},{"damage_healed":0.0,"max_hp_gain":0.0,"max_hp_loss":0.0,"gold_gain":0.0,"event_name":"Match and Keep!","player_choice":"1 cards matched","floor":12.0,"gold_loss":0.0,"damage_taken":0.0,"cards_obtained":["Seek"]},{"damage_healed":0.0,"max_hp_gain":0.0,"max_hp_loss":0.0,"gold_gain":0.0,"event_name":"Back to Basics","player_choice":"Simplicity","floor":19.0,"gold_loss":0.0,"damage_taken":0.0,"cards_upgraded":["Strike_B","Strike_B","Strike_B","Defend_B","Defend_B","Defend_B","Defend_B"]},{"damage_healed":0.0,"max_hp_gain":0.0,"max_hp_loss":0.0,"gold_gain":0.0,"event_name":"The Joust","player_choice":"Bet on Murderer","floor":22.0,"gold_loss":50.0,"damage_taken":0.0},{"cards_removed":["Lockon"],"damage_healed":0.0,"max_hp_gain":0.0,"max_hp_loss":0.0,"gold_gain":0.0,"event_name":"Falling","player_choice":"Removed Attack","floor":37.0,"gold_loss":0.0,"damage_taken":0.0},{"damage_healed":0.0,"max_hp_gain":0.0,"max_hp_loss":0.0,"gold_gain":0.0,"event_name":"Duplicator","player_choice":"Copied","floor":42.0,"gold_loss":0.0,"damage_taken":0.0,"cards_obtained":["Seek"]}],"is_beta":false,"boss_relics":[{"not_picked":["Pandora\u0027s Box","Ectoplasm"],"picked":"Sozu"},{"not_picked":["Coffee Dripper","SlaversCollar"],"picked":"FrozenCore"}],"items_purged_floors":[21],"is_endless":false,"potions_floor_spawned":[8,13,27,29,31,38,44,45],"killed_by":"Time Eater","ascension_level":20}}