{"host":"3q8x5nua6nulvkr6","time":1610727510,"event":{"mods":["Aspiration","BaseMod","Better Note","BetterRewards","Colored Map","Colored Powertips","Conspire","GifTheSpireLib","Hubris","Infinite Spire","Minty Spire (QoL Compilation)","Rare Cards Sparkle","Replay The Spire","StSLib","Stuff the Spire","Wandering Minibosses"],"gold_per_floor":[116,136,136,136,61,90,90,102,128,161,175,75,75,93,150,247,247,267,267,280,280,380,411,411,411],"floor_reached":24,"language":"ENG","playtime":1444,"items_purged":["ReplayTheSpireMod:Exploit Weakness","Hidden Blade"],"score":324,"play_id":"87dbfa2e-d06f-43f1-b559-abde87891152","local_time":"20210115111830","daily_mods":["SealedDeck","Red Cards","Green Cards","Blue Cards","Purple Cards","Colorless Cards"],"is_ascension_mode":false,"campfire_choices":[{"data":"Pommel Strike","floor":7,"key":"SMITH"}],"circlet_count":0,"master_deck":["Flying Knee","Cloak And Dagger+1","Thunderclap","Pommel Strike+1","Thunderclap","Ball Lightning","Footwork","Accuracy+1","Spot Weakness+1","Blade Dance","Infinite Blades","Reaper","CurseOfTheBell","infinitespire:OneForAll+1","Inflame"],"relics":["Burning Blood","War Paint","Pet Ghost","Durian","Calling Bell","Blood Vial","Mango","conspire:BottledYoYo","Pen Nib"],"acts_visited":["Exordium","TheCity"],"potions_floor_usage":[6],"damage_taken":[{"damage":0,"enemies":"Cultist","floor":1,"turns":3},{"damage":10,"enemies":"conspire:RoseBush","floor":2,"turns":2},{"damage":0,"enemies":"Lagavulin","floor":6,"turns":4},{"damage":1,"enemies":"infinitespire:Voidling","floor":8,"turns":2},{"damage":4,"enemies":"Gremlin Nob","floor":10,"turns":3},{"damage":6,"enemies":"2 Fungi Beasts","floor":11,"turns":3},{"damage":0,"enemies":"Lots of Slimes","floor":14,"turns":1},{"damage":0,"enemies":"Fading Forest","floor":16,"turns":10},{"damage":10,"enemies":"Chosen","floor":18,"turns":3},{"damage":10,"enemies":"3 Byrds","floor":20,"turns":3},{"damage":28,"enemies":"Gremlin Leader","floor":23,"turns":5}],"seed_played":"2600794527770078332","potions_obtained":[{"floor":2,"key":"Fire Potion"},{"floor":11,"key":"Weak Potion"},{"floor":16,"key":"EssenceOfSteel"}],"is_trial":true,"path_per_floor":["M","M","?","?","$","E","R","M","T","E","M","$","?","M","R_BF","B",null,"M","?","M","?","?","E","R"],"character_chosen":"IRONCLAD","items_purchased":[],"campfire_rested":0,"item_purchase_floors":[],"current_hp_per_floor":[80,76,76,76,76,80,80,80,80,85,85,85,85,85,85,85,99,95,95,99,99,99,83,83,83],"gold":411,"neow_bonus":"","is_daily":false,"chose_seed":false,"campfire_upgraded":1,"win_rate":0.0,"timestamp":1610727510,"path_taken":["M","M","?","?","$","E","R","M","T","E","M","$","?","?","R_BF","BOSS","M","?","M","?","?","E","R"],"items_purchased_type":[],"build_version":"2020-12-22","purchased_purges":2,"victory":false,"max_hp_per_floor":[80,80,80,80,80,80,80,80,80,85,85,85,85,85,85,85,99,99,99,99,99,99,99,99,99],"card_choices":[{"not_picked":["Pray","White Noise","Panic Button"],"picked":"SKIP","floor":1},{"not_picked":["Turbo","StuffTheSpire:Rend","StuffTheSpire:CleanHardDrive"],"picked":"SKIP","floor":2},{"not_picked":["Tempest","ThirdEye"],"picked":"Spot Weakness","floor":6},{"not_picked":["ReplayTheSpireMod:Strike From Hell","Pommel Strike"],"picked":"Blade Dance","floor":8},{"not_picked":["Devotion","Fasting2","conspire:SharedLibrary"],"picked":"SKIP","floor":10},{"not_picked":["BattleHymn","Stack"],"picked":"Infinite Blades","floor":11},{"not_picked":["Protect","Outmaneuver","Prepared"],"picked":"SKIP","floor":14},{"not_picked":["Bullet Time","Establishment"],"picked":"Reaper","floor":16},{"not_picked":["Headbutt","Massacre","Bane"],"picked":"SKIP","floor":18},{"not_picked":["Slice+1","hubris:Ssssneak","StuffTheSpire:ClusterCrunch"],"picked":"SKIP","floor":20},{"not_picked":["Vault","ReplayTheSpireMod:Muscle Training"],"picked":"Inflame","floor":23}],"player_experience":1054953,"relics_obtained":[{"floor":6,"key":"War Paint"},{"floor":9,"key":"Pet Ghost"},{"floor":10,"key":"Durian"},{"floor":17,"key":"Blood Vial"},{"floor":17,"key":"Mango"},{"floor":17,"key":"conspire:BottledYoYo"},{"floor":23,"key":"Pen Nib"}],"event_choices":[{"damage_healed":0,"gold_gain":0,"player_choice":"0 cards matched","damage_taken":0,"max_hp_gain":0,"max_hp_loss":0,"event_name":"Match and Keep!","floor":13,"gold_loss":0,"cards_obtained":[]},{"damage_healed":0,"gold_gain":0,"player_choice":"0 cards matched","damage_taken":0,"max_hp_gain":0,"max_hp_loss":0,"event_name":"Match and Keep!","floor":13,"gold_loss":0,"cards_obtained":[]},{"damage_healed":0,"gold_gain":0,"player_choice":"Take","damage_taken":0,"max_hp_gain":0,"max_hp_loss":0,"event_name":"betterNote:BetterNote","floor":19,"gold_loss":0,"cards_obtained":["infinitespire:OneForAll"]},{"damage_healed":0,"gold_gain":100,"player_choice":"Pray","damage_taken":0,"max_hp_gain":0,"max_hp_loss":0,"event_name":"Golden Shrine","floor":22,"gold_loss":0}],"is_beta":false,"boss_relics":[{"not_picked":["StuffTheSpire:Kangaroo","conspire:RoyalGoblet"],"picked":"Calling Bell"}],"items_purged_floors":[5,12],"is_endless":false,"potions_floor_spawned":[2,11,16],"ascension_level":0}}