{"host":"d3fm6keu3sh33msm","time":1610677470,"event":{"mods":["AchievementEnabler","BaseMod","Bestiary","Block Reminder","Colored Map","Colored Powertips","Dark Map","DeckTracker","Highlight Path","Minty Spire (QoL Compilation)","Quick Restart","Random Character Button","Rare Cards Sparkle","Relic Stats","Slay-I","StSLib"],"gold_per_floor":[111,122,140,140,154,187,187,217,269,269,143,153,125,145,145,247,247,262,91,110,126,144,144,175,175,198,198,298,397,397,427,427,525,525,538,538,552,568,568,568,581,611,611,611,611,646,665,377,377,377],"floor_reached":51,"language":"ENG","playtime":3653,"items_purged":[],"score":780,"play_id":"28c5ec82-14c3-4cc7-9f36-dd203e744629","local_time":"20210115022430","is_ascension_mode":false,"campfire_choices":[{"data":"Armaments","floor":7.0,"key":"SMITH"},{"floor":10.0,"key":"REST"},{"data":"Spot Weakness","floor":15.0,"key":"SMITH"},{"floor":23.0,"key":"REST"},{"floor":27.0,"key":"REST"},{"data":"Inflame","floor":32.0,"key":"SMITH"},{"data":"Madness","floor":40,"key":"SMITH"},{"data":"Madness","floor":45,"key":"SMITH"},{"data":"Shrug It Off","floor":49,"key":"SMITH"}],"circlet_count":0,"master_deck":["Strike_R","Strike_R","Strike_R","Strike_R","Strike_R","Defend_R","Defend_R","Defend_R","Defend_R","Bash+1","Berserk+1","Flex","Thunderclap+1","Armaments+1","Anger","Flex","Spot Weakness+1","Clash","Clash","Thunderclap","Clash","Shrug It Off+1","Inflame+1","Clash+1","Clash","Flex","Ghostly","Ghostly","Ghostly","Ghostly","Ghostly","Demon Form+1","Madness+1","Madness+1","Whirlwind+1","Parasite"],"relics":["Burning Blood","Bird Faced Urn","Matryoshka","Pen Nib","Toy Ornithopter","Runic Cube","Charon\u0027s Ashes","Boot","Whetstone","Gambling Chip","Gremlin Horn","Mercury Hourglass","Sozu","Centennial Puzzle","Strawberry","InkBottle","Du-Vu Doll","Pocketwatch"],"acts_visited":["Exordium","TheCity","TheBeyond"],"potions_floor_usage":[42,50],"damage_taken":[{"damage":3.0,"enemies":"Cultist","floor":1.0,"turns":5.0},{"damage":0.0,"enemies":"2 Louse","floor":2.0,"turns":4.0},{"damage":1.0,"enemies":"Jaw Worm","floor":3.0,"turns":3.0},{"damage":0.0,"enemies":"3 Louse","floor":5.0,"turns":3.0},{"damage":16.0,"enemies":"Lagavulin","floor":6.0,"turns":6.0},{"damage":18.0,"enemies":"3 Sentries","floor":8.0,"turns":10.0},{"damage":0.0,"enemies":"Blue Slaver","floor":12.0,"turns":1.0},{"damage":2.0,"enemies":"2 Fungi Beasts","floor":14.0,"turns":2.0},{"damage":45.0,"enemies":"Hexaghost","floor":16.0,"turns":9.0},{"damage":5.0,"enemies":"Spheric Guardian","floor":18.0,"turns":3.0},{"damage":5.0,"enemies":"Chosen","floor":20.0,"turns":4.0},{"damage":17.0,"enemies":"Sentry and Sphere","floor":21.0,"turns":4.0},{"damage":18.0,"enemies":"Snake Plant","floor":22.0,"turns":4.0},{"damage":54.0,"enemies":"Slavers","floor":24.0,"turns":6.0},{"damage":20.0,"enemies":"Colosseum Slavers","floor":28.0,"turns":4.0},{"damage":5.0,"enemies":"Colosseum Nobs","floor":28.0,"turns":5.0},{"damage":11.0,"enemies":"Book of Stabbing","floor":31.0,"turns":5.0},{"damage":3.0,"enemies":"Collector","floor":33.0,"turns":6.0},{"damage":8.0,"enemies":"3 Shapes","floor":35.0,"turns":3.0},{"damage":2,"enemies":"Orb Walker","floor":37,"turns":4},{"damage":6,"enemies":"4 Shapes","floor":38,"turns":3},{"damage":0,"enemies":"Maw","floor":41,"turns":8},{"damage":3,"enemies":"Reptomancer","floor":42,"turns":7},{"damage":1,"enemies":"Nemesis","floor":46,"turns":5},{"damage":1,"enemies":"Writhing Mass","floor":47,"turns":6},{"damage":48,"enemies":"Time Eater","floor":50,"turns":8}],"seed_played":"-3708012711109102630","potions_obtained":[{"floor":1.0,"key":"ColorlessPotion"},{"floor":6.0,"key":"EntropicBrew"},{"floor":16.0,"key":"Fire Potion"},{"floor":21.0,"key":"SpeedPotion"},{"floor":24.0,"key":"LiquidBronze"},{"floor":31.0,"key":"ColorlessPotion"},{"floor":33.0,"key":"CultistPotion"}],"is_trial":false,"path_per_floor":["M","M","M","?","M","E","R","E","T","R","$","M","?","M","R","B",null,"M","$","M","M","M","R","E","?","T","R","?","?","?","E","R","B",null,"M","?","M","M","?","R","M","E","T","T","R","E","M","$","R","B",null],"character_chosen":"IRONCLAD","items_purchased":["Spot Weakness","Clash","Clash","Shrug It Off","Inflame","Pocketwatch"],"campfire_rested":3,"item_purchase_floors":[11,11,19,19,19,48],"current_hp_per_floor":[80,80,80,80,80,70,70,60,60,80,80,80,80,80,80,41,80,80,80,80,71,61,80,34,34,34,40,31,31,40,37,37,40,40,38,38,40,40,35,35,40,40,47,47,47,47,47,47,47,12],"gold":377,"neow_bonus":"ONE_RANDOM_RARE_CARD","is_daily":false,"chose_seed":false,"campfire_upgraded":6,"win_rate":0.0,"timestamp":1610677470,"path_taken":["M","M","M","?","M","E","R","E","T","R","$","M","?","M","R","BOSS","M","$","M","M","M","R","E","?","T","R","?","?","?","E","R","BOSS","M","?","M","?","?","R","M","E","T","?","R","E","M","$","R","BOSS"],"items_purchased_type":["Card","Card","Card","Card","Card","Relic"],"build_version":"2020-12-22","purchased_purges":0,"victory":true,"max_hp_per_floor":[80,80,80,80,80,80,80,80,80,80,80,80,80,80,80,80,80,80,80,80,80,80,80,80,40,40,40,40,40,40,40,40,40,40,40,40,40,40,40,40,40,40,47,47,47,47,47,47,47,47],"relic_stats":{"Gremlin Horn":[12,12],"counters":[26,127],"Pen Nib":[17],"Charon\u0027s Ashes":[281],"Whetstone":["Thunderclap","Bash"],"Boot":[18],"Burning Blood":92,"Mercury Hourglass":[227],"Sozu":3,"Centennial Puzzle":[9],"Bird Faced Urn":[31],"Gambling Chip":[17],"obtain_stats":[{"Gremlin Horn":28,"Pen Nib":9,"Charon\u0027s Ashes":24,"Whetstone":26,"Boot":26,"Burning Blood":0,"Mercury Hourglass":31,"Sozu":34,"Du-Vu Doll":46,"Centennial Puzzle":42,"Matryoshka":8,"Bird Faced Urn":6,"Gambling Chip":28,"Strawberry":43,"Toy Ornithopter":9,"InkBottle":44,"Runic Cube":17,"Pocketwatch":48},{"Gremlin Horn":16,"Pen Nib":6,"Charon\u0027s Ashes":14,"Whetstone":14,"Boot":14,"Burning Blood":0,"Mercury Hourglass":17,"Sozu":18,"Du-Vu Doll":24,"Centennial Puzzle":23,"Matryoshka":6,"Bird Faced Urn":5,"Gambling Chip":16,"Strawberry":23,"Toy Ornithopter":6,"InkBottle":23,"Runic Cube":9,"Pocketwatch":25},{"Gremlin Horn":73,"Pen Nib":31,"Charon\u0027s Ashes":64,"Whetstone":64,"Boot":64,"Burning Blood":0,"Mercury Hourglass":78,"Sozu":84,"Du-Vu Doll":113,"Centennial Puzzle":108,"Matryoshka":31,"Bird Faced Urn":21,"Gambling Chip":73,"Strawberry":108,"Toy Ornithopter":31,"InkBottle":108,"Runic Cube":43,"Pocketwatch":119}],"Toy Ornithopter":6,"InkBottle":[9],"Runic Cube":[40],"Pocketwatch":[7]},"card_choices":[{"not_picked":["Second Wind","Wild Strike"],"picked":"Flex","floor":1.0},{"not_picked":["Twin Strike","Hemokinesis"],"picked":"Thunderclap","floor":2.0},{"not_picked":["Heavy Blade","Pummel"],"picked":"Armaments","floor":3.0},{"not_picked":["Shrug It Off","Thunderclap"],"picked":"Anger","floor":5.0},{"not_picked":["Headbutt","Sword Boomerang"],"picked":"Flex","floor":6.0},{"not_picked":["Ghostly Armor","Brutality","Headbutt"],"picked":"SKIP","floor":8.0},{"not_picked":["Entrench","Reckless Charge"],"picked":"Clash","floor":12.0},{"not_picked":["Twin Strike","Perfected Strike","Body Slam"],"picked":"SKIP","floor":14.0},{"not_picked":["Pummel","Power Through+1"],"picked":"Thunderclap","floor":18.0},{"not_picked":["Dropkick","Havoc+1"],"picked":"Clash+1","floor":20.0},{"not_picked":["Havoc+1","Twin Strike"],"picked":"Clash","floor":21.0},{"not_picked":["Body Slam+1","Wild Strike"],"picked":"Flex","floor":22.0},{"not_picked":["Twin Strike","Thunderclap+1","Juggernaut"],"picked":"SKIP","floor":24.0},{"not_picked":["Flex","Heavy Blade+1","Pommel Strike"],"picked":"SKIP","floor":31.0},{"not_picked":["Juggernaut","Fiend Fire"],"picked":"Demon Form","floor":33.0},{"not_picked":["Cleave+1","Shrug It Off","Anger"],"picked":"SKIP","floor":35.0},{"not_picked":["Clothesline","Shrug It Off","Flame Barrier"],"picked":"SKIP","floor":37},{"not_picked":["Carnage+1","Metallicize","True Grit+1"],"picked":"SKIP","floor":38},{"not_picked":["Pommel Strike+1","Infernal Blade"],"picked":"Whirlwind+1","floor":41},{"not_picked":["Perfected Strike","Demon Form","Sword Boomerang+1"],"picked":"SKIP","floor":42},{"not_picked":["Hemokinesis+1","True Grit+1","Rage"],"picked":"SKIP","floor":46},{"not_picked":["Reckless Charge","Blood for Blood","Evolve"],"picked":"SKIP","floor":47}],"player_experience":165233,"relics_obtained":[{"floor":6.0,"key":"Bird Faced Urn"},{"floor":8.0,"key":"Matryoshka"},{"floor":9.0,"key":"Pen Nib"},{"floor":9.0,"key":"Toy Ornithopter"},{"floor":24.0,"key":"Charon\u0027s Ashes"},{"floor":26.0,"key":"Boot"},{"floor":26.0,"key":"Whetstone"},{"floor":28.0,"key":"Gambling Chip"},{"floor":28.0,"key":"Gremlin Horn"},{"floor":31.0,"key":"Mercury Hourglass"},{"floor":42,"key":"Centennial Puzzle"},{"floor":43,"key":"Strawberry"},{"floor":44,"key":"InkBottle"},{"floor":46,"key":"Du-Vu Doll"}],"event_choices":[{"damage_healed":0.0,"max_hp_gain":0.0,"max_hp_loss":0.0,"gold_gain":0.0,"event_name":"Living Wall","player_choice":"Grow","floor":4.0,"gold_loss":0.0,"damage_taken":0.0,"cards_upgraded":["Berserk"]},{"damage_healed":0.0,"max_hp_gain":0.0,"max_hp_loss":0.0,"gold_gain":0.0,"event_name":"World of Goop","player_choice":"Left Gold","floor":13.0,"gold_loss":28.0,"damage_taken":0.0},{"damage_healed":0.0,"max_hp_gain":0.0,"max_hp_loss":40.0,"gold_gain":0.0,"event_name":"Ghosts","player_choice":"Became a Ghost","floor":25.0,"gold_loss":0.0,"damage_taken":0.0,"cards_obtained":["Ghostly","Ghostly","Ghostly","Ghostly","Ghostly"]},{"damage_healed":0.0,"max_hp_gain":0.0,"max_hp_loss":0.0,"gold_gain":0.0,"event_name":"Colosseum","player_choice":"Fight","floor":28.0,"gold_loss":0.0,"damage_taken":0.0},{"damage_healed":0.0,"max_hp_gain":0.0,"max_hp_loss":0.0,"gold_gain":0.0,"event_name":"Colosseum","player_choice":"Fought Nobs","floor":28.0,"gold_loss":0.0,"damage_taken":0.0},{"damage_healed":0.0,"max_hp_gain":0.0,"max_hp_loss":0.0,"gold_gain":99.0,"event_name":"Nest","player_choice":"Stole From Cult","floor":29.0,"gold_loss":0.0,"damage_taken":0.0},{"damage_healed":13.0,"max_hp_gain":0.0,"max_hp_loss":0.0,"gold_gain":0.0,"event_name":"The Library","player_choice":"Heal","floor":30.0,"gold_loss":0.0,"damage_taken":0.0},{"damage_healed":0.0,"max_hp_gain":0.0,"max_hp_loss":0.0,"gold_gain":0.0,"event_name":"Accursed Blacksmith","player_choice":"Forge","floor":36.0,"gold_loss":0.0,"damage_taken":0.0,"cards_upgraded":["Demon Form"]},{"damage_healed":0,"gold_gain":0,"player_choice":"Embrace Madness","damage_taken":5,"max_hp_gain":0,"max_hp_loss":0,"event_name":"Winding Halls","floor":39,"gold_loss":0,"cards_obtained":["Madness","Madness"]}],"is_beta":false,"boss_relics":[{"not_picked":["SacredBark","Coffee Dripper"],"picked":"Runic Cube"},{"not_picked":["Runic Pyramid","Runic Dome"],"picked":"Sozu"}],"items_purged_floors":[],"is_endless":false,"potions_floor_spawned":[1,6,16,21,24,31,33,35,38,47],"ascension_level":0}}