{"host":"s5olpoz35hr9wai9","time":1610689519,"event":{"mods":["Act Like it!","BaseMod","Colored Powertips","Friendly Minions","Gensokyo","Kiyohime£®«Âºß£©","Koishi","KomeijiMod","Marisa£®ÏF”Í°°ƒß¿Ì…≥£©","Minty Spire (QoL Compilation)","Quick Restart","Reimu£®≤©¿ˆ¡È√Œ£©","Remilia£®¿Ÿ√◊¿Ú—«£©","Replay The Spire","Shop Mod","StSLib","The Administrix","The Animator","The Servant 0.9.4","Youmu£®ªÍ∆«—˝√Œ£©","Yuyuko"],"gold_per_floor":[115,126,126,126,144,178,178,194,194,194,194,194],"floor_reached":11,"language":"ZHS","playtime":310,"items_purged":[],"score":80,"play_id":"9257d289-831a-4694-b6d1-4e4d60a97410","local_time":"20210115134519","is_ascension_mode":true,"campfire_choices":[{"floor":10,"key":"REST"}],"circlet_count":0,"master_deck":["Strike_B","Strike_B","Strike_B","Strike_B","Defend_B","Defend_B","Defend_B","Defend_B","Zap","Dualcast","BasicCrystalCard","Panic Button","Buffer","Sweeping Beam","Sunder"],"relics":["Cracked Core","Art of War","Omamori","Thread and Needle","Shuriken"],"acts_visited":["Exordium"],"potions_floor_usage":[11],"damage_taken":[{"damage":2,"enemies":"Jaw Worm","floor":1,"turns":3},{"damage":13,"enemies":"2 Louse","floor":2,"turns":3},{"damage":0,"enemies":"Small Slimes","floor":5,"turns":3},{"damage":52,"enemies":"3 Sentries","floor":6,"turns":8},{"damage":0,"enemies":"Blue Slaver","floor":8,"turns":4},{"damage":0,"enemies":"Lagavulin","floor":11,"turns":2}],"seed_played":"4173741520854034516","potions_obtained":[{"floor":2,"key":"Swift Potion"},{"floor":5,"key":"SteroidPotion"},{"floor":8,"key":"ColorlessPotion"}],"is_trial":false,"path_per_floor":["M","M","?","?","M","E","?","M","T","R","E"],"character_chosen":"DEFECT","items_purchased":[],"campfire_rested":1,"item_purchase_floors":[],"current_hp_per_floor":[73,60,53,53,53,1,26,26,26,48,48,48],"gold":194,"neow_bonus":"RANDOM_COMMON_RELIC","is_daily":false,"chose_seed":false,"campfire_upgraded":0,"win_rate":0.0,"timestamp":1610689519,"path_taken":["M","M","?","?","M","E","?","M","T","R","E"],"items_purchased_type":[],"build_version":"2020-12-22","purchased_purges":0,"victory":false,"max_hp_per_floor":[75,75,75,75,75,75,75,75,75,75,75,75],"card_choices":[{"not_picked":["Streamline","Consume"],"picked":"BasicCrystalCard","floor":1},{"not_picked":["Consume","Steam Power"],"picked":"Panic Button","floor":2},{"not_picked":["Steam Power","Panic Button"],"picked":"Buffer","floor":5},{"not_picked":["Rip and Tear","Cold Snap"],"picked":"Sweeping Beam","floor":6},{"not_picked":["ReplaySolidLightProjector","Darkness"],"picked":"Sunder","floor":8}],"player_experience":234476,"relics_obtained":[{"floor":6,"key":"Thread and Needle"},{"floor":9,"key":"Shuriken"}],"event_choices":[{"damage_healed":0,"gold_gain":0,"player_choice":"Success","damage_taken":7,"relics_obtained":["Omamori"],"max_hp_gain":0,"max_hp_loss":0,"event_name":"Scrap Ooze","floor":3,"gold_loss":0},{"damage_healed":0,"gold_gain":0,"player_choice":"Ignored","damage_taken":0,"max_hp_gain":0,"max_hp_loss":0,"event_name":"Shining Light","floor":4,"gold_loss":0},{"damage_healed":25,"gold_gain":0,"player_choice":"Banana","damage_taken":0,"max_hp_gain":0,"max_hp_loss":0,"event_name":"Big Fish","floor":7,"gold_loss":0}],"is_beta":false,"boss_relics":[],"items_purged_floors":[],"is_endless":false,"potions_floor_spawned":[2,5,8],"killed_by":"Lagavulin","ascension_level":2}}