{"host":"q0qnzbgdx8oqogg9","time":1610692670,"event":{"mods":["BaseMod","Minty Spire (QoL Compilation)","Slay-I","StSLib"],"gold_per_floor":[16,34,46,221,221,221,233,246,320,25,45,45,71,71,71,173,173,184,184,109,127,142,142,167,167,167],"floor_reached":25,"language":"ENG","playtime":851,"items_purged":["Strike_R"],"score":394,"play_id":"465ed244-f251-47a8-bdbf-e7e4eb118a9f","local_time":"20210115013750","is_ascension_mode":true,"campfire_choices":[{"data":"Feed","floor":6.0,"key":"SMITH"},{"data":"Demon Form","floor":15.0,"key":"SMITH"},{"floor":23,"key":"REST"}],"circlet_count":0,"master_deck":["Strike_R","Strike_R","Defend_R","Defend_R","Defend_R","Defend_R","Bash","Demon Form+1","Sword Boomerang","Feed+1","Iron Wave","Warcry","Shrug It Off","Limit Break","Immolate","Double Tap","Cleave+1","Clothesline+1","Warcry+1","Disarm"],"relics":["Burning Blood","Shuriken","ClockworkSouvenir","FossilizedHelix","Empty Cage","Centennial Puzzle","Bag of Preparation"],"acts_visited":["Exordium","TheCity"],"potions_floor_usage":[24],"damage_taken":[{"damage":2.0,"enemies":"2 Louse","floor":1.0,"turns":8.0},{"damage":12.0,"enemies":"Jaw Worm","floor":2.0,"turns":5.0},{"damage":5.0,"enemies":"Small Slimes","floor":3.0,"turns":3.0},{"damage":21.0,"enemies":"Exordium Thugs","floor":7.0,"turns":5.0},{"damage":18.0,"enemies":"3 Louse","floor":8.0,"turns":5.0},{"damage":3.0,"enemies":"Blue Slaver","floor":11.0,"turns":5.0},{"damage":49.0,"enemies":"Gremlin Nob","floor":13.0,"turns":6.0},{"damage":0.0,"enemies":"Slime Boss","floor":16.0,"turns":9.0},{"damage":55.0,"enemies":"3 Byrds","floor":18.0,"turns":7.0},{"damage":22,"enemies":"2 Thieves","floor":21,"turns":4},{"damage":16,"enemies":"Snake Plant","floor":22,"turns":4},{"damage":64,"enemies":"Book of Stabbing","floor":24,"turns":7},{"damage":20,"enemies":"3 Cultists","floor":25,"turns":3}],"seed_played":"4336205768566590124","potions_obtained":[{"floor":7.0,"key":"BloodPotion"},{"floor":8.0,"key":"FairyPotion"},{"floor":16.0,"key":"Regen Potion"},{"floor":22,"key":"Dexterity Potion"},{"floor":24,"key":"LiquidBronze"}],"is_trial":false,"path_per_floor":["M","M","M","?","?","R","M","M","T","$","M","?","E","$","R","B",null,"M","?","$","M","M","R","E","M"],"character_chosen":"IRONCLAD","items_purchased":["ClockworkSouvenir","Limit Break"],"campfire_rested":1,"item_purchase_floors":[10,10],"current_hp_per_floor":[76,70,71,71,64,64,53,45,45,45,52,82,39,39,39,49,84,54,54,54,38,28,58,20,0,0],"gold":167,"neow_bonus":"THREE_RARE_CARDS","is_daily":false,"chose_seed":false,"campfire_upgraded":2,"win_rate":0.0,"timestamp":1610692670,"path_taken":["M","M","M","?","?","R","M","M","T","?","M","?","E","$","R","BOSS","M","?","?","M","M","R","E","M"],"items_purchased_type":["Relic","Card"],"build_version":"2020-12-22","purchased_purges":1,"victory":false,"max_hp_per_floor":[80,80,80,80,80,80,84,88,88,88,92,92,92,92,92,96,96,100,100,100,100,100,100,100,100,100],"card_choices":[{"not_picked":["Offering","Reaper"],"picked":"Demon Form","floor":0.0},{"not_picked":["True Grit","Flame Barrier"],"picked":"Sword Boomerang","floor":1.0},{"not_picked":["Sword Boomerang","Twin Strike"],"picked":"Feed","floor":2.0},{"not_picked":["Sentinel","Rage"],"picked":"Iron Wave","floor":3.0},{"not_picked":["Headbutt","Searing Blow"],"picked":"Warcry","floor":7.0},{"not_picked":["Body Slam","Havoc"],"picked":"Shrug It Off","floor":8.0},{"not_picked":["Clash","Rupture"],"picked":"Immolate","floor":11.0},{"not_picked":["Clothesline","Iron Wave","Shockwave"],"picked":"SKIP","floor":13.0},{"not_picked":["Bludgeon","Brutality"],"picked":"Double Tap","floor":16.0},{"not_picked":["Armaments","Thunderclap"],"picked":"Cleave+1","floor":18.0},{"not_picked":["Cleave","Iron Wave"],"picked":"Clothesline+1","floor":21},{"not_picked":["Clothesline","Iron Wave"],"picked":"Warcry+1","floor":22},{"not_picked":["Iron Wave","Clash"],"picked":"Disarm","floor":24}],"player_experience":221792,"relics_obtained":[{"floor":9.0,"key":"Shuriken"},{"floor":13.0,"key":"FossilizedHelix"},{"floor":24,"key":"Bag of Preparation"}],"event_choices":[{"damage_healed":0.0,"max_hp_gain":0.0,"max_hp_loss":0.0,"gold_gain":175.0,"event_name":"Liars Game","player_choice":"AGREE","floor":4.0,"gold_loss":0.0,"damage_taken":0.0,"cards_obtained":["Doubt"]},{"cards_removed":["Doubt"],"damage_healed":0.0,"max_hp_gain":0.0,"max_hp_loss":0.0,"gold_gain":0.0,"event_name":"Golden Wing","player_choice":"Card Removal","floor":5.0,"gold_loss":0.0,"damage_taken":7.0},{"damage_healed":30.0,"max_hp_gain":0.0,"max_hp_loss":0.0,"gold_gain":0.0,"event_name":"Big Fish","player_choice":"Banana","floor":12.0,"gold_loss":0.0,"damage_taken":0.0},{"damage_healed":0.0,"max_hp_gain":0.0,"max_hp_loss":0.0,"gold_gain":0.0,"event_name":"WeMeetAgain","player_choice":"Gave Potion","floor":19.0,"gold_loss":0.0,"damage_taken":0.0,"relics_obtained":["Centennial Puzzle"]}],"is_beta":false,"boss_relics":[{"not_picked":["Black Blood","Runic Dome"],"picked":"Empty Cage"}],"items_purged_floors":[20],"is_endless":false,"potions_floor_spawned":[7,8,16,22,24],"killed_by":"3 Cultists","ascension_level":7}}