{"host":"qm4rv4rkpk76sbxu","time":1610748681,"event":{"mods":["BaseMod","Bestiary","Block Reminder","DeckTracker","Filter the Spire","Keyboard Shortcuts","Minty Spire (QoL Compilation)","MonsterHotkey","Quick Restart","Relic Stats","Slay-I","StSLib","ojb\u0027s Better Paths Mod","ojb\u0027s Info Mod"],"gold_per_floor":[11,11,11,31,31,31,47,47,71,100,100,128,151,191,203,311,323,345,357,384,410,422,434,473,485,524,536,577,600,646,677,689,803,815,840,864,889,901,924,936,975,987,999,1040,1064,1109,1168,1180,1192,1204,1216,1228,253,282,282],"floor_reached":56,"language":"ENG","playtime":8651,"items_purged":["Strike_P"],"score":1470,"play_id":"7171a3ab-f4d3-42cd-83b8-1a061fe531cc","local_time":"20210115231121","is_ascension_mode":true,"campfire_choices":[{"data":"Eruption","floor":6.0,"key":"SMITH"},{"data":"Wallop","floor":8.0,"key":"SMITH"},{"data":"WaveOfTheHand","floor":15.0,"key":"SMITH"},{"data":"Meditate","floor":23.0,"key":"SMITH"},{"data":"SpiritShield","floor":25.0,"key":"SMITH"},{"data":"CarveReality","floor":32.0,"key":"SMITH"},{"data":"Madness","floor":40.0,"key":"SMITH"},{"data":"Wallop","floor":42.0,"key":"SMITH"},{"floor":49.0,"key":"RECALL"},{"data":"Meditate","floor":52,"key":"SMITH"}],"circlet_count":0,"master_deck":["Strike_P+1","Strike_P+1","Defend_P+1","Defend_P","Defend_P+1","Eruption+1","Vigilance","Scrawl+1","Wallop+1","Tantrum","CutThroughFate","WaveOfTheHand+1","Meditate+1","SpiritShield+1","CarveReality+1","Devotion+1","CutThroughFate","Prostrate+1","CurseOfTheBell","SashWhip+1","Wallop+1","Madness+1","Madness","Fasting2+1","CrushJoints+1","Vault","ReachHeaven+1","Meditate+1","Omniscience","Collect+1","Panache+1","BattleHymn+1","DeceiveReality"],"relics":["PureWater","War Paint","HornCleat","MawBank","Frozen Egg 2","Philosopher\u0027s Stone","MutagenicStrength","Juzu Bracelet","Ancient Tea Set","Yang","Toy Ornithopter","Calling Bell","Lantern","White Beast Statue","Turnip","Ornamental Fan","Mummified Hand","Damaru","CloakClasp","Orrery","Pen Nib","Mercury Hourglass","Akabeko"],"acts_visited":["Exordium","TheCity","TheBeyond","TheEnding"],"potions_floor_usage":[50,55,55,55],"damage_taken":[{"damage":1.0,"enemies":"Jaw Worm","floor":1.0,"turns":5.0},{"damage":0.0,"enemies":"Cultist","floor":4.0,"turns":3.0},{"damage":0.0,"enemies":"2 Louse","floor":7.0,"turns":2.0},{"damage":28.0,"enemies":"Gremlin Nob","floor":10.0,"turns":3.0},{"damage":2.0,"enemies":"3 Sentries","floor":12.0,"turns":6.0},{"damage":6.0,"enemies":"Exordium Wildlife","floor":13.0,"turns":2.0},{"damage":0.0,"enemies":"Gremlin Nob","floor":14.0,"turns":3.0},{"damage":2.0,"enemies":"The Guardian","floor":16.0,"turns":9.0},{"damage":0.0,"enemies":"3 Byrds","floor":18.0,"turns":4.0},{"damage":0.0,"enemies":"2 Thieves","floor":20.0,"turns":4.0},{"damage":0.0,"enemies":"Snecko","floor":21.0,"turns":4.0},{"damage":9.0,"enemies":"Book of Stabbing","floor":24.0,"turns":4.0},{"damage":11.0,"enemies":"Gremlin Leader","floor":28.0,"turns":5.0},{"damage":4.0,"enemies":"Snake Plant","floor":29.0,"turns":4.0},{"damage":0.0,"enemies":"Book of Stabbing","floor":30.0,"turns":4.0},{"damage":3.0,"enemies":"3 Cultists","floor":31.0,"turns":4.0},{"damage":0.0,"enemies":"Collector","floor":33.0,"turns":3.0},{"damage":0.0,"enemies":"Orb Walker","floor":35.0,"turns":3.0},{"damage":6.0,"enemies":"3 Shapes","floor":36.0,"turns":6.0},{"damage":4.0,"enemies":"Spire Growth","floor":37.0,"turns":4.0},{"damage":0.0,"enemies":"Writhing Mass","floor":39.0,"turns":4.0},{"damage":41.0,"enemies":"Reptomancer","floor":41.0,"turns":6.0},{"damage":4.0,"enemies":"Nemesis","floor":44.0,"turns":5.0},{"damage":2.0,"enemies":"Maw","floor":45.0,"turns":5.0},{"damage":0.0,"enemies":"Giant Head","floor":46.0,"turns":5.0},{"damage":10.0,"enemies":"2 Orb Walkers","floor":47.0,"turns":3.0},{"damage":6,"enemies":"Time Eater","floor":50,"turns":4},{"damage":9,"enemies":"Shield and Spear","floor":54,"turns":5},{"damage":59,"enemies":"The Heart","floor":55,"turns":8}],"seed_played":"-8702993400567433607","potions_obtained":[{"floor":1.0,"key":"SpeedPotion"},{"floor":4.0,"key":"SkillPotion"},{"floor":10.0,"key":"PowerPotion"},{"floor":14.0,"key":"Ambrosia"},{"floor":24.0,"key":"Energy Potion"},{"floor":28.0,"key":"Regen Potion"},{"floor":35.0,"key":"Fire Potion"},{"floor":36.0,"key":"Fruit Juice"},{"floor":37.0,"key":"Swift Potion"},{"floor":39.0,"key":"DuplicationPotion"},{"floor":41.0,"key":"Energy Potion"},{"floor":44.0,"key":"Ancient Potion"},{"floor":45.0,"key":"DistilledChaos"},{"floor":46.0,"key":"PowerPotion"},{"floor":47.0,"key":"StancePotion"}],"is_trial":false,"path_per_floor":["M","?","?","M","$","R","M","R","T","E","?","E","M","E","R","B",null,"M","?","M","M","?","R","E","R","T","?","E","M","E","M","R","B",null,"M","M","M","?","M","R","E","R","T","E","M","E","?","?","R","B",null,"R","$","E","B",null],"character_chosen":"WATCHER","items_purchased":["Orrery","Pen Nib","Mercury Hourglass","SpeedPotion","LiquidBronze","Panache+1","BattleHymn+1"],"campfire_rested":0,"item_purchase_floors":[53,53,53,53,53,53,53],"current_hp_per_floor":[71,71,71,71,71,71,71,71,71,43,29,27,21,21,21,19,72,72,72,72,72,72,72,63,63,63,63,52,48,48,45,45,45,72,72,66,72,62,62,62,36,36,36,37,35,40,35,35,35,34,77,77,77,68,18],"gold":282,"neow_bonus":"THREE_RARE_CARDS","is_daily":false,"chose_seed":false,"campfire_upgraded":9,"win_rate":0.0,"timestamp":1610748681,"path_taken":["M","?","?","?","?","R","M","R","T","E","?","E","M","E","R","BOSS","M","?","?","M","?","R","E","R","T","?","E","M","E","M","R","BOSS","M","M","M","?","M","R","E","R","T","E","M","E","?","?","R","BOSS","R","$","E","BOSS"],"items_purchased_type":["Relic","Relic","Relic","Potion","Potion","Card","Card"],"build_version":"2020-12-22","purchased_purges":1,"victory":true,"max_hp_per_floor":[72,72,72,72,72,72,72,72,72,72,72,72,72,72,72,72,72,72,72,72,72,72,72,72,72,72,72,72,72,72,72,72,72,72,72,72,77,77,77,77,77,77,77,77,77,77,77,77,77,77,77,77,77,77,77],"relic_stats":{"counters":[29,127],"Yang":[178],"Pen Nib":[2],"Juzu Bracelet":0,"CloakClasp":[56],"War Paint":["Defend_P","Defend_P"],"MawBank":492,"Mercury Hourglass":[45],"Ornamental Fan":[68],"Mummified Hand":[29],"Turnip":[5],"obtain_stats":[{"Lantern":34,"Damaru":46,"Yang":28,"Pen Nib":53,"Juzu Bracelet":24,"CloakClasp":47,"War Paint":9,"Frozen Egg 2":14,"MawBank":12,"Ancient Tea Set":26,"White Beast Statue":34,"Akabeko":54,"Mercury Hourglass":53,"Calling Bell":34,"HornCleat":10,"Ornamental Fan":41,"Mummified Hand":44,"MutagenicStrength":22,"Orrery":53,"Philosopher\u0027s Stone":17,"Turnip":34,"PureWater":0,"Toy Ornithopter":30},{"Lantern":17,"Damaru":25,"Yang":13,"Pen Nib":27,"Juzu Bracelet":12,"CloakClasp":26,"War Paint":3,"Frozen Egg 2":7,"MawBank":5,"Ancient Tea Set":12,"White Beast Statue":17,"Akabeko":28,"Mercury Hourglass":27,"Calling Bell":17,"HornCleat":4,"Ornamental Fan":22,"Mummified Hand":23,"MutagenicStrength":11,"Orrery":27,"Philosopher\u0027s Stone":8,"Turnip":17,"PureWater":0,"Toy Ornithopter":15},{"Lantern":69,"Damaru":107,"Yang":54,"Pen Nib":114,"Juzu Bracelet":49,"CloakClasp":110,"War Paint":10,"Frozen Egg 2":24,"MawBank":19,"Ancient Tea Set":49,"White Beast Statue":69,"Akabeko":119,"Mercury Hourglass":114,"Calling Bell":69,"HornCleat":13,"Ornamental Fan":92,"Mummified Hand":97,"MutagenicStrength":45,"Orrery":114,"Philosopher\u0027s Stone":33,"Turnip":69,"PureWater":0,"Toy Ornithopter":62}],"Toy Ornithopter":39},"card_choices":[{"not_picked":["DevaForm","Alpha"],"picked":"Scrawl","floor":0.0},{"not_picked":["CarveReality","TalkToTheHand"],"picked":"Wallop","floor":1.0},{"not_picked":["Halt","Conclude"],"picked":"Tantrum","floor":4.0},{"not_picked":["Prostrate","Halt"],"picked":"CutThroughFate","floor":7.0},{"not_picked":["Crescendo","ReachHeaven"],"picked":"WaveOfTheHand","floor":10.0},{"not_picked":["ForeignInfluence","FollowUp"],"picked":"Meditate","floor":12.0},{"not_picked":["SashWhip","Conclude","Halt"],"picked":"SKIP","floor":13.0},{"not_picked":["ThirdEye","FollowUp"],"picked":"Devotion+1","floor":14.0},{"not_picked":["Omniscience","Judgement"],"picked":"SpiritShield","floor":16.0},{"not_picked":["Nirvana+1","Consecrate","CrushJoints"],"picked":"SKIP","floor":18.0},{"not_picked":["Nirvana+1","Crescendo","WindmillStrike"],"picked":"SKIP","floor":20.0},{"not_picked":["CutThroughFate","Halt+1"],"picked":"CarveReality","floor":21.0},{"not_picked":["PathToVictory","EmptyFist+1"],"picked":"Devotion+1","floor":24.0},{"not_picked":["Collect","EmptyBody+1"],"picked":"CutThroughFate","floor":28.0},{"not_picked":["SashWhip","PathToVictory+1"],"picked":"Prostrate+1","floor":29.0},{"not_picked":["EmptyFist","BowlingBash","Protect"],"picked":"SKIP","floor":30.0},{"not_picked":["SandsOfTime","Perseverance+1","MasterReality+1"],"picked":"SKIP","floor":31.0},{"not_picked":["Vengeance","FlyingSleeves+1"],"picked":"SashWhip+1","floor":35.0},{"not_picked":["Consecrate+1","EmptyFist+1","FlyingSleeves"],"picked":"SKIP","floor":36.0},{"not_picked":["FlurryOfBlows","EmptyBody+1"],"picked":"Wallop","floor":37.0},{"not_picked":["Evaluate+1","JustLucky"],"picked":"Fasting2+1","floor":39.0},{"not_picked":["Weave","Vengeance+1"],"picked":"CrushJoints+1","floor":41.0},{"not_picked":["Worship","Tantrum"],"picked":"Vault","floor":44.0},{"not_picked":["FollowUp+1","JustLucky","Evaluate"],"picked":"SKIP","floor":45.0},{"not_picked":["Pray+1","Protect+1"],"picked":"ReachHeaven+1","floor":46.0},{"not_picked":["CutThroughFate+1","ClearTheMind+1"],"picked":"Meditate","floor":47.0},{"not_picked":["FollowUp+1","SashWhip"],"picked":"Omniscience","floor":53},{"not_picked":["CrushJoints","Study+1"],"picked":"Collect+1","floor":53},{"not_picked":["Sanctity","ClearTheMind"],"picked":"DeceiveReality","floor":54}],"player_experience":1326566,"relics_obtained":[{"floor":9.0,"key":"War Paint"},{"floor":10.0,"key":"HornCleat"},{"floor":12.0,"key":"MawBank"},{"floor":14.0,"key":"Frozen Egg 2"},{"floor":24.0,"key":"Juzu Bracelet"},{"floor":26.0,"key":"Ancient Tea Set"},{"floor":28.0,"key":"Yang"},{"floor":30.0,"key":"Toy Ornithopter"},{"floor":34.0,"key":"Lantern"},{"floor":34.0,"key":"White Beast Statue"},{"floor":34.0,"key":"Turnip"},{"floor":41.0,"key":"Ornamental Fan"},{"floor":44.0,"key":"Mummified Hand"},{"floor":46.0,"key":"Damaru"},{"floor":47.0,"key":"CloakClasp"},{"floor":54,"key":"Akabeko"}],"event_choices":[{"damage_healed":0.0,"max_hp_gain":0.0,"max_hp_loss":0.0,"gold_gain":0.0,"event_name":"Living Wall","player_choice":"Grow","floor":2.0,"gold_loss":0.0,"damage_taken":0.0,"cards_upgraded":["Scrawl"]},{"cards_removed":["Strike_P"],"damage_healed":0.0,"max_hp_gain":0.0,"max_hp_loss":0.0,"gold_gain":0.0,"event_name":"Purifier","player_choice":"Purged","floor":3.0,"gold_loss":0.0,"damage_taken":0.0},{"damage_healed":0.0,"max_hp_gain":0.0,"max_hp_loss":0.0,"gold_gain":0.0,"event_name":"Shining Light","player_choice":"Entered Light","floor":11.0,"gold_loss":0.0,"damage_taken":14.0,"cards_upgraded":["Strike_P","Strike_P"]},{"cards_removed":["Defend_P"],"damage_healed":0.0,"max_hp_gain":0.0,"max_hp_loss":0.0,"gold_gain":0.0,"event_name":"Purifier","player_choice":"Purged","floor":19.0,"gold_loss":0.0,"damage_taken":0.0},{"damage_healed":0.0,"max_hp_gain":0.0,"max_hp_loss":0.0,"gold_gain":0.0,"event_name":"Drug Dealer","player_choice":"Inject Mutagens","floor":22.0,"gold_loss":0.0,"damage_taken":0.0,"relics_obtained":["MutagenicStrength"]},{"damage_healed":0.0,"max_hp_gain":0.0,"max_hp_loss":0.0,"gold_gain":0.0,"event_name":"Ghosts","player_choice":"Ignored","floor":27.0,"gold_loss":0.0,"damage_taken":0.0},{"damage_healed":0.0,"max_hp_gain":0.0,"max_hp_loss":0.0,"gold_gain":0.0,"event_name":"Winding Halls","player_choice":"Embrace Madness","floor":38.0,"gold_loss":0.0,"damage_taken":10.0,"cards_obtained":["Madness","Madness"]},{"damage_healed":0.0,"max_hp_gain":0.0,"max_hp_loss":0.0,"gold_gain":0.0,"event_name":"Mysterious Sphere","player_choice":"Fight","floor":47.0,"gold_loss":0.0,"damage_taken":0.0},{"cards_removed":["Devotion"],"damage_healed":0.0,"max_hp_gain":0.0,"max_hp_loss":0.0,"gold_gain":0.0,"event_name":"Falling","player_choice":"Removed Power","floor":48.0,"gold_loss":0.0,"damage_taken":0.0}],"is_beta":false,"boss_relics":[{"not_picked":["Busted Crown","Runic Dome"],"picked":"Philosopher\u0027s Stone"},{"not_picked":["Sozu","VioletLotus"],"picked":"Calling Bell"}],"items_purged_floors":[53],"is_endless":false,"potions_floor_spawned":[1,4,10,14,24,28,29,35,36,37,39,41,44,45,46,47,54],"ascension_level":1}}