{"host":"legtpxylirt4o9qk","time":1610681356,"event":{"mods":["AchievementEnabler","Aspiration","Bard","BaseMod","Beaked The Cultist","Better Altar","Better Match","Better Note","Better Sensory Stone","Better Skull","Better Third Choice","BetterRewards","CCEM","Clawfect","Colored Map","Conspire","Dark Map","Downfall","GifTheSpireLib","Googly Eyes","Halation","Hermit","Highlight Path","Hubris","Hunter ??","Infinite Spire","Jedi Mod","Mimic Mod","Minty Spire (QoL Compilation)","Permanent Neow","Replay The Spire","Shade Mod","Shop Mod","Spicy Shops","StSLib","Stuff the Spire","The Blackbeard","The Construct","The Disciple","The Forsaken","The Gatherer","The Hierophant","The Necromancer","The Runesmith","The Servant 0.9.4"],"gold_per_floor":[139,149,149,165,165,165,224,224],"floor_reached":7,"language":"ENG","playtime":387,"items_purged":[],"score":51,"play_id":"f4f99356-ac67-407d-afe0-96b1a1362706","local_time":"20210114222916","is_ascension_mode":false,"campfire_choices":[{"floor":6,"key":"REST"}],"circlet_count":0,"master_deck":["Strike_Giant","Defend_Giant","Defend_Giant","Defend_Giant","Defend_Giant","CultistPetCall","EagleFirst","EagleFirst","EagleSecond+1","Combo Recycle","Death Prophecy","Echo Defend Giant"],"relics":["GiantSoulBox","halation:WeightlessCrab"],"acts_visited":["Exordium"],"potions_floor_usage":[],"damage_taken":[{"damage":4,"enemies":"Jaw Worm","floor":1,"turns":4},{"damage":6,"enemies":"Cultist","floor":2,"turns":3},{"damage":6,"enemies":"2 Louse","floor":4,"turns":3},{"damage":17,"enemies":"Gremlin Nob","floor":7,"turns":4}],"seed_played":"8575305965658361783","potions_obtained":[{"floor":2,"key":"Ancient Potion"},{"floor":4,"key":"Energy Potion"}],"is_trial":false,"path_per_floor":["M","M","?","M","?","R","E"],"character_chosen":"Giant","items_purchased":[],"campfire_rested":1,"item_purchase_floors":[],"current_hp_per_floor":[61,55,55,49,49,65,53,53],"gold":224,"neow_bonus":"REMOVE_CARD","is_daily":false,"chose_seed":false,"campfire_upgraded":0,"win_rate":0.0,"timestamp":1610681356,"path_taken":["M","M","?","M","?","R","E"],"items_purchased_type":[],"build_version":"2020-12-22","purchased_purges":0,"victory":false,"max_hp_per_floor":[65,65,65,65,65,65,70,70],"card_choices":[{"not_picked":["Clone Minion","ByrdPetCall"],"picked":"Combo Recycle","floor":1},{"not_picked":["SpikerPetCall","HPGrowth_Giant"],"picked":"Death Prophecy","floor":2},{"not_picked":["Random Death Rattle","Pummel Giant"],"picked":"Echo Defend Giant","floor":4}],"player_experience":71748,"relics_obtained":[{"floor":7,"key":"halation:WeightlessCrab"}],"event_choices":[{"damage_healed":0,"gold_gain":0,"player_choice":"Upgraded","damage_taken":0,"max_hp_gain":0,"max_hp_loss":0,"event_name":"Upgrade Shrine","floor":5,"gold_loss":0,"cards_upgraded":["EagleSecond"]}],"is_beta":false,"boss_relics":[],"items_purged_floors":[],"is_endless":false,"potions_floor_spawned":[2,4],"killed_by":"Gremlin Nob","ascension_level":0}}