{"host":"qik6c64y69p9jmph","time":1610688744,"event":{"mods":["AchievementEnabler","BaseMod","BetterRewards","Highlight Path","Minty Spire (QoL Compilation)","Quick Restart","Replay The Spire","StSLib","Synergy Search"],"gold_per_floor":[114,127,127,49,49,82,94,133,172,184,228,240,252,283,295,412,424,446,458,470,470],"floor_reached":20,"language":"ENG","playtime":883,"items_purged":[],"score":262,"play_id":"b3ba93d2-6395-4d58-84ae-806c6e82505f","local_time":"20210115003224","is_ascension_mode":true,"campfire_choices":[{"data":"Leg Sweep","floor":7,"key":"SMITH"},{"data":"Blade Dance","floor":10,"key":"SMITH"},{"data":"Footwork","floor":13,"key":"SMITH"},{"data":"Hidden Blade","floor":15,"key":"SMITH"}],"circlet_count":0,"master_deck":["Strike_G","Strike_G","Strike_G","Strike_G","Defend_G","Defend_G","Defend_G","Defend_G","Defend_G","Survivor","Neutralize","Leg Sweep+1","Footwork+1","Blade Dance+1","Cloak And Dagger","Hidden Blade+1","Phantasmal Killer","Backflip"],"relics":["Ring of the Snake","NeowsBlessing","MawBank","Regal Pillow","Boot","ReplayTheSpireMod:TigerMarble","Black Star"],"acts_visited":["Exordium","TheCity"],"potions_floor_usage":[8,8,8,16],"damage_taken":[{"damage":0,"enemies":"Jaw Worm","floor":1,"turns":1},{"damage":0,"enemies":"Cultist","floor":2,"turns":1},{"damage":0,"enemies":"Lagavulin","floor":6,"turns":1},{"damage":18,"enemies":"Gremlin Nob","floor":8,"turns":5},{"damage":0,"enemies":"Lagavulin","floor":11,"turns":6},{"damage":0,"enemies":"2 Louse","floor":14,"turns":2},{"damage":18,"enemies":"Fading Forest","floor":16,"turns":11},{"damage":10,"enemies":"Shell Parasite","floor":18,"turns":8},{"damage":61,"enemies":"Masked Bandits","floor":20,"turns":7}],"seed_played":"7578994008039026135","potions_obtained":[{"floor":1,"key":"Explosive Potion"},{"floor":2,"key":"Block Potion"},{"floor":3,"key":"PowerPotion"},{"floor":14,"key":"SkillPotion"}],"is_trial":false,"path_per_floor":["M","M","?","$","?","E","R","E","T","R","E","?","R","M","R","B",null,"M","?","?"],"character_chosen":"THE_SILENT","items_purchased":["Footwork"],"campfire_rested":0,"item_purchase_floors":[4],"current_hp_per_floor":[70,70,70,70,70,70,70,52,52,52,52,52,52,52,52,52,70,60,60,0,0],"gold":470,"neow_bonus":"THREE_ENEMY_KILL","is_daily":false,"chose_seed":false,"campfire_upgraded":4,"win_rate":0.0,"timestamp":1610688744,"path_taken":["M","M","?","$","?","E","R","E","T","R","E","?","R","?","R","BOSS","M","?","?"],"items_purchased_type":["Card"],"build_version":"2020-12-22","purchased_purges":0,"victory":false,"max_hp_per_floor":[70,70,70,70,70,70,70,70,70,70,70,70,70,70,70,70,70,70,70,70,70],"card_choices":[{"not_picked":["Expertise","Sneak Up","ReplayTheSpireMod:Shiv Toss"],"picked":"SKIP","floor":1},{"not_picked":["Deflect","Acrobatics"],"picked":"Leg Sweep","floor":2},{"not_picked":["Sucker Punch","Noxious Fumes"],"picked":"Blade Dance","floor":6},{"not_picked":["Quick Slash","Finisher"],"picked":"Cloak And Dagger","floor":8},{"not_picked":["Eviscerate","Leg Sweep","Backstab"],"picked":"SKIP","floor":11},{"not_picked":["Dodge and Roll","PiercingWail"],"picked":"Hidden Blade","floor":14},{"not_picked":["Corpse Explosion","Wraith Form v2"],"picked":"Phantasmal Killer","floor":16},{"not_picked":["PiercingWail+1","Catalyst"],"picked":"Backflip","floor":18}],"player_experience":500873,"relics_obtained":[{"floor":6,"key":"MawBank"},{"floor":8,"key":"Regal Pillow"},{"floor":9,"key":"Boot"},{"floor":11,"key":"ReplayTheSpireMod:TigerMarble"}],"event_choices":[{"damage_healed":0,"gold_gain":0,"player_choice":"Got Potions","damage_taken":0,"max_hp_gain":0,"max_hp_loss":0,"event_name":"Lab","floor":3,"gold_loss":0},{"damage_healed":0,"gold_gain":0,"player_choice":"Ignored","damage_taken":0,"max_hp_gain":0,"max_hp_loss":0,"event_name":"Shining Light","floor":5,"gold_loss":0},{"cards_removed":["Strike_G"],"damage_healed":0,"gold_gain":0,"player_choice":"Purged","damage_taken":0,"max_hp_gain":0,"max_hp_loss":0,"event_name":"Purifier","floor":12,"gold_loss":0},{"damage_healed":0,"gold_gain":0,"player_choice":"Fought Bandits","damage_taken":0,"max_hp_gain":0,"max_hp_loss":0,"event_name":"Masked Bandits","floor":20,"gold_loss":0}],"is_beta":false,"boss_relics":[{"not_picked":["Kintsugi","Snecko Scales"],"picked":"Black Star"}],"items_purged_floors":[],"is_endless":false,"potions_floor_spawned":[1,2,14],"killed_by":"Masked Bandits","ascension_level":2}}