{"host":"vddkjx04kiwje1tk","time":1610670583,"event":{"mods":["AchievementEnabler","BaseMod","Colored Map","Minty Spire (QoL Compilation)","Quick Restart","SuperFastMode"],"gold_per_floor":[119,119,119,132,132,132,132,172,172,197,213,213,213],"floor_reached":12,"language":"KOR","playtime":107,"items_purged":[],"score":111,"play_id":"ce858eaf-a437-4319-9735-8a091cbd184e","local_time":"20210115092943","is_ascension_mode":true,"campfire_choices":[{"data":"Vigilance","floor":6,"key":"SMITH"}],"circlet_count":0,"master_deck":["Strike_P+1","Strike_P","Strike_P","Strike_P","Defend_P","Defend_P","Defend_P","Eruption+1","Vigilance+1","MentalFortress"],"relics":["PureWater","NeowsBlessing","Golden Idol","Dream Catcher","TeardropLocket","Potion Belt"],"acts_visited":["Exordium"],"potions_floor_usage":[],"damage_taken":[{"damage":0,"enemies":"Cultist","floor":1,"turns":1},{"damage":0,"enemies":"Small Slimes","floor":4,"turns":1},{"damage":0,"enemies":"3 Sentries","floor":8,"turns":1},{"damage":13,"enemies":"2 Louse","floor":11,"turns":2},{"damage":29,"enemies":"Lagavulin","floor":12,"turns":6}],"seed_played":"-8339190309111815189","potions_obtained":[],"is_trial":false,"path_per_floor":["M","?","?","M","?","R","?","E","T","T","M","E"],"character_chosen":"WATCHER","items_purchased":[],"campfire_rested":0,"item_purchase_floors":[],"current_hp_per_floor":[72,72,72,72,58,58,40,40,40,40,27,0,0],"gold":213,"neow_bonus":"THREE_ENEMY_KILL","is_daily":false,"chose_seed":false,"campfire_upgraded":1,"win_rate":0.0,"timestamp":1610670583,"path_taken":["M","?","?","M","?","R","?","E","T","?","?","E"],"items_purchased_type":[],"build_version":"2020-12-22","purchased_purges":0,"victory":false,"max_hp_per_floor":[72,72,72,72,72,72,72,72,72,72,72,72,72],"card_choices":[{"not_picked":["FollowUp","BowlingBash","EmptyFist"],"picked":"SKIP","floor":1},{"not_picked":["JustLucky","FlurryOfBlows","Crescendo"],"picked":"SKIP","floor":4},{"not_picked":["ThirdEye","BowlingBash"],"picked":"MentalFortress","floor":8},{"not_picked":["Meditate","Consecrate","BowlingBash"],"picked":"SKIP","floor":11}],"player_experience":270479,"relics_obtained":[{"floor":8,"key":"Dream Catcher"},{"floor":9,"key":"TeardropLocket"},{"floor":10,"key":"Potion Belt"}],"event_choices":[{"cards_removed":["Defend_P"],"damage_healed":0,"gold_gain":0,"player_choice":"Forget","damage_taken":0,"max_hp_gain":0,"max_hp_loss":0,"event_name":"Living Wall","floor":2,"gold_loss":0},{"damage_healed":0,"gold_gain":0,"player_choice":"Ignored","damage_taken":0,"max_hp_gain":0,"max_hp_loss":0,"event_name":"Liars Game","floor":3,"gold_loss":0},{"damage_healed":0,"gold_gain":0,"player_choice":"Entered Light","damage_taken":14,"max_hp_gain":0,"max_hp_loss":0,"event_name":"Shining Light","floor":5,"gold_loss":0,"cards_upgraded":["Eruption","Strike_P"]},{"damage_healed":0,"gold_gain":0,"player_choice":"Take Damage","damage_taken":18,"relics_obtained":["Golden Idol"],"max_hp_gain":0,"max_hp_loss":0,"event_name":"Golden Idol","floor":7,"gold_loss":0}],"is_beta":false,"boss_relics":[],"items_purged_floors":[],"is_endless":false,"potions_floor_spawned":[],"killed_by":"Lagavulin","ascension_level":2}}