{"host":"bcxgpd1eu8czocm9","time":1610721192,"event":{"mods":["BaseMod","Downfall","Minty Spire (QoL Compilation)","Quick Restart","Replay The Spire","Spicy Shops","StSLib","¡¾ÒÅÎï¿¨ÅÆ¡¿REMEMod"],"gold_per_floor":[118,128,140,159,32,48,79,90,114,125,125,125,139,158,158,260,260,275,275,275,275,36,70,84,109,109,126,126,145,175,190,190,202,202,307,307,322,93,103,123,173,199,248,266,318,318,344,362,362,380,380,380,380,380,72,101,101],"floor_reached":58,"language":"ZHS","playtime":3353,"items_purged":["Slimebound:Defend_Slimebound","Doubt"],"score":1117,"play_id":"06791642-1231-40d2-9784-40389150be04","local_time":"20210115223312","is_ascension_mode":false,"campfire_choices":[{"data":"Slimebound:Split","floor":12,"key":"SMITH"},{"data":"Slimebound:Defend_Slimebound","floor":15,"key":"PURGE"},{"floor":26,"key":"RECALL"},{"floor":34,"key":"REST"},{"floor":46,"key":"REST"},{"data":"Slimebound:Defend_Slimebound","floor":49,"key":"PURGE"},{"data":"Slimebound:Defend_Slimebound","floor":51,"key":"PURGE"},{"data":"Slimebound:Strike_Slimebound","floor":54,"key":"PURGE"}],"circlet_count":0,"master_deck":["Slimebound:Tackle","Slimebound:Split+1","Slimebound:CorrosiveSpit","sneckomod:UnknownUncommonPower","Slimebound:DivideAndConquer","Slimebound:PressTheAttack","Slimebound:PressTheAttack","Slimebound:SpikyOuterGoop","expansioncontent:SuperHexaguard","Slimebound:RainOfGoop","Slimebound:SlimeSpikes","Slimebound:LeechEnergy","Slimebound:LeechingTouch","Slimebound:SplitMire","Slimebound:Overexert","Slimebound:OneTwoCombo+1","Slimebound:GrowthPunch","Slimebound:SplitMire","Slimebound:SpikyOuterGoop","Slimebound:SplitMire+1","Slimebound:SpikyOuterGoop","Slimebound:SpikyOuterGoop","Slimebound:DisruptingSlam","Slimebound:LeechLife+1","Slimebound:SplitMire+1","Slimebound:SplitMire+1","Slimebound:FormOfPuddle+1","Slimebound:LeechingTouch","Slimebound:SplitMire+1","Slimebound:SplitMire+1"],"relics":["Slimebound:AbsorbEndCombat","REME_ComplimentaryCards","Slimebound:MaxSlimesRelic","Replay:Mystery Machine","NlothsMask","Fusion Hammer","Slimebound:SlimedSkullRelic","Red Mask","Lantern","Ancient Tea Set","expansioncontent:StudyCardRelic","Guide Book","REME_IWantAll","Happy Flower","Calipers","Peace Pipe","OrangePellets","Bag of Preparation","Chameleon Ring"],"acts_visited":["Exordium","TheCity","TheBeyond","TheEnding"],"potions_floor_usage":[4,6,7,16,16,57,57],"damage_taken":[{"damage":12,"enemies":"Cultist","floor":1,"turns":4},{"damage":23,"enemies":"Jaw Worm","floor":2,"turns":3},{"damage":5,"enemies":"2 Louse","floor":3,"turns":3},{"damage":14,"enemies":"Looter","floor":4,"turns":3},{"damage":20,"enemies":"Lots of Slimes","floor":6,"turns":4},{"damage":43,"enemies":"3 Sentries","floor":7,"turns":7},{"damage":8,"enemies":"2 Fungi Beasts","floor":8,"turns":3},{"damage":24,"enemies":"3 Louse","floor":10,"turns":4},{"damage":15,"enemies":"Exordium Wildlife","floor":13,"turns":3},{"damage":6,"enemies":"Looter","floor":14,"turns":3},{"damage":52,"enemies":"The Guardian","floor":16,"turns":8},{"damage":23,"enemies":"Spheric Guardian","floor":18,"turns":4},{"damage":17,"enemies":"Masked Bandits","floor":23,"turns":3},{"damage":19,"enemies":"2 Thieves","floor":24,"turns":3},{"damage":62,"enemies":"Slavers","floor":25,"turns":6},{"damage":33,"enemies":"Shelled Parasite and Fungi","floor":27,"turns":3},{"damage":17,"enemies":"Snake Plant","floor":29,"turns":2},{"damage":46,"enemies":"REME_1_Revenger","floor":30,"turns":4},{"damage":26,"enemies":"Snecko","floor":31,"turns":3},{"damage":16,"enemies":"Shelled Parasite and Fungi","floor":33,"turns":3},{"damage":49,"enemies":"Collector","floor":35,"turns":8},{"damage":22,"enemies":"3 Shapes","floor":37,"turns":4},{"damage":12,"enemies":"Orb Walker","floor":39,"turns":2},{"damage":50,"enemies":"Writhing Mass","floor":40,"turns":5},{"damage":32,"enemies":"Mind Bloom Boss Battle","floor":41,"turns":4},{"damage":28,"enemies":"Giant Head","floor":42,"turns":7},{"damage":39,"enemies":"2 Orb Walkers","floor":43,"turns":3},{"damage":32,"enemies":"3 Darklings","floor":44,"turns":4},{"damage":54,"enemies":"Reptomancer","floor":47,"turns":5},{"damage":24,"enemies":"4 Shapes","floor":48,"turns":4},{"damage":35,"enemies":"Writhing Mass","floor":50,"turns":3},{"damage":66,"enemies":"Replay:Hell Engine","floor":52,"turns":11},{"damage":64,"enemies":"Shield and Spear","floor":56,"turns":5},{"damage":52,"enemies":"The Heart","floor":57,"turns":9}],"seed_played":"-7994240807047728194","potions_obtained":[{"floor":3,"key":"Venom Potion"},{"floor":3,"key":"Fire Potion"},{"floor":4,"key":"Fruit Juice"},{"floor":10,"key":"Strength Potion"},{"floor":13,"key":"Explosive Potion"},{"floor":25,"key":"Fire Potion"},{"floor":29,"key":"DuplicationPotion"},{"floor":33,"key":"SmokeBomb"},{"floor":39,"key":"BlessingOfTheForge"},{"floor":43,"key":"champ:CounterPotion"},{"floor":47,"key":"EssenceOfSteel"}],"is_trial":false,"path_per_floor":["M","M","M","M","$","M","E","M","T","M","?","R","M","M","R","B",null,"M","?","PTL","PTL","$","?","M","E","R","M","T","M","E","M","?","M","R","B",null,"M","$","M","M","?","E","?","M","T","R","E","M","R","M","R","B",null,"R","$","E","B",null],"character_chosen":"SLIMEBOUND","items_purchased":["expansioncontent:SuperHexaguard","Slimebound:OneTwoCombo","Slimebound:SlimedSkullRelic","Guide Book","OrangePellets","Bag of Preparation"],"campfire_rested":2,"item_purchase_floors":[5,22,22,38,55,55],"current_hp_per_floor":[59,44,43,50,50,46,27,35,35,31,31,31,32,38,38,46,71,60,60,60,60,60,71,71,53,53,60,60,71,57,71,71,71,71,70,71,70,70,71,60,67,71,71,71,71,71,71,71,71,65,65,71,71,71,71,71,71],"gold":101,"neow_bonus":"TEN_PERCENT_HP_BONUS","is_daily":false,"chose_seed":false,"campfire_upgraded":1,"win_rate":0.0,"timestamp":1610721192,"path_taken":["M","M","M","M","$","M","E","M","T","M","?","R","?","M","R","BOSS","M","?","PTL","PTL","$","?","M","E","R","M","T","M","E","M","?","M","R","BOSS","M","$","M","?","?","E","?","M","T","R","E","M","R","M","R","BOSS","R","$","E","BOSS"],"items_purchased_type":["Card","Card","Relic","Relic","Relic","Relic"],"build_version":"2020-12-22","purchased_purges":2,"victory":true,"max_hp_per_floor":[66,66,66,71,71,71,71,71,71,71,71,71,71,71,71,71,71,71,71,71,71,71,71,71,71,71,71,71,71,71,71,71,71,71,71,71,71,71,71,71,71,71,71,71,71,71,71,71,71,71,71,71,71,71,71,71,71],"card_choices":[{"not_picked":["Slimebound:BestDefense","Slimebound:SplitAcid"],"picked":"Slimebound:DivideAndConquer","floor":1},{"not_picked":["Slimebound:Schlurp","Slimebound:RollThrough"],"picked":"Slimebound:PressTheAttack","floor":2},{"not_picked":["Slimebound:SamplingLick","Slimebound:TongueLash"],"picked":"Slimebound:PressTheAttack","floor":3},{"not_picked":["Slimebound:RainOfGoop","Slimebound:MassRepurpose"],"picked":"Slimebound:SpikyOuterGoop","floor":4},{"not_picked":["Slimebound:Equalize","Slimebound:Chomp"],"picked":"Slimebound:RainOfGoop","floor":6},{"not_picked":["Slimebound:Grow","Slimebound:GoopTackle"],"picked":"Slimebound:SlimeSpikes","floor":7},{"not_picked":["Slimebound:SamplingLick","Slimebound:SlimeSpikes"],"picked":"Slimebound:LeechEnergy","floor":8},{"not_picked":["Slimebound:GoopSpray","Slimebound:SplitLeeching"],"picked":"Slimebound:LeechingTouch","floor":10},{"not_picked":["Slimebound:ComboTackle","Slimebound:DisruptingSlam","Slimebound:SlimeSpikes"],"picked":"SKIP","floor":13},{"not_picked":["Slimebound:TongueLash","Slimebound:FormOfPuddle"],"picked":"Slimebound:SplitMire","floor":14},{"not_picked":["Slimebound:MassRepurpose","Slimebound:Darklings"],"picked":"Slimebound:Overexert","floor":16},{"not_picked":["Slimebound:SplitAcid","Slimebound:Schlurp+1","Slimebound:HauntingLick"],"picked":"SKIP","floor":18},{"not_picked":["Slimebound:LeechingTouch","Slimebound:SplitBruiser+1"],"picked":"Slimebound:GrowthPunch","floor":23},{"not_picked":["Slimebound:SlimeSpikes+1","Slimebound:SplitAcid"],"picked":"Slimebound:SplitMire","floor":24},{"not_picked":["Slimebound:GrowthPunch","Slimebound:LeadByExample"],"picked":"Slimebound:SpikyOuterGoop","floor":25},{"not_picked":["Slimebound:Grow","Slimebound:FlameTackle+1"],"picked":"Slimebound:SplitMire+1","floor":27},{"not_picked":["Slimebound:SlimeBarrage+1","Slimebound:SplitAcid","Slimebound:ComboTackle+1"],"picked":"SKIP","floor":29},{"not_picked":["Slimebound:GoopSpray","Slimebound:FinishingTackle"],"picked":"Slimebound:SpikyOuterGoop","floor":30},{"not_picked":["Slimebound:ItLooksTasty","Slimebound:LeechingTouch+1"],"picked":"Slimebound:SpikyOuterGoop","floor":31},{"not_picked":["Slimebound:LeechingTouch+1","Slimebound:SlimeBrawl","Slimebound:MassRepurpose"],"picked":"SKIP","floor":33},{"not_picked":["Slimebound:MassRepurpose","Slimebound:Teamwork"],"picked":"Slimebound:LeechLife","floor":35},{"not_picked":["Slimebound:LeechingTouch","Slimebound:FlameTackle+1","Slimebound:GrowthPunch+1"],"picked":"SKIP","floor":37},{"not_picked":["Slimebound:PressTheAttack","Slimebound:SlimeSpikes+1","Slimebound:FlameTackle"],"picked":"SKIP","floor":39},{"not_picked":["Slimebound:FinishingTackle","Slimebound:LevelUp+1"],"picked":"Slimebound:SplitMire+1","floor":40},{"not_picked":["Slimebound:SamplingLick","Slimebound:SplitBruiser+1","Slimebound:TongueLash"],"picked":"SKIP","floor":42},{"not_picked":["Slimebound:DuplicatedForm","Slimebound:FinishingTackle+1"],"picked":"Slimebound:SplitMire+1","floor":43},{"not_picked":["Slimebound:SplitMire+1","Slimebound:Darklings"],"picked":"Slimebound:FormOfPuddle+1","floor":44},{"not_picked":["Slimebound:SlimeBrawl+1","Slimebound:LivingWall+1"],"picked":"Slimebound:LeechingTouch","floor":47},{"not_picked":["Slimebound:ServeAndProtect+1","Slimebound:ComboTackle+1","Slimebound:LeechEnergy"],"picked":"SKIP","floor":48},{"not_picked":["Slimebound:HauntingLick","Slimebound:BestDefense+1"],"picked":"Slimebound:SplitMire+1","floor":50},{"not_picked":["Slimebound:ComboTackle","Slimebound:RollThrough"],"picked":"Slimebound:SplitMire+1","floor":56}],"player_experience":417135,"relics_obtained":[{"floor":7,"key":"Slimebound:MaxSlimesRelic"},{"floor":9,"key":"Replay:Mystery Machine"},{"floor":23,"key":"Red Mask"},{"floor":25,"key":"Lantern"},{"floor":30,"key":"Ancient Tea Set"},{"floor":41,"key":"REME_IWantAll"},{"floor":42,"key":"Happy Flower"},{"floor":43,"key":"Calipers"},{"floor":47,"key":"Peace Pipe"},{"floor":56,"key":"Chameleon Ring"}],"event_choices":[{"damage_healed":0,"gold_gain":0,"player_choice":"Trade","damage_taken":0,"relics_obtained":["NlothsMask"],"max_hp_gain":0,"max_hp_loss":0,"event_name":"FaceTrader","floor":11,"gold_loss":0},{"cards_removed":["Slimebound:Strike_Slimebound"],"damage_healed":0,"gold_gain":0,"player_choice":"Elegance","damage_taken":0,"max_hp_gain":0,"max_hp_loss":0,"event_name":"Back to Basics","floor":19,"gold_loss":0},{"damage_healed":0,"gold_gain":0,"player_choice":"Fought Bandits","damage_taken":0,"max_hp_gain":0,"max_hp_loss":0,"event_name":"Masked Bandits","floor":23,"gold_loss":0},{"damage_healed":0,"gold_gain":0,"cards_transformed":["Slimebound:Strike_Slimebound"],"player_choice":"Transformed","damage_taken":0,"max_hp_gain":0,"max_hp_loss":0,"event_name":"Transmorgrifier","floor":32,"gold_loss":0,"cards_obtained":["Slimebound:DisruptingSlam"]},{"damage_healed":0,"gold_gain":0,"player_choice":"Fight","damage_taken":0,"max_hp_gain":0,"max_hp_loss":0,"event_name":"MindBloom","floor":41,"gold_loss":0},{"damage_healed":0,"gold_gain":0,"player_choice":"Fight","damage_taken":0,"max_hp_gain":0,"max_hp_loss":0,"event_name":"Mysterious Sphere","floor":43,"gold_loss":0}],"is_beta":false,"boss_relics":[{"not_picked":["SacredBark","Runic Pyramid"],"picked":"Fusion Hammer"},{"not_picked":["REME_ChargedStone","SlaversCollar"],"picked":"expansioncontent:StudyCardRelic"}],"items_purged_floors":[38,55],"is_endless":false,"potions_floor_spawned":[3,4,10,13,25,29,30,31,33,39,40,43,47,48],"ascension_level":0}}