{"host":"umc2kcp6syiz6ck1","time":1610685265,"event":{"mods":["Act Like it!","BaseMod","Colored Map","Colored Powertips","Friendly Minions","Gensokyo","Hallownest","Koishi","Marisa????????","Minty Spire (QoL Compilation)","Prisma Mod","Quick Restart","Remilia??????","StSLib","Td1madao Mod","The Administrix","The Bug Knight","The Servant 0.9.4"],"gold_per_floor":[113,113,123,140,104,104,104,104,104,133,133,164,164,24,24,127,127,137,137,65,65,65,80,80,96,119,119,135,235,251,265,265,265,265],"floor_reached":33,"language":"ENG","playtime":2056,"items_purged":[],"score":255,"play_id":"2bed0b17-e40b-4a92-a08e-43cf10db43cf","local_time":"20210114223425","is_ascension_mode":false,"campfire_choices":[{"data":"Moonlight","floor":6,"key":"SMITH"},{"floor":8,"key":"REST"},{"floor":11,"key":"REST"},{"floor":13,"key":"REST"},{"data":"SurpressingFire","floor":15,"key":"SMITH"},{"floor":27,"key":"RECALL"},{"floor":32,"key":"REST"}],"circlet_count":0,"master_deck":["Strike_S","Strike_S","Strike_S","Strike_S","Defend_S","Defend_S","Defend_S","Defend_S","KidneyShot","Exchange","Rearm","Contraction","Sunlight","Moonlight+1","TheWorld","SurpressingFire+1","ForgedInTime","DoubleEdge","Moonlight","Ricochet","Barrier","Luminosity+1"],"relics":["Uniform","Shuriken","Mummified Hand","Bag of Preparation","Lizard Tail","Fusion Hammer","Orichalcum","StoneCalendar","Thread and Needle"],"acts_visited":["Exordium","Gensokyo:Gensokyo"],"potions_floor_usage":[28,29],"damage_taken":[{"damage":6,"enemies":"Gensokyo:2_Kodama","floor":1,"turns":7},{"damage":3,"enemies":"Gensokyo:Python","floor":3,"turns":4},{"damage":6,"enemies":"Gensokyo:3_Fairies","floor":4,"turns":6},{"damage":0,"enemies":"Gensokyo:LivingMonolith","floor":7,"turns":2},{"damage":23,"enemies":"Gensokyo:Cirno","floor":10,"turns":8},{"damage":12,"enemies":"Gensokyo:Mamizou","floor":12,"turns":10},{"damage":47,"enemies":"Gensokyo:Yukari","floor":16,"turns":15},{"damage":0,"enemies":"Gensokyo:3_Dogs","floor":18,"turns":5},{"damage":14,"enemies":"Gensokyo:Chomper","floor":23,"turns":6},{"damage":0,"enemies":"Gensokyo:Swordslinger","floor":25,"turns":4},{"damage":12,"enemies":"Gensokyo:Slime_Group","floor":28,"turns":5},{"damage":29,"enemies":"Gensokyo:Slime_Group","floor":29,"turns":9},{"damage":4,"enemies":"Gensokyo:Mirror_and_Dog","floor":30,"turns":4},{"damage":0,"enemies":"Gensokyo:Chomper_and_Gloop","floor":31,"turns":4},{"damage":99,"enemies":"Gensokyo:Eternal_Rivals","floor":33,"turns":10}],"seed_played":"-998040621386025923","potions_obtained":[{"floor":10,"key":"Energy Potion"},{"floor":12,"key":"GamblersBrew"},{"floor":16,"key":"Explosive Potion"},{"floor":23,"key":"SteroidPotion"},{"floor":30,"key":"Ancient Potion"}],"is_trial":false,"path_per_floor":["M","?","M","M","$","R","M","R","T","E","R","E","R","?","R","B",null,"M","?","$","?","T","M","?","M","T","R","M","?","M","M","R","B"],"character_chosen":"THE_SERVANT","items_purchased":["Moonlight","Moonlight"],"campfire_rested":4,"item_purchase_floors":[5,20],"current_hp_per_floor":[65,65,62,56,56,56,56,71,71,48,69,57,71,71,71,24,71,71,71,71,71,71,57,57,57,57,57,45,16,12,12,33,0,0],"gold":265,"neow_bonus":"TEN_PERCENT_HP_BONUS","is_daily":false,"chose_seed":false,"campfire_upgraded":2,"win_rate":0.0,"timestamp":1610685265,"path_taken":["M","?","M","M","$","R","M","R","T","E","R","E","R","?","R","BOSS","M","?","$","?","?","?","?","?","T","R","?","?","M","M","R","BOSS"],"items_purchased_type":["Card","Card"],"build_version":"2020-12-22","purchased_purges":0,"victory":false,"max_hp_per_floor":[71,71,71,71,71,71,71,71,71,71,71,71,71,71,71,71,71,71,71,71,71,71,71,71,71,71,71,71,71,71,71,71,71,71],"card_choices":[{"not_picked":["Unruled","Defy"],"picked":"Rearm","floor":1},{"not_picked":["Potential","Collapse"],"picked":"Contraction","floor":3},{"not_picked":["Rearm","Spin"],"picked":"Sunlight","floor":4},{"not_picked":["Rewind","Rearm","Starlight"],"picked":"SKIP","floor":7},{"not_picked":["Replace","SpecialFormula"],"picked":"TheWorld","floor":10},{"not_picked":["Starlight","Replace"],"picked":"SurpressingFire","floor":12},{"not_picked":["MurderousAura","Initiator"],"picked":"ForgedInTime","floor":16},{"not_picked":["Potential","Alleviate"],"picked":"DoubleEdge","floor":18},{"not_picked":["Spin","FastForward","Potential"],"picked":"SKIP","floor":23},{"not_picked":["DoubleEdge","BottledTime","Revamp"],"picked":"SKIP","floor":25},{"not_picked":["Solidify","Rewind","MoonPhase"],"picked":"SKIP","floor":28},{"not_picked":["DoubleEdge","Reset+1"],"picked":"Ricochet","floor":29},{"not_picked":["FastForward","Unruled"],"picked":"Barrier","floor":30},{"not_picked":["FastForward","BottledTime"],"picked":"Luminosity+1","floor":31}],"player_experience":64528,"relics_obtained":[{"floor":9,"key":"Shuriken"},{"floor":10,"key":"Mummified Hand"},{"floor":12,"key":"Bag of Preparation"},{"floor":26,"key":"Orichalcum"},{"floor":29,"key":"StoneCalendar"},{"floor":29,"key":"Thread and Needle"}],"event_choices":[],"is_beta":false,"boss_relics":[{"not_picked":["Calling Bell","Runic Pyramid"],"picked":"Fusion Hammer"}],"items_purged_floors":[],"is_endless":false,"potions_floor_spawned":[7,10,12,16,23,30],"killed_by":"Gensokyo:Eternal_Rivals","ascension_level":0}}