{"host":"w3q5ijqu8eoknil3","time":1610701958,"event":{"mods":["AchievementEnabler","BaseMod","Block Reminder","Colored Map","Colored Powertips","Curses Come First","Dark Map","Minty Spire (QoL Compilation)","Quick Restart","Relic Stats","StSLib","ojb\u0027s Better Paths Mod","ojb\u0027s Info Mod","slay the spire mod where everything is the same but ironclad has a cowboy hat"],"gold_per_floor":[109,123,273,323,341,376,386,386,412,412,412],"floor_reached":10,"language":"ENG","playtime":348,"items_purged":[],"score":129,"play_id":"77bafec3-f02a-4878-9967-d442ac53352a","local_time":"20210115091238","is_ascension_mode":true,"campfire_choices":[{"data":"Underhanded Strike","floor":8,"key":"SMITH"}],"circlet_count":0,"master_deck":["AscendersBane","Strike_G","Strike_G","Strike_G","Strike_G","Strike_G","Defend_G","Defend_G","Defend_G","Defend_G","Defend_G","Survivor","Neutralize","Riddle With Holes","Blur","Doubt","Flying Knee","Grand Finale","Underhanded Strike+1"],"relics":["Runic Pyramid","Potion Belt","Juzu Bracelet"],"acts_visited":["Exordium"],"potions_floor_usage":[1,6],"damage_taken":[{"damage":3,"enemies":"2 Louse","floor":1,"turns":3},{"damage":2,"enemies":"Jaw Worm","floor":2,"turns":4},{"damage":1,"enemies":"Cultist","floor":5,"turns":4},{"damage":23,"enemies":"Lagavulin","floor":6,"turns":8},{"damage":6,"enemies":"2 Fungi Beasts","floor":7,"turns":4},{"damage":30,"enemies":"3 Sentries","floor":10,"turns":8}],"seed_played":"3126576267774579360","potions_obtained":[{"floor":1,"key":"Fruit Juice"},{"floor":5,"key":"ColorlessPotion"}],"is_trial":false,"path_per_floor":["M","M","?","?","M","E","M","R","T","E"],"character_chosen":"THE_SILENT","items_purchased":[],"campfire_rested":0,"item_purchase_floors":[],"current_hp_per_floor":[61,59,59,59,58,35,29,29,29,0,0],"gold":412,"neow_bonus":"BOSS_RELIC","is_daily":false,"chose_seed":false,"campfire_upgraded":1,"win_rate":0.0,"timestamp":1610701958,"path_taken":["M","M","?","?","M","E","M","R","T","E"],"items_purchased_type":[],"build_version":"2020-12-22","purchased_purges":0,"victory":false,"max_hp_per_floor":[71,71,71,71,71,71,71,71,71,71,71],"relic_stats":{"counters":[6,31],"Juzu Bracelet":0,"obtain_stats":[{"Potion Belt":6,"Juzu Bracelet":9,"Ring of the Snake":0,"Runic Pyramid":0},{"Potion Belt":4,"Juzu Bracelet":5,"Ring of the Snake":0,"Runic Pyramid":0},{"Potion Belt":19,"Juzu Bracelet":23,"Ring of the Snake":0,"Runic Pyramid":0}]},"card_choices":[{"not_picked":["Expertise","Bane"],"picked":"Riddle With Holes","floor":1},{"not_picked":["Dodge and Roll","Catalyst"],"picked":"Blur","floor":2},{"not_picked":["Dagger Throw","Escape Plan"],"picked":"Flying Knee","floor":5},{"not_picked":["Dodge and Roll","Poisoned Stab"],"picked":"Grand Finale","floor":6},{"not_picked":["Bane","Infinite Blades"],"picked":"Underhanded Strike","floor":7}],"player_experience":983067,"relics_obtained":[{"floor":6,"key":"Potion Belt"},{"floor":9,"key":"Juzu Bracelet"}],"event_choices":[{"damage_healed":0,"gold_gain":150,"player_choice":"AGREE","damage_taken":0,"max_hp_gain":0,"max_hp_loss":0,"event_name":"Liars Game","floor":3,"gold_loss":0,"cards_obtained":["Doubt"]},{"damage_healed":0,"gold_gain":50,"player_choice":"Pray","damage_taken":0,"max_hp_gain":0,"max_hp_loss":0,"event_name":"Golden Shrine","floor":4,"gold_loss":0}],"is_beta":false,"boss_relics":[],"items_purged_floors":[],"is_endless":false,"potions_floor_spawned":[1,5],"killed_by":"3 Sentries","ascension_level":18}}