{"host":"4ag909k4xupnj24b","time":1610709806,"event":{"mods":["BaseMod","Minty Spire (QoL Compilation)","StSLib"],"gold_per_floor":[99,99,24,24,24,24,9,0,0,0,0,0,0,0,0,0,0,0,0,0,0,0,0,0,0,0,0,0,0,0,0],"floor_reached":30,"language":"ENG","playtime":1353,"items_purged":[],"score":571,"play_id":"503a11e4-f405-413f-8d24-a27acf21ebfd","local_time":"20210115032326","is_ascension_mode":true,"campfire_choices":[{"data":"Consume","floor":6,"key":"SMITH"},{"data":"Hologram","floor":12,"key":"SMITH"},{"floor":15,"key":"REST"},{"floor":23,"key":"REST"},{"floor":25,"key":"REST"}],"circlet_count":0,"master_deck":["AscendersBane","Strike_B","Strike_B","Strike_B","Strike_B","Defend_B","Defend_B","Defend_B","Defend_B","Zap","Dualcast","Sweeping Beam","Ball Lightning","Darkness","Consume+1","Coolheaded","Hologram+1","Undo","Leap","Static Discharge","Echo Form","Leap+1","Cold Snap+1","Buffer","Capacitor","Buffer"],"relics":["Ectoplasm","StrikeDummy","Omamori","Bag of Preparation","Cursed Key","Oddly Smooth Stone","Regal Pillow","Tiny Chest"],"acts_visited":["Exordium","TheCity"],"potions_floor_usage":[13,16,24,30],"damage_taken":[{"damage":0,"enemies":"2 Louse","floor":1,"turns":3},{"damage":0,"enemies":"Jaw Worm","floor":4,"turns":3},{"damage":0,"enemies":"Small Slimes","floor":5,"turns":2},{"damage":11,"enemies":"Looter","floor":7,"turns":2},{"damage":0,"enemies":"2 Fungi Beasts","floor":10,"turns":2},{"damage":27,"enemies":"Exordium Thugs","floor":11,"turns":4},{"damage":5,"enemies":"3 Sentries","floor":13,"turns":7},{"damage":0,"enemies":"Large Slime","floor":14,"turns":3},{"damage":0,"enemies":"The Guardian","floor":16,"turns":12},{"damage":3,"enemies":"Shell Parasite","floor":18,"turns":6},{"damage":9,"enemies":"2 Thieves","floor":19,"turns":4},{"damage":13,"enemies":"3 Cultists","floor":20,"turns":5},{"damage":6,"enemies":"Centurion and Healer","floor":21,"turns":9},{"damage":26,"enemies":"Slavers","floor":24,"turns":6},{"damage":14,"enemies":"Book of Stabbing","floor":27,"turns":7},{"damage":1,"enemies":"Shelled Parasite and Fungi","floor":28,"turns":7},{"damage":17,"enemies":"Snake Plant","floor":29,"turns":5},{"damage":23,"enemies":"Gremlin Leader","floor":30,"turns":2}],"seed_played":"-3836857119004132935","potions_obtained":[{"floor":5,"key":"SpeedPotion"},{"floor":18,"key":"SteroidPotion"},{"floor":20,"key":"DuplicationPotion"}],"is_trial":false,"path_per_floor":["M","?","$","M","M","R","M","?","T","M","M","R","E","M","R","B",null,"M","M","M","M","?","R","E","R","T","E","M","M","E"],"character_chosen":"DEFECT","items_purchased":["Ball Lightning","Block Potion"],"campfire_rested":3,"item_purchase_floors":[3,3],"current_hp_per_floor":[64,59,59,59,59,59,48,48,48,48,21,21,16,16,37,37,63,60,51,38,32,32,53,27,48,48,34,33,16,0,0],"gold":0,"neow_bonus":"BOSS_RELIC","is_daily":false,"chose_seed":false,"campfire_upgraded":2,"win_rate":0.0,"timestamp":1610709806,"path_taken":["M","?","$","M","M","R","M","?","T","M","M","R","E","M","R","BOSS","M","M","M","M","?","R","E","R","T","E","M","M","E"],"items_purchased_type":["Card","Potion"],"build_version":"2020-12-22","purchased_purges":0,"victory":false,"max_hp_per_floor":[71,71,71,71,71,71,71,71,71,71,71,71,71,71,71,71,71,71,71,71,71,71,71,71,71,71,71,71,71,71,71],"card_choices":[{"not_picked":["Hologram","Rebound"],"picked":"Sweeping Beam","floor":1},{"not_picked":["Streamline","Ball Lightning"],"picked":"Darkness","floor":4},{"not_picked":["Turbo","Gash"],"picked":"Consume","floor":5},{"not_picked":["Hello World","Stack"],"picked":"Coolheaded","floor":7},{"not_picked":["Heatsinks","FTL"],"picked":"Hologram","floor":10},{"not_picked":["Turbo","Gash"],"picked":"Undo","floor":11},{"not_picked":["Skim","Hologram"],"picked":"Leap","floor":13},{"not_picked":["Conserve Battery","Aggregate"],"picked":"Static Discharge","floor":14},{"not_picked":["Seek","Biased Cognition"],"picked":"Echo Form","floor":16},{"not_picked":["Coolheaded","Redo"],"picked":"Leap+1","floor":18},{"not_picked":["FTL","Stack"],"picked":"Cold Snap+1","floor":19},{"not_picked":["Redo","Steam","Chaos"],"picked":"SKIP","floor":20},{"not_picked":["Stack+1","Leap+1","Sweeping Beam"],"picked":"SKIP","floor":21},{"not_picked":["Stack","Scrape"],"picked":"Buffer","floor":24},{"not_picked":["Hologram","Steam","Stack"],"picked":"SKIP","floor":27},{"not_picked":["Coolheaded","Gash"],"picked":"Capacitor","floor":28},{"not_picked":["Chaos","Redo+1"],"picked":"Buffer","floor":29}],"player_experience":832816,"relics_obtained":[{"floor":9,"key":"Omamori"},{"floor":13,"key":"Bag of Preparation"},{"floor":24,"key":"Oddly Smooth Stone"},{"floor":26,"key":"Regal Pillow"},{"floor":27,"key":"Tiny Chest"}],"event_choices":[{"damage_healed":0,"gold_gain":0,"player_choice":"Success","damage_taken":5,"relics_obtained":["StrikeDummy"],"max_hp_gain":0,"max_hp_loss":0,"event_name":"Scrap Ooze","floor":2,"gold_loss":0},{"damage_healed":0,"gold_gain":0,"player_choice":"Left Gold","damage_taken":0,"max_hp_gain":0,"max_hp_loss":0,"event_name":"World of Goop","floor":8,"gold_loss":9},{"damage_healed":0,"gold_gain":0,"player_choice":"Ignored","damage_taken":0,"max_hp_gain":0,"max_hp_loss":0,"event_name":"Ghosts","floor":22,"gold_loss":0}],"is_beta":false,"boss_relics":[{"not_picked":["Fusion Hammer","Runic Pyramid"],"picked":"Cursed Key"}],"items_purged_floors":[],"is_endless":false,"potions_floor_spawned":[5,10,18,20],"killed_by":"Gremlin Leader","ascension_level":15}}