{"host":"it4jxgnaprwjes7d","time":1610699712,"event":{"mods":["BaseMod","Downfall","Highlight Path","Minty Spire (QoL Compilation)","Replay The Spire","StSLib"],"gold_per_floor":[116,191,191,204,218,251,251,264,264,13,29,62,73,90,90,187,187,197,212,246,345,359,389,389,399,476,505,505,505,47,59,59,161,161,173,191,203,253,269,269,328,328,381,406,406,406,406,406,406,406],"floor_reached":51,"language":"ENG","playtime":4055,"items_purged":[],"score":927,"play_id":"533db693-7b2f-4bb3-aeee-6c8f36c09281","local_time":"20210115003512","is_ascension_mode":false,"campfire_choices":[{"data":"Spot Weakness","floor":7.0,"key":"SMITH"},{"floor":15.0,"key":"REST"},{"floor":24,"key":"REST"},{"floor":29,"key":"REST"},{"floor":32,"key":"REST"},{"floor":40,"key":"REST"},{"data":"Demon Form","floor":42,"key":"SMITH"},{"floor":45,"key":"REST"},{"floor":49,"key":"REST"}],"circlet_count":0,"master_deck":["Strike_R","Strike_R","Strike_R","Strike_R","Strike_R","Defend_R","Defend_R","Defend_R","Defend_R","Bash","Cleave","Run Through","Body Slam","Spot Weakness+1","Demon Form+1","Thunderclap","Heavy Blade","Twin Strike","ReplayTheSpireMod:Limb From Limb","Double Tap","Inflame+1","Spot Weakness+1","Twin Strike","Run Through+1","Rampage","Replay:Undeath\u0027s Touch","ReplayTheSpireMod:LeadingStrike","ReplayTheSpireMod:Private Reserves","Sword Boomerang","Master of Strategy","Bludgeon","Reaper","Pummel+1","Armaments+1","Replay:Undeath\u0027s Touch","Rampage","Rampage+1","ReplayTheSpireMod:Splinters","Disarm+1","Shrug It Off+1","Panache+1","Purity","Madness","Madness"],"relics":["Burning Blood","NeowsBlessing","TungstenRod","Charon\u0027s Ashes","Shuriken","Frozen Egg 2","SacredBark","Red Mask","Bag of Marbles","Iron Hammer","Replay:Rubber Ducky","Kunai","HandDrill","Runic Cube","Durian","HornCleat","Bag of Preparation","Torii","ReplayFunnel"],"acts_visited":["Exordium","TheCity","TheBeyond"],"potions_floor_usage":[25,27,33,38,44,50],"damage_taken":[{"damage":0.0,"enemies":"2 Louse","floor":1.0,"turns":1.0},{"damage":0.0,"enemies":"Cultist","floor":4.0,"turns":1.0},{"damage":0.0,"enemies":"Small Slimes","floor":5.0,"turns":1.0},{"damage":25.0,"enemies":"3 Sentries","floor":6.0,"turns":6.0},{"damage":6.0,"enemies":"3 Louse","floor":8.0,"turns":2.0},{"damage":7.0,"enemies":"Blue Slaver","floor":11.0,"turns":3.0},{"damage":17.0,"enemies":"Lagavulin","floor":12.0,"turns":5.0},{"damage":13.0,"enemies":"Exordium Wildlife","floor":13.0,"turns":3.0},{"damage":0.0,"enemies":"Lots of Slimes","floor":14.0,"turns":1.0},{"damage":34.0,"enemies":"Slime Boss","floor":16.0,"turns":6.0},{"damage":8.0,"enemies":"Chosen","floor":18.0,"turns":3.0},{"damage":46.0,"enemies":"2 Thieves","floor":19.0,"turns":4.0},{"damage":2.0,"enemies":"Masked Bandits","floor":20.0,"turns":4.0},{"damage":8.0,"enemies":"Chosen and Byrds","floor":22.0,"turns":4.0},{"damage":17.0,"enemies":"Gremlin Leader","floor":23.0,"turns":4.0},{"damage":16,"enemies":"Centurion and Healer","floor":25,"turns":4},{"damage":41,"enemies":"Book of Stabbing","floor":27,"turns":4},{"damage":14,"enemies":"Snecko","floor":31,"turns":3},{"damage":16,"enemies":"Pondfish","floor":33,"turns":6},{"damage":25,"enemies":"3 Darklings","floor":35,"turns":4},{"damage":23,"enemies":"3 Shapes","floor":36,"turns":3},{"damage":51,"enemies":"Sphere and 2 Shapes","floor":37,"turns":4},{"damage":10,"enemies":"Mind Bloom Boss Battle","floor":38,"turns":5},{"damage":86,"enemies":"Transient","floor":39,"turns":5},{"damage":75,"enemies":"Giant Head","floor":44,"turns":8},{"damage":39,"enemies":"Donu and Deca","floor":50,"turns":8}],"seed_played":"1079362775962189842","potions_obtained":[{"floor":1.0,"key":"PowerPotion"},{"floor":3.0,"key":"EntropicBrew"},{"floor":3.0,"key":"Reflective Coating"},{"floor":3.0,"key":"Fruit Juice"},{"floor":4.0,"key":"FearPotion"},{"floor":8.0,"key":"SkillPotion"},{"floor":11.0,"key":"FairyPotion"},{"floor":14.0,"key":"Milkshake"},{"floor":19.0,"key":"Flashbang"},{"floor":22.0,"key":"Explosive Potion"},{"floor":23.0,"key":"DuplicationPotion"},{"floor":27,"key":"Languid Potion"},{"floor":35,"key":"Weak Potion"},{"floor":36,"key":"BlessingOfTheForge"},{"floor":38,"key":"Swift Potion"},{"floor":41,"key":"Block Potion"},{"floor":44,"key":"LiquidBronze"}],"is_trial":false,"path_per_floor":["M","?","?","M","M","E","R","M","T","$","M","E","M","M","R","B",null,"M","M","?","?","M","E","R","M","T","E","T","R","$","M","R","B",null,"M","M","M","?","M","R","?","R","T","E","R","?","?","T","R","B",null],"character_chosen":"IRONCLAD","items_purchased":["Shuriken","HandDrill","ReplayTheSpireMod:Private Reserves","Sword Boomerang","Master of Strategy"],"campfire_rested":7,"item_purchase_floors":[10,30,30,30,30],"current_hp_per_floor":[80,69,74,80,85,66,66,66,66,66,65,54,47,53,78,50,85,83,43,47,47,45,34,59,49,49,14,14,39,39,31,56,46,85,66,76,31,45,60,87,87,87,87,48,75,71,61,61,88,55],"gold":406,"neow_bonus":"THREE_ENEMY_KILL","is_daily":false,"chose_seed":false,"campfire_upgraded":2,"win_rate":0.0,"timestamp":1610699712,"path_taken":["M","?","?","M","?","E","R","?","T","$","M","E","M","M","R","BOSS","M","M","?","?","M","E","R","M","T","E","?","R","$","?","R","BOSS","M","?","M","?","M","R","?","R","T","E","R","?","?","?","R","BOSS"],"items_purchased_type":["Relic","Relic","Card","Card","Card"],"build_version":"2020-12-22","purchased_purges":0,"victory":true,"max_hp_per_floor":[80,80,85,85,85,85,85,85,85,85,85,85,85,85,85,85,85,85,85,85,85,85,85,85,85,85,85,85,85,85,85,85,85,85,85,85,85,90,90,90,90,90,90,90,90,90,90,90,90,90],"card_choices":[{"not_picked":["Seeing Red","Dark Embrace"],"picked":"Cleave","floor":1.0},{"not_picked":["Clash","Body Slam"],"picked":"Run Through","floor":4.0},{"not_picked":["ReplayTheSpireMod:Stacked","Rupture"],"picked":"Body Slam","floor":5.0},{"not_picked":["Twin Strike","Abandon"],"picked":"Spot Weakness","floor":6.0},{"not_picked":["Flame Barrier","Reckless Charge"],"picked":"Demon Form","floor":8.0},{"not_picked":["ReplayTheSpireMod:Stacked","Twin Strike"],"picked":"Thunderclap","floor":11.0},{"not_picked":["Limit Break","Dropkick"],"picked":"Heavy Blade","floor":12.0},{"not_picked":["Pommel Strike","Clothesline"],"picked":"Twin Strike","floor":13.0},{"not_picked":["Dark Embrace+1","Cleave"],"picked":"ReplayTheSpireMod:Limb From Limb","floor":14.0},{"not_picked":["Corruption+1","Offering"],"picked":"Double Tap","floor":16.0},{"not_picked":["Armaments","Reckless Charge"],"picked":"Inflame+1","floor":18.0},{"not_picked":["Pommel Strike+1","Bloodletting"],"picked":"Spot Weakness+1","floor":19.0},{"not_picked":["Dropkick","Armaments"],"picked":"Twin Strike","floor":20.0},{"not_picked":["Warcry","Pommel Strike"],"picked":"Run Through+1","floor":22.0},{"not_picked":["Second Wind","Combust+1"],"picked":"Rampage","floor":23.0},{"not_picked":["Perfected Strike","Body Slam"],"picked":"Replay:Undeath\u0027s Touch","floor":25},{"not_picked":["Uppercut","True Grit"],"picked":"ReplayTheSpireMod:LeadingStrike","floor":27},{"not_picked":["Clash+1","Thunderclap"],"picked":"Bludgeon","floor":31},{"not_picked":["Fiend Fire","Double Tap"],"picked":"Reaper","floor":33},{"not_picked":["Power Through","Massacre+1"],"picked":"Pummel+1","floor":35},{"not_picked":["ReplayTheSpireMod:Corrosion Curse+1","Seeing Red"],"picked":"Armaments+1","floor":36},{"not_picked":["Pommel Strike+1","Cleave+1"],"picked":"Replay:Undeath\u0027s Touch","floor":37},{"not_picked":["ReplayTheSpireMod:Strike From Hell+1","Burning Pact+1"],"picked":"Rampage","floor":38},{"not_picked":["Body Slam+1","Sword Boomerang"],"picked":"Rampage+1","floor":39},{"not_picked":["Headbutt","Carnage+1"],"picked":"Disarm+1","floor":41},{"not_picked":["Cleave","Twin Strike"],"picked":"Shrug It Off+1","floor":44},{"not_picked":["Blind","expansioncontent:DashGenerateEvil"],"picked":"Panache+1","floor":46},{"not_picked":["expansioncontent:Hexaburn","Replay:SS_forest_5"],"picked":"Purity","floor":46}],"player_experience":17897,"relics_obtained":[{"floor":6.0,"key":"TungstenRod"},{"floor":9.0,"key":"Charon\u0027s Ashes"},{"floor":12.0,"key":"Frozen Egg 2"},{"floor":20.0,"key":"Red Mask"},{"floor":23.0,"key":"Bag of Marbles"},{"floor":26,"key":"Iron Hammer"},{"floor":27,"key":"Replay:Rubber Ducky"},{"floor":28,"key":"Kunai"},{"floor":38,"key":"Durian"},{"floor":41,"key":"HornCleat"},{"floor":43,"key":"Bag of Preparation"},{"floor":44,"key":"Torii"},{"floor":48,"key":"ReplayFunnel"}],"event_choices":[{"damage_healed":0.0,"max_hp_gain":0.0,"max_hp_loss":0.0,"gold_gain":75.0,"event_name":"World of Goop","player_choice":"Gather Gold","floor":2.0,"gold_loss":0.0,"damage_taken":11.0},{"damage_healed":0.0,"max_hp_gain":0.0,"max_hp_loss":0.0,"gold_gain":0.0,"event_name":"Lab","player_choice":"Got Potions","floor":3.0,"gold_loss":0.0,"damage_taken":0.0},{"damage_healed":0.0,"max_hp_gain":0.0,"max_hp_loss":0.0,"gold_gain":0.0,"event_name":"Masked Bandits","player_choice":"Fought Bandits","floor":20.0,"gold_loss":0.0,"damage_taken":0.0},{"damage_healed":0.0,"max_hp_gain":0.0,"max_hp_loss":0.0,"gold_gain":99.0,"event_name":"Nest","player_choice":"Stole From Cult","floor":21.0,"gold_loss":0.0,"damage_taken":0.0},{"damage_healed":0,"gold_gain":0,"player_choice":"Fight","damage_taken":0,"max_hp_gain":0,"max_hp_loss":0,"event_name":"MindBloom","floor":38,"gold_loss":0},{"damage_healed":0,"gold_gain":0,"player_choice":"Memory 2","damage_taken":5,"max_hp_gain":0,"max_hp_loss":0,"event_name":"SensoryStone","floor":46,"gold_loss":0},{"damage_healed":0,"gold_gain":0,"player_choice":"Embrace Madness","damage_taken":11,"max_hp_gain":0,"max_hp_loss":0,"event_name":"Winding Halls","floor":47,"gold_loss":0,"cards_obtained":["Madness","Madness"]}],"is_beta":false,"boss_relics":[{"not_picked":["Velvet Choker","Kintsugi"],"picked":"SacredBark"},{"not_picked":["Busted Crown","Fusion Hammer"],"picked":"Runic Cube"}],"items_purged_floors":[],"is_endless":false,"potions_floor_spawned":[1,4,8,11,14,19,22,23,27,33,35,36,38,44],"ascension_level":0}}