{"host":"e8tokx78z9vc2suo","time":1610717620,"event":{"mods":["Act Like it!","Aspiration","BaseMod","Colored Powertips","Conspire","Gensokyo","Hallownest","HololiveMod","KinomotoSakuraMod(Ä¾Ö®±¾Ó£)","Koishi","Lobotomy","LobotomyExtend","Marisa£¨ìFÓê¡¡Ä§ÀíÉ³£©","Minty Spire (QoL Compilation)","MostiFishMod","Pale of the Ancients","Prisma Mod","Reimu£¨²©ÀöÁéÃÎ£©","Remilia£¨ÀÙÃ×ÀòÑÇ£©","Replay The Spire","RumiaBox-Â¶Ã×æ«µÄÉñÃØºÐ×Ó","SIMod","StSLib","TestMod","The Administrix","The Animator","The Bug Knight","Yakumo Yukari mod","Youmu£¨»êÆÇÑýÃÎ£©","vexMod","¡¾ÒÅÎï¿¨ÅÆ¡¿REMEMod"],"gold_per_floor":[113,113,113,133,133,133,150,150,150,160,190,204,604,616,616,712,712,725,725,741,759,759],"floor_reached":21,"language":"ZHS","playtime":764,"items_purged":[],"score":258,"play_id":"946a3de9-8c53-4b10-b17c-35f868010941","local_time":"20210115213340","is_ascension_mode":false,"campfire_choices":[{"floor":6,"key":"RECALL"},{"data":"Apotheosis","floor":8,"key":"SMITH"}],"circlet_count":0,"master_deck":["Strike_MRS","Strike_MRS","Strike_MRS","Strike_MRS","Defend_MRS","Defend_MRS","Defend_MRS","Defend_MRS","UpSweep","Apotheosis+1","MilkyWay","MysteriousBeam","Inflame","FinalSpark","Fire Breathing","PowerUp","EscapeVelocity","GasGiant","BlazeAway+1","DarkSpark+1"],"relics":["MiniHakkero","testmod-TestBox","DaveBox","REME_ComplimentaryCards","Membership Card","testmod-EqualTreatment","aspiration:Nostalgia","Iron Core","SynthV:TestCard","Strawberry","Happy Flower","Gensokyo:MarisaImprobabilityPotion","MagicBroom","testmod-Antiphasic","LetterFromLob","HereWithMe","Ring of Fangs"],"acts_visited":["Gensokyo:Gensokyo","Gensokyo:Gensokyoer"],"potions_floor_usage":[],"damage_taken":[{"damage":0,"enemies":"Gensokyo:Python","floor":1,"turns":4},{"damage":1,"enemies":"Gensokyo:2_Kodama","floor":4,"turns":3},{"damage":10,"enemies":"Gensokyo:Gryphon","floor":7,"turns":3},{"damage":0,"enemies":"Gensokyo:2_Rabbits","floor":10,"turns":2},{"damage":0,"enemies":"Gensokyo:Cirno","floor":11,"turns":4},{"damage":2,"enemies":"Gensokyo:Gryphon_and_Rabbit","floor":12,"turns":3},{"damage":0,"enemies":"Gensokyo:3_Kodama","floor":14,"turns":1},{"damage":5,"enemies":"Gensokyo:Reimu","floor":16,"turns":4},{"damage":5,"enemies":"Gensokyo:Chomper","floor":18,"turns":4},{"damage":15,"enemies":"Gensokyo:AngelMirror","floor":20,"turns":3},{"damage":20,"enemies":"Gensokyo:Wraith","floor":21,"turns":4}],"seed_played":"3897607915750429672","potions_obtained":[{"floor":7,"key":"EntropicBrew"},{"floor":11,"key":"ZuzhouPotion:ReiMu"},{"floor":16,"key":"Dexterity Potion"}],"is_trial":false,"path_per_floor":["M","?","?","M","?","R","M","R","T","M","E","M","?","M","R","B",null,"M","?","M","M"],"character_chosen":"MARISA","items_purchased":[],"campfire_rested":0,"item_purchase_floors":[],"current_hp_per_floor":[75,72,72,71,71,71,61,61,61,61,61,59,59,59,59,54,82,77,77,62,42,42],"gold":759,"neow_bonus":"NOSTALGIA","is_daily":false,"chose_seed":false,"campfire_upgraded":1,"win_rate":0.0,"timestamp":1610717620,"path_taken":["M","?","?","M","?","R","M","R","T","M","E","?","?","M","R","BOSS","M","?","M","?"],"items_purchased_type":[],"build_version":"2020-12-22","purchased_purges":0,"victory":false,"max_hp_per_floor":[75,82,82,82,82,82,82,82,82,82,82,82,82,82,82,82,82,82,82,82,82,82],"card_choices":[{"not_picked":["MachineGunSpark","Dual Wield"],"picked":"6A","floor":1},{"not_picked":["IllusionStar","SprinkleStarSeal","Hologram","Rip and Tear"],"picked":"MilkyWay","floor":4},{"not_picked":["Occultation","GravityBeat","ShootTheMoon","AsteroidBelt"],"picked":"MysteriousBeam","floor":7},{"not_picked":["MilkyWay","Iron Wave","SuperPerseids","FairyDestructionRay"],"picked":"Inflame","floor":10},{"not_picked":["Clash","Cold Snap","LuminesStrike","ReplayTheSpireMod:Muscle Training"],"picked":"FinalSpark","floor":11},{"not_picked":["Recycle","MagicChant","UnstableBomb","Warcry"],"picked":"Fire Breathing","floor":12},{"not_picked":["ShootingEcho","Anger","Headbutt","Flex"],"picked":"PowerUp","floor":14},{"not_picked":["Mirror Shield","ReplayTheSpireMod:Omega Cannon","BlazingStar","Limit Break"],"picked":"EscapeVelocity","floor":16},{"not_picked":["MilkyWay","ShootingEcho","GravityBeat","PowerUp"],"picked":"GasGiant","floor":18},{"not_picked":["NonDirectionalLaser+1","JA","Occultation","GrandCross"],"picked":"BlazeAway+1","floor":20},{"not_picked":["EnergyRecoil+1","LuminesStrike","MysteriousBeam+1","GrandCross+1"],"picked":"DarkSpark+1","floor":21}],"player_experience":289967,"relics_obtained":[{"floor":1,"key":"SynthV:TestCard"},{"floor":7,"key":"LetterFromLob"},{"floor":9,"key":"MagicBroom"},{"floor":11,"key":"testmod-Antiphasic"},{"floor":14,"key":"LetterFromLob"},{"floor":19,"key":"Ring of Fangs"}],"event_choices":[{"damage_healed":0,"gold_gain":400,"player_choice":"Sell","damage_taken":0,"max_hp_gain":0,"max_hp_loss":0,"event_name":"¶÷ÂåË¹µÄÅÌ×Ó","floor":13,"relics_lost":["LetterFromLob"],"gold_loss":0}],"is_beta":false,"boss_relics":[{"not_picked":["testmod-BatchProcessingSystem","vexMod:MysteryBossChallenge"],"picked":"HereWithMe"}],"items_purged_floors":[],"is_endless":false,"potions_floor_spawned":[7,11,16],"killed_by":"Gensokyo:Wraith","ascension_level":0}}