{"host":"7gewg82ormp6yt4e","time":1610708507,"event":{"mods":["BaseMod","Block Reminder","Colored Map","Colored Powertips","DeckTracker","Highlight Path","Minty Spire (QoL Compilation)","Relic Stats","StSLib","ojb\u0027s Info Mod"],"gold_per_floor":[116,127,147,165,165,194,344,344,344,401,401,401],"floor_reached":11,"language":"JPN","playtime":560,"items_purged":[],"score":146,"play_id":"35c5dbb3-84d5-47c1-b462-fb685be8635e","local_time":"20210115200147","is_ascension_mode":true,"campfire_choices":[{"data":"Static Discharge","floor":8,"key":"SMITH"}],"circlet_count":0,"master_deck":["AscendersBane","Strike_B","Strike_B","Strike_B","Strike_B","Defend_B","Defend_B","Defend_B","Defend_B","Zap","Dualcast","Melter","Cold Snap","Static Discharge+1","Lockon","Glacier","Doubt","Cold Snap"],"relics":["Cracked Core","Dead Branch","Kunai","Darkstone Periapt"],"acts_visited":["Exordium"],"potions_floor_usage":[1,6,6,10,11],"damage_taken":[{"damage":0,"enemies":"Cultist","floor":1,"turns":3},{"damage":2,"enemies":"Jaw Worm","floor":2,"turns":3},{"damage":0,"enemies":"Small Slimes","floor":3,"turns":2},{"damage":9,"enemies":"2 Fungi Beasts","floor":4,"turns":4},{"damage":8,"enemies":"Gremlin Nob","floor":6,"turns":3},{"damage":32,"enemies":"Gremlin Nob","floor":10,"turns":4},{"damage":15,"enemies":"Lagavulin","floor":11,"turns":5}],"seed_played":"6498588864803266682","potions_obtained":[{"floor":0,"key":"EssenceOfSteel"},{"floor":0,"key":"EntropicBrew"},{"floor":2,"key":"SmokeBomb"},{"floor":6,"key":"Energy Potion"}],"is_trial":false,"path_per_floor":["M","M","M","M","?","E","?","R","T","?","E"],"character_chosen":"DEFECT","items_purchased":[],"campfire_rested":0,"item_purchase_floors":[],"current_hp_per_floor":[64,62,62,53,53,45,45,45,45,13,0,0],"gold":401,"neow_bonus":"THREE_SMALL_POTIONS","is_daily":false,"chose_seed":false,"campfire_upgraded":1,"win_rate":0.0,"timestamp":1610708507,"path_taken":["M","M","?","M","?","E","?","R","T","?","E"],"items_purchased_type":[],"build_version":"2020-12-22","purchased_purges":0,"victory":false,"max_hp_per_floor":[71,71,71,71,71,71,71,71,71,71,71,71],"relic_stats":{"Darkstone Periapt":0,"counters":[7,24],"Dead Branch":[2],"Kunai":[1],"obtain_stats":[{"Darkstone Periapt":10,"Dead Branch":6,"Kunai":9,"Cracked Core":0},{"Darkstone Periapt":6,"Dead Branch":5,"Kunai":5,"Cracked Core":0},{"Darkstone Periapt":19,"Dead Branch":15,"Kunai":15,"Cracked Core":0}]},"card_choices":[{"not_picked":["Coolheaded","Lockon"],"picked":"Melter","floor":1},{"not_picked":["Steam","Redo"],"picked":"Cold Snap","floor":2},{"not_picked":["Turbo","Aggregate"],"picked":"Static Discharge","floor":3},{"not_picked":["Cold Snap","Redo"],"picked":"Lockon","floor":4},{"not_picked":["Reboot","Loop"],"picked":"Glacier","floor":6},{"not_picked":["Scrape","Rebound"],"picked":"Cold Snap","floor":10}],"player_experience":2579914,"relics_obtained":[{"floor":6,"key":"Dead Branch"},{"floor":9,"key":"Kunai"},{"floor":10,"key":"Darkstone Periapt"}],"event_choices":[{"damage_healed":0,"gold_gain":0,"player_choice":"Ignored","damage_taken":0,"max_hp_gain":0,"max_hp_loss":0,"event_name":"Shining Light","floor":5,"gold_loss":0},{"damage_healed":0,"gold_gain":150,"player_choice":"AGREE","damage_taken":0,"max_hp_gain":0,"max_hp_loss":0,"event_name":"Liars Game","floor":7,"gold_loss":0,"cards_obtained":["Doubt"]},{"damage_healed":0,"gold_gain":0,"player_choice":"Searched \u00271\u0027 times","damage_taken":0,"max_hp_gain":0,"max_hp_loss":0,"event_name":"Dead Adventurer","floor":10,"gold_loss":0}],"is_beta":false,"boss_relics":[],"items_purged_floors":[],"is_endless":false,"potions_floor_spawned":[2,6],"killed_by":"Lagavulin","ascension_level":20}}