{"host":"m9sgjjym7adpjcxd","time":1610736866,"event":{"mods":["Bard","BaseMod","Colored Map","Colored Powertips","Downfall","Highlight Path","Hubris","Infinite Spire","Mimic Mod","Minty Spire (QoL Compilation)","Replay The Spire","StSLib","The Mystic","The Poker Player","slay the spire mod where everything is the same but ironclad has a cowboy hat"],"gold_per_floor":[112,132,143,143,143,172,191,201,224,224,262,262,262,277,277,408,408,427,686,709,734,854,854,854,854],"floor_reached":24,"language":"ENG","playtime":1046,"items_purged":[],"score":235,"play_id":"c8d55424-c772-4b03-bdbf-3c682ac22f3a","local_time":"20210115135426","is_ascension_mode":false,"campfire_choices":[{"data":"Armaments","floor":12,"key":"SMITH"},{"data":"Replay:Fractal Strike","floor":15,"key":"SMITH"},{"data":"Feed","floor":23,"key":"SMITH"}],"circlet_count":0,"master_deck":["Strike_R","Strike_R","Strike_R","Strike_R","Strike_R","Defend_R","Defend_R","Defend_R","Defend_R","Bash","Twin Strike","Armaments+1","Twin Strike","Disarm","hubris:CleavingFinish","Cleave","Replay:Fractal Strike+1","Fiend Fire","Feed+1","Headbutt","Pommel Strike","Dual Wield","True Grit+1"],"relics":["Burning Blood","hubris:Icosahedron","Bronze Scales","hubris:TenFootPole","Golden Idol","hubris:SlimyHat","hubris:HollowSoul"],"acts_visited":["Exordium","TheCity"],"potions_floor_usage":[6,11,16,24],"damage_taken":[{"damage":10,"enemies":"Jaw Worm","floor":1,"turns":4},{"damage":0,"enemies":"Small Slimes","floor":2,"turns":3},{"damage":2,"enemies":"2 Louse","floor":3,"turns":3},{"damage":36,"enemies":"Lagavulin","floor":6,"turns":6},{"damage":9,"enemies":"Lots of Slimes","floor":7,"turns":5},{"damage":12,"enemies":"Large Slime","floor":8,"turns":8},{"damage":14,"enemies":"Gremlin Nob","floor":11,"turns":3},{"damage":4,"enemies":"Exordium Thugs","floor":14,"turns":3},{"damage":48,"enemies":"The Guardian","floor":16,"turns":15},{"damage":8,"enemies":"3 Byrds","floor":18,"turns":6},{"damage":29,"enemies":"Spheric Guardian","floor":20,"turns":6},{"damage":26,"enemies":"Snake Plant","floor":21,"turns":5},{"damage":38,"enemies":"Centurion and Healer","floor":22,"turns":7},{"damage":22,"enemies":"Book of Stabbing","floor":24,"turns":4}],"seed_played":"4004222461341196779","potions_obtained":[{"floor":1,"key":"FearPotion"},{"floor":2,"key":"Fire Potion"},{"floor":8,"key":"Strength Potion"},{"floor":11,"key":"SmokeBomb"},{"floor":14,"key":"BloodPotion"},{"floor":18,"key":"CultistPotion"}],"is_trial":false,"path_per_floor":["M","M","M","?","?","E","M","M","T","?","E","R","?","M","R","B",null,"M","?","M","M","M","R","E"],"character_chosen":"IRONCLAD","items_purchased":[],"campfire_rested":0,"item_purchase_floors":[],"current_hp_per_floor":[84,88,88,93,93,63,60,54,54,43,35,35,24,26,26,91,93,94,82,62,42,14,14,0,0],"gold":854,"neow_bonus":"TEN_PERCENT_HP_BONUS","is_daily":false,"chose_seed":false,"campfire_upgraded":3,"win_rate":0.0,"timestamp":1610736866,"path_taken":["M","M","M","?","?","E","M","M","T","?","E","R","?","M","R","BOSS","M","?","M","M","M","R","E"],"items_purchased_type":[],"build_version":"2020-12-22","purchased_purges":0,"victory":false,"max_hp_per_floor":[88,88,88,93,93,93,93,93,93,93,93,93,93,93,93,93,93,96,96,99,99,103,103,103,103],"card_choices":[{"not_picked":["Clash","True Grit"],"picked":"Twin Strike","floor":1},{"not_picked":["Anger","Entrench"],"picked":"Armaments","floor":2},{"not_picked":["Defy Death","ReplayReversal"],"picked":"Twin Strike","floor":3},{"not_picked":["Dropkick","Heavy Blade","Defy Death"],"picked":"SKIP","floor":6},{"not_picked":["ReplayTheSpireMod:Strike From Hell","Run Through"],"picked":"Disarm","floor":7},{"not_picked":["Havoc","Flex"],"picked":"hubris:CleavingFinish","floor":8},{"not_picked":["Run Through","Reckless Charge"],"picked":"Cleave","floor":11},{"not_picked":["infinitespire:SealOfDarkness+","ReplayTheSpireMod:Haul"],"picked":"Replay:Fractal Strike","floor":13},{"not_picked":["Feel No Pain","hubris:CleavingFinish"],"picked":"Fiend Fire","floor":14},{"not_picked":["hubris:StunningStrike","Reaper"],"picked":"Feed","floor":16},{"not_picked":["Clothesline","Clash"],"picked":"Headbutt","floor":18},{"not_picked":["Cleave","Wild Strike+1"],"picked":"Pommel Strike","floor":19},{"not_picked":["Massacre","Thunderclap"],"picked":"Dual Wield","floor":20},{"not_picked":["Shrug It Off","Feed"],"picked":"True Grit+1","floor":21},{"not_picked":["Combust","Havoc","Headbutt"],"picked":"SKIP","floor":22}],"player_experience":422702,"relics_obtained":[{"floor":6,"key":"Bronze Scales"},{"floor":9,"key":"hubris:TenFootPole"},{"floor":11,"key":"hubris:SlimyHat"}],"event_choices":[{"damage_healed":0,"gold_gain":0,"player_choice":"Donut","damage_taken":0,"max_hp_gain":5,"max_hp_loss":0,"event_name":"Big Fish","floor":4,"gold_loss":0},{"damage_healed":0,"gold_gain":0,"player_choice":"Take Damage","damage_taken":23,"relics_obtained":["Golden Idol"],"max_hp_gain":0,"max_hp_loss":0,"event_name":"Golden Idol","floor":10,"gold_loss":0}],"is_beta":false,"boss_relics":[{"not_picked":["Kintsugi","Replay:Drink Me"],"picked":"hubris:HollowSoul"}],"items_purged_floors":[],"is_endless":false,"potions_floor_spawned":[1,2,8,11,14,18],"killed_by":"Book of Stabbing","ascension_level":0}}