{"host":"ek3xvuouaw6vk9if","time":1610687250,"event":{"mods":["BaseMod","BetterRewards","GungeonMod","Minty Spire (QoL Compilation)","Permanent Neow","Quick Restart","Relic Stats","Replay The Spire","StSLib"],"gold_per_floor":[19,19,36,53,53,79,79,104,104,104,121,121,121,141,141,243,243,261,27,42,42,42,52,52],"floor_reached":23,"language":"ENG","playtime":1075,"items_purged":["DemoMod:Strike_Huntress"],"score":219,"play_id":"2bfe9cc2-ac58-4d9b-85e8-32c9990abaef","local_time":"20210115000730","is_ascension_mode":true,"campfire_choices":[{"data":"DemoMod:ProbeStrike","floor":7,"key":"SMITH"},{"data":"DemoMod:TableSutra","floor":10,"key":"SMITH"},{"floor":13,"key":"REST"},{"data":"DemoMod:StickyCrossBow","floor":15,"key":"SMITH"}],"circlet_count":0,"master_deck":["DemoMod:Strike_Huntress","DemoMod:Strike_Huntress","DemoMod:Defend_Huntress","DemoMod:Defend_Huntress","DemoMod:Defend_Huntress","DemoMod:Defend_Huntress","DemoMod:Roll","DemoMod:ManualReload","DemoMod:RustySidearm","DemoMod:CrossBow","DemoMod:ProbeStrike+1","DemoMod:PracticeMakesPerfect","DemoMod:Ejector","DemoMod:TableSutra+1","DemoMod:DoubleSwitch","DemoMod:StickyCrossBow+1","DemoMod:BlackHoleGun","CurseOfTheBell","DemoMod:ConditionalReflex+1","DemoMod:CombinedRifle","DemoMod:JK47+1"],"relics":["DemoMod:Dog","Torii","Nunchaku","Du-Vu Doll","Blue Candle","Calling Bell","Blue Doll","DemoMod:JetPack","Replay:Arrowhead","Membership Card","Enchiridion"],"acts_visited":["Exordium","TheCity"],"potions_floor_usage":[8,23,23,23],"damage_taken":[{"damage":0,"enemies":"Jaw Worm","floor":1,"turns":3},{"damage":2,"enemies":"Cultist","floor":3,"turns":4},{"damage":6,"enemies":"Small Slimes","floor":4,"turns":7},{"damage":31,"enemies":"3 Sentries","floor":6,"turns":11},{"damage":7,"enemies":"Gremlin Nob","floor":8,"turns":4},{"damage":8,"enemies":"3 Louse","floor":11,"turns":4},{"damage":0,"enemies":"Large Slime","floor":14,"turns":6},{"damage":17,"enemies":"The Guardian","floor":16,"turns":9},{"damage":34,"enemies":"2 Thieves","floor":18,"turns":4},{"damage":8,"enemies":"Chosen","floor":20,"turns":5},{"damage":15,"enemies":"Snake Plant","floor":23,"turns":6}],"seed_played":"-7582686729727661928","potions_obtained":[{"floor":2,"key":"SkillPotion"},{"floor":2,"key":"Flashbang"},{"floor":2,"key":"Milkshake"},{"floor":3,"key":"Weak Potion"},{"floor":8,"key":"Elixir"},{"floor":20,"key":"Energy Potion"}],"is_trial":false,"path_per_floor":["M","?","M","M","$","E","R","E","T","R","M","$","R","M","R","B",null,"M","$","M","?","$","M"],"character_chosen":"HUNTRESS","items_purchased":["Membership Card","DemoMod:CombinedRifle"],"campfire_rested":1,"item_purchase_floors":[19,19],"current_hp_per_floor":[70,70,68,62,62,31,31,24,24,24,16,16,37,37,37,20,70,36,36,28,12,12,0,0],"gold":52,"neow_bonus":"ONE_RARE_RELIC","is_daily":false,"chose_seed":false,"campfire_upgraded":3,"win_rate":0.0,"timestamp":1610687250,"path_taken":["M","?","M","M","?","E","R","E","T","R","?","$","R","M","R","BOSS","M","$","M","?","$","M"],"items_purchased_type":["Relic","Card"],"build_version":"2020-12-22","purchased_purges":1,"victory":false,"max_hp_per_floor":[70,70,70,70,70,70,70,70,70,70,70,70,70,70,70,70,70,70,70,70,70,70,70,70],"relic_stats":{"Nunchaku":[8],"Torii":19,"counters":[11,63],"Blue Candle":[0],"obtain_stats":[{"Du-Vu Doll":8,"Calling Bell":17,"Nunchaku":6,"DemoMod:Dog":0,"Torii":0,"Blue Candle":9,"Enchiridion":21,"Blue Doll":17,"DemoMod:GlassGuonStoneRelic":3,"Membership Card":19,"DemoMod:JetPack":17,"Replay:Arrowhead":17},{"Du-Vu Doll":5,"Calling Bell":8,"Nunchaku":4,"DemoMod:Dog":0,"Torii":0,"Blue Candle":5,"Enchiridion":10,"Blue Doll":8,"DemoMod:GlassGuonStoneRelic":2,"Membership Card":9,"DemoMod:JetPack":8,"Replay:Arrowhead":8},{"Du-Vu Doll":29,"Calling Bell":48,"Nunchaku":25,"DemoMod:Dog":0,"Torii":0,"Blue Candle":29,"Enchiridion":57,"Blue Doll":48,"DemoMod:GlassGuonStoneRelic":7,"Membership Card":52,"DemoMod:JetPack":48,"Replay:Arrowhead":48}]},"card_choices":[{"not_picked":["DemoMod:AC15","DemoMod:BoxingGlove","DemoMod:AWP"],"picked":"SKIP","floor":1},{"not_picked":["DemoMod:FastSwitch","DemoMod:Unmoved"],"picked":"DemoMod:ProbeStrike","floor":3},{"not_picked":["DemoMod:Purify","DemoMod:EasyReloadBullets"],"picked":"DemoMod:PracticeMakesPerfect","floor":4},{"not_picked":["DemoMod:Rummage","DemoMod:BoxingGlove"],"picked":"DemoMod:Ejector","floor":6},{"not_picked":["DemoMod:BalloonGun","DemoMod:FinishedGun"],"picked":"DemoMod:TableSutra","floor":8},{"not_picked":["DemoMod:BoxingGlove","DemoMod:TableSutra"],"picked":"DemoMod:DoubleSwitch","floor":11},{"not_picked":["DemoMod:MachoBrace","DemoMod:HungryBullets"],"picked":"DemoMod:StickyCrossBow","floor":14},{"not_picked":["DemoMod:BlankBullets","DemoMod:DoubleVision"],"picked":"DemoMod:BlackHoleGun","floor":16},{"not_picked":["DemoMod:AWP+1","DemoMod:PotionOfGunFriendShip"],"picked":"DemoMod:ConditionalReflex+1","floor":18},{"not_picked":["DemoMod:TeaPot","DemoMod:HardPowerCard"],"picked":"DemoMod:JK47+1","floor":20}],"player_experience":518770,"relics_obtained":[{"floor":6,"key":"Nunchaku"},{"floor":8,"key":"Du-Vu Doll"},{"floor":9,"key":"Blue Candle"},{"floor":17,"key":"Blue Doll"},{"floor":17,"key":"DemoMod:JetPack"},{"floor":17,"key":"Replay:Arrowhead"},{"floor":21,"key":"Enchiridion"}],"event_choices":[{"damage_healed":0,"gold_gain":0,"player_choice":"Got Potions","damage_taken":0,"max_hp_gain":0,"max_hp_loss":0,"event_name":"Lab","floor":2,"gold_loss":0},{"damage_healed":0,"gold_gain":0,"player_choice":"Obtained Book","damage_taken":16,"max_hp_gain":0,"max_hp_loss":0,"event_name":"Cursed Tome","floor":21,"gold_loss":0}],"is_beta":false,"boss_relics":[{"not_picked":["Runic Pyramid","DemoMod:Wolf"],"picked":"Calling Bell"}],"items_purged_floors":[19],"is_endless":false,"potions_floor_spawned":[3,8,11,14,20],"killed_by":"Snake Plant","ascension_level":2}}