{"host":"2no1vwhhkhf0ohz3","time":1610724832,"event":{"mods":["AchievementEnabler","BaseMod","Colored Map","DeckTracker","Keyboard Shortcuts","Minty Spire (QoL Compilation)","Relic Stats","SuperFastMode"],"gold_per_floor":[111,111,127,187,200,200,225,225,252,252,271,64,64,89,89,212,212,212,212,212,212,212,212,212,212,212,212,212,212],"floor_reached":28,"language":"KOR","playtime":710,"items_purged":[],"score":398,"play_id":"1045c6cd-bfca-40f9-97fa-5181a80b852c","local_time":"20210116003352","is_ascension_mode":true,"campfire_choices":[{"floor":6.0,"key":"REST"},{"floor":13.0,"key":"REST"},{"data":"Body Slam","floor":15.0,"key":"SMITH"},{"data":"Fire Breathing","floor":23.0,"key":"SMITH"},{"floor":25.0,"key":"RECALL"}],"circlet_count":0,"master_deck":["AscendersBane","Strike_R","Strike_R","Strike_R","Strike_R","Defend_R","Defend_R","Defend_R","Defend_R+1","Bash","Apotheosis+1","Uppercut","Power Through","Feel No Pain","Bludgeon","True Grit","Ghostly Armor","Fire Breathing","Offering","Body Slam+1","Pommel Strike","Shrug It Off","Immolate","Dual Wield","Wild Strike","Battle Trance","Fire Breathing+1","Power Through+1","Sentinel"],"relics":["Burning Blood","Vajra","Prayer Wheel","Golden Idol","War Paint","Ectoplasm","Nunchaku"],"acts_visited":["Exordium","TheCity"],"potions_floor_usage":[],"damage_taken":[{"damage":16.0,"enemies":"Jaw Worm","floor":1.0,"turns":4.0},{"damage":15.0,"enemies":"2 Louse","floor":3.0,"turns":2.0},{"damage":4.0,"enemies":"Small Slimes","floor":5.0,"turns":4.0},{"damage":34.0,"enemies":"3 Sentries","floor":7.0,"turns":9.0},{"damage":11.0,"enemies":"Looter","floor":11.0,"turns":3.0},{"damage":12.0,"enemies":"Blue Slaver","floor":14.0,"turns":4.0},{"damage":13.0,"enemies":"Slime Boss","floor":16.0,"turns":7.0},{"damage":7.0,"enemies":"Shell Parasite","floor":18.0,"turns":5.0},{"damage":6.0,"enemies":"Chosen","floor":19.0,"turns":3.0},{"damage":6.0,"enemies":"Sentry and Sphere","floor":20.0,"turns":5.0},{"damage":19.0,"enemies":"Centurion and Healer","floor":22.0,"turns":5.0},{"damage":0.0,"enemies":"Gremlin Leader","floor":24.0,"turns":8.0},{"damage":21.0,"enemies":"Chosen and Byrds","floor":27.0,"turns":4.0},{"damage":12,"enemies":"Colosseum Slavers","floor":28,"turns":2},{"damage":44,"enemies":"Colosseum Nobs","floor":28,"turns":4}],"seed_played":"5440595350347991367","potions_obtained":[{"floor":3.0,"key":"Regen Potion"},{"floor":5.0,"key":"BloodPotion"},{"floor":14.0,"key":"SpeedPotion"},{"floor":18.0,"key":"LiquidBronze"},{"floor":22.0,"key":"Swift Potion"}],"is_trial":false,"path_per_floor":["M","?","M","?","M","R","E","?","T","?","M","$","R","M","R","B",null,"M","M","M","?","M","R","E","R","T","M","?"],"character_chosen":"IRONCLAD","items_purchased":["Fire Breathing","Offering","Body Slam"],"campfire_rested":2,"item_purchase_floors":[12,12,12],"current_hp_per_floor":[41,23,14,14,16,40,27,27,27,27,36,36,58,52,52,45,67,66,66,66,66,53,53,59,59,59,44,0,0],"gold":212,"neow_bonus":"RANDOM_COLORLESS_2","is_daily":false,"chose_seed":false,"campfire_upgraded":2,"win_rate":0.0,"timestamp":1610724832,"path_taken":["M","?","M","?","M","R","E","?","T","?","M","$","R","M","R","BOSS","M","M","M","?","M","R","E","R","T","M","?"],"items_purchased_type":["Card","Card","Card"],"build_version":"2020-12-22","purchased_purges":0,"victory":false,"max_hp_per_floor":[80,80,80,80,80,80,80,74,74,74,74,74,74,74,74,74,74,74,74,74,74,74,74,74,74,74,74,74,74],"relic_stats":{"Nunchaku":[1],"counters":[15,69],"Golden Idol":85,"Prayer Wheel":7,"Ectoplasm":122,"War Paint":["Apotheosis","Defend_R"],"obtain_stats":[{"Nunchaku":24,"Golden Idol":8,"Vajra":2,"Prayer Wheel":7,"Ectoplasm":17,"War Paint":9,"Burning Blood":0},{"Nunchaku":12,"Golden Idol":4,"Vajra":1,"Prayer Wheel":4,"Ectoplasm":7,"War Paint":4,"Burning Blood":0},{"Nunchaku":59,"Golden Idol":19,"Vajra":4,"Prayer Wheel":19,"Ectoplasm":33,"War Paint":19,"Burning Blood":0}],"Burning Blood":84},"card_choices":[{"not_picked":["Master of Strategy","Panache"],"picked":"Apotheosis","floor":0.0},{"not_picked":["Body Slam","Ghostly Armor"],"picked":"Uppercut","floor":1.0},{"not_picked":["Cleave","Uppercut"],"picked":"Power Through","floor":3.0},{"not_picked":["Heavy Blade","Havoc"],"picked":"Feel No Pain","floor":5.0},{"not_picked":["Shrug It Off","Evolve"],"picked":"Bludgeon","floor":7.0},{"not_picked":["Sword Boomerang","Disarm"],"picked":"True Grit","floor":11.0},{"not_picked":["Wild Strike","Dropkick"],"picked":"Ghostly Armor","floor":11.0},{"not_picked":["Perfected Strike","Cleave"],"picked":"Pommel Strike","floor":14.0},{"not_picked":["Seeing Red","Perfected Strike"],"picked":"Shrug It Off","floor":14.0},{"not_picked":["Berserk","Brutality"],"picked":"Immolate","floor":16.0},{"not_picked":["Havoc+1","Clash","Clothesline"],"picked":"SKIP","floor":18.0},{"not_picked":["Headbutt","Iron Wave","Thunderclap"],"picked":"SKIP","floor":18.0},{"not_picked":["Metallicize","Reaper"],"picked":"Dual Wield","floor":19.0},{"not_picked":["Clash","Twin Strike","Havoc"],"picked":"SKIP","floor":19.0},{"not_picked":["Headbutt","Sword Boomerang"],"picked":"Wild Strike","floor":20.0},{"not_picked":["Headbutt","Infernal Blade"],"picked":"Battle Trance","floor":20.0},{"not_picked":["Whirlwind","Dual Wield"],"picked":"Power Through+1","floor":22.0},{"not_picked":["Dual Wield","Headbutt+1","Heavy Blade+1"],"picked":"SKIP","floor":22.0},{"not_picked":["Clash","Inflame","Warcry"],"picked":"SKIP","floor":24.0},{"not_picked":["Pommel Strike","Limit Break"],"picked":"Sentinel","floor":27.0},{"not_picked":["Anger","Perfected Strike","Twin Strike"],"picked":"SKIP","floor":27.0}],"player_experience":293537,"relics_obtained":[{"floor":7.0,"key":"Prayer Wheel"},{"floor":9.0,"key":"War Paint"},{"floor":24.0,"key":"Nunchaku"}],"event_choices":[{"damage_healed":0.0,"max_hp_gain":0.0,"max_hp_loss":0.0,"gold_gain":0.0,"event_name":"Scrap Ooze","player_choice":"Success","floor":2.0,"gold_loss":0.0,"damage_taken":18.0,"relics_obtained":["Vajra"]},{"damage_healed":0.0,"max_hp_gain":0.0,"max_hp_loss":0.0,"gold_gain":60.0,"event_name":"Golden Wing","player_choice":"Gained Gold","floor":4.0,"gold_loss":0.0,"damage_taken":0.0},{"damage_healed":0.0,"max_hp_gain":0.0,"max_hp_loss":6.0,"gold_gain":0.0,"event_name":"Golden Idol","player_choice":"Lose Max HP","floor":8.0,"gold_loss":0.0,"damage_taken":0.0,"relics_obtained":["Golden Idol"]},{"cards_removed":["Strike_R"],"damage_healed":0.0,"max_hp_gain":0.0,"max_hp_loss":0.0,"gold_gain":0.0,"event_name":"Living Wall","player_choice":"Forget","floor":10.0,"gold_loss":0.0,"damage_taken":0.0},{"damage_healed":0.0,"max_hp_gain":0.0,"max_hp_loss":0.0,"gold_gain":0.0,"event_name":"The Library","player_choice":"Read","floor":21.0,"gold_loss":0.0,"damage_taken":0.0,"cards_obtained":["Fire Breathing"]},{"damage_healed":0,"gold_gain":0,"player_choice":"Fight","damage_taken":0,"max_hp_gain":0,"max_hp_loss":0,"event_name":"Colosseum","floor":28,"gold_loss":0},{"damage_healed":0,"gold_gain":0,"player_choice":"Fought Nobs","damage_taken":0,"max_hp_gain":0,"max_hp_loss":0,"event_name":"Colosseum","floor":28,"gold_loss":0}],"is_beta":false,"boss_relics":[{"not_picked":["Runic Dome","Velvet Choker"],"picked":"Ectoplasm"}],"items_purged_floors":[],"is_endless":false,"potions_floor_spawned":[3,5,14,18,22,28],"killed_by":"Colosseum Nobs","ascension_level":10}}