{"host":"u6jirsjme6gm26s9","time":1610679409,"event":{"mods":["BaseMod","Downfall","GifTheSpireLib","Minty Spire (QoL Compilation)","StSLib","The Servant 0.9.4"],"gold_per_floor":[317,392,392,408,408,440,440,467,522,487,497,509,509,434,434,532,532,546,90,5,5,22,22,51,51,51,51,82,101,132,150,150,247,247,264,69,86,86,96,126,126,137,137,171,171,186,186,186],"floor_reached":47,"language":"ENG","playtime":4178,"items_purged":["Strike_B","Strike_B","Strike_B"],"score":629,"play_id":"cc499559-9e69-45d2-9799-aea8d14dd3e0","local_time":"20210114205649","is_ascension_mode":true,"campfire_choices":[{"floor":7,"key":"REST"},{"floor":13,"key":"REST"},{"data":"Ball Lightning","floor":15,"key":"SMITH"},{"data":"Electrodynamics","floor":23,"key":"SMITH"},{"floor":25,"key":"REST"},{"data":"Redo","floor":27,"key":"SMITH"},{"floor":32,"key":"REST"},{"floor":41,"key":"REST"},{"floor":45,"key":"REST"}],"circlet_count":0,"master_deck":["Defend_B","Defend_B","Defend_B","Defend_B","Zap","Dualcast","Ball Lightning+1","Cold Snap","Cold Snap","Capacitor","Conserve Battery","Conserve Battery","Electrodynamics+1","CurseOfTheBell","Melter","Gash","Gash+1","Ball Lightning","Gash","Conserve Battery+1","Redo+1","Darkness","All For One","Gash+1","Static Discharge+1","Genetic Algorithm+1","Consume+1"],"relics":["Cracked Core","Old Coin","Dream Catcher","Potion Belt","Bag of Preparation","Happy Flower","Calling Bell","Centennial Puzzle","Mummified Hand","Prayer Wheel","Oddly Smooth Stone","Orrery","StoneCalendar","Omamori","Kunai","Vajra","Smiling Mask","SacredBark","Strawberry","MealTicket","PreservedInsect","Peace Pipe"],"acts_visited":["Exordium","TheCity","TheBeyond"],"potions_floor_usage":[24,30,30,30,31,44,47],"damage_taken":[{"damage":6,"enemies":"Jaw Worm","floor":1,"turns":3},{"damage":0,"enemies":"Small Slimes","floor":4,"turns":3},{"damage":27,"enemies":"Lagavulin","floor":6,"turns":6},{"damage":24,"enemies":"Gremlin Nob","floor":8,"turns":4},{"damage":0,"enemies":"Cultist","floor":11,"turns":3},{"damage":12,"enemies":"2 Fungi Beasts","floor":12,"turns":3},{"damage":16,"enemies":"The Guardian","floor":16,"turns":12},{"damage":13,"enemies":"Spheric Guardian","floor":18,"turns":4},{"damage":0,"enemies":"3 Byrds","floor":22,"turns":2},{"damage":20,"enemies":"Gremlin Leader","floor":24,"turns":6},{"damage":20,"enemies":"Book of Stabbing","floor":28,"turns":5},{"damage":21,"enemies":"Snake Plant","floor":29,"turns":2},{"damage":16,"enemies":"Slavers","floor":30,"turns":3},{"damage":1,"enemies":"Chosen and Byrds","floor":31,"turns":3},{"damage":39,"enemies":"Collector","floor":33,"turns":7},{"damage":1,"enemies":"3 Darklings","floor":35,"turns":3},{"damage":0,"enemies":"3 Shapes","floor":37,"turns":2},{"damage":2,"enemies":"3 Darklings","floor":39,"turns":4},{"damage":52,"enemies":"Nemesis","floor":40,"turns":6},{"damage":4,"enemies":"4 Shapes","floor":42,"turns":3},{"damage":39,"enemies":"Giant Head","floor":44,"turns":7},{"damage":29,"enemies":"Jaw Worm Horde","floor":46,"turns":3},{"damage":9,"enemies":"Spire Growth","floor":47,"turns":4}],"seed_played":"-8041140311819316698","potions_obtained":[{"floor":4,"key":"SteroidPotion"},{"floor":6,"key":"Block Potion"},{"floor":12,"key":"SteroidPotion"},{"floor":16,"key":"FocusPotion"},{"floor":24,"key":"FairyPotion"},{"floor":28,"key":"Explosive Potion"},{"floor":30,"key":"Regen Potion"},{"floor":33,"key":"SkillPotion"},{"floor":35,"key":"Dexterity Potion"},{"floor":37,"key":"SpeedPotion"},{"floor":44,"key":"AttackPotion"}],"is_trial":false,"path_per_floor":["M","?","?","M","?","E","R","E","T","?","M","M","R","$","R","B",null,"M","$","?","?","M","R","E","R","T","R","E","M","E","M","R","B",null,"M","$","M","$","M","E","R","M","T","E","R","M","M"],"character_chosen":"DEFECT","items_purchased":["Gash","Oddly Smooth Stone","Orrery","Strawberry"],"campfire_rested":6,"item_purchase_floors":[19,19,19,36],"current_hp_per_floor":[69,58,75,75,68,41,63,39,39,57,57,45,67,67,67,51,75,62,62,62,62,62,62,42,64,64,64,44,23,7,15,37,22,75,74,81,81,81,79,27,51,47,47,8,32,3,0,0],"gold":186,"neow_bonus":"ONE_RARE_RELIC","is_daily":false,"chose_seed":false,"campfire_upgraded":3,"win_rate":0.0,"timestamp":1610679409,"path_taken":["M","?","?","M","?","E","R","E","T","?","?","M","R","$","R","BOSS","M","$","?","?","M","R","E","R","T","R","E","M","E","?","R","BOSS","M","$","M","$","M","E","R","M","T","E","R","M","M"],"items_purchased_type":["Card","Relic","Relic","Relic"],"build_version":"2020-12-22","purchased_purges":3,"victory":false,"max_hp_per_floor":[75,75,75,75,75,75,75,75,75,75,75,75,75,75,75,75,75,75,75,75,75,75,75,75,75,75,75,75,75,75,75,75,75,75,75,82,82,82,82,82,82,82,82,82,82,82,82,82],"card_choices":[{"not_picked":["Sweeping Beam","Barrage"],"picked":"Ball Lightning","floor":1},{"not_picked":["Rebound","Hello World"],"picked":"Cold Snap","floor":4},{"not_picked":["Coolheaded","FTL"],"picked":"Cold Snap","floor":6},{"not_picked":["Blizzard","Stack"],"picked":"Capacitor","floor":8},{"not_picked":["Sweeping Beam","Force Field","Darkness"],"picked":"SKIP","floor":11},{"not_picked":["Aggregate","Sweeping Beam"],"picked":"Conserve Battery","floor":12},{"not_picked":["Hello World","Thunder Strike"],"picked":"Conserve Battery","floor":13},{"not_picked":["Creative AI","Multi-Cast"],"picked":"Electrodynamics","floor":16},{"not_picked":["Hologram","Redo"],"picked":"Melter","floor":18},{"not_picked":["Go for the Eyes","Glacier+1","Steam"],"picked":"SKIP","floor":18},{"not_picked":["Chill","Conserve Battery"],"picked":"Gash+1","floor":19},{"not_picked":["Sweeping Beam","Reboot"],"picked":"Ball Lightning","floor":19},{"not_picked":["Go for the Eyes","Amplify"],"picked":"Gash","floor":19},{"not_picked":["Hello World","Stack"],"picked":"Conserve Battery+1","floor":19},{"not_picked":["Doom and Gloom+1","Capacitor"],"picked":"Redo","floor":19},{"not_picked":["Go for the Eyes+1","Doom and Gloom","Streamline"],"picked":"SKIP","floor":22},{"not_picked":["Multi-Cast","Coolheaded","Compile Driver+1"],"picked":"SKIP","floor":22},{"not_picked":["Capacitor+1","Melter","Scrape+1"],"picked":"SKIP","floor":24},{"not_picked":["Beam Cell","Auto Shields"],"picked":"All For One","floor":28},{"not_picked":["Sweeping Beam","Barrage","Sunder"],"picked":"SKIP","floor":29},{"not_picked":["Scrape","Barrage","Rebound"],"picked":"SKIP","floor":29},{"not_picked":["Double Energy+1","Amplify","Creative AI"],"picked":"SKIP","floor":30},{"not_picked":["Stack","Chaos"],"picked":"Gash+1","floor":31},{"not_picked":["Ball Lightning","Beam Cell","Redo"],"picked":"SKIP","floor":31},{"not_picked":["Turbo+1","Coolheaded"],"picked":"Static Discharge+1","floor":35},{"not_picked":["Barrage","Chill","Hologram"],"picked":"SKIP","floor":35},{"not_picked":["Go for the Eyes","Sunder+1","Barrage"],"picked":"SKIP","floor":37},{"not_picked":["Thunder Strike","Reinforced Body","Auto Shields"],"picked":"SKIP","floor":37},{"not_picked":["Compile Driver","Coolheaded+1","Sweeping Beam"],"picked":"SKIP","floor":39},{"not_picked":["Chaos+1","Tempest","Leap+1"],"picked":"SKIP","floor":39},{"not_picked":["Stack","Hologram+1","Cold Snap+1"],"picked":"SKIP","floor":40},{"not_picked":["Melter+1","Compile Driver+1","Barrage"],"picked":"SKIP","floor":42},{"not_picked":["Hello World+1","Capacitor+1","Barrage"],"picked":"SKIP","floor":42},{"not_picked":["Steam+1","Go for the Eyes+1"],"picked":"Genetic Algorithm+1","floor":44},{"not_picked":["Rebound+1","Hologram+1"],"picked":"Consume+1","floor":46},{"not_picked":["Rip and Tear","Beam Cell","Streamline"],"picked":"SKIP","floor":46}],"player_experience":348527,"relics_obtained":[{"floor":6,"key":"Potion Belt"},{"floor":8,"key":"Bag of Preparation"},{"floor":9,"key":"Happy Flower"},{"floor":17,"key":"Centennial Puzzle"},{"floor":17,"key":"Mummified Hand"},{"floor":17,"key":"Prayer Wheel"},{"floor":24,"key":"Omamori"},{"floor":26,"key":"Kunai"},{"floor":28,"key":"Vajra"},{"floor":30,"key":"Smiling Mask"},{"floor":40,"key":"MealTicket"},{"floor":43,"key":"PreservedInsect"},{"floor":44,"key":"Peace Pipe"}],"event_choices":[{"damage_healed":0,"gold_gain":75,"player_choice":"Gather Gold","damage_taken":11,"max_hp_gain":0,"max_hp_loss":0,"event_name":"World of Goop","floor":2,"gold_loss":0},{"damage_healed":25,"gold_gain":0,"player_choice":"Banana","damage_taken":0,"max_hp_gain":0,"max_hp_loss":0,"event_name":"Big Fish","floor":3,"gold_loss":0},{"damage_healed":0,"gold_gain":0,"player_choice":"Success","damage_taken":7,"relics_obtained":["Dream Catcher"],"max_hp_gain":0,"max_hp_loss":0,"event_name":"Scrap Ooze","floor":5,"gold_loss":0},{"damage_healed":18,"gold_gain":0,"player_choice":"Healed","damage_taken":0,"max_hp_gain":0,"max_hp_loss":0,"event_name":"The Cleric","floor":10,"gold_loss":35},{"damage_healed":0,"gold_gain":0,"player_choice":"Obtained Relic","damage_taken":0,"relics_obtained":["StoneCalendar"],"max_hp_gain":0,"max_hp_loss":0,"event_name":"Addict","floor":20,"gold_loss":85},{"damage_healed":0,"gold_gain":0,"cards_transformed":["Strike_B"],"player_choice":"Transformed","damage_taken":0,"max_hp_gain":0,"max_hp_loss":0,"event_name":"Transmorgrifier","floor":21,"gold_loss":0,"cards_obtained":["Darkness"]}],"is_beta":false,"boss_relics":[{"not_picked":["Philosopher\u0027s Stone","Runic Pyramid"],"picked":"Calling Bell"},{"not_picked":["Runic Dome","Snecko Eye"],"picked":"SacredBark"}],"items_purged_floors":[14,19,36],"is_endless":false,"potions_floor_spawned":[4,6,12,16,24,28,30,33,35,37,44],"killed_by":"Spire Growth","ascension_level":1}}