{"host":"9slw7l0ws16384qq","time":1610713336,"event":{"mods":["BaseMod","Colored Map","Hubris","Minty Spire (QoL Compilation)","Replay The Spire","Shedinja","StSLib","The Dragon Tamer","The Marked"],"gold_per_floor":[118,43,63,63,63,63,82,82,82,82,93,123,211,230,230,332,332,345,362,362,262,311,311,326,326,353,62,75,90,90,109,109,210,210,223,223,235,248,248,248,259,91,138,138,138,151,151,1,1,1,1],"floor_reached":50,"language":"FRA","playtime":2624,"items_purged":["theMarked:Strike","Shedinja:Endure","Shedinja:Scratch","Shedinja:FocusSash+1"],"score":617,"play_id":"07c06841-aa5c-49d7-9859-64f5a2c5a6b5","local_time":"20210115132216","is_ascension_mode":false,"campfire_choices":[{"data":"Shedinja:PhantomForce","floor":6.0,"key":"SMITH"},{"data":"Neutralize","floor":8.0,"key":"SMITH"},{"data":"Shedinja:Absorb","floor":10.0,"key":"SMITH"},{"data":"Shedinja:Absorb","floor":15.0,"key":"SMITH"},{"data":"Shedinja:Protect","floor":23.0,"key":"SMITH"},{"data":"Shedinja:PowerBracer","floor":32.0,"key":"SMITH"},{"data":"Shedinja:DoubleTeam","floor":40.0,"key":"SMITH"},{"data":"Apotheosis","floor":49.0,"key":"SMITH"}],"circlet_count":0,"master_deck":["Shedinja:Scratch","Shedinja:Scratch","Shedinja:Scratch+1","Shedinja:Endure","Shedinja:Endure","Shedinja:Endure+1","Shedinja:Endure+1","Shedinja:FocusSash+1","Neutralize+1","Shedinja:PhantomForce+1","Shedinja:PowerBracer+1","Shedinja:Absorb+1","Shedinja:ShadowSneak","Shedinja:Absorb+1","Shedinja:Protect+1","Shedinja:PowerBracer","Shedinja:ShadowSneak","Shedinja:RockyHelmet","Shedinja:Absorb","Shedinja:Absorb","Shedinja:Trick+1","Apotheosis+1","Shedinja:PowerBracer","Shedinja:DoubleTeam+1","Shedinja:PowerBracer+1","Shedinja:PowerBracer","Mayhem","Shedinja:ShadowSneak+1"],"relics":["Shedinja:WonderGuard","War Paint","Durian","Regal Pillow","hubris:Backtick","Medical Kit","Tiny Chest","Coffee Dripper","hubris:FunFungus","Simple Rune"],"acts_visited":["Exordium","TheCity","TheBeyond"],"potions_floor_usage":[50,50],"damage_taken":[{"damage":0.0,"enemies":"Jaw Worm","floor":1.0,"turns":4.0},{"damage":0.0,"enemies":"Cultist","floor":3.0,"turns":5.0},{"damage":0.0,"enemies":"2 Louse","floor":7.0,"turns":3.0},{"damage":0.0,"enemies":"2 Fungi Beasts","floor":11.0,"turns":4.0},{"damage":0.0,"enemies":"Gremlin Nob","floor":12.0,"turns":6.0},{"damage":0.0,"enemies":"Gremlin Gang","floor":14.0,"turns":6.0},{"damage":0.0,"enemies":"The Guardian","floor":16.0,"turns":12.0},{"damage":0.0,"enemies":"Spheric Guardian","floor":18.0,"turns":4.0},{"damage":0.0,"enemies":"3 Byrds","floor":19.0,"turns":7.0},{"damage":0.0,"enemies":"Centurion and Healer","floor":24.0,"turns":7.0},{"damage":0.0,"enemies":"Snecko","floor":28.0,"turns":5.0},{"damage":0.0,"enemies":"Sentry and Sphere","floor":29.0,"turns":3.0},{"damage":0.0,"enemies":"3 Cultists","floor":31.0,"turns":6.0},{"damage":0.0,"enemies":"Collector","floor":33.0,"turns":12.0},{"damage":0.0,"enemies":"3 Darklings","floor":35.0,"turns":7.0},{"damage":0.0,"enemies":"3 Shapes","floor":37.0,"turns":7.0},{"damage":0.0,"enemies":"Spire Growth","floor":38.0,"turns":6.0},{"damage":0.0,"enemies":"Jaw Worm Horde","floor":41.0,"turns":6.0},{"damage":0.0,"enemies":"3 Darklings","floor":46.0,"turns":5.0},{"damage":10,"enemies":"Donu and Deca","floor":50,"turns":1}],"seed_played":"4602986427741246381","potions_obtained":[{"floor":3.0,"key":"Fire Potion"},{"floor":7.0,"key":"Languid Potion"},{"floor":11.0,"key":"Milkshake"},{"floor":12.0,"key":"Block Potion"},{"floor":29.0,"key":"ColorlessPotion"},{"floor":31.0,"key":"Dexterity Potion"},{"floor":37.0,"key":"Regen Potion"},{"floor":41.0,"key":"Dexterity Potion"}],"is_trial":false,"path_per_floor":["M","$","M","?","$","R","M","R","T","R","M","E","?","M","R","B",null,"M","M","?","$","T","R","M","?","T","$","M","M","$","M","R_BF","B",null,"M","?","M","M","T","R","M","$","T","$","?","M","?","$","R","B"],"character_chosen":"THE_DEFAULT","items_purchased":["Apotheosis","Mayhem"],"campfire_rested":0,"item_purchase_floors":[27,42],"current_hp_per_floor":[1,1,1,1,1,1,1,1,1,1,1,1,1,1,1,1,1,1,1,1,1,1,1,1,1,1,1,1,1,1,1,1,1,1,1,1,1,1,1,1,1,1,1,1,1,1,1,1,1,0,0],"gold":1,"neow_bonus":"THREE_RARE_CARDS","is_daily":false,"chose_seed":false,"campfire_upgraded":8,"win_rate":0.0,"timestamp":1610713336,"path_taken":["M","$","M","?","$","R","?","R","T","R","M","E","?","M","R","BOSS","M","?","?","$","?","R","M","?","T","$","?","M","$","M","R_BF","BOSS","M","?","?","M","?","R","M","$","T","?","?","M","?","$","R","BOSS"],"items_purchased_type":["Card","Card"],"build_version":"2020-12-22","purchased_purges":4,"victory":false,"max_hp_per_floor":[1,1,1,1,1,1,1,1,1,1,1,1,1,1,1,1,1,1,1,1,1,1,1,1,1,1,1,1,1,1,1,1,1,1,1,1,1,1,1,1,1,1,1,1,1,1,1,1,1,1,1],"card_choices":[{"not_picked":["Shedinja:Substitute","Shedinja:Toxic"],"picked":"Shedinja:PhantomForce","floor":0.0},{"not_picked":["Shedinja:StruggleBug","Shedinja:Facade"],"picked":"Shedinja:PowerBracer","floor":1.0},{"not_picked":["Shedinja:PowerBracer","Shedinja:WillOWisp"],"picked":"Shedinja:Absorb","floor":3.0},{"not_picked":["Shedinja:SafetyGoggles","Shedinja:StringShot"],"picked":"Shedinja:ShadowSneak","floor":7.0},{"not_picked":["Shedinja:Thief","Shedinja:PowerBracer"],"picked":"Shedinja:Absorb","floor":11.0},{"not_picked":["Shedinja:WillOWisp","Shedinja:ConfuseRay","Shedinja:Thief"],"picked":"SKIP","floor":12.0},{"not_picked":["Shedinja:WillOWisp","Shedinja:ShadowBall"],"picked":"Shedinja:Protect","floor":13.0},{"not_picked":["Shedinja:Trick","Shedinja:HoneClaws"],"picked":"Shedinja:PowerBracer","floor":13.0},{"not_picked":["Shedinja:SafetyGoggles","Shedinja:MetalClaw"],"picked":"Shedinja:ShadowSneak","floor":13.0},{"not_picked":["Shedinja:Ether","Shedinja:GigaDrain"],"picked":"Shedinja:RockyHelmet","floor":14.0},{"not_picked":["Shedinja:HYPERBEAM","Shedinja:Toxic"],"picked":"Shedinja:PokeBall","floor":16.0},{"not_picked":["Shedinja:ShadowBall","Shedinja:RockyHelmet"],"picked":"Shedinja:Absorb","floor":18.0},{"not_picked":["Shedinja:WillOWisp","Shedinja:ShadowBall"],"picked":"Shedinja:Absorb","floor":19.0},{"not_picked":["Shedinja:SafetyGoggles","Shedinja:NightSlash"],"picked":"Shedinja:Trick+1","floor":24.0},{"not_picked":["Shedinja:ArtifactCard+1","Shedinja:SuckerPunch"],"picked":"Shedinja:PowerBracer","floor":28.0},{"not_picked":["Shedinja:MetalClaw","Shedinja:WillOWisp","Shedinja:ArtifactCard"],"picked":"SKIP","floor":29.0},{"not_picked":["Shedinja:ArtifactCard","Shedinja:ShadowBall","Shedinja:Agility"],"picked":"SKIP","floor":31.0},{"not_picked":["Shedinja:Protect","Shedinja:LumBerry"],"picked":"Shedinja:DoubleTeam","floor":33.0},{"not_picked":["Shedinja:Mimic+1","Shedinja:Ether"],"picked":"Shedinja:PowerBracer+1","floor":35.0},{"not_picked":["Shedinja:Ether","Shedinja:Facade","Shedinja:SuckerPunch"],"picked":"SKIP","floor":37.0},{"not_picked":["Shedinja:WillOWisp+1","Shedinja:ArtifactCard","Shedinja:SafetyGoggles"],"picked":"SKIP","floor":38.0},{"not_picked":["Shedinja:SafetyGoggles","Shedinja:RockyHelmet"],"picked":"Shedinja:PowerBracer","floor":41.0},{"not_picked":["Shedinja:Agility","Shedinja:XScissor"],"picked":"Shedinja:ShadowSneak+1","floor":46.0}],"player_experience":1624426,"relics_obtained":[{"floor":9.0,"key":"Durian"},{"floor":12.0,"key":"Regal Pillow"},{"floor":26.0,"key":"Tiny Chest"},{"floor":39.0,"key":"hubris:FunFungus"},{"floor":43.0,"key":"Simple Rune"}],"event_choices":[{"damage_healed":0.0,"max_hp_gain":0.0,"max_hp_loss":0.0,"gold_gain":0.0,"event_name":"WeMeetAgain","player_choice":"Gave Potion","floor":4.0,"gold_loss":0.0,"damage_taken":0.0,"relics_obtained":["War Paint"]},{"damage_healed":0.0,"max_hp_gain":0.0,"max_hp_loss":0.0,"gold_gain":0.0,"event_name":"Wheel of Change","player_choice":"Full Heal","floor":20.0,"gold_loss":0.0,"damage_taken":0.0},{"damage_healed":0.0,"max_hp_gain":0.0,"max_hp_loss":0.0,"gold_gain":0.0,"event_name":"The Mausoleum","player_choice":"Ignored","floor":25.0,"gold_loss":0.0,"damage_taken":0.0},{"damage_healed":0.0,"max_hp_gain":0.0,"max_hp_loss":0.0,"gold_gain":0.0,"event_name":"Mysterious Sphere","player_choice":"Ignored","floor":45.0,"gold_loss":0.0,"damage_taken":0.0},{"damage_healed":0.0,"max_hp_gain":0.0,"max_hp_loss":0.0,"gold_gain":0.0,"event_name":"Upgrade Shrine","player_choice":"Upgraded","floor":47.0,"gold_loss":0.0,"damage_taken":0.0,"cards_upgraded":["Shedinja:FocusSash"]}],"is_beta":false,"boss_relics":[{"not_picked":["Pandora\u0027s Box","Ectoplasm"],"picked":"hubris:Backtick"},{"not_picked":["hubris:GrandSneckoEye","hubris:VirtuousBlindfold"],"picked":"Coffee Dripper"}],"items_purged_floors":[2,21,27,48],"is_endless":false,"potions_floor_spawned":[3,7,11,12,18,29,31,37,41],"killed_by":"Donu and Deca","ascension_level":0}}