{"host":"vm8b3ptwl81uq21f","time":1610742401,"event":{"mods":["Aspiration","BaseMod","BetterRewards","Colored Map","Colored Powertips","Downfall","GifTheSpireLib","Googly Eyes","GungeonMod","Halation","Hubris","Infinite Spire","Minty Spire (QoL Compilation)","Quick Restart","Rare Cards Sparkle","Replay The Spire","Shop Mod","Spicy Shops","StSLib","Stuff the Spire","The IronCluck","[IsaacMod]????"],"gold_per_floor":[112,132,147,160,50,82,113,139,139,165,165,12,26,26,26,131,131,174,187,187,198,210,210,210,210,283,300,316,333,350,13,13,123,123,139,162,162,162,175,175,215,266,266,278,55,70,82,132,132,137],"floor_reached":51,"language":"ENG","playtime":2689,"items_purged":["DemoMod:RustySidearm","DemoMod:CrossBow","ReplayTheSpireMod:Restless Dread","DemoMod:Unmoved"],"score":2014,"play_id":"2ffe67d2-2311-4cc7-b008-075d3c0ac4d3","local_time":"20210115152641","is_ascension_mode":true,"campfire_choices":[{"data":"Pot Of Greed","floor":15,"key":"SMITH"},{"data":"Pot Of Greed","floor":23,"key":"SMITH"},{"data":"DemoMod:HardPowerCard","floor":25,"key":"SMITH"},{"data":"ReplayTheSpireMod:Brewmster","floor":32,"key":"SMITH"},{"data":"StuffTheSpire:BrainWave","floor":40,"key":"SMITH"},{"floor":49,"key":"DIG"}],"circlet_count":0,"master_deck":["AscendersBane","DemoMod:ManualReload+1","DemoMod:PracticeMakesPerfect+1","DemoMod:PracticeMakesPerfect+1","DemoMod:BalloonGun+1","Pot Of Greed+1","Pot Of Greed+1","DemoMod:BalloonGun+1","DemoMod:HardPowerCard+1","DemoMod:TableSutra+1","ReplayTheSpireMod:Brewmster+1","StuffTheSpire:BrainWave+1","expansioncontent:TimeRipple","DemoMod:DoubleVision+1","DemoMod:HungryBullets"],"relics":["DemoMod:Dog","HushsDoor","BookofShadows","MerchantsRug","DemoMod:MemoryAlloy","StuffTheSpire:OldFever","Pocketwatch","DemoMod:GlassGuonStoneRelic","Membership Card","infinitespire:Beetle Shell","DemoMod:RedGuonStone","StuffTheSpire:Rhapsscallions","Calipers","StuffTheSpire:Mouthbags","Kintsugi","halation:EternalFortune","ReplayTheSpireMod:Shallot","hubris:PeanutButter","hubris:EmptyBottle","DemoMod:Test1","GuppysHairball","YumHeart","Eternal Feather","Potion Belt","Anchor","Void","HowToJump"],"acts_visited":["Exordium","TheCity","TheBeyond"],"potions_floor_usage":[1,8,33,33,33,33,33,33,50,50,50,50,50,50,50,50],"damage_taken":[{"damage":0,"enemies":"Cultist","floor":1,"turns":4},{"damage":7,"enemies":"Jaw Worm","floor":2,"turns":3},{"damage":0,"enemies":"Small Slimes","floor":3,"turns":2},{"damage":0,"enemies":"2 Fungi Beasts","floor":4,"turns":3},{"damage":0,"enemies":"3 Sentries","floor":6,"turns":9},{"damage":0,"enemies":"Exordium Wildlife","floor":7,"turns":3},{"damage":0,"enemies":"Gremlin Nob","floor":8,"turns":2},{"damage":0,"enemies":"Replay:BlueRogue","floor":10,"turns":3},{"damage":0,"enemies":"Blue Slaver","floor":13,"turns":1},{"damage":0,"enemies":"Fading Forest","floor":16,"turns":11},{"damage":0,"enemies":"Chosen","floor":18,"turns":2},{"damage":0,"enemies":"Shell Parasite","floor":19,"turns":2},{"damage":0,"enemies":"Sentry and Sphere","floor":21,"turns":3},{"damage":0,"enemies":"Cultist and Chosen","floor":22,"turns":3},{"damage":0,"enemies":"Snake Plant","floor":27,"turns":2},{"damage":0,"enemies":"Shelled Parasite and Fungi","floor":28,"turns":2},{"damage":0,"enemies":"Sentry and Sphere","floor":29,"turns":3},{"damage":0,"enemies":"Cultist and Chosen","floor":30,"turns":3},{"damage":0,"enemies":"hubris:MusketHawk","floor":33,"turns":5},{"damage":0,"enemies":"3 Shapes","floor":35,"turns":4},{"damage":0,"enemies":"Orb Walker","floor":36,"turns":3},{"damage":0,"enemies":"Sphere and 2 Shapes","floor":39,"turns":2},{"damage":0,"enemies":"R_Hoarder","floor":41,"turns":5},{"damage":0,"enemies":"Writhing Mass","floor":44,"turns":1},{"damage":0,"enemies":"Maw","floor":46,"turns":2},{"damage":0,"enemies":"3 Darklings","floor":47,"turns":2},{"damage":0,"enemies":"Giant Head","floor":48,"turns":3},{"damage":0,"enemies":"Awakened One","floor":50,"turns":4}],"seed_played":"6764928633563022918","potions_obtained":[{"floor":1,"key":"SteroidPotion"},{"floor":4,"key":"EssenceOfSteel"},{"floor":10,"key":"Ancient Potion"},{"floor":33,"key":"Energy Potion"}],"is_trial":false,"path_per_floor":["M","M","M","M","$","E","M","E","T","E","?","$","M","?","R","B",null,"M","M","?","M","M","R","?","R","T","M","M","M","M","$","R","B",null,"M","M","?","?","M","R","E","T","T","M","$","M","M","E","R_BF","B",null],"character_chosen":"HUNTRESS","items_purchased":["halation:NonexistentMirror","DemoMod:PracticeMakesPerfect","MerchantsRug","DemoMod:WeirdEgg","StuffTheSpire:OldFever","Regen Potion","Membership Card","Calipers","StuffTheSpire:Mouthbags","Grinning Jar","DemoMod:Purify","hubris:PeanutButter","ReplayTheSpireMod:Brewmster","hubris:EmptyBottle","GuppysHairball","Eternal Feather","Guide Book","Potion Belt","Adrenaline Potion","Dexterity Potion"],"campfire_rested":0,"item_purchase_floors":[0,0,0,0,0,0,5,12,12,12,17,31,31,31,34,45,45,45,45,45],"current_hp_per_floor":[35,28,28,28,28,28,28,28,28,32,32,32,32,32,32,32,58,58,58,58,58,58,58,61,61,61,61,61,61,61,61,61,61,59,59,59,54,54,54,54,54,54,54,54,54,54,54,54,54,54],"gold":137,"neow_bonus":"","is_daily":false,"chose_seed":false,"campfire_upgraded":5,"win_rate":0.0,"timestamp":1610742401,"path_taken":["M","M","M","M","$","E","M","E","T","E","?","$","M","?","R","BOSS","M","M","?","M","M","R","?","R","T","M","M","M","?","$","R","BOSS","M","M","?","?","M","R","E","?","T","M","$","M","M","E","R_BF","BOSS"],"items_purchased_type":["Relic","Card","Relic","Relic","Relic","Potion","Relic","Relic","Relic","Relic","Card","Relic","Card","Relic","Relic","Relic","Relic","Relic","Potion","Potion"],"build_version":"2020-12-22","purchased_purges":4,"victory":true,"max_hp_per_floor":[70,70,70,70,70,70,70,70,70,74,74,74,74,74,74,74,66,66,66,66,66,66,66,69,69,69,69,69,69,69,69,69,69,59,59,59,54,54,54,54,54,54,54,54,54,54,54,54,54,54],"card_choices":[{"not_picked":["DemoMod:SniperShot","DemoMod:AC15"],"picked":"DemoMod:Purify","floor":1},{"not_picked":["DemoMod:TeaPot","DemoMod:StrategicReserve"],"picked":"DemoMod:BalloonGun","floor":2},{"not_picked":["DemoMod:MachoBrace","DemoMod:JK47","DemoMod:Casey"],"picked":"SKIP","floor":3},{"not_picked":["DemoMod:DirectionalPad","DemoMod:FortunesFavor"],"picked":"DemoMod:FeignSurrender","floor":4},{"not_picked":["DemoMod:GunstockTap","DemoMod:Casey"],"picked":"DemoMod:Unmoved","floor":6},{"not_picked":["DemoMod:AC15","DemoMod:Camera","DemoMod:ShadowBullets"],"picked":"SKIP","floor":7},{"not_picked":["DemoMod:PotionOfGunFriendShip","DemoMod:PracticeMakesPerfect","DemoMod:HuntsMan"],"picked":"SKIP","floor":8},{"not_picked":["DemoMod:JK47","DemoMod:ProbeStrike","DemoMod:MachoBrace"],"picked":"SKIP","floor":10},{"not_picked":["DemoMod:TableSutra","DemoMod:HuntsMan","DemoMod:BoxingGlove"],"picked":"SKIP","floor":10},{"not_picked":["DemoMod:HuntsMan","Bomb","DemoMod:AWP"],"picked":"SKIP","floor":13},{"not_picked":["DemoMod:FightSabre","DemoMod:DarkMarker"],"picked":"DemoMod:BalloonGun","floor":16},{"not_picked":["DemoMod:HuntsMan+1","DemoMod:Ejector","DemoMod:MegaHand"],"picked":"SKIP","floor":18},{"not_picked":["DemoMod:LifeOrb","DemoMod:DoubleSwitch"],"picked":"DemoMod:HardPowerCard","floor":19},{"not_picked":["DemoMod:GunstockTap","DemoMod:JK47","DemoMod:DirectionalPad+1"],"picked":"SKIP","floor":21},{"not_picked":["DemoMod:GunstockTap","DemoMod:JK47","DemoMod:DirectionalPad+1"],"picked":"SKIP","floor":21},{"not_picked":["DemoMod:BoxingGlove","DemoMod:HuntsMan","DemoMod:ConditionalReflex"],"picked":"SKIP","floor":22},{"not_picked":["DemoMod:Unity+1","DemoMod:ConditionalReflex"],"picked":"DemoMod:TableSutra+1","floor":27},{"not_picked":["DemoMod:FastSwitch","DemoMod:ConditionalReflex","DemoMod:Replace"],"picked":"SKIP","floor":28},{"not_picked":["DemoMod:TeaPot+1","DemoMod:CursedBullets","DemoMod:Ejector"],"picked":"SKIP","floor":28},{"not_picked":["DemoMod:CombinedRifle","DemoMod:HuntsMan","DemoMod:FastSwitch"],"picked":"SKIP","floor":29},{"not_picked":["DemoMod:BattleInHaste+1","DemoMod:GunShield","DemoMod:ConditionalReflex"],"picked":"SKIP","floor":29},{"not_picked":["DemoMod:Ejector","DemoMod:CombinedRifle+1","DemoMod:FastSwitch"],"picked":"SKIP","floor":30},{"not_picked":["DemoMod:DoubleSwitch","DemoMod:ProbeStrike+1","DemoMod:SkilledReload+1"],"picked":"SKIP","floor":35},{"not_picked":["DemoMod:PotionOfGunFriendShip+1","DemoMod:SkilledReload+1","DemoMod:TableSutra+1"],"picked":"SKIP","floor":36},{"not_picked":["Replay:SS_forest_6","Replay:SS_forest_5"],"picked":"expansioncontent:TimeRipple","floor":38},{"not_picked":["DemoMod:TripleGun+1","DemoMod:CombinedRifle+1","DemoMod:HuntsMan+1"],"picked":"SKIP","floor":39},{"not_picked":["DemoMod:TeaPot","DemoMod:FortunesFavor+1","DemoMod:DoubleVision"],"picked":"SKIP","floor":41},{"not_picked":["DemoMod:TeaPot","DemoMod:FortunesFavor+1"],"picked":"DemoMod:DoubleVision","floor":41},{"not_picked":["DemoMod:TableSutra+1","DemoMod:StrategicReserve+1","DemoMod:AC15"],"picked":"SKIP","floor":44},{"not_picked":["DemoMod:BattleInHaste","DemoMod:SAA+1"],"picked":"DemoMod:HungryBullets","floor":46},{"not_picked":["DemoMod:FeignSurrender","DemoMod:MachoBrace+1","DemoMod:HuntsMan+1"],"picked":"SKIP","floor":47},{"not_picked":["DemoMod:ConditionalReflex","DemoMod:ProbeStrike","DemoMod:HardPowerCard+1"],"picked":"SKIP","floor":48}],"player_experience":392401,"relics_obtained":[{"floor":6,"key":"infinitespire:Beetle Shell"},{"floor":8,"key":"DemoMod:RedGuonStone"},{"floor":9,"key":"Whetstone"},{"floor":10,"key":"StuffTheSpire:Rhapsscallions"},{"floor":26,"key":"ReplayTheSpireMod:Shallot"},{"floor":41,"key":"YumHeart"},{"floor":42,"key":"War Paint"},{"floor":47,"key":"Anchor"},{"floor":48,"key":"Void"},{"floor":49,"key":"HowToJump"}],"event_choices":[{"cards_removed":["DemoMod:Strike_Huntress"],"damage_healed":0,"gold_gain":0,"player_choice":"Forget","damage_taken":0,"max_hp_gain":0,"max_hp_loss":0,"event_name":"Living Wall","floor":14,"gold_loss":0},{"damage_healed":0,"gold_gain":0,"player_choice":"Memory 1","damage_taken":0,"max_hp_gain":0,"max_hp_loss":0,"event_name":"SensoryStone","floor":38,"gold_loss":0}],"is_beta":false,"boss_relics":[{"not_picked":["halation:MonkeysPaw","DemoMod:Wolf"],"picked":"Kintsugi"},{"not_picked":[]},{"not_picked":["Philosopher\u0027s Stone","hubris:BlackHole"],"picked":"DemoMod:Test1"},{"not_picked":[]}],"items_purged_floors":[0,12,17,31],"is_endless":false,"potions_floor_spawned":[1,4,10,13,16,18,19,27,33,35,36,47],"ascension_level":11}}