{"host":"uceopoba4zvqsgiy","time":1610669386,"event":{"mods":["Act Like it!","BaseMod","Better Skull","Better Third Choice","Elementarium","Evolution","GifTheSpireLib","Hermit","Humility","Infinite Spire","Jorbs\u0027s Wanderer Trilogy","Marked Mod","Minty Spire (QoL Compilation)","Potionbrewer","Replay The Spire","Robot Space Explorer","Shade Mod","Spicy Shops","StSLib","Stuff the Spire","The Blue Laboratory","The Caster","The Cursed","The Dragon Tamer","The Hierophant","The Judge","The Jungle","Wandering Minibosses"],"gold_per_floor":[109,109,9,20,20,52,52,87,87,114,114,114,114,40,40,145,145,163,181,91,91,121,172,172,238,238,262,262],"floor_reached":27,"language":"ENG","playtime":1830,"items_purged":[],"score":278,"play_id":"8dabadec-3f06-4ef5-9399-74dd7f36ffd8","local_time":"20210115103946","is_ascension_mode":true,"campfire_choices":[{"floor":7,"key":"REST"},{"floor":15,"key":"REST"},{"data":"StuffTheSpire:Ambrosia","floor":24,"key":"SMITH"}],"circlet_count":0,"master_deck":["Strike_R","Strike_R","Strike_R","Strike_R","Strike_R","Defend_R","Defend_R","Defend_R","Defend_R","Bash","Metallicize","Pain","Fire Breathing","Juggernaut+1","ReplayTheSpireMod:Muscle Training","Life Link","Life Link","Immolate","ReplayTheSpireMod:Muscle Training+1","Inflame+1","StuffTheSpire:Ambrosia+1","StuffTheSpire:CuriosityCurse","Feel No Pain"],"relics":["Black Blood","EVO:Axolotl","WarpedTongs","Thread and Needle","Mercury Hourglass","Snack Pack","infinitespire:WardingShard","potionbrewer:BottledElixir","Meat on the Bone","infinitespire:Midas Blood","Ice Cream","Regal Pillow","Dead Branch"],"acts_visited":["Exordium","TheCity"],"potions_floor_usage":[16,19,27],"damage_taken":[{"damage":0,"enemies":"2 Louse","floor":1,"turns":3},{"damage":2,"enemies":"Cultist","floor":4,"turns":2},{"damage":49,"enemies":"Gremlin Nob","floor":6,"turns":6},{"damage":10,"enemies":"Replay:BlueRogue","floor":8,"turns":5},{"damage":31,"enemies":"3 Sentries","floor":10,"turns":5},{"damage":51,"enemies":"Hexaghost","floor":16,"turns":7},{"damage":8,"enemies":"Shell Parasite","floor":18,"turns":5},{"damage":4,"enemies":"Spheric Guardian","floor":19,"turns":3},{"damage":34,"enemies":"Snake Plant","floor":22,"turns":4},{"damage":35,"enemies":"Nightmare","floor":23,"turns":7},{"damage":45,"enemies":"Replay:Snechameleon","floor":25,"turns":7},{"damage":41,"enemies":"Book of Stabbing","floor":27,"turns":4}],"seed_played":"2480600587891401227","potions_obtained":[{"floor":8,"key":"blueLaboratory:Moonshine"},{"floor":10,"key":"potionbrewer:MidasPotion"},{"floor":18,"key":"Fire Potion"},{"floor":19,"key":"potionbrewer:NoxiousPotion"}],"is_trial":false,"path_per_floor":["M","?","$","M","?","E","R","E","T","E","?","?","T","$","R","B",null,"M","M","?","?","M","NM","R","E","T","E"],"character_chosen":"IRONCLAD","items_purchased":["Fire Breathing","Thread and Needle","Life Link"],"campfire_rested":2,"item_purchase_floors":[3,3,14],"current_hp_per_floor":[88,88,88,88,88,45,71,67,67,44,44,44,44,44,70,37,88,88,88,88,88,67,57,57,38,38,0,0],"gold":262,"neow_bonus":"TEN_PERCENT_HP_BONUS","is_daily":false,"chose_seed":false,"campfire_upgraded":1,"win_rate":0.0,"timestamp":1610669386,"path_taken":["M","?","$","?","?","E","R","E","T","E","?","?","?","?","R","BOSS","M","M","?","?","M","NM","R","E","T","E"],"items_purchased_type":["Card","Relic","Card"],"build_version":"2020-12-22","purchased_purges":0,"victory":false,"max_hp_per_floor":[88,88,88,88,88,88,88,88,88,88,88,88,88,88,88,88,88,88,88,88,88,89,90,90,92,92,94,94],"card_choices":[{"not_picked":["Cleave","Headbutt"],"picked":"Metallicize","floor":1},{"not_picked":["True Grit","Body Slam","ReplayTheSpireMod:Strike From Hell"],"picked":"SKIP","floor":4},{"not_picked":["Cleave","Twin Strike"],"picked":"Juggernaut","floor":6},{"not_picked":["ReplayReversal","Rampage"],"picked":"ReplayTheSpireMod:Muscle Training","floor":8},{"not_picked":["Replay:Undeath\u0027s Touch","Headbutt"],"picked":"Life Link","floor":10},{"not_picked":["Exhume","Hemogenesis"],"picked":"Immolate","floor":16},{"not_picked":["Flex","infinitespire:OneForAll+1"],"picked":"ReplayTheSpireMod:Muscle Training+1","floor":18},{"not_picked":["Headbutt","Clothesline"],"picked":"Inflame+1","floor":19},{"not_picked":["Warcry+1","Pommel Strike","Clash"],"picked":"SKIP","floor":22},{"not_picked":["Perfected Strike","Sword Boomerang+1"],"picked":"Feel No Pain","floor":23},{"not_picked":["Havoc+1","Headbutt","Battle Trance+1"],"picked":"SKIP","floor":25}],"player_experience":1683091,"relics_obtained":[{"floor":6,"key":"Mercury Hourglass"},{"floor":8,"key":"Snack Pack"},{"floor":9,"key":"infinitespire:WardingShard"},{"floor":10,"key":"potionbrewer:BottledElixir"},{"floor":13,"key":"Meat on the Bone"},{"floor":23,"key":"Ice Cream"},{"floor":25,"key":"Regal Pillow"},{"floor":26,"key":"Dead Branch"}],"event_choices":[{"damage_healed":0,"gold_gain":0,"player_choice":"Rummage","damage_taken":0,"relics_obtained":["WarpedTongs"],"max_hp_gain":0,"max_hp_loss":0,"event_name":"Accursed Blacksmith","floor":2,"gold_loss":0,"cards_obtained":["Pain"]},{"damage_healed":0,"gold_gain":0,"player_choice":"Ignored","damage_taken":0,"max_hp_gain":0,"max_hp_loss":0,"event_name":"Golden Wing","floor":5,"gold_loss":0},{"damage_healed":0,"gold_gain":0,"player_choice":"Grow","damage_taken":0,"max_hp_gain":0,"max_hp_loss":0,"event_name":"Living Wall","floor":11,"gold_loss":0,"cards_upgraded":["Juggernaut"]}],"is_beta":false,"boss_relics":[{"not_picked":["Replay:Bronze Core","Busted Crown"],"picked":"Black Blood"}],"items_purged_floors":[],"is_endless":false,"potions_floor_spawned":[8,10,18,19,25],"killed_by":"Book of Stabbing","ascension_level":1}}