{"host":"2zw05eexjythz74b","time":1610670030,"event":{"mods":["AchievementEnabler","BaseMod","Better Altar","Colored Map","Minty Spire (QoL Compilation)","StSLib","everything is the same but u backflip on backflip"],"gold_per_floor":[111,129,129,148,148,148,171,51,51,51,64,64,85,105,105,231,231,256,256,78,98,98,98,133,158,208,61,0,0,0,0,0,129,129,154,168,186,199,199,199,199,199,199,219,219,242,261,110,110,110,110],"floor_reached":50,"language":"ENG","playtime":3085,"items_purged":["Doubt"],"score":479,"play_id":"8a525108-8bb3-4916-ac74-5c87ddfcc1c9","local_time":"20210114182030","is_ascension_mode":false,"campfire_choices":[{"data":"Eruption","floor":6.0,"key":"SMITH"},{"data":"SignatureMove","floor":10.0,"key":"SMITH"},{"data":"FollowUp","floor":12.0,"key":"SMITH"},{"floor":15.0,"key":"REST"},{"data":"ReachHeaven","floor":23,"key":"SMITH"},{"floor":30,"key":"REST"},{"data":"Adaptation","floor":32,"key":"SMITH"},{"floor":40,"key":"REST"},{"floor":45,"key":"REST"},{"floor":49,"key":"REST"}],"circlet_count":0,"master_deck":["Strike_P","Strike_P","Strike_P","Defend_P","Defend_P","Eruption+1","Vigilance","SignatureMove+1","EmptyMind","FlurryOfBlows","ReachHeaven+1","FlurryOfBlows","PanicButton","FollowUp+1","ClearTheMind","DeusExMachina","Vengeance","Meditate+1","Adaptation+1","Writhe","Parasite","Devotion"],"relics":["VioletLotus","Golden Idol","Prayer Wheel","Empty Cage","Lizard Tail","Anchor","Bottled Flame","Matryoshka","Vajra","Lantern","Bag of Preparation","Cursed Key","Strawberry","Pen Nib"],"acts_visited":["Exordium","TheCity","TheBeyond"],"potions_floor_usage":[16,16,16,21,36,38,50,50],"damage_taken":[{"damage":0.0,"enemies":"Cultist","floor":1.0,"turns":3.0},{"damage":6.0,"enemies":"Jaw Worm","floor":2.0,"turns":2.0},{"damage":21.0,"enemies":"Small Slimes","floor":4.0,"turns":3.0},{"damage":2.0,"enemies":"Exordium Thugs","floor":7.0,"turns":2.0},{"damage":0.0,"enemies":"Exordium Wildlife","floor":11.0,"turns":2.0},{"damage":0.0,"enemies":"Large Slime","floor":13.0,"turns":3.0},{"damage":0.0,"enemies":"Looter","floor":14.0,"turns":1.0},{"damage":38,"enemies":"The Guardian","floor":16,"turns":5},{"damage":10,"enemies":"Spheric Guardian","floor":18,"turns":3},{"damage":0,"enemies":"3 Byrds","floor":21,"turns":4},{"damage":64,"enemies":"Book of Stabbing","floor":24,"turns":5},{"damage":0,"enemies":"Cultist and Chosen","floor":25,"turns":2},{"damage":34,"enemies":"Automaton","floor":33,"turns":6},{"damage":6,"enemies":"3 Shapes","floor":35,"turns":2},{"damage":10,"enemies":"3 Darklings","floor":36,"turns":3},{"damage":29,"enemies":"Writhing Mass","floor":37,"turns":4},{"damage":3,"enemies":"4 Shapes","floor":38,"turns":2},{"damage":43,"enemies":"Transient","floor":44,"turns":5},{"damage":10,"enemies":"Writhing Mass","floor":46,"turns":4},{"damage":0,"enemies":"Sphere and 2 Shapes","floor":47,"turns":2},{"damage":55,"enemies":"Awakened One","floor":50,"turns":4}],"seed_played":"-4825515136110448121","potions_obtained":[{"floor":1.0,"key":"Energy Potion"},{"floor":11.0,"key":"FearPotion"},{"floor":13.0,"key":"Block Potion"},{"floor":14.0,"key":"CultistPotion"},{"floor":18,"key":"Energy Potion"},{"floor":24,"key":"BottledMiracle"},{"floor":37,"key":"Fire Potion"},{"floor":38,"key":"LiquidBronze"},{"floor":47,"key":"Swift Potion"}],"is_trial":false,"path_per_floor":["M","M","?","M","?","R","M","$","T","R","M","R","M","M","R","B",null,"M","?","$","M","T","R","E","M","T","$","?","$","R","$","R","B",null,"M","M","M","M","?","R","?","?","T","M","R","M","M","$","R","B"],"character_chosen":"WATCHER","items_purchased":["FlurryOfBlows","PanicButton","Vengeance","Anchor","Bag of Preparation","Devotion"],"campfire_rested":5,"item_purchase_floors":[8,8,20,20,27,48],"current_hp_per_floor":[72,66,66,45,39,39,37,37,37,37,37,37,37,37,57,19,67,57,57,57,57,57,57,27,27,27,27,27,27,47,47,47,13,67,61,51,22,19,19,39,39,56,63,20,42,32,32,32,54,0,0],"gold":110,"neow_bonus":"BOSS_RELIC","is_daily":false,"chose_seed":false,"campfire_upgraded":5,"win_rate":0.0,"timestamp":1610670030,"path_taken":["M","M","?","M","?","R","?","?","T","R","?","R","M","M","R","BOSS","M","?","$","M","?","R","E","M","T","?","?","?","R","?","R","BOSS","M","M","M","M","?","R","?","?","T","M","R","M","M","$","R","BOSS"],"items_purchased_type":["Card","Card","Card","Relic","Relic","Card"],"build_version":"2020-12-22","purchased_purges":1,"victory":false,"max_hp_per_floor":[72,72,67,67,67,67,67,67,67,67,67,67,67,67,67,67,67,67,67,67,67,67,67,67,67,67,67,67,67,67,67,67,67,67,67,67,67,67,67,67,67,67,74,74,74,74,74,74,74,74,74],"card_choices":[{"not_picked":["EmptyBody","CrushJoints"],"picked":"SignatureMove","floor":1.0},{"not_picked":["WheelKick","FlurryOfBlows"],"picked":"EmptyMind","floor":2.0},{"not_picked":["Consecrate","SignatureMove"],"picked":"FlurryOfBlows","floor":4.0},{"not_picked":["Evaluate","FearNoEvil"],"picked":"ReachHeaven","floor":7.0},{"not_picked":["JustLucky","CarveReality"],"picked":"FollowUp","floor":11.0},{"not_picked":["SpiritShield","Wireheading","FlyingSleeves"],"picked":"SKIP","floor":11.0},{"not_picked":["PathToVictory","ForeignInfluence","JustLucky"],"picked":"SKIP","floor":13.0},{"not_picked":["EmptyFist","PathToVictory","Protect"],"picked":"SKIP","floor":13.0},{"not_picked":["Fasting2","ThirdEye"],"picked":"ClearTheMind","floor":14.0},{"not_picked":["ThirdEye","ClearTheMind","Blasphemy"],"picked":"SKIP","floor":14.0},{"not_picked":["SpiritShield","Judgement"],"picked":"DeusExMachina","floor":16},{"not_picked":["ThirdEye","Study","Evaluate+1"],"picked":"SKIP","floor":18},{"not_picked":["Evaluate","Sanctity","SashWhip"],"picked":"SKIP","floor":18},{"not_picked":["Halt","CutThroughFate"],"picked":"Meditate+1","floor":21},{"not_picked":["Conclude","FlyingSleeves+1","ThirdEye"],"picked":"SKIP","floor":21},{"not_picked":["CrushJoints+1","BattleHymn","Tantrum"],"picked":"SKIP","floor":24},{"not_picked":["Wireheading","Indignation"],"picked":"Adaptation","floor":25},{"not_picked":["CutThroughFate","BattleHymn","DeusExMachina"],"picked":"SKIP","floor":25},{"not_picked":["FlurryOfBlows+1","WaveOfTheHand","Worship+1"],"picked":"SKIP","floor":35},{"not_picked":["ThirdEye+1","BattleHymn","FollowUp"],"picked":"SKIP","floor":35},{"not_picked":["Vengeance+1","Evaluate","EmptyBody+1"],"picked":"SKIP","floor":36},{"not_picked":["ThirdEye+1","SashWhip+1","WheelKick"],"picked":"SKIP","floor":36},{"not_picked":["JustLucky","Wireheading","ReachHeaven+1"],"picked":"SKIP","floor":37},{"not_picked":["EmptyBody","Blasphemy","Nirvana+1"],"picked":"SKIP","floor":37},{"not_picked":["Protect+1","EmptyFist+1","SignatureMove+1"],"picked":"SKIP","floor":38},{"not_picked":["FlurryOfBlows","DeceiveReality","ReachHeaven"],"picked":"SKIP","floor":38},{"not_picked":["Wallop+1","SashWhip+1","ClearTheMind"],"picked":"SKIP","floor":44},{"not_picked":["Prostrate","SandsOfTime","Crescendo"],"picked":"SKIP","floor":44},{"not_picked":["Nirvana+1","BowlingBash","ThirdEye+1"],"picked":"SKIP","floor":46},{"not_picked":["Pray","FlurryOfBlows","CutThroughFate+1"],"picked":"SKIP","floor":46},{"not_picked":["LessonLearned","EmptyBody+1","FollowUp"],"picked":"SKIP","floor":47},{"not_picked":["Crescendo+1","Fasting2+1","Wireheading+1"],"picked":"SKIP","floor":47}],"player_experience":223241,"relics_obtained":[{"floor":9.0,"key":"Prayer Wheel"},{"floor":22,"key":"Bottled Flame"},{"floor":24,"key":"Matryoshka"},{"floor":26,"key":"Vajra"},{"floor":26,"key":"Lantern"},{"floor":43,"key":"Strawberry"},{"floor":43,"key":"Pen Nib"}],"event_choices":[{"damage_healed":0.0,"max_hp_gain":0.0,"max_hp_loss":5.0,"gold_gain":0.0,"event_name":"Golden Idol","player_choice":"Lose Max HP","floor":3.0,"gold_loss":0.0,"damage_taken":0.0,"relics_obtained":["Golden Idol"]},{"damage_healed":0.0,"max_hp_gain":0.0,"max_hp_loss":0.0,"gold_gain":0.0,"event_name":"Wheel of Change","player_choice":"Damaged","floor":5.0,"gold_loss":0.0,"damage_taken":6.0},{"damage_healed":0,"gold_gain":0,"player_choice":"Opened","damage_taken":0,"relics_obtained":["Lizard Tail"],"max_hp_gain":0,"max_hp_loss":0,"event_name":"The Mausoleum","floor":19,"gold_loss":0},{"damage_healed":0,"gold_gain":0,"player_choice":"Paid Fearfully","damage_taken":0,"max_hp_gain":0,"max_hp_loss":0,"event_name":"Masked Bandits","floor":28,"gold_loss":61},{"cards_removed":["Defend_P"],"damage_healed":0,"gold_gain":0,"player_choice":"Removed Skill","damage_taken":0,"max_hp_gain":0,"max_hp_loss":0,"event_name":"Falling","floor":39,"gold_loss":0},{"damage_healed":0,"gold_gain":0,"player_choice":"Ignored","damage_taken":0,"max_hp_gain":0,"max_hp_loss":0,"event_name":"Mysterious Sphere","floor":41,"gold_loss":0},{"damage_healed":17,"gold_gain":0,"player_choice":"Writhe","damage_taken":0,"max_hp_gain":0,"max_hp_loss":0,"event_name":"Winding Halls","floor":42,"gold_loss":0,"cards_obtained":["Writhe"]}],"is_beta":false,"boss_relics":[{"not_picked":["Ectoplasm","Runic Pyramid"],"picked":"Empty Cage"},{"not_picked":["Astrolabe","Black Star"],"picked":"Cursed Key"}],"items_purged_floors":[48],"is_endless":false,"potions_floor_spawned":[1,11,13,14,18,24,37,38,47],"killed_by":"Awakened One","ascension_level":0}}