{"host":"vra53s4gynvpqhud","time":1610728442,"event":{"mods":["100% Spire Juice","A Magickal Journey","AchievementEnabler","Aspiration","BaseMod","Better Match","Better Third Choice","BetterRewards","Conspire","Downfall","Energized Spire","Evolution","Friendly Minions","GifTheSpireLib","Hermit","HexUI Lib","Highlight Path","Hubris","Infinite Spire","Jorbs\u0027s Wanderer Trilogy","Luminous","Mad Scientist","Magitek Elite","Minty Spire (QoL Compilation)","Permanent Neow","Poor People Problems","Rare Cards Sparkle","Remove Card Discount Mod","Replay The Spire","Shop Mod","Somnambulant","StSLib","The Cursed","The Dragon Tamer","The Gatherer","The Hierophant","The Jungle","The Necromancer","The Poker Player","The Runesmith","TheArtist","TheBandit","Trackpad","egg"],"gold_per_floor":[114,114,128,13,32,32,32,50,50,50,50,82,95,95,95,79,79,94,105,71,71,71],"floor_reached":21,"language":"ENG","playtime":1867,"items_purged":["Moonworks:Strike","Moonworks:Strike","Moonworks:Strike","Moonworks:Defend","Moonworks:Ambush"],"score":206,"play_id":"041d0457-9112-4b41-9d7e-19015140ed4b","local_time":"20210115113402","is_ascension_mode":false,"campfire_choices":[{"data":"Moonworks:EvilSpyWorkPreparation","floor":6,"key":"SMITH"},{"floor":11,"key":"REST"},{"floor":15,"key":"REST"}],"circlet_count":0,"master_deck":["Moonworks:Assault","Moonworks:Defend","Moonworks:Defend","Moonworks:Defend","Moonworks:LongDistanceShot","Moonworks:EvilSpyWorkPreparation+1","ReplayTheSpireMod:Book of Names","Moonworks:JonathanRush","Moonworks:RagingMadness","Moonworks:ForcedRevival","Moonworks:SakisCookie","Moonworks:JonathanRush","Moonworks:SakisCookie","Moonworks:OutOfAmmo","Moonworks:SakisCookie","Moonworks:JonathanRush","Moonworks:JonathanRush"],"relics":["Moonworks:BrokenBomb","Moonworks:Homemark","EVO:Axolotl","Nunchaku","hubris:Icosahedron","hubris:ToyBattleship"],"acts_visited":["Exordium","TheCity"],"potions_floor_usage":[18,19,20,21],"damage_taken":[{"damage":5,"enemies":"2 Louse","floor":1,"turns":3},{"damage":0,"enemies":"Small Slimes","floor":3,"turns":4},{"damage":1,"enemies":"Jaw Worm","floor":5,"turns":3},{"damage":22,"enemies":"Gremlin Gang","floor":8,"turns":3},{"damage":20,"enemies":"Lagavulin","floor":12,"turns":5},{"damage":16,"enemies":"Lots of Slimes","floor":13,"turns":3},{"damage":7,"enemies":"Fading Forest","floor":16,"turns":11},{"damage":20,"enemies":"Spheric Guardian","floor":18,"turns":4},{"damage":0,"enemies":"3 Byrds","floor":19,"turns":3},{"damage":51,"enemies":"Snake Plant","floor":20,"turns":5},{"damage":12,"enemies":"Shelled Parasite and Fungi","floor":21,"turns":1}],"seed_played":"9072310967014777520","potions_obtained":[{"floor":8,"key":"Energy Potion"},{"floor":13,"key":"SpeedPotion"},{"floor":16,"key":"Block Potion"},{"floor":20,"key":"SkillPotion"}],"is_trial":false,"path_per_floor":["M","?","M","$","M","R","?","M","T","?","R","E","M","$","R","B",null,"M","M","M","M"],"character_chosen":"THE_STARBREAKER","items_purchased":["Moonworks:RagingMadness","Moonworks:ForcedRevival"],"campfire_rested":2,"item_purchase_floors":[4,4],"current_hp_per_floor":[61,45,45,45,44,44,44,29,29,29,48,33,19,19,38,46,66,46,53,9,0,0],"gold":71,"neow_bonus":"TEN_PERCENT_HP_BONUS","is_daily":false,"chose_seed":false,"campfire_upgraded":1,"win_rate":0.0,"timestamp":1610728442,"path_taken":["M","?","M","$","M","R","?","M","T","?","R","E","M","?","R","BOSS","M","?","M","M"],"items_purchased_type":["Card","Card"],"build_version":"2020-12-22","purchased_purges":5,"victory":false,"max_hp_per_floor":[66,66,66,66,66,66,66,66,66,66,66,66,66,66,66,66,66,66,66,66,66,66],"card_choices":[{"not_picked":["Moonworks:BigMagnum","Moonworks:ImOnFire"],"picked":"Moonworks:EvilSpyWorkPreparation","floor":1},{"not_picked":["infinitespire:Oblivion","ReplayTheSpireMod:??????????????????????"],"picked":"ReplayTheSpireMod:Book of Names","floor":2},{"not_picked":["Moonworks:ImOnFire","Moonworks:EvilSpyWorkPreparation"],"picked":"Moonworks:JonathanRush","floor":3},{"not_picked":["Moonworks:NicePresent","Moonworks:IntelligenceOfficer"],"picked":"Moonworks:SakisCookie","floor":5},{"not_picked":["Moonworks:SakisCookie","Moonworks:ImOnFire"],"picked":"Moonworks:JonathanRush","floor":8},{"not_picked":["Moonworks:DeployBits","Moonworks:MixPhenomenon"],"picked":"Moonworks:SakisCookie","floor":12},{"not_picked":["Moonworks:BackdoorTrade","Moonworks:ReproductionOfRecords","Moonworks:NicePresent"],"picked":"SKIP","floor":13},{"not_picked":["Moonworks:HolyNight","Moonworks:SinkOrSwim"],"picked":"Moonworks:OutOfAmmo","floor":16},{"not_picked":["Moonworks:Dash","Moonworks:Bloodlust"],"picked":"Moonworks:SakisCookie","floor":18},{"not_picked":["Moonworks:LuckyCharm","Moonworks:MiracleWalker+1"],"picked":"Moonworks:JonathanRush","floor":19},{"not_picked":["Moonworks:CookingTime","Moonworks:CastOff"],"picked":"Moonworks:JonathanRush","floor":20}],"player_experience":152427,"relics_obtained":[{"floor":9,"key":"Nunchaku"},{"floor":12,"key":"hubris:ToyBattleship"}],"event_choices":[{"damage_healed":0,"gold_gain":0,"player_choice":"Ignored","damage_taken":32,"max_hp_gain":0,"max_hp_loss":0,"event_name":"betterThird:BetterSerpent","floor":7,"gold_loss":0}],"is_beta":false,"boss_relics":[{"not_picked":["infinitespire:Cupcake","trackpad:Trackpad","Painkiller Herb"]}],"items_purged_floors":[4,4,4,4,4],"is_endless":false,"potions_floor_spawned":[8,13,16,20],"killed_by":"Shelled Parasite and Fungi","ascension_level":0}}