{"host":"d85gwtocd8go8gx0","time":1610672004,"event":{"mods":["BaseMod","Highlight Path","Minty Spire (QoL Compilation)","Permanent Neow","Quick Restart","UnlockEverythingMod"],"gold_per_floor":[117,117,117,130,130,159,31,49,75,94,128,149,158,186,186,274,274,294,303,56,80,5,5,5],"floor_reached":23,"language":"ENG","playtime":709,"items_purged":["Decay"],"score":402,"play_id":"b6b63ada-53de-444f-bb51-57827e6b54b0","local_time":"20210114165324","is_ascension_mode":true,"campfire_choices":[{"floor":13.0,"key":"REST"},{"data":"Bash","floor":15,"key":"SMITH"}],"circlet_count":0,"master_deck":["AscendersBane","Strike_R","Strike_R","Strike_R","Strike_R","Defend_R","Defend_R","Defend_R","Defend_R","Bash+1","Seeing Red","Cleave","Inflame","Flash of Steel","Metallicize","Pummel","Thunderclap","Double Tap","Warcry","Demon Form","Warcry"],"relics":["Sozu","Dream Catcher","FaceOfCleric","StrikeDummy","CeramicFish","Blood Vial","Cursed Key","ClockworkSouvenir"],"acts_visited":["Exordium","TheCity"],"potions_floor_usage":[],"damage_taken":[{"damage":13.0,"enemies":"2 Louse","floor":1.0,"turns":3.0},{"damage":2.0,"enemies":"Jaw Worm","floor":4.0,"turns":3.0},{"damage":59.0,"enemies":"Lagavulin","floor":6.0,"turns":10.0},{"damage":0.0,"enemies":"Cultist","floor":8.0,"turns":3.0},{"damage":7.0,"enemies":"2 Fungi Beasts","floor":10.0,"turns":2.0},{"damage":5.0,"enemies":"Gremlin Nob","floor":11.0,"turns":3.0},{"damage":0.0,"enemies":"Exordium Thugs","floor":12.0,"turns":4.0},{"damage":0,"enemies":"Gremlin Gang","floor":14,"turns":1},{"damage":40,"enemies":"Slime Boss","floor":16,"turns":7},{"damage":24,"enemies":"Spheric Guardian","floor":18,"turns":4},{"damage":25,"enemies":"3 Byrds","floor":21,"turns":6},{"damage":27,"enemies":"Gremlin Leader","floor":23,"turns":2}],"seed_played":"-6378404931939346916","potions_obtained":[],"is_trial":false,"path_per_floor":["M","?","?","M","?","E","$","M","T","M","E","M","R","M","R","B",null,"M","?","$","M","?","E"],"character_chosen":"IRONCLAD","items_purchased":["Inflame","Flash of Steel","ClockworkSouvenir"],"campfire_rested":1,"item_purchase_floors":[7,7,20],"current_hp_per_floor":[55,44,44,43,76,18,18,19,19,13,9,12,36,39,39,2,63,42,42,42,20,20,0,0],"gold":5,"neow_bonus":"BOSS_RELIC","is_daily":false,"chose_seed":false,"campfire_upgraded":1,"win_rate":0.0,"timestamp":1610672004,"path_taken":["M","?","?","?","?","E","?","M","T","M","E","?","R","M","R","BOSS","M","?","$","M","?","E"],"items_purchased_type":["Card","Card","Relic"],"build_version":"2020-12-22","purchased_purges":1,"victory":false,"max_hp_per_floor":[75,75,75,76,76,77,77,78,78,79,80,81,81,82,82,83,83,84,84,84,85,85,85,85],"card_choices":[{"not_picked":["Reckless Charge","Clash"],"picked":"Sentinel","floor":1.0},{"not_picked":["Blood for Blood","Pommel Strike"],"picked":"Seeing Red","floor":4.0},{"not_picked":["Pummel","Warcry"],"picked":"Cleave","floor":6.0},{"not_picked":["Sentinel","True Grit"],"picked":"Metallicize","floor":8.0},{"not_picked":["Cleave","Headbutt"],"picked":"Pummel","floor":10.0},{"not_picked":["Body Slam","Iron Wave","Reckless Charge"],"picked":"SKIP","floor":11.0},{"not_picked":["Havoc","Combust"],"picked":"Thunderclap","floor":12.0},{"not_picked":["Carnage","Clothesline"],"picked":"Double Tap","floor":13.0},{"not_picked":["True Grit","Shockwave"],"picked":"Warcry","floor":14},{"not_picked":["Double Tap","Barricade"],"picked":"Demon Form","floor":16},{"not_picked":["Wild Strike","Headbutt","True Grit"],"picked":"SKIP","floor":18},{"not_picked":["Pummel","Clothesline"],"picked":"Warcry","floor":21}],"player_experience":6292,"relics_obtained":[{"floor":6.0,"key":"StrikeDummy"},{"floor":9.0,"key":"CeramicFish"},{"floor":11.0,"key":"Blood Vial"}],"event_choices":[{"damage_healed":0.0,"max_hp_gain":0.0,"max_hp_loss":0.0,"gold_gain":0.0,"event_name":"Scrap Ooze","player_choice":"Success","floor":2.0,"gold_loss":0.0,"damage_taken":11.0,"relics_obtained":["Dream Catcher"]},{"damage_healed":0.0,"max_hp_gain":0.0,"max_hp_loss":0.0,"gold_gain":0.0,"event_name":"FaceTrader","player_choice":"Trade","floor":3.0,"gold_loss":0.0,"damage_taken":0.0,"relics_obtained":["FaceOfCleric"]},{"cards_removed":["Sentinel"],"damage_healed":33.0,"max_hp_gain":0.0,"max_hp_loss":0.0,"gold_gain":0.0,"event_name":"Bonfire Elementals","player_choice":"Offered Uncommon","floor":5.0,"gold_loss":0.0,"damage_taken":0.0},{"damage_healed":0,"gold_gain":0,"player_choice":"Smashed Altar","damage_taken":0,"max_hp_gain":0,"max_hp_loss":0,"event_name":"Forgotten Altar","floor":19,"gold_loss":0,"cards_obtained":["Decay"]},{"cards_removed":["Strike_R"],"damage_healed":0,"gold_gain":0,"player_choice":"Gave Gold","damage_taken":0,"max_hp_gain":0,"max_hp_loss":0,"event_name":"Beggar","floor":22,"gold_loss":75}],"is_beta":false,"boss_relics":[{"not_picked":["Runic Dome","Ectoplasm"],"picked":"Cursed Key"}],"items_purged_floors":[20],"is_endless":false,"potions_floor_spawned":[1,6,11,16],"killed_by":"Gremlin Leader","ascension_level":20}}