{"host":"pvf7uj918he10jir","time":1610690012,"event":{"mods":["AchievementEnabler","BaseMod","Colored Map","Colored Powertips","Highlight Path","Minty Spire (QoL Compilation)","Relic Stats","Slay the Relics Exporter","everything is the same but u backflip on backflip"],"gold_per_floor":[118,136,155,155,155,155,189,208,277,14,32,22,22,56,56,156,156,176,49,49,61,61,61,15,15,83,110,110,144,156,336,336,439,439,453,453,453,500,500,500,516,516,516],"floor_reached":42,"language":"ENG","playtime":3060,"items_purged":["Strike_B"],"score":588,"play_id":"02c7a862-4fbb-4867-9e1b-c9b2994505ec","local_time":"20210115005332","is_ascension_mode":true,"campfire_choices":[{"data":"Zap","floor":6,"key":"SMITH"},{"floor":13,"key":"REST"},{"floor":15,"key":"REST"},{"data":"Seek","floor":23,"key":"SMITH"},{"data":"Steam Power","floor":25,"key":"SMITH"},{"data":"Beam Cell","floor":28,"key":"SMITH"},{"floor":32,"key":"REST"},{"data":"Static Discharge","floor":40,"key":"SMITH"}],"circlet_count":0,"master_deck":["Strike_B","Strike_B","Strike_B","Defend_B","Defend_B","Defend_B","Defend_B","Zap+1","Dualcast","Sweeping Beam","Redo","Conserve Battery","Genetic Algorithm","Apotheosis+1","Hologram","All For One","Steam Power+1","Seek+1","Scrape","Fission","Redo","Thunder Strike","Beam Cell+1","FTL","Static Discharge+1","Echo Form","CurseOfTheBell","Enlightenment","Double Energy+1","Writhe"],"relics":["Cracked Core","GremlinMask","MealTicket","Shuriken","Incense Burner","Cursed Key","Ornamental Fan","Juzu Bracelet","Bottled Flame","Calling Bell","Vajra","Darkstone Periapt","Gambling Chip","StoneCalendar"],"acts_visited":["Exordium","TheCity","TheBeyond"],"potions_floor_usage":[5,29,33,41],"damage_taken":[{"damage":3,"enemies":"Small Slimes","floor":1,"turns":4},{"damage":1,"enemies":"Cultist","floor":2,"turns":3},{"damage":7,"enemies":"Jaw Worm","floor":3,"turns":2},{"damage":8,"enemies":"Gremlin Gang","floor":5,"turns":3},{"damage":33,"enemies":"3 Sentries","floor":7,"turns":8},{"damage":14,"enemies":"Looter","floor":8,"turns":4},{"damage":4,"enemies":"Large Slime","floor":11,"turns":5},{"damage":14,"enemies":"Exordium Thugs","floor":12,"turns":5},{"damage":26,"enemies":"Lagavulin","floor":14,"turns":4},{"damage":21,"enemies":"Hexaghost","floor":16,"turns":9},{"damage":0,"enemies":"Spheric Guardian","floor":18,"turns":3},{"damage":12,"enemies":"Shell Parasite","floor":21,"turns":3},{"damage":19,"enemies":"Slavers","floor":27,"turns":5},{"damage":0,"enemies":"Gremlin Leader","floor":29,"turns":4},{"damage":20,"enemies":"Snake Plant","floor":30,"turns":3},{"damage":21,"enemies":"Automaton","floor":33,"turns":5},{"damage":29,"enemies":"Orb Walker","floor":35,"turns":3},{"damage":5,"enemies":"2 Orb Walkers","floor":38,"turns":4},{"damage":12,"enemies":"3 Shapes","floor":41,"turns":4},{"damage":61,"enemies":"Nemesis","floor":42,"turns":4}],"seed_played":"2418289337709284110","potions_obtained":[{"floor":2,"key":"Swift Potion"},{"floor":3,"key":"SmokeBomb"},{"floor":7,"key":"Energy Potion"},{"floor":8,"key":"Swift Potion"},{"floor":33,"key":"PowerPotion"},{"floor":35,"key":"Fire Potion"},{"floor":38,"key":"Dexterity Potion"}],"is_trial":false,"path_per_floor":["M","M","M","?","M","R","E","M","T","$","M","M","R","E","R","B",null,"M","$","?","M","?","R","$","R","T","E","R","E","M","?","R","B",null,"M","?","?","?","?","R","M","E"],"character_chosen":"DEFECT","items_purchased":["Apotheosis","Fission","Redo","Beam Cell"],"campfire_rested":3,"item_purchase_floors":[10,19,19,24],"current_hp_per_floor":[79,78,71,71,63,63,30,16,16,31,27,13,37,11,35,14,82,82,82,82,70,54,54,69,69,69,50,50,50,30,11,37,16,87,58,58,48,43,71,71,59,0,0],"gold":516,"neow_bonus":"TEN_PERCENT_HP_BONUS","is_daily":false,"chose_seed":false,"campfire_upgraded":5,"win_rate":0.0,"timestamp":1610690012,"path_taken":["M","M","M","?","?","R","E","M","T","$","M","?","R","E","R","BOSS","M","$","?","?","?","R","$","R","T","E","R","E","M","?","R","BOSS","M","?","?","?","?","R","M","E"],"items_purchased_type":["Card","Card","Card","Card"],"build_version":"2020-12-22","purchased_purges":1,"victory":false,"max_hp_per_floor":[82,82,82,82,82,82,82,82,82,82,82,82,82,82,82,82,82,82,82,82,82,87,87,87,87,87,87,87,87,87,87,87,87,87,87,87,87,87,93,93,93,93,93],"relic_stats":{"Darkstone Periapt":6,"counters":[20,85],"Shuriken":[17],"Ornamental Fan":[64],"Gambling Chip":[9],"MealTicket":30,"StoneCalendar":[0],"Juzu Bracelet":1,"Cursed Key":1,"obtain_stats":[{"Darkstone Periapt":34,"Vajra":34,"GremlinMask":4,"StoneCalendar":38,"Incense Burner":14,"Juzu Bracelet":27,"Cursed Key":17,"Calling Bell":34,"Bottled Flame":29,"Shuriken":9,"Ornamental Fan":26,"Gambling Chip":34,"MealTicket":7,"Cracked Core":0},{"Darkstone Periapt":16,"Vajra":16,"GremlinMask":3,"StoneCalendar":18,"Incense Burner":9,"Juzu Bracelet":13,"Cursed Key":10,"Calling Bell":16,"Bottled Flame":14,"Shuriken":6,"Ornamental Fan":12,"Gambling Chip":16,"MealTicket":5,"Cracked Core":0},{"Darkstone Periapt":70,"Vajra":70,"GremlinMask":9,"StoneCalendar":77,"Incense Burner":38,"Juzu Bracelet":58,"Cursed Key":47,"Calling Bell":70,"Bottled Flame":62,"Shuriken":24,"Ornamental Fan":53,"Gambling Chip":70,"MealTicket":20,"Cracked Core":0}]},"card_choices":[{"not_picked":["Cold Snap","Stack"],"picked":"Sweeping Beam","floor":1},{"not_picked":["Streamline","Barrage"],"picked":"Redo","floor":2},{"not_picked":["Sweeping Beam","Recycle"],"picked":"Conserve Battery","floor":3},{"not_picked":["Biased Cognition","Turbo"],"picked":"Genetic Algorithm","floor":7},{"not_picked":["Beam Cell","Go for the Eyes","Barrage"],"picked":"SKIP","floor":8},{"not_picked":["Barrage","Conserve Battery"],"picked":"Hologram","floor":11},{"not_picked":["Auto Shields","Blizzard"],"picked":"All For One","floor":12},{"not_picked":["White Noise","Lockon"],"picked":"Steam Power","floor":14},{"not_picked":["Core Surge","Echo Form"],"picked":"Seek","floor":16},{"not_picked":["Steam","Stack+1"],"picked":"Scrape","floor":18},{"not_picked":["Hologram+1","Rebound"],"picked":"Thunder Strike","floor":21},{"not_picked":["Sweeping Beam+1","Lockon"],"picked":"FTL","floor":27},{"not_picked":["Static Discharge","Reprogram+1","Rebound"],"picked":"SKIP","floor":29},{"not_picked":["Reprogram+1","Rebound"],"picked":"Static Discharge","floor":29},{"not_picked":["Steam","Genetic Algorithm","Ball Lightning"],"picked":"SKIP","floor":30},{"not_picked":["Fission","Buffer"],"picked":"Echo Form","floor":33},{"not_picked":["Go for the Eyes","Reinforced Body","Turbo"],"picked":"SKIP","floor":35},{"not_picked":["Mayhem","Magnetism"],"picked":"Enlightenment","floor":37},{"not_picked":["BootSequence+1","Redo"],"picked":"Double Energy+1","floor":38},{"not_picked":["Go for the Eyes+1","Leap","Fusion"],"picked":"SKIP","floor":41}],"player_experience":149443,"relics_obtained":[{"floor":7,"key":"MealTicket"},{"floor":9,"key":"Shuriken"},{"floor":14,"key":"Incense Burner"},{"floor":26,"key":"Ornamental Fan"},{"floor":27,"key":"Juzu Bracelet"},{"floor":29,"key":"Bottled Flame"},{"floor":34,"key":"Vajra"},{"floor":34,"key":"Darkstone Periapt"},{"floor":34,"key":"Gambling Chip"},{"floor":38,"key":"StoneCalendar"}],"event_choices":[{"damage_healed":0,"gold_gain":0,"player_choice":"Trade","damage_taken":0,"relics_obtained":["GremlinMask"],"max_hp_gain":0,"max_hp_loss":0,"event_name":"FaceTrader","floor":4,"gold_loss":0},{"damage_healed":0,"gold_gain":0,"player_choice":"Upgraded","damage_taken":0,"max_hp_gain":0,"max_hp_loss":0,"event_name":"Upgrade Shrine","floor":20,"gold_loss":0,"cards_upgraded":["Apotheosis"]},{"damage_healed":0,"gold_gain":0,"player_choice":"Shed Blood","damage_taken":21,"max_hp_gain":5,"max_hp_loss":0,"event_name":"Forgotten Altar","floor":22,"gold_loss":0},{"damage_healed":0,"gold_gain":180,"player_choice":"GOLD GOLD ","damage_taken":19,"max_hp_gain":0,"max_hp_loss":0,"event_name":"Knowing Skull","floor":31,"potions_obtained":[],"gold_loss":0,"cards_obtained":[]},{"cards_removed":["Decay"],"damage_healed":0,"gold_gain":0,"player_choice":"Removed Curses","damage_taken":0,"max_hp_gain":0,"max_hp_loss":0,"event_name":"Fountain of Cleansing","floor":36,"gold_loss":0},{"damage_healed":0,"gold_gain":0,"player_choice":"Memory 3","damage_taken":10,"max_hp_gain":0,"max_hp_loss":0,"event_name":"SensoryStone","floor":37,"gold_loss":0},{"damage_healed":0,"gold_gain":0,"player_choice":"Fight","damage_taken":0,"max_hp_gain":0,"max_hp_loss":0,"event_name":"Mysterious Sphere","floor":38,"gold_loss":0},{"damage_healed":22,"gold_gain":0,"player_choice":"Writhe","damage_taken":0,"max_hp_gain":0,"max_hp_loss":0,"event_name":"Winding Halls","floor":39,"gold_loss":0,"cards_obtained":["Writhe"]}],"is_beta":false,"boss_relics":[{"not_picked":["Runic Dome","Tiny House"],"picked":"Cursed Key"},{"not_picked":["Inserter","SlaversCollar"],"picked":"Calling Bell"}],"items_purged_floors":[10],"is_endless":false,"potions_floor_spawned":[2,3,7,8,21,27,33,35,38],"killed_by":"Nemesis","ascension_level":4}}