{"host":"0vd2boh2oi7jm085","time":1610698075,"event":{"mods":["BaseMod","Colored Map","Colored Powertips","Highlight Path","Minty Spire (QoL Compilation)","Quick Restart","StSLib","The IronCluck"],"gold_per_floor":[112,112,1,12,12,12,12,29,52,52,52,65,78,89,89,89,89],"floor_reached":16,"language":"ENG","playtime":280,"items_purged":[],"score":179,"play_id":"80de1e85-1c08-41d1-9b76-37ef7c1ac55c","local_time":"20210115000755","is_ascension_mode":true,"campfire_choices":[{"floor":10,"key":"REST"},{"floor":15,"key":"REST"}],"circlet_count":0,"master_deck":["AscendersBane","Strike_R","Strike_R","Strike_R","Strike_R","Strike_R","Defend_R","Defend_R","Defend_R","Defend_R+1","Bash","Flex","Pummel","Thunderclap","Bloodletting+1","Whirlwind"],"relics":["Burning Blood","White Beast Statue","War Paint"],"acts_visited":["Exordium"],"potions_floor_usage":[16,16],"damage_taken":[{"damage":1,"enemies":"Cultist","floor":1,"turns":3},{"damage":5,"enemies":"2 Louse","floor":4,"turns":3},{"damage":10,"enemies":"Jaw Worm","floor":8,"turns":3},{"damage":27,"enemies":"3 Louse","floor":12,"turns":3},{"damage":32,"enemies":"Lots of Slimes","floor":13,"turns":5},{"damage":6,"enemies":"Gremlin Gang","floor":14,"turns":2},{"damage":41,"enemies":"Hexaghost","floor":16,"turns":9}],"seed_played":"5272332220444257393","potions_obtained":[{"floor":8,"key":"SteroidPotion"},{"floor":12,"key":"Fire Potion"}],"is_trial":false,"path_per_floor":["M","?","$","M","?","$","$","M","T","R","?","M","M","M","R","B"],"character_chosen":"IRONCLAD","items_purchased":["Pummel","Thunderclap"],"campfire_rested":2,"item_purchase_floors":[3,3],"current_hp_per_floor":[69,69,69,70,44,44,44,40,40,66,66,45,19,19,45,4,4],"gold":89,"neow_bonus":"TWENTY_PERCENT_HP_BONUS","is_daily":false,"chose_seed":false,"campfire_upgraded":0,"win_rate":0.0,"timestamp":1610698075,"path_taken":["M","?","$","M","?","?","$","M","T","R","?","?","M","M","R","BOSS"],"items_purchased_type":["Card","Card"],"build_version":"2020-12-22","purchased_purges":0,"victory":false,"max_hp_per_floor":[89,89,89,89,89,89,89,89,89,89,89,89,89,89,89,89,89],"card_choices":[{"not_picked":["Warcry","Pommel Strike"],"picked":"Flex","floor":1},{"not_picked":["Warcry","Combust"],"picked":"Bloodletting","floor":4},{"not_picked":["Havoc","Shrug It Off","Ghostly Armor"],"picked":"SKIP","floor":8},{"not_picked":["Clash","Pummel","True Grit"],"picked":"SKIP","floor":12},{"not_picked":["Pommel Strike","Rampage"],"picked":"Whirlwind","floor":13},{"not_picked":["Dual Wield","True Grit","Bloodletting"],"picked":"SKIP","floor":14}],"player_experience":106955,"relics_obtained":[{"floor":9,"key":"War Paint"}],"event_choices":[{"damage_healed":0,"gold_gain":0,"player_choice":"Ignored","damage_taken":0,"max_hp_gain":0,"max_hp_loss":0,"event_name":"Shining Light","floor":2,"gold_loss":0},{"damage_healed":0,"gold_gain":0,"player_choice":"Success","damage_taken":26,"relics_obtained":["White Beast Statue"],"max_hp_gain":0,"max_hp_loss":0,"event_name":"Scrap Ooze","floor":5,"gold_loss":0},{"damage_healed":0,"gold_gain":0,"player_choice":"Ignored","damage_taken":0,"max_hp_gain":0,"max_hp_loss":0,"event_name":"Purifier","floor":11,"gold_loss":0}],"is_beta":false,"boss_relics":[],"items_purged_floors":[],"is_endless":false,"potions_floor_spawned":[8,12,13,14],"killed_by":"Hexaghost","ascension_level":19}}