{"host":"i09pxcjttd31eh4q","time":1610728207,"event":{"mods":["AchievementEnabler","BaseMod","Colored Map","Keyboard Shortcuts","Minty Spire (QoL Compilation)","StSLib","SuperFastMode"],"gold_per_floor":[118,118,118,43,63,106,106,130,130,180,205,228,271,285,285,376,376,397,397,411,429,429,429,329,353,353,353,376,400,439,439,439],"floor_reached":31,"language":"KOR","playtime":683,"items_purged":["Strike_G","Strike_G"],"score":548,"play_id":"c31cf40e-2f6b-446c-9ce0-9c247c26ff00","local_time":"20210116013007","is_ascension_mode":true,"campfire_choices":[{"data":"Noxious Fumes","floor":7.0,"key":"SMITH"},{"data":"Blade Dance","floor":15.0,"key":"SMITH"},{"data":"Acrobatics","floor":23,"key":"SMITH"},{"data":"Venomology","floor":27,"key":"SMITH"}],"circlet_count":0,"master_deck":["AscendersBane","Strike_G","Strike_G","Strike_G","Defend_G","Defend_G","Defend_G","Defend_G","Defend_G","Survivor","Neutralize","Blade Dance+1","Noxious Fumes+1","Acrobatics+1","Dagger Spray","Backstab","Footwork+1","Blur","Grand Finale","Dagger Throw","Venomology+1","Backflip"],"relics":["Ring of the Snake","NeowsBlessing","Golden Idol","Frozen Egg 2","Matryoshka","Orichalcum","Runic Pyramid","Darkstone Periapt","Sundial","Red Mask"],"acts_visited":["Exordium","TheCity"],"potions_floor_usage":[25,29,29,30,31],"damage_taken":[{"damage":0.0,"enemies":"Small Slimes","floor":1.0,"turns":1.0},{"damage":0.0,"enemies":"2 Louse","floor":5.0,"turns":1.0},{"damage":0.0,"enemies":"Gremlin Nob","floor":6.0,"turns":1.0},{"damage":1.0,"enemies":"Cultist","floor":8.0,"turns":4.0},{"damage":11.0,"enemies":"3 Louse","floor":11.0,"turns":4.0},{"damage":4.0,"enemies":"2 Fungi Beasts","floor":12.0,"turns":3.0},{"damage":16.0,"enemies":"Lagavulin","floor":13.0,"turns":9.0},{"damage":0.0,"enemies":"Blue Slaver","floor":14.0,"turns":5.0},{"damage":27.0,"enemies":"Slime Boss","floor":16.0,"turns":13.0},{"damage":7,"enemies":"3 Byrds","floor":18,"turns":3},{"damage":17,"enemies":"2 Thieves","floor":20,"turns":3},{"damage":7,"enemies":"Snake Plant","floor":21,"turns":4},{"damage":0,"enemies":"Cultist and Chosen","floor":25,"turns":4},{"damage":0,"enemies":"3 Cultists","floor":28,"turns":3},{"damage":6,"enemies":"Centurion and Healer","floor":29,"turns":3},{"damage":2,"enemies":"Masked Bandits","floor":30,"turns":2},{"damage":15,"enemies":"Shelled Parasite and Fungi","floor":31,"turns":2}],"seed_played":"-7905495490718416275","potions_obtained":[{"floor":1.0,"key":"Ancient Potion"},{"floor":5.0,"key":"Strength Potion"},{"floor":11.0,"key":"Explosive Potion"},{"floor":16,"key":"Energy Potion"},{"floor":21,"key":"Explosive Potion"},{"floor":30,"key":"Fire Potion"}],"is_trial":false,"path_per_floor":["M","?","?","$","M","E","R","M","T","?","M","M","E","M","R","B",null,"M","?","M","M","?","R","$","M","T","R","M","M","?","M"],"character_chosen":"THE_SILENT","items_purchased":[],"campfire_rested":0,"item_purchase_floors":[],"current_hp_per_floor":[59,64,64,64,64,64,64,63,63,63,52,48,32,32,32,5,49,42,42,25,18,18,18,18,18,18,18,18,12,10,0,0],"gold":439,"neow_bonus":"THREE_ENEMY_KILL","is_daily":false,"chose_seed":false,"campfire_upgraded":4,"win_rate":0.0,"timestamp":1610728207,"path_taken":["M","?","?","$","M","E","R","M","T","?","M","M","E","M","R","BOSS","BOSS","M","?","M","M","?","R","$","M","T","R","M","M","?","?"],"items_purchased_type":[],"build_version":"2020-12-22","purchased_purges":2,"victory":false,"max_hp_per_floor":[66,71,64,64,64,64,64,64,64,64,64,64,64,64,64,64,64,64,64,64,64,64,64,64,64,64,64,64,64,64,64,64],"card_choices":[{"not_picked":["Caltrops","Concentrate"],"picked":"Blade Dance","floor":1.0},{"not_picked":["Concentrate","Cloak And Dagger"],"picked":"Noxious Fumes","floor":5.0},{"not_picked":["Caltrops+1","Backflip"],"picked":"Acrobatics","floor":6.0},{"not_picked":["Outmaneuver","Riddle With Holes"],"picked":"Dagger Spray","floor":8.0},{"not_picked":["Dodge and Roll","Deadly Poison"],"picked":"Backstab","floor":11.0},{"not_picked":["Slice","Endless Agony"],"picked":"Footwork+1","floor":12.0},{"not_picked":["Acrobatics","Underhanded Strike","Dagger Spray"],"picked":"SKIP","floor":13.0},{"not_picked":["Riddle With Holes","Deflect"],"picked":"Blur","floor":14.0},{"not_picked":["Die Die Die","Adrenaline"],"picked":"Grand Finale","floor":16},{"not_picked":["Quick Slash","Dash","Sucker Punch"],"picked":"SKIP","floor":18},{"not_picked":["All Out Attack","Catalyst"],"picked":"Dagger Throw","floor":20},{"not_picked":["Underhanded Strike","PiercingWail"],"picked":"Venomology","floor":21},{"not_picked":["Slice","Dodge and Roll"],"picked":"Backflip","floor":25},{"not_picked":["Dagger Throw","Expertise","Riddle With Holes"],"picked":"SKIP","floor":28},{"not_picked":["Flying Knee","Dodge and Roll","Poisoned Stab"],"picked":"SKIP","floor":29}],"player_experience":854191,"relics_obtained":[{"floor":6.0,"key":"Frozen Egg 2"},{"floor":9.0,"key":"Matryoshka"},{"floor":13.0,"key":"Orichalcum"},{"floor":26,"key":"Darkstone Periapt"},{"floor":26,"key":"Sundial"},{"floor":30,"key":"Red Mask"}],"event_choices":[{"damage_healed":0.0,"max_hp_gain":5.0,"max_hp_loss":0.0,"gold_gain":0.0,"event_name":"Big Fish","player_choice":"Donut","floor":2.0,"gold_loss":0.0,"damage_taken":0.0},{"damage_healed":0.0,"max_hp_gain":0.0,"max_hp_loss":7.0,"gold_gain":0.0,"event_name":"Golden Idol","player_choice":"Lose Max HP","floor":3.0,"gold_loss":0.0,"damage_taken":0.0,"relics_obtained":["Golden Idol"]},{"damage_healed":0.0,"max_hp_gain":0.0,"max_hp_loss":0.0,"gold_gain":50.0,"event_name":"Golden Shrine","player_choice":"Pray","floor":10.0,"gold_loss":0.0,"damage_taken":0.0},{"damage_healed":0,"gold_gain":0,"player_choice":"Ignored","damage_taken":0,"max_hp_gain":0,"max_hp_loss":0,"event_name":"The Mausoleum","floor":19,"gold_loss":0},{"damage_healed":0,"gold_gain":0,"player_choice":"Ignored","damage_taken":0,"max_hp_gain":0,"max_hp_loss":0,"event_name":"Vampires","floor":22,"gold_loss":0},{"damage_healed":0,"gold_gain":0,"player_choice":"Fought Bandits","damage_taken":0,"max_hp_gain":0,"max_hp_loss":0,"event_name":"Masked Bandits","floor":30,"gold_loss":0}],"is_beta":false,"boss_relics":[{"not_picked":["Astrolabe","Ring of the Serpent"],"picked":"Runic Pyramid"}],"items_purged_floors":[4,24],"is_endless":false,"potions_floor_spawned":[1,5,11,16,21,30],"killed_by":"Shelled Parasite and Fungi","ascension_level":20}}