{"host":"qjv9b7mze4c73keh","time":1610707360,"event":{"mods":["BaseMod","Minty Spire (QoL Compilation)"],"gold_per_floor":[113,113,130,150,52,80,80,80,80,80,103,114,114,129,129,229,229,246,246,257,182,199,230,230,155,155,87,87,102,121,121,121,121,121],"floor_reached":33,"language":"RUS","playtime":3500,"items_purged":["Strike_R"],"score":265,"play_id":"a5f9faf4-25c2-41df-b605-12c1da2e48c0","local_time":"20210115154240","is_ascension_mode":false,"campfire_choices":[{"floor":8,"key":"REST"},{"data":"Armaments","floor":13,"key":"SMITH"},{"data":"Searing Blow+1","floor":15,"key":"SMITH"},{"floor":24,"key":"REST"},{"floor":28,"key":"REST"},{"floor":32,"key":"REST"}],"circlet_count":0,"master_deck":["Strike_R","Strike_R","Strike_R","Defend_R","Defend_R","Defend_R","Defend_R","Searing Blow+2","Armaments+1","Panacea","Reaper+1","Body Slam+1","Intimidate","Barricade","Intimidate+1"],"relics":["Burning Blood","TungstenRod","Molten Egg 2","Strawberry","Anchor","Black Star","Centennial Puzzle","Boot","Ancient Tea Set"],"acts_visited":["Exordium","TheCity"],"potions_floor_usage":[16,16,23,29,33],"damage_taken":[{"damage":0,"enemies":"2 Louse","floor":1,"turns":4},{"damage":5,"enemies":"Jaw Worm","floor":3,"turns":4},{"damage":1,"enemies":"Small Slimes","floor":4,"turns":4},{"damage":48,"enemies":"Gremlin Nob","floor":6,"turns":6},{"damage":0,"enemies":"Exordium Wildlife","floor":12,"turns":5},{"damage":3,"enemies":"2 Fungi Beasts","floor":14,"turns":6},{"damage":50,"enemies":"Hexaghost","floor":16,"turns":10},{"damage":9,"enemies":"Chosen","floor":18,"turns":6},{"damage":26,"enemies":"Spheric Guardian","floor":20,"turns":8},{"damage":26,"enemies":"Snake Plant","floor":22,"turns":6},{"damage":53,"enemies":"Slavers","floor":23,"turns":8},{"damage":37,"enemies":"Sentry and Sphere","floor":29,"turns":13},{"damage":13,"enemies":"Centurion and Healer","floor":30,"turns":10},{"damage":57,"enemies":"Champ","floor":33,"turns":20}],"seed_played":"8014723408288763","potions_obtained":[{"floor":3,"key":"PowerPotion"},{"floor":6,"key":"Strength Potion"},{"floor":20,"key":"Strength Potion"},{"floor":23,"key":"LiquidMemories"}],"is_trial":false,"path_per_floor":["M","?","M","M","$","E","?","R","T","?","T","M","R","M","R","B",null,"M","?","M","$","M","E","R","?","T","$","R","M","M","?","R","B"],"character_chosen":"IRONCLAD","items_purchased":["Panacea","Barricade"],"campfire_rested":4,"item_purchase_floors":[5,27],"current_hp_per_floor":[72,72,72,72,72,30,30,51,58,58,58,64,64,67,67,23,79,76,76,56,56,39,13,36,36,36,36,59,33,36,26,49,0,0],"gold":121,"neow_bonus":"ONE_RARE_RELIC","is_daily":false,"chose_seed":false,"campfire_upgraded":2,"win_rate":0.0,"timestamp":1610707360,"path_taken":["M","?","M","M","$","E","?","R","T","?","?","M","R","M","R","BOSS","M","?","M","$","M","E","R","?","T","?","R","M","M","?","R","BOSS"],"items_purchased_type":["Card","Card"],"build_version":"2020-12-22","purchased_purges":1,"victory":false,"max_hp_per_floor":[72,72,72,72,72,72,72,72,79,79,79,79,79,79,79,79,79,79,79,79,79,79,79,79,79,79,79,79,79,79,79,79,79,79],"card_choices":[{"not_picked":["Cleave","Havoc"],"picked":"Searing Blow","floor":1},{"not_picked":["Sword Boomerang","Inflame","Clash"],"picked":"SKIP","floor":3},{"not_picked":["Anger","Clothesline"],"picked":"Armaments","floor":4},{"not_picked":["Immolate+1","Armaments","Iron Wave+1"],"picked":"SKIP","floor":6},{"not_picked":["Iron Wave+1","Evolve","Havoc"],"picked":"SKIP","floor":12},{"not_picked":["Armaments","Pummel+1","Twin Strike+1"],"picked":"SKIP","floor":14},{"not_picked":["Limit Break","Immolate+1"],"picked":"Reaper+1","floor":16},{"not_picked":["Seeing Red","Dual Wield"],"picked":"Body Slam+1","floor":18},{"not_picked":["Disarm+1","Flex","Dropkick+1"],"picked":"SKIP","floor":20},{"not_picked":["Headbutt+1","Power Through+1"],"picked":"Intimidate","floor":22},{"not_picked":["Evolve","Flame Barrier","Perfected Strike+1"],"picked":"SKIP","floor":23},{"not_picked":["Battle Trance","Sword Boomerang+1"],"picked":"Intimidate+1","floor":29},{"not_picked":["Thunderclap+1","Pummel+1","Flex+1"],"picked":"SKIP","floor":30}],"player_experience":74125,"relics_obtained":[{"floor":6,"key":"Molten Egg 2"},{"floor":9,"key":"Strawberry"},{"floor":11,"key":"Anchor"},{"floor":23,"key":"Centennial Puzzle"},{"floor":23,"key":"Boot"},{"floor":26,"key":"Ancient Tea Set"}],"event_choices":[{"damage_healed":0,"gold_gain":0,"player_choice":"Grow","damage_taken":0,"max_hp_gain":0,"max_hp_loss":0,"event_name":"Living Wall","floor":2,"gold_loss":0,"cards_upgraded":["Searing Blow"]},{"damage_healed":0,"gold_gain":0,"player_choice":"Ignored","damage_taken":0,"max_hp_gain":0,"max_hp_loss":0,"event_name":"Liars Game","floor":7,"gold_loss":0},{"damage_healed":0,"gold_gain":0,"player_choice":"Searched \u00271\u0027 times","damage_taken":0,"max_hp_gain":0,"max_hp_loss":0,"event_name":"Dead Adventurer","floor":10,"gold_loss":0},{"cards_removed":["Bash"],"damage_healed":0,"gold_gain":0,"player_choice":"Elegance","damage_taken":0,"max_hp_gain":0,"max_hp_loss":0,"event_name":"Back to Basics","floor":19,"gold_loss":0},{"cards_removed":["Strike_R"],"damage_healed":0,"gold_gain":0,"player_choice":"Gave Gold","damage_taken":0,"max_hp_gain":0,"max_hp_loss":0,"event_name":"Beggar","floor":25,"gold_loss":75},{"damage_healed":0,"gold_gain":0,"player_choice":"POTION ","damage_taken":12,"max_hp_gain":0,"max_hp_loss":0,"event_name":"Knowing Skull","floor":31,"potions_obtained":["Strength Potion"],"gold_loss":0,"cards_obtained":[]}],"is_beta":false,"boss_relics":[{"not_picked":["Ectoplasm","Runic Dome"],"picked":"Black Star"}],"items_purged_floors":[21],"is_endless":false,"potions_floor_spawned":[3,6,20,23],"killed_by":"Champ","ascension_level":0}}