{"host":"b995t17pt6d05w8c","time":1610713794,"event":{"mods":["AchievementEnabler","BaseMod","Colored Map","DeckTracker","Keyboard Shortcuts","Minty Spire (QoL Compilation)","Permanent Neow","SuperFastMode"],"gold_per_floor":[112,126,136,150,150,150,201,201,201,201,229,229,242,317,317,317,317],"floor_reached":16,"language":"KOR","playtime":354,"items_purged":[],"score":209,"play_id":"2aecbd36-9796-4fc2-b363-97dbce7a3cbd","local_time":"20210115212954","is_ascension_mode":true,"campfire_choices":[{"data":"Wild Strike","floor":6.0,"key":"SMITH"},{"floor":8.0,"key":"REST"},{"data":"Bash","floor":10.0,"key":"SMITH"},{"floor":12.0,"key":"REST"},{"data":"Body Slam","floor":15.0,"key":"SMITH"}],"circlet_count":0,"master_deck":["AscendersBane","Strike_R","Strike_R","Strike_R","Defend_R","Defend_R","Defend_R","Defend_R","Bash+1","Shockwave","Wild Strike+1","Cleave","Ghostly Armor","Feel No Pain","Flame Barrier","Body Slam+1"],"relics":["Burning Blood","MealTicket","Omamori","Question Card"],"acts_visited":[],"potions_floor_usage":[],"damage_taken":[{"damage":7.0,"enemies":"Cultist","floor":1.0,"turns":4.0},{"damage":6.0,"enemies":"Small Slimes","floor":2.0,"turns":4.0},{"damage":12.0,"enemies":"Jaw Worm","floor":3.0,"turns":2.0},{"damage":29.0,"enemies":"Exordium Wildlife","floor":4.0,"turns":5.0},{"damage":20.0,"enemies":"Lagavulin","floor":7.0,"turns":7.0},{"damage":34.0,"enemies":"Gremlin Nob","floor":11.0,"turns":5.0},{"damage":3.0,"enemies":"Blue Slaver","floor":13.0,"turns":5.0},{"damage":34,"enemies":"The Guardian","floor":16,"turns":12}],"seed_played":"-7384999876405146392","potions_obtained":[{"floor":4.0,"key":"ColorlessPotion"},{"floor":7.0,"key":"Ancient Potion"}],"is_trial":false,"path_per_floor":["M","M","M","M","?","R","E","R","T","R","E","R","M","?","R","B"],"character_chosen":"IRONCLAD","items_purchased":[],"campfire_rested":2,"item_purchase_floors":[],"current_hp_per_floor":[67,67,61,38,38,38,24,46,46,46,18,40,43,32,32,0,0],"gold":317,"neow_bonus":"TRANSFORM_CARD","is_daily":false,"chose_seed":false,"campfire_upgraded":3,"win_rate":0.0,"timestamp":1610713794,"path_taken":["M","M","M","?","?","R","E","R","T","R","E","R","M","?","R","BOSS"],"items_purchased_type":[],"build_version":"2020-12-22","purchased_purges":0,"victory":false,"max_hp_per_floor":[75,75,75,75,75,75,75,75,75,75,75,75,75,75,75,75,75],"card_choices":[{"not_picked":["True Grit","Flex"],"picked":"Wild Strike","floor":1.0},{"not_picked":["Wild Strike","Twin Strike","Uppercut"],"picked":"SKIP","floor":2.0},{"not_picked":["Wild Strike","Warcry"],"picked":"Cleave","floor":3.0},{"not_picked":["Berserk","Infernal Blade"],"picked":"Ghostly Armor","floor":4.0},{"not_picked":["Havoc","Pummel"],"picked":"Feel No Pain","floor":7.0},{"not_picked":["Burning Pact","Sentinel"],"picked":"Flame Barrier","floor":11.0},{"not_picked":["Flex","Burning Pact","Anger"],"picked":"Body Slam","floor":13.0}],"player_experience":129974,"relics_obtained":[{"floor":7.0,"key":"MealTicket"},{"floor":9.0,"key":"Omamori"},{"floor":11.0,"key":"Question Card"}],"event_choices":[{"cards_removed":["Strike_R"],"damage_healed":0.0,"max_hp_gain":0.0,"max_hp_loss":0.0,"gold_gain":0.0,"event_name":"Living Wall","player_choice":"Forget","floor":5.0,"gold_loss":0.0,"damage_taken":0.0},{"damage_healed":0.0,"max_hp_gain":0.0,"max_hp_loss":0.0,"gold_gain":75.0,"event_name":"World of Goop","player_choice":"Gather Gold","floor":14.0,"gold_loss":0.0,"damage_taken":11.0}],"is_beta":false,"boss_relics":[],"items_purged_floors":[],"is_endless":false,"potions_floor_spawned":[4,7],"killed_by":"The Guardian","ascension_level":18}}