{"host":"utcbn1j9ebmpc40m","time":1610672909,"event":{"mods":["BaseMod","Better Altar","Better Match","GifTheSpireLib","Minty Spire (QoL Compilation)","Poor People Problems","StSLib","SuperFastMode","The IronCluck","The Servant 0.9.4"],"gold_per_floor":[112,287,212,229,229,264,264,295,372,372,372,392,392,410,410,515,515,532,532,532,545,545,545],"floor_reached":22,"language":"ENG","playtime":467,"items_purged":["Doubt"],"score":347,"play_id":"3bb267d4-65f5-44ad-bba4-6450e15666a6","local_time":"20210114200829","is_ascension_mode":true,"campfire_choices":[{"data":"Bash","floor":7,"key":"SMITH"},{"floor":10,"key":"REST"},{"data":"Infernal Blade","floor":13,"key":"SMITH"},{"floor":15,"key":"REST"}],"circlet_count":0,"master_deck":["AscendersBane","Strike_R+1","Strike_R+1","Strike_R","Defend_R","Defend_R","Defend_R","Bash+1","Cleave","Power Through","Hemokinesis","Infernal Blade+1","Reaper","Body Slam","Carnage"],"relics":["Burning Blood","NeowsBlessing","Whetstone","Boot","Self Forming Clay","MealTicket","Empty Cage","White Beast Statue"],"acts_visited":["Exordium","TheCity"],"potions_floor_usage":[8,16,18],"damage_taken":[{"damage":0,"enemies":"2 Louse","floor":1,"turns":1},{"damage":0,"enemies":"Jaw Worm","floor":4,"turns":1},{"damage":0,"enemies":"Lagavulin","floor":6,"turns":1},{"damage":30,"enemies":"3 Sentries","floor":8,"turns":9},{"damage":6,"enemies":"Cultist","floor":12,"turns":3},{"damage":21,"enemies":"Large Slime","floor":14,"turns":6},{"damage":50,"enemies":"Hexaghost","floor":16,"turns":9},{"damage":52,"enemies":"Spheric Guardian","floor":18,"turns":8},{"damage":32,"enemies":"Chosen","floor":21,"turns":5},{"damage":24,"enemies":"Centurion and Healer","floor":22,"turns":2}],"seed_played":"2159449641801822849","potions_obtained":[{"floor":1,"key":"Block Potion"},{"floor":4,"key":"DistilledChaos"},{"floor":16,"key":"Strength Potion"},{"floor":18,"key":"BlessingOfTheForge"},{"floor":21,"key":"BlessingOfTheForge"}],"is_trial":false,"path_per_floor":["M","?","$","M","?","E","R","E","T","R","?","M","R","M","R","B",null,"M","?","?","M","M"],"character_chosen":"IRONCLAD","items_purchased":[],"campfire_rested":2,"item_purchase_floors":[],"current_hp_per_floor":[78,78,78,80,80,80,80,56,56,80,62,62,62,47,71,27,67,29,29,29,8,0,0],"gold":545,"neow_bonus":"THREE_ENEMY_KILL","is_daily":false,"chose_seed":false,"campfire_upgraded":2,"win_rate":0.0,"timestamp":1610672909,"path_taken":["M","?","$","M","?","E","R","E","T","R","?","M","R","M","R","BOSS","M","?","?","M","?"],"items_purchased_type":[],"build_version":"2020-12-22","purchased_purges":1,"victory":false,"max_hp_per_floor":[80,80,80,80,80,80,80,80,80,80,80,80,80,80,80,80,80,80,80,80,80,80,80],"card_choices":[{"not_picked":["Combust","Disarm"],"picked":"Cleave","floor":1},{"not_picked":["Pommel Strike","Hemokinesis"],"picked":"Power Through","floor":4},{"not_picked":["Dark Embrace","Reckless Charge","Metallicize"],"picked":"SKIP","floor":6},{"not_picked":["Flex","Armaments"],"picked":"Infernal Blade","floor":8},{"not_picked":["Evolve","True Grit","Clothesline"],"picked":"SKIP","floor":12},{"not_picked":["Sword Boomerang","Iron Wave","Anger"],"picked":"SKIP","floor":14},{"not_picked":["Brutality","Limit Break"],"picked":"Reaper","floor":16},{"not_picked":["Havoc","Searing Blow"],"picked":"Body Slam","floor":18},{"not_picked":["Havoc","Offering"],"picked":"Carnage","floor":21}],"player_experience":490219,"relics_obtained":[{"floor":6,"key":"Whetstone"},{"floor":8,"key":"Boot"},{"floor":9,"key":"Self Forming Clay"}],"event_choices":[{"damage_healed":0,"gold_gain":175,"player_choice":"AGREE","damage_taken":0,"max_hp_gain":0,"max_hp_loss":0,"event_name":"Liars Game","floor":2,"gold_loss":0,"cards_obtained":["Doubt"]},{"damage_healed":0,"gold_gain":0,"cards_transformed":["Strike_R"],"player_choice":"Change","damage_taken":0,"max_hp_gain":0,"max_hp_loss":0,"event_name":"Living Wall","floor":5,"gold_loss":0,"cards_obtained":["Hemokinesis"]},{"damage_healed":0,"gold_gain":0,"player_choice":"Success","damage_taken":18,"relics_obtained":["MealTicket"],"max_hp_gain":0,"max_hp_loss":0,"event_name":"Scrap Ooze","floor":11,"gold_loss":0},{"damage_healed":0,"gold_gain":0,"player_choice":"Opened","damage_taken":0,"relics_obtained":["White Beast Statue"],"max_hp_gain":0,"max_hp_loss":0,"event_name":"The Mausoleum","floor":19,"gold_loss":0,"cards_obtained":["Writhe"]},{"cards_removed":["Writhe"],"damage_healed":0,"gold_gain":0,"player_choice":"Removed Curses","damage_taken":0,"max_hp_gain":0,"max_hp_loss":0,"event_name":"Fountain of Cleansing","floor":20,"gold_loss":0}],"is_beta":false,"boss_relics":[{"not_picked":["Tiny House","Runic Cube"],"picked":"Empty Cage"}],"items_purged_floors":[3],"is_endless":false,"potions_floor_spawned":[1,4,6,16,18,21],"killed_by":"Centurion and Healer","ascension_level":12}}