{"host":"jx3f6ezc0g3s9edc","time":1610741982,"event":{"mods":["AchievementEnabler","BaseMod","Bestiary","Colored Map","Highlight Path","Minty Spire (QoL Compilation)","StSLib"],"gold_per_floor":[119,119,135,145,145,145,159,159,159,234,27,57,70,81,81,186,186,203,46,65,65,65,65,65,65,65,125,125,141,171,182,182,287,287,301,351,54,157,2,2,20,20,46,46,96,130,143,157,157,157,157],"floor_reached":50,"language":"ENG","playtime":3495,"items_purged":["Defend_R"],"score":784,"play_id":"4198115b-d076-429b-8215-5f90257c0e5b","local_time":"20210115151942","is_ascension_mode":true,"campfire_choices":[{"data":"Bash","floor":6.0,"key":"SMITH"},{"data":"Perfected Strike","floor":8.0,"key":"SMITH"},{"data":"Shrug It Off","floor":15.0,"key":"SMITH"},{"data":"Entrench","floor":23,"key":"SMITH"},{"data":"Barricade","floor":25,"key":"SMITH"},{"floor":28,"key":"REST"},{"data":"Seeing Red","floor":32,"key":"SMITH"},{"data":"Perfected Strike","floor":40,"key":"SMITH"},{"data":"Bandage Up","floor":42,"key":"SMITH"},{"data":"Pommel Strike","floor":44,"key":"SMITH"},{"data":"Perfected Strike","floor":49,"key":"SMITH"}],"circlet_count":0,"master_deck":["AscendersBane","Strike_R","Strike_R","Strike_R+1","Strike_R","Defend_R","Defend_R+1","Defend_R","Bash+1","Perfected Strike+1","Wild Strike+1","Pommel Strike+1","Shrug It Off+1","Offering","Twin Strike","Headbutt","Barricade+1","Twin Strike","Entrench+1","Seeing Red+1","Pommel Strike+1","Metallicize","Offering","Perfected Strike+1","Bandage Up+1","Shrug It Off","Ghostly Armor+1","Parasite","Perfected Strike+1"],"relics":["Burning Blood","Unceasing Top","Oddly Smooth Stone","StrikeDummy","Velvet Choker","Blood Vial","MutagenicStrength","SsserpentHead","Mercury Hourglass","Ornamental Fan","Black Star","Whetstone","Smiling Mask","Juzu Bracelet","Centennial Puzzle","Mummified Hand"],"acts_visited":["Exordium","TheCity","TheBeyond"],"potions_floor_usage":[16,16,31,33,46,47],"damage_taken":[{"damage":11.0,"enemies":"Jaw Worm","floor":1.0,"turns":4.0},{"damage":10.0,"enemies":"Small Slimes","floor":3.0,"turns":3.0},{"damage":1.0,"enemies":"Cultist","floor":4.0,"turns":3.0},{"damage":4.0,"enemies":"2 Fungi Beasts","floor":7.0,"turns":3.0},{"damage":7.0,"enemies":"3 Sentries","floor":12.0,"turns":7.0},{"damage":0.0,"enemies":"Exordium Wildlife","floor":13.0,"turns":2.0},{"damage":0.0,"enemies":"Lots of Slimes","floor":14.0,"turns":2.0},{"damage":36,"enemies":"The Guardian","floor":16,"turns":7},{"damage":14,"enemies":"Shell Parasite","floor":18,"turns":5},{"damage":9,"enemies":"3 Byrds","floor":20,"turns":4},{"damage":9,"enemies":"Centurion and Healer","floor":27,"turns":3},{"damage":0,"enemies":"Chosen and Byrds","floor":29,"turns":4},{"damage":29,"enemies":"Slavers","floor":30,"turns":4},{"damage":2,"enemies":"Shelled Parasite and Fungi","floor":31,"turns":2},{"damage":34,"enemies":"Automaton","floor":33,"turns":14},{"damage":16,"enemies":"3 Darklings","floor":35,"turns":7},{"damage":6,"enemies":"3 Shapes","floor":41,"turns":3},{"damage":15,"enemies":"Giant Head","floor":46,"turns":6},{"damage":5,"enemies":"Sphere and 2 Shapes","floor":47,"turns":4},{"damage":14,"enemies":"Writhing Mass","floor":48,"turns":7},{"damage":84,"enemies":"Awakened One","floor":50,"turns":8}],"seed_played":"-6404576195478353615","potions_obtained":[{"floor":4.0,"key":"FearPotion"},{"floor":13.0,"key":"Explosive Potion"},{"floor":14.0,"key":"ColorlessPotion"},{"floor":18,"key":"SteroidPotion"},{"floor":31,"key":"SkillPotion"}],"is_trial":false,"path_per_floor":["M","?","M","M","?","R","M","R","T","?","$","E","M","M","R","B",null,"M","$","M","?","?","R","?","R","T","M","R","M","E","M","R","B",null,"M","?","$","T","$","R","M","R","T","R","?","E","M","M","R","B"],"character_chosen":"IRONCLAD","items_purchased":["Shrug It Off","LiquidMemories","Blood Vial","Perfected Strike","Whetstone","Bandage Up","Shrug It Off","DuplicationPotion","Block Potion"],"campfire_rested":1,"item_purchase_floors":[11,11,19,37,37,37,39,39,39],"current_hp_per_floor":[67,60,56,61,45,45,47,47,47,36,36,35,41,47,47,17,64,56,56,55,55,55,55,55,55,55,54,78,80,57,63,63,37,69,61,61,61,61,61,61,67,67,67,67,67,66,75,72,72,0,0],"gold":157,"neow_bonus":"ONE_RARE_RELIC","is_daily":false,"chose_seed":false,"campfire_upgraded":10,"win_rate":0.0,"timestamp":1610741982,"path_taken":["M","?","M","M","?","R","M","R","T","?","?","E","M","M","R","BOSS","M","$","?","?","?","R","?","R","T","?","R","M","E","M","R","BOSS","M","?","$","?","$","R","M","R","T","R","?","E","M","M","R","BOSS"],"items_purchased_type":["Card","Potion","Relic","Card","Relic","Card","Card","Potion","Potion"],"build_version":"2020-12-22","purchased_purges":1,"victory":false,"max_hp_per_floor":[80,80,80,80,80,80,80,80,80,80,80,80,80,80,80,80,80,80,80,80,80,80,80,80,80,80,80,80,80,80,80,80,80,80,80,80,80,80,80,80,80,80,80,80,80,80,80,80,80,80,80],"card_choices":[{"not_picked":["Infernal Blade","Anger"],"picked":"Perfected Strike","floor":1.0},{"not_picked":["True Grit","Intimidate"],"picked":"Wild Strike","floor":3.0},{"not_picked":["Sever Soul","Clash"],"picked":"Pommel Strike","floor":4.0},{"not_picked":["Sword Boomerang","Uppercut","Havoc"],"picked":"SKIP","floor":7.0},{"not_picked":["Anger","Dark Embrace"],"picked":"Offering","floor":12.0},{"not_picked":["Rupture","Flex"],"picked":"Twin Strike","floor":13.0},{"not_picked":["Rampage","Armaments"],"picked":"Headbutt","floor":14.0},{"not_picked":["Limit Break","Juggernaut"],"picked":"Barricade","floor":16},{"not_picked":["Pummel","Heavy Blade"],"picked":"Twin Strike","floor":18},{"not_picked":["Heavy Blade","Havoc"],"picked":"Entrench","floor":20},{"not_picked":["Juggernaut","Pommel Strike"],"picked":"Seeing Red","floor":27},{"not_picked":["Clothesline","Havoc+1","Heavy Blade"],"picked":"SKIP","floor":29},{"not_picked":["Blood for Blood","Dark Embrace"],"picked":"Pommel Strike","floor":30},{"not_picked":["Heavy Blade","Flex"],"picked":"Metallicize","floor":31},{"not_picked":["Demon Form","Brutality"],"picked":"Offering","floor":33},{"not_picked":["Flex","Pommel Strike","Infernal Blade"],"picked":"SKIP","floor":35},{"not_picked":["Flex","Anger","Feel No Pain"],"picked":"SKIP","floor":41},{"not_picked":["Clash+1","Uppercut+1","Fiend Fire"],"picked":"SKIP","floor":46},{"not_picked":["True Grit","Headbutt"],"picked":"Ghostly Armor+1","floor":47},{"not_picked":["Sentinel","Spot Weakness"],"picked":"Perfected Strike","floor":48}],"player_experience":755058,"relics_obtained":[{"floor":9.0,"key":"Oddly Smooth Stone"},{"floor":12.0,"key":"StrikeDummy"},{"floor":26,"key":"Mercury Hourglass"},{"floor":30,"key":"Ornamental Fan"},{"floor":38,"key":"Smiling Mask"},{"floor":43,"key":"Juzu Bracelet"},{"floor":46,"key":"Centennial Puzzle"},{"floor":46,"key":"Mummified Hand"}],"event_choices":[{"cards_removed":["Pain"],"damage_healed":0.0,"max_hp_gain":0.0,"max_hp_loss":0.0,"gold_gain":0.0,"event_name":"Golden Wing","player_choice":"Card Removal","floor":2.0,"gold_loss":0.0,"damage_taken":7.0},{"damage_healed":0.0,"max_hp_gain":0.0,"max_hp_loss":0.0,"gold_gain":0.0,"event_name":"Shining Light","player_choice":"Entered Light","floor":5.0,"gold_loss":0.0,"damage_taken":16.0,"cards_upgraded":["Defend_R","Wild Strike"]},{"damage_healed":0.0,"max_hp_gain":0.0,"max_hp_loss":0.0,"gold_gain":75.0,"event_name":"World of Goop","player_choice":"Gather Gold","floor":10.0,"gold_loss":0.0,"damage_taken":11.0},{"damage_healed":0,"gold_gain":0,"player_choice":"Inject Mutagens","damage_taken":0,"relics_obtained":["MutagenicStrength"],"max_hp_gain":0,"max_hp_loss":0,"event_name":"Drug Dealer","floor":21,"gold_loss":0},{"damage_healed":0,"gold_gain":0,"player_choice":"Ignored","damage_taken":0,"max_hp_gain":0,"max_hp_loss":0,"event_name":"Vampires","floor":22,"gold_loss":0},{"damage_healed":0,"gold_gain":0,"player_choice":"Trade","damage_taken":0,"relics_obtained":["SsserpentHead"],"max_hp_gain":0,"max_hp_loss":0,"event_name":"FaceTrader","floor":24,"gold_loss":0},{"damage_healed":0,"gold_gain":0,"player_choice":"Ignored","damage_taken":0,"max_hp_gain":0,"max_hp_loss":0,"event_name":"Purifier","floor":36,"gold_loss":0},{"cards_removed":["Strike_R"],"damage_healed":0,"gold_gain":0,"player_choice":"Removed Attack","damage_taken":0,"max_hp_gain":0,"max_hp_loss":0,"event_name":"Falling","floor":45,"gold_loss":0}],"is_beta":false,"boss_relics":[{"not_picked":["Busted Crown","SlaversCollar"],"picked":"Velvet Choker"},{"not_picked":["Empty Cage","Mark of Pain"],"picked":"Black Star"}],"items_purged_floors":[11],"is_endless":false,"potions_floor_spawned":[4,13,14,18,31,41],"killed_by":"Awakened One","ascension_level":12}}