{"host":"0009l0kk6tb2u2kt","time":1610722066,"event":{"mods":["BaseMod","Downfall","Hubris","Minty Spire (QoL Compilation)","Replay The Spire","StSLib"],"gold_per_floor":[111,125,200,200,56,56,72,91,116,135,135,166,176,176,176,281,281,297,144,156,56,69,96,96,96],"floor_reached":24,"language":"ENG","playtime":1411,"items_purged":["Strike_G","Strike_G"],"score":268,"play_id":"ffaac189-42a7-4b8d-ba62-4ad626756fa2","local_time":"20210115154746","is_ascension_mode":false,"campfire_choices":[{"data":"Predator","floor":6,"key":"SMITH"},{"data":"Poison Darts","floor":15,"key":"SMITH"}],"circlet_count":0,"master_deck":["Strike_G","Strike_G","Strike_G","Defend_G","Defend_G","Defend_G","Defend_G","Defend_G","Survivor+1","Neutralize","Predator+1","Escape Plan","Poison Darts+1","Prepared","Deadly Poison","Poisoned Stab","Prepared","Adrenaline","Prepared","Atom Bomb","Escape Plan","Prepared"],"relics":["Ring of the Snake","Gremlin Horn","Lantern","Dream Catcher","ReplayTheSpireMod:Ninjato","SlaversCollar","Singing Bowl"],"acts_visited":["Exordium","TheCity"],"potions_floor_usage":[12,12,18,22,24],"damage_taken":[{"damage":1,"enemies":"Cultist","floor":1,"turns":5},{"damage":0,"enemies":"2 Louse","floor":2,"turns":2},{"damage":2,"enemies":"Jaw Worm","floor":7,"turns":3},{"damage":8,"enemies":"3 Louse","floor":8,"turns":3},{"damage":0,"enemies":"Looter","floor":10,"turns":3},{"damage":0,"enemies":"Replay:BlueRogue","floor":12,"turns":4},{"damage":0,"enemies":"Red Slaver","floor":13,"turns":3},{"damage":32,"enemies":"Hexaghost","floor":16,"turns":8},{"damage":2,"enemies":"2 Thieves","floor":18,"turns":4},{"damage":7,"enemies":"Chosen","floor":20,"turns":3},{"damage":11,"enemies":"Snake Plant","floor":22,"turns":3},{"damage":42,"enemies":"Slavers","floor":23,"turns":6},{"damage":16,"enemies":"Shelled Parasite and Fungi","floor":24,"turns":4}],"seed_played":"8449478041228456430","potions_obtained":[{"floor":1,"key":"SkillPotion"},{"floor":2,"key":"Energy Potion"},{"floor":10,"key":"Adrenaline Potion"},{"floor":13,"key":"Adrenaline Potion"},{"floor":18,"key":"Languid Potion"},{"floor":23,"key":"Explosive Potion"}],"is_trial":false,"path_per_floor":["M","M","T","?","$","R","M","M","T","M","?","E","M","?","R","B",null,"M","$","M","$","M","E","M"],"character_chosen":"THE_SILENT","items_purchased":["Poison Darts","Atom Bomb"],"campfire_rested":0,"item_purchase_floors":[5,19],"current_hp_per_floor":[69,69,69,69,69,69,67,59,59,59,59,59,59,59,59,27,70,68,68,61,61,50,10,0,0],"gold":96,"neow_bonus":"UPGRADE_CARD","is_daily":false,"chose_seed":false,"campfire_upgraded":2,"win_rate":0.0,"timestamp":1610722066,"path_taken":["M","M","?","?","?","R","M","M","T","M","?","E","?","?","R","BOSS","M","$","M","$","M","E","?"],"items_purchased_type":["Card","Card"],"build_version":"2020-12-22","purchased_purges":2,"victory":false,"max_hp_per_floor":[70,70,70,70,70,70,70,70,70,70,70,70,70,70,70,70,70,70,70,70,70,70,72,72,72],"card_choices":[{"not_picked":["Distraction","Deflect"],"picked":"Predator","floor":1},{"not_picked":["Flechettes","Prepared"],"picked":"Escape Plan","floor":2},{"not_picked":["Flying Knee","Cloak And Dagger","hubris:TrickCloak"],"picked":"SKIP","floor":7},{"not_picked":["Dash","Distraction"],"picked":"Prepared","floor":8},{"not_picked":["Bouncing Flask","Underhanded Strike"],"picked":"Deadly Poison","floor":10},{"not_picked":["Prepared","Poison Darts"],"picked":"Poisoned Stab","floor":12},{"not_picked":["Sucker Punch","Dagger Spray"],"picked":"Prepared","floor":13},{"not_picked":["Grand Finale","Tools of the Trade"],"picked":"Adrenaline","floor":16},{"not_picked":["Sucker Punch+1","Choke+1"],"picked":"Prepared","floor":18},{"not_picked":["Expertise","Tactician"],"picked":"Escape Plan","floor":20},{"not_picked":["Tactician","Dagger Spray"],"picked":"Prepared","floor":22},{"not_picked":["Outmaneuver","PiercingWail","Wraith Form v2"],"picked":"Singing Bowl","floor":23}],"player_experience":224645,"relics_obtained":[{"floor":3,"key":"Gremlin Horn"},{"floor":9,"key":"Lantern"},{"floor":12,"key":"Dream Catcher"},{"floor":23,"key":"Singing Bowl"}],"event_choices":[{"damage_healed":0,"gold_gain":0,"player_choice":"Got Potions","damage_taken":0,"max_hp_gain":0,"max_hp_loss":0,"event_name":"Lab","floor":11,"gold_loss":0},{"damage_healed":0,"gold_gain":0,"player_choice":"Gave Potion","damage_taken":0,"relics_obtained":["ReplayTheSpireMod:Ninjato"],"max_hp_gain":0,"max_hp_loss":0,"event_name":"WeMeetAgain","floor":14,"gold_loss":0}],"is_beta":false,"boss_relics":[{"not_picked":["WristBlade","Abe\u0027s Treasure"],"picked":"SlaversCollar"}],"items_purged_floors":[19,21],"is_endless":false,"potions_floor_spawned":[1,2,10,13,18,23],"killed_by":"Shelled Parasite and Fungi","ascension_level":0}}