{"host":"dw2ay8i719i7xlef","time":1610672400,"event":{"mods":["BaseMod","Minty Spire (QoL Compilation)"],"gold_per_floor":[117,132,132,152,117,142,155,155,155,182,182,182,210,210,210,306,306,326,337,355,373,373,373,406,406,406],"floor_reached":25,"playtime":7174,"items_purged":[],"score":349,"play_id":"2e5d8dfd-6ccd-41ab-a8aa-217d7b993d3c","local_time":"20210114190000","is_ascension_mode":true,"campfire_choices":[{"floor":8,"key":"REST"},{"data":"Go for the Eyes","floor":12,"key":"SMITH"},{"floor":15,"key":"REST"},{"floor":23,"key":"REST"}],"circlet_count":0,"master_deck":["Strike_B","Strike_B","Strike_B","Strike_B","Defend_B","Defend_B","Defend_B","Defend_B","Zap","Dualcast","Rainbow+1","Rebound","Sweeping Beam+1","Sunder","Leap","Coolheaded+1","Go for the Eyes+1","Seek","Electrodynamics","CurseOfTheBell","Cold Snap","Conserve Battery+1","Coolheaded","Capacitor","Seek"],"relics":["Cracked Core","Blood Vial","Kunai","Question Card","WingedGreaves","Calling Bell","Bag of Marbles","Cables","Dead Branch","Potion Belt"],"acts_visited":["Exordium","TheCity"],"potions_floor_usage":[10,16,18,18,24,24],"damage_taken":[{"damage":0,"enemies":"Small Slimes","floor":1,"turns":3},{"damage":3,"enemies":"2 Louse","floor":2,"turns":2},{"damage":0,"enemies":"Cultist","floor":4,"turns":3},{"damage":24,"enemies":"Gremlin Nob","floor":6,"turns":4},{"damage":17,"enemies":"Large Slime","floor":7,"turns":6},{"damage":8,"enemies":"3 Sentries","floor":10,"turns":8},{"damage":18,"enemies":"Lagavulin","floor":13,"turns":7},{"damage":21,"enemies":"Slime Boss","floor":16,"turns":8},{"damage":8,"enemies":"2 Thieves","floor":18,"turns":3},{"damage":0,"enemies":"3 Byrds","floor":19,"turns":3},{"damage":31,"enemies":"Snake Plant","floor":20,"turns":6},{"damage":3,"enemies":"3 Cultists","floor":21,"turns":3},{"damage":23,"enemies":"Gremlin Leader","floor":24,"turns":8},{"damage":37,"enemies":"Book of Stabbing","floor":25,"turns":7}],"seed_played":"-3081053643460794725","potions_obtained":[{"floor":1,"key":"FocusPotion"},{"floor":10,"key":"Strength Potion"},{"floor":13,"key":"Explosive Potion"},{"floor":16,"key":"SteroidPotion"},{"floor":18,"key":"Dexterity Potion"},{"floor":20,"key":"GamblersBrew"},{"floor":21,"key":"SmokeBomb"}],"is_trial":false,"path_per_floor":["M","M","?","M","?","E","M","R","T","E","?","R","E","?","R","B",null,"M","M","M","M","?","R","E","E"],"character_chosen":"DEFECT","items_purchased":[],"campfire_rested":3,"item_purchase_floors":[],"current_hp_per_floor":[68,65,50,50,68,44,29,51,51,45,45,45,29,29,51,32,64,58,60,31,30,30,52,31,0,0],"gold":406,"neow_bonus":"ONE_RANDOM_RARE_CARD","is_daily":false,"chose_seed":false,"campfire_upgraded":1,"win_rate":0.0,"timestamp":1610672400,"path_taken":["M","M","?","M","?","E","M","R","T","E","?","R","E","?","R","BOSS","M","M","M","M","?","R","E","E"],"items_purchased_type":[],"build_version":"2020-12-22","purchased_purges":0,"victory":false,"max_hp_per_floor":[75,75,75,75,75,75,75,75,75,75,75,75,75,75,75,75,75,75,75,75,75,75,75,75,75,75],"card_choices":[{"not_picked":["Recycle","Leap"],"picked":"Rebound","floor":1},{"not_picked":["Skim","Turbo"],"picked":"Sweeping Beam","floor":2},{"not_picked":["Recycle","Stack"],"picked":"Sunder","floor":4},{"not_picked":["Scrape","Steam"],"picked":"Leap","floor":6},{"not_picked":["Beam Cell","Turbo"],"picked":"Coolheaded","floor":7},{"not_picked":["Meteor Strike","Rebound"],"picked":"Go for the Eyes","floor":10},{"not_picked":["Stack","Sweeping Beam","Gash"],"picked":"Seek","floor":13},{"not_picked":["Buffer","Reboot","Fission"],"picked":"Electrodynamics","floor":16},{"not_picked":["Scrape","Sweeping Beam+1","Reinforced Body"],"picked":"Cold Snap","floor":18},{"not_picked":["Hello World","Redo+1","Reprogram"],"picked":"Conserve Battery+1","floor":19},{"not_picked":["Compile Driver+1","Turbo","Streamline"],"picked":"Coolheaded","floor":20},{"not_picked":["BootSequence","Steam","Conserve Battery"],"picked":"Capacitor","floor":21},{"not_picked":["BootSequence+1","Sweeping Beam","Rebound"],"picked":"Seek","floor":24}],"player_experience":1264766,"relics_obtained":[{"floor":6,"key":"Blood Vial"},{"floor":9,"key":"Kunai"},{"floor":10,"key":"Question Card"},{"floor":13,"key":"WingedGreaves"},{"floor":17,"key":"Bag of Marbles"},{"floor":17,"key":"Cables"},{"floor":17,"key":"Dead Branch"},{"floor":24,"key":"Potion Belt"}],"event_choices":[{"damage_healed":0,"gold_gain":0,"player_choice":"Entered Light","damage_taken":15,"max_hp_gain":0,"max_hp_loss":0,"event_name":"Shining Light","floor":3,"gold_loss":0,"cards_upgraded":["Rainbow","Sweeping Beam"]},{"damage_healed":18,"gold_gain":0,"player_choice":"Healed","damage_taken":0,"max_hp_gain":0,"max_hp_loss":0,"event_name":"The Cleric","floor":5,"gold_loss":35},{"damage_healed":0,"gold_gain":0,"player_choice":"Grow","damage_taken":0,"max_hp_gain":0,"max_hp_loss":0,"event_name":"Living Wall","floor":11,"gold_loss":0,"cards_upgraded":["Coolheaded"]},{"damage_healed":0,"gold_gain":0,"player_choice":"Ignored","damage_taken":0,"max_hp_gain":0,"max_hp_loss":0,"event_name":"Liars Game","floor":14,"gold_loss":0},{"damage_healed":0,"gold_gain":0,"player_choice":"Ignored","damage_taken":0,"max_hp_gain":0,"max_hp_loss":0,"event_name":"Ghosts","floor":22,"gold_loss":0}],"is_beta":false,"boss_relics":[{"not_picked":["Busted Crown","Runic Dome"],"picked":"Calling Bell"}],"items_purged_floors":[],"is_endless":false,"potions_floor_spawned":[1,10,13,16,18,20,21],"killed_by":"Book of Stabbing","ascension_level":9}}