{"host":"gk336il5jfnqajsw","time":1610676690,"event":{"mods":["2.2 Compatiblity","AchievementEnabler","BaseMod","Colored Powertips","Minty Spire (QoL Compilation)","Relic Stats","StSLib"],"gold_per_floor":[119,130,55,65,65,91,104,104,104,104,137,150,150,170,170,273,273,286,286,286,286,186,214,89,100,100,100,28,48,48,62,62,62,62],"floor_reached":33,"language":"ENG","playtime":1155,"items_purged":["Defend_R","Strike_R","Defend_R"],"score":325,"play_id":"497ba85f-2b2a-47ed-80f0-fde7e4f1a7b1","local_time":"20210114191130","is_ascension_mode":false,"campfire_choices":[{"data":"Searing Blow","floor":8,"key":"SMITH"},{"data":"Bash","floor":10,"key":"SMITH"},{"data":"Havoc","floor":15,"key":"SMITH"},{"data":"Ghostly","floor":27,"key":"SMITH"},{"data":"Berserk","floor":30,"key":"SMITH"},{"data":"Dark Embrace","floor":32,"key":"SMITH"}],"circlet_count":0,"master_deck":["Defend_R","Bash+1","Searing Blow+1","Carnage+1","Wild Strike","Evolve","Dropkick","Headbutt","Shrug It Off","Twin Strike","Havoc+1","Berserk+1","Pummel","Hemokinesis","Ghostly+1","Ghostly","Ghostly","Ghostly","Ghostly","Burning Pact+1","Dark Embrace+1","Carnage"],"relics":["Burning Blood","TungstenRod","Magic Flower","Gambling Chip","Philosopher\u0027s Stone","Pocketwatch","Singing Bowl"],"acts_visited":["Exordium","TheCity"],"potions_floor_usage":[11,16,18,23,33],"damage_taken":[{"damage":0,"enemies":"Cultist","floor":1,"turns":4},{"damage":1,"enemies":"Jaw Worm","floor":2,"turns":3},{"damage":0,"enemies":"2 Louse","floor":4,"turns":2},{"damage":27,"enemies":"Gremlin Nob","floor":6,"turns":4},{"damage":4,"enemies":"Large Slime","floor":7,"turns":5},{"damage":19,"enemies":"Lagavulin","floor":11,"turns":4},{"damage":1,"enemies":"Blue Slaver","floor":12,"turns":2},{"damage":7,"enemies":"Lots of Slimes","floor":14,"turns":5},{"damage":21,"enemies":"Hexaghost","floor":16,"turns":7},{"damage":30,"enemies":"2 Thieves","floor":18,"turns":4},{"damage":2,"enemies":"Gremlin Leader","floor":23,"turns":6},{"damage":1,"enemies":"3 Byrds","floor":25,"turns":4},{"damage":1,"enemies":"Snake Plant","floor":29,"turns":3},{"damage":0,"enemies":"Cultist and Chosen","floor":31,"turns":5},{"damage":94,"enemies":"Collector","floor":33,"turns":8}],"seed_played":"4441460011519361551","potions_obtained":[{"floor":1,"key":"ElixirPotion"},{"floor":6,"key":"EssenceOfSteel"},{"floor":14,"key":"ColorlessPotion"},{"floor":16,"key":"DuplicationPotion"},{"floor":18,"key":"FairyPotion"},{"floor":25,"key":"Explosive Potion"}],"is_trial":false,"path_per_floor":["M","M","$","M","?","E","M","R","T","R","E","M","?","M","R","B",null,"M","?","?","?","$","E","$","M","T","R","$","M","R","M","R","B"],"character_chosen":"IRONCLAD","items_purchased":["Dark Embrace"],"campfire_rested":0,"item_purchase_floors":[28],"current_hp_per_floor":[62,67,67,73,73,52,54,54,54,54,44,52,52,54,54,42,80,59,45,45,42,42,42,42,42,42,42,42,44,44,44,44,0,0],"gold":62,"neow_bonus":"TRANSFORM_TWO_CARDS","is_daily":false,"chose_seed":false,"campfire_upgraded":6,"win_rate":0.0,"timestamp":1610676690,"path_taken":["M","M","$","M","?","E","?","R","T","R","E","M","?","M","R","BOSS","M","?","?","?","$","E","$","M","T","R","?","M","R","M","R","BOSS"],"items_purchased_type":["Card"],"build_version":"2020-12-22","purchased_purges":3,"victory":false,"max_hp_per_floor":[80,80,80,80,80,80,80,80,80,80,80,80,80,80,80,80,80,80,85,85,42,42,42,42,42,42,42,42,44,44,44,44,44,44],"relic_stats":{"Singing Bowl":2,"counters":[15,66],"Gambling Chip":[23],"Magic Flower":[22],"obtain_stats":[{"Singing Bowl":26,"Gambling Chip":11,"Magic Flower":9,"Philosopher\u0027s Stone":17,"Burning Blood":0,"TungstenRod":6,"Pocketwatch":23},{"Singing Bowl":12,"Gambling Chip":6,"Magic Flower":5,"Philosopher\u0027s Stone":9,"Burning Blood":0,"TungstenRod":4,"Pocketwatch":11},{"Singing Bowl":50,"Gambling Chip":22,"Magic Flower":18,"Philosopher\u0027s Stone":36,"Burning Blood":0,"TungstenRod":13,"Pocketwatch":46}],"Burning Blood":79,"TungstenRod":68,"Pocketwatch":[9]},"card_choices":[{"not_picked":["Combust","Thunderclap"],"picked":"Wild Strike","floor":1},{"not_picked":["Pommel Strike","Armaments"],"picked":"Evolve","floor":2},{"not_picked":["Body Slam","Clothesline","Heavy Blade"],"picked":"SKIP","floor":4},{"not_picked":["Infernal Blade","Body Slam","Combust"],"picked":"SKIP","floor":6},{"not_picked":["Heavy Blade","Clothesline"],"picked":"Dropkick","floor":7},{"not_picked":["Flex","Pommel Strike"],"picked":"Headbutt","floor":11},{"not_picked":["Armaments","Metallicize"],"picked":"Shrug It Off","floor":12},{"not_picked":["Twin Strike","Heavy Blade"],"picked":"Havoc","floor":14},{"not_picked":["Barricade","Exhume"],"picked":"Berserk","floor":16},{"not_picked":["Havoc","Wild Strike","Pummel"],"picked":"SKIP","floor":18},{"not_picked":["Armaments","Juggernaut"],"picked":"Burning Pact+1","floor":23},{"not_picked":["Warcry","Thunderclap","Feel No Pain"],"picked":"SKIP","floor":25},{"not_picked":["Entrench","Twin Strike","Body Slam+1"],"picked":"Singing Bowl","floor":29},{"not_picked":["Entrench+1","Headbutt"],"picked":"Carnage","floor":31}],"player_experience":550251,"relics_obtained":[{"floor":6,"key":"TungstenRod"},{"floor":9,"key":"Magic Flower"},{"floor":11,"key":"Gambling Chip"},{"floor":23,"key":"Pocketwatch"},{"floor":26,"key":"Singing Bowl"}],"event_choices":[{"damage_healed":0,"gold_gain":0,"player_choice":"Forge","damage_taken":0,"max_hp_gain":0,"max_hp_loss":0,"event_name":"Accursed Blacksmith","floor":5,"gold_loss":0,"cards_upgraded":["Carnage"]},{"damage_healed":0,"gold_gain":0,"cards_transformed":["Strike_R"],"player_choice":"Transformed","damage_taken":0,"max_hp_gain":0,"max_hp_loss":0,"event_name":"Transmorgrifier","floor":13,"gold_loss":0,"cards_obtained":["Twin Strike"]},{"damage_healed":0,"gold_gain":0,"player_choice":"Shed Blood","damage_taken":20,"max_hp_gain":5,"max_hp_loss":0,"event_name":"Forgotten Altar","floor":19,"gold_loss":0},{"damage_healed":0,"gold_gain":0,"cards_transformed":["Defend_R","Strike_R"],"player_choice":"Became Test Subject","damage_taken":0,"max_hp_gain":0,"max_hp_loss":0,"event_name":"Drug Dealer","floor":20,"gold_loss":0,"cards_obtained":["Pummel","Hemokinesis"]},{"damage_healed":0,"gold_gain":0,"player_choice":"Became a Ghost","damage_taken":0,"max_hp_gain":0,"max_hp_loss":43,"event_name":"Ghosts","floor":21,"gold_loss":0,"cards_obtained":["Ghostly","Ghostly","Ghostly","Ghostly","Ghostly"]}],"is_beta":false,"boss_relics":[{"not_picked":["SacredBark","Pandora\u0027s Box"],"picked":"Philosopher\u0027s Stone"}],"items_purged_floors":[3,22,24],"is_endless":false,"potions_floor_spawned":[1,6,14,16,18,25],"killed_by":"Collector","ascension_level":0}}