{"host":"m9sgjjym7adpjcxd","time":1610730935,"event":{"mods":["Bard","BaseMod","Colored Map","Colored Powertips","Downfall","Highlight Path","Hubris","Infinite Spire","Mimic Mod","Minty Spire (QoL Compilation)","Replay The Spire","StSLib","The Mystic","The Poker Player","slay the spire mod where everything is the same but ironclad has a cowboy hat"],"gold_per_floor":[117,129,129,129,148,173,188,216,216,216,226,226,241,261,261,358,358,374,390,390,404,415,443,413,432,457,472,506,521,531,531,531],"floor_reached":31,"language":"ENG","playtime":1388,"items_purged":[],"score":295,"play_id":"a5192595-7d73-4473-a6d6-6584c106bb1a","local_time":"20210115121535","is_ascension_mode":false,"campfire_choices":[{"data":"Rupture","floor":10,"key":"SMITH"},{"floor":12,"key":"REST"}],"circlet_count":0,"master_deck":["Strike_R","Strike_R","Strike_R","Strike_R","Strike_R","Defend_R","Defend_R","Defend_R","Bash","Brutality+1","Sword Boomerang","Perfected Strike","Pommel Strike","Rupture+1","Life Link","Shrug It Off","Combust","Hemogenesis","Heavy Blade","Heavy Blade","Ghostly Armor","Pummel","Flex+1","Reaper","Shockwave","Sword Boomerang+1","Warcry+1"],"relics":["Burning Blood","Nunchaku","Du-Vu Doll","Replay:Multitool","hubris:TerracottaHorce","MealTicket","ReplayTheSpireMod:TigerMarble","Blue Doll"],"acts_visited":["Exordium","TheCity"],"potions_floor_usage":[6,8,16,16,16,22,23,25,25,25,25,25,27,29,31],"damage_taken":[{"damage":8,"enemies":"Jaw Worm","floor":1,"turns":4},{"damage":10,"enemies":"Small Slimes","floor":2,"turns":4},{"damage":8,"enemies":"Cultist","floor":5,"turns":3},{"damage":36,"enemies":"Lagavulin","floor":6,"turns":6},{"damage":16,"enemies":"Large Slime","floor":7,"turns":4},{"damage":11,"enemies":"Replay:BlueRogue","floor":8,"turns":3},{"damage":18,"enemies":"Lots of Slimes","floor":11,"turns":5},{"damage":5,"enemies":"3 Louse","floor":13,"turns":4},{"damage":16,"enemies":"Gremlin Gang","floor":14,"turns":5},{"damage":30,"enemies":"Hexaghost","floor":16,"turns":7},{"damage":22,"enemies":"Shell Parasite","floor":18,"turns":5},{"damage":27,"enemies":"Spheric Guardian","floor":19,"turns":4},{"damage":18,"enemies":"Centurion and Healer","floor":21,"turns":5},{"damage":38,"enemies":"3 Cultists","floor":22,"turns":6},{"damage":51,"enemies":"Book of Stabbing","floor":23,"turns":5},{"damage":1,"enemies":"Snake Plant","floor":25,"turns":2},{"damage":26,"enemies":"Shelled Parasite and Fungi","floor":27,"turns":4},{"damage":35,"enemies":"Gremlin Leader","floor":28,"turns":5},{"damage":5,"enemies":"Snecko","floor":29,"turns":4},{"damage":45,"enemies":"Centurion and Healer","floor":30,"turns":4},{"damage":33,"enemies":"Snake Plant","floor":31,"turns":2}],"seed_played":"-4218035228594836636","potions_obtained":[{"floor":2,"key":"CultistPotion"},{"floor":4,"key":"Guardian:BlockOnCardUsePotion"},{"floor":4,"key":"Slimebound:ThreeZeroPotion"},{"floor":6,"key":"Cursed Concoction"},{"floor":7,"key":"FearPotion"},{"floor":8,"key":"BlessingOfTheForge"},{"floor":14,"key":"SkillPotion"},{"floor":16,"key":"Dexterity Potion"},{"floor":18,"key":"Swift Potion"},{"floor":19,"key":"Guardian:BlockOnCardUsePotion"},{"floor":24,"key":"EntropicBrew"},{"floor":24,"key":"Cursed Concoction"},{"floor":25,"key":"SkillPotion"},{"floor":28,"key":"LifebloodPotion"},{"floor":29,"key":"Dexterity Potion"}],"is_trial":false,"path_per_floor":["M","M","?","?","M","E","M","E","T","R","M","R","M","M","R","B",null,"M","M","?","M","M","E","?","M","T","M","E","M","M","M"],"character_chosen":"IRONCLAD","items_purchased":[],"campfire_rested":1,"item_purchase_floors":[],"current_hp_per_floor":[78,74,67,67,65,35,25,20,20,20,8,32,33,28,52,28,67,67,53,90,78,53,8,8,31,31,30,34,50,21,0,0],"gold":531,"neow_bonus":"RANDOM_EVENT","is_daily":false,"chose_seed":false,"campfire_upgraded":1,"win_rate":0.0,"timestamp":1610730935,"path_taken":["M","M","?","?","?","E","M","E","T","R","M","R","M","M","R","BOSS","M","M","?","?","M","E","?","?","T","M","E","M","M","M"],"items_purchased_type":[],"build_version":"2020-12-22","purchased_purges":0,"victory":false,"max_hp_per_floor":[80,80,80,80,80,80,80,80,80,80,80,80,80,80,80,80,80,80,80,90,90,90,90,90,90,90,90,90,90,90,90,90],"card_choices":[{"not_picked":["Twin Strike","Burning Pact"],"picked":"Sword Boomerang","floor":1},{"not_picked":["Reckless Charge","Combust"],"picked":"Perfected Strike","floor":2},{"not_picked":["Sword Boomerang","Heavy Blade"],"picked":"Pommel Strike","floor":5},{"not_picked":["Entrench","Wild Strike"],"picked":"Rupture","floor":6},{"not_picked":["Rage","Replay:Undeath\u0027s Touch"],"picked":"Life Link","floor":7},{"not_picked":["Massacre","Shockwave"],"picked":"Shrug It Off","floor":8},{"not_picked":["ReplayTheSpireMod:Corrosion Curse","Sword Boomerang","Clothesline"],"picked":"SKIP","floor":11},{"not_picked":["Shrug It Off","Body Slam"],"picked":"Hemogenesis","floor":13},{"not_picked":["Clothesline","Entrench"],"picked":"Combust","floor":14},{"not_picked":["Barricade","Juggernaut"],"picked":"Hemogenesis","floor":16},{"not_picked":["ReplayTheSpireMod:Strike From Hell","Second Wind"],"picked":"Heavy Blade","floor":18},{"not_picked":["Heavy Blade","Dual Wield","Cleave"],"picked":"SKIP","floor":19},{"not_picked":["Dual Wield","Cleave"],"picked":"Heavy Blade","floor":19},{"not_picked":["Thunderclap","hubris:ReadiedAction"],"picked":"Ghostly Armor","floor":21},{"not_picked":["Flex","Entrench+1"],"picked":"Pummel","floor":22},{"not_picked":["ReplayTheSpireMod:Strike From Hell","Entrench"],"picked":"Flex+1","floor":23},{"not_picked":["Thunderclap","Seeing Red+1"],"picked":"Reaper","floor":25},{"not_picked":["Dropkick","Shrug It Off"],"picked":"Shockwave","floor":27},{"not_picked":["Burning Pact","Perfected Strike"],"picked":"Sword Boomerang+1","floor":28},{"not_picked":["Flex","Sword Boomerang"],"picked":"Warcry+1","floor":29},{"not_picked":["Entrench","Reckless Charge","Rage"],"picked":"SKIP","floor":30}],"player_experience":416508,"relics_obtained":[{"floor":6,"key":"Du-Vu Doll"},{"floor":8,"key":"Replay:Multitool"},{"floor":23,"key":"MealTicket"},{"floor":26,"key":"ReplayTheSpireMod:TigerMarble"},{"floor":28,"key":"Blue Doll"}],"event_choices":[{"damage_healed":0,"gold_gain":0,"cards_transformed":["Defend_R"],"player_choice":"Change","damage_taken":0,"max_hp_gain":0,"max_hp_loss":0,"event_name":"Living Wall","floor":0,"gold_loss":0,"cards_obtained":["Brutality"]},{"damage_healed":0,"gold_gain":0,"player_choice":"Success","damage_taken":7,"relics_obtained":["Nunchaku"],"max_hp_gain":0,"max_hp_loss":0,"event_name":"Scrap Ooze","floor":3,"gold_loss":0},{"damage_healed":0,"gold_gain":0,"player_choice":"Got Potions","damage_taken":0,"max_hp_gain":0,"max_hp_loss":0,"event_name":"Lab","floor":4,"gold_loss":0},{"cards_removed":["Hemogenesis"],"damage_healed":27,"gold_gain":0,"player_choice":"Offered Rare","damage_taken":0,"max_hp_gain":10,"max_hp_loss":0,"event_name":"Bonfire Elementals","floor":20,"gold_loss":0},{"damage_healed":0,"gold_gain":0,"player_choice":"Bought 2 Potions","damage_taken":0,"max_hp_gain":0,"max_hp_loss":0,"event_name":"The Woman in Blue","floor":24,"gold_loss":0}],"is_beta":false,"boss_relics":[{"not_picked":["infinitespire:Burning Sword","SacredBark"],"picked":"hubris:TerracottaHorce"}],"items_purged_floors":[],"is_endless":false,"potions_floor_spawned":[2,6,7,8,14,16,18,19,25,28,29],"killed_by":"Snake Plant","ascension_level":0}}