{"host":"kh6fvhxn285ncg0o","time":1610705587,"event":{"mods":["Act Like it!","BaseMod","Colored Map","Friendly Minions","Keyboard Shortcuts","Minty Spire (QoL Compilation)","Quick Restart","Relic Stats","StSLib","SuperFastMode"],"gold_per_floor":[118,43,43,43,56,56,91,91,91,121,121,146,171,189,189,189,189],"floor_reached":16,"language":"KOR","playtime":335,"items_purged":["Strike_R"],"score":282,"play_id":"6e2960df-4618-4b60-8d45-22f6d06fcfea","local_time":"20210115191307","is_ascension_mode":true,"campfire_choices":[{"data":"Dark Embrace","floor":6,"key":"SMITH"},{"data":"Seeing Red","floor":11,"key":"SMITH"},{"data":"Wild Strike","floor":15,"key":"SMITH"}],"circlet_count":0,"master_deck":["AscendersBane","Strike_R","Strike_R+1","Defend_R","Defend_R","Defend_R","Defend_R","Bash+1","Seeing Red+1","Dark Embrace+1","Evolve","Wild Strike+1","Feel No Pain","Shrug It Off"],"relics":["Burning Blood","NeowsBlessing","Vajra","Centennial Puzzle","Bag of Preparation","Odd Mushroom","PreservedInsect"],"acts_visited":["Exordium"],"potions_floor_usage":[10,16],"damage_taken":[{"damage":0,"enemies":"2 Louse","floor":1,"turns":1},{"damage":0,"enemies":"Jaw Worm","floor":5,"turns":1},{"damage":0,"enemies":"Gremlin Nob","floor":7,"turns":1},{"damage":10,"enemies":"3 Sentries","floor":10,"turns":8},{"damage":31,"enemies":"The Mushroom Lair","floor":12,"turns":5},{"damage":45,"enemies":"Lagavulin","floor":13,"turns":6},{"damage":4,"enemies":"Small Slimes","floor":14,"turns":3},{"damage":38,"enemies":"Hexaghost","floor":16,"turns":8}],"seed_played":"733537351443625533","potions_obtained":[{"floor":5,"key":"ColorlessPotion"},{"floor":10,"key":"FairyPotion"},{"floor":13,"key":"SteroidPotion"},{"floor":14,"key":"Dexterity Potion"}],"is_trial":false,"path_per_floor":["M","$","?","?","M","R","E","?","T","E","R","?","E","M","R","B"],"character_chosen":"IRONCLAD","items_purchased":[],"campfire_rested":0,"item_purchase_floors":[],"current_hp_per_floor":[74,74,74,51,57,57,63,56,56,52,52,27,28,30,30,0,0],"gold":189,"neow_bonus":"THREE_ENEMY_KILL","is_daily":false,"chose_seed":false,"campfire_upgraded":3,"win_rate":0.0,"timestamp":1610705587,"path_taken":["M","$","?","?","M","R","E","?","T","E","R","?","E","M","R","BOSS"],"items_purchased_type":[],"build_version":"2020-12-22","purchased_purges":1,"victory":false,"max_hp_per_floor":[75,75,75,75,75,75,75,75,75,75,75,75,75,75,75,75,75],"relic_stats":{"Centennial Puzzle":[15],"counters":[8,33],"PreservedInsect":0,"Bag of Preparation":[8],"obtain_stats":[{"Centennial Puzzle":9,"NeowsBlessing":0,"Vajra":7,"PreservedInsect":13,"Bag of Preparation":10,"Odd Mushroom":12,"Burning Blood":0},{"Centennial Puzzle":3,"NeowsBlessing":0,"Vajra":3,"PreservedInsect":6,"Bag of Preparation":4,"Odd Mushroom":5,"Burning Blood":0},{"Centennial Puzzle":3,"NeowsBlessing":0,"Vajra":3,"PreservedInsect":22,"Bag of Preparation":11,"Odd Mushroom":16,"Burning Blood":0}],"Burning Blood":42},"card_choices":[{"not_picked":["Clothesline","Pommel Strike"],"picked":"Seeing Red","floor":1},{"not_picked":["Anger","Sword Boomerang"],"picked":"Dark Embrace","floor":5},{"not_picked":["Clothesline","Thunderclap"],"picked":"Evolve","floor":7},{"not_picked":["Rupture","Ghostly Armor"],"picked":"Wild Strike","floor":12},{"not_picked":["Wild Strike","Dark Embrace"],"picked":"Feel No Pain","floor":13},{"not_picked":["Warcry","Perfected Strike"],"picked":"Shrug It Off","floor":14}],"player_experience":3453717,"relics_obtained":[{"floor":7,"key":"Vajra"},{"floor":9,"key":"Centennial Puzzle"},{"floor":10,"key":"Bag of Preparation"},{"floor":12,"key":"Odd Mushroom"},{"floor":13,"key":"PreservedInsect"}],"event_choices":[{"cards_removed":["Strike_R"],"damage_healed":0,"gold_gain":0,"player_choice":"Forget","damage_taken":0,"max_hp_gain":0,"max_hp_loss":0,"event_name":"Living Wall","floor":3,"gold_loss":0},{"damage_healed":0,"gold_gain":0,"player_choice":"Entered Light","damage_taken":23,"max_hp_gain":0,"max_hp_loss":0,"event_name":"Shining Light","floor":4,"gold_loss":0,"cards_upgraded":["Strike_R","Bash"]},{"cards_removed":["Strike_R"],"damage_healed":0,"gold_gain":0,"player_choice":"Card Removal","damage_taken":7,"max_hp_gain":0,"max_hp_loss":0,"event_name":"Golden Wing","floor":8,"gold_loss":0},{"damage_healed":0,"gold_gain":0,"player_choice":"Fought Mushrooms","damage_taken":0,"max_hp_gain":0,"max_hp_loss":0,"event_name":"Mushrooms","floor":12,"gold_loss":0}],"is_beta":false,"boss_relics":[],"items_purged_floors":[2],"is_endless":false,"potions_floor_spawned":[5,10,13,14],"killed_by":"Hexaghost","ascension_level":20}}