{"host":"h1qktzcccqnez8tx","time":1610721859,"event":{"mods":["BaseMod","Block Reminder","Colored Map","Colored Powertips","Curses Come First","Downfall","Highlight Path","Jorbs\u0027s Wanderer Trilogy","Minty Spire (QoL Compilation)","Permanent Neow","Quick Restart","Relic Stats","Replay The Spire","Say the Spire","Shade Mod","StSLib","The Cursed","The Disciple","The Hierophant","The Marked","The Necromancer","The Servant 0.9.4","TheSwordswoman"],"gold_per_floor":[129,146,159,66,77,88,58,85,85,85,85],"floor_reached":10,"language":"ENG","playtime":923,"items_purged":[],"score":70,"play_id":"514a97f4-3db3-4b6e-83f9-028495d019af","local_time":"20210115154419","is_ascension_mode":false,"campfire_choices":[],"circlet_count":0,"master_deck":["stsjorbsmod:ForbiddenGrimoire+1","stsjorbsmod:Strike_Wanderer+1","stsjorbsmod:Strike_Wanderer+1","stsjorbsmod:Strike_Wanderer+1","stsjorbsmod:Strike_Wanderer+2","stsjorbsmod:Defend_Wanderer","stsjorbsmod:Defend_Wanderer+1","stsjorbsmod:Defend_Wanderer","stsjorbsmod:Defend_Wanderer","stsjorbsmod:FreshAdventure","stsjorbsmod:EyeOfTheStorm","stsjorbsmod:FracturedMind","stsjorbsmod:FaerieFire","stsjorbsmod:ArcaneWeapon","stsjorbsmod:Message","stsjorbsmod:Thorns","stsjorbsmod:BookOfTongues","stsjorbsmod:Hibernate","stsjorbsmod:BurningFlask","stsjorbsmod:Aid"],"relics":["stsjorbsmod:GrimoireRelic","Simple Rune","Ornamental Fan","Replay:Bottled Eggs"],"acts_visited":["Exordium"],"potions_floor_usage":[8,8,10],"damage_taken":[{"damage":2,"enemies":"Cultist","floor":1,"turns":4},{"damage":5,"enemies":"Jaw Worm","floor":2,"turns":4},{"damage":0,"enemies":"Small Slimes","floor":3,"turns":5},{"damage":12,"enemies":"3 Louse","floor":5,"turns":3},{"damage":6,"enemies":"Blue Slaver","floor":6,"turns":4},{"damage":10,"enemies":"Looter","floor":7,"turns":4},{"damage":31,"enemies":"Gremlin Nob","floor":8,"turns":5}],"seed_played":"-5185913110115585002","potions_obtained":[{"floor":1,"key":"Venom Potion"},{"floor":6,"key":"Fruit Juice"},{"floor":8,"key":"PowerPotion"}],"is_trial":false,"path_per_floor":["M","M","M","$","M","M","M","E","T","E"],"character_chosen":"WANDERER","items_purchased":["stsjorbsmod:Message","stsjorbsmod:Thorns"],"campfire_rested":0,"item_purchase_floors":[4,4],"current_hp_per_floor":[67,64,65,65,54,50,40,15,15,0,0],"gold":85,"neow_bonus":"RANDOM_COMMON_RELIC","is_daily":false,"chose_seed":false,"campfire_upgraded":0,"win_rate":0.0,"timestamp":1610721859,"path_taken":["M","M","?","?","M","M","M","E","T","E"],"items_purchased_type":["Card","Card"],"build_version":"2020-12-22","purchased_purges":0,"victory":false,"max_hp_per_floor":[68,68,68,68,68,68,68,73,73,73,73],"relic_stats":{"counters":[8,36],"Ornamental Fan":[0],"obtain_stats":[{"Ornamental Fan":8,"stsjorbsmod:GrimoireRelic":0,"Simple Rune":0,"Replay:Bottled Eggs":9},{"Ornamental Fan":7,"stsjorbsmod:GrimoireRelic":0,"Simple Rune":0,"Replay:Bottled Eggs":7},{"Ornamental Fan":29,"stsjorbsmod:GrimoireRelic":0,"Simple Rune":0,"Replay:Bottled Eggs":29}]},"card_choices":[{"not_picked":["stsjorbsmod:Mending","stsjorbsmod:MageArmor"],"picked":"stsjorbsmod:FracturedMind","floor":1},{"not_picked":["stsjorbsmod:DisguiseSelf","stsjorbsmod:RayOfFrost"],"picked":"stsjorbsmod:FaerieFire","floor":2},{"not_picked":["stsjorbsmod:OldPocket","stsjorbsmod:Inferno"],"picked":"stsjorbsmod:ArcaneWeapon","floor":3},{"not_picked":["stsjorbsmod:SchoolsOfMagic","stsjorbsmod:Prepare"],"picked":"stsjorbsmod:BookOfTongues","floor":5},{"not_picked":["stsjorbsmod:SchoolsOfMagic","stsjorbsmod:FranticSearch"],"picked":"stsjorbsmod:Hibernate","floor":6},{"not_picked":["stsjorbsmod:FindFamiliar","stsjorbsmod:Index"],"picked":"stsjorbsmod:BurningFlask","floor":7},{"not_picked":["stsjorbsmod:Withdraw","stsjorbsmod:Materialize"],"picked":"stsjorbsmod:Aid","floor":8}],"player_experience":69381,"relics_obtained":[{"floor":8,"key":"Ornamental Fan"},{"floor":9,"key":"Replay:Bottled Eggs"}],"event_choices":[],"is_beta":false,"boss_relics":[],"items_purged_floors":[],"is_endless":false,"potions_floor_spawned":[1,6,8],"killed_by":"3 Sentries","ascension_level":0}}