{"host":"vh33hu3wddwn6yt6","time":1610746357,"event":{"mods":["AchievementEnabler","Act Like it!","Aspiration","BaseMod","Better Altar","Better Match","Better Note","Better Sensory Stone","Better Skull","Better Third Choice","BetterRewards","Downfall","Hermit","Hubris","Infinite Spire","Minty Spire (QoL Compilation)","Permanent Neow","Replay The Spire","Shade Mod","Shop Mod","Spicy Shops","StSLib","SuperFastMode","The Blackbeard","The Necromancer","The Runesmith","The Servant 0.9.4","TheBandit","Wandering Minibosses"],"gold_per_floor":[110,130,145,155,169,204,217,252,252,252,252,270,284,324,324,448,448,472,486,506,531,544,584,609,609,634,649,323,361,361,321,321,321,321],"floor_reached":33,"language":"DEU","playtime":1084,"items_purged":[],"score":331,"play_id":"78562d0a-36be-4536-a6f0-cf384cc082e0","local_time":"20210115223237","is_ascension_mode":true,"campfire_choices":[{"floor":11,"key":"REST"},{"floor":25,"key":"REST"},{"floor":32,"key":"REST"}],"circlet_count":0,"master_deck":["Strike_W","Strike_W","Strike_W","Strike_W","Defend_W","Defend_W","Defend_W","Defend_W","Negative_Energy_Arrows+1","Bone_Wall","Negative_Energy_Mist","Negative_Energy_Sphere","Siphon_Strength+1","Negative_Energy_Shield","blackbeard:Halberd","blackbeard:Salvager","Summon_Undead_Army","Spectral_Armor","Negative_Energy_Mist","Summon_Undead_Army+1","Negative_Energy_Javelin","Negative_Energy_Javelin+1","Negative_Energy_Mist","Negative_Energy_Shield"],"relics":["Vampire_Amulet","aspiration:DSix","infinitespire:Golems Mask","infinitespire:PuzzleCube","hubris:DisguiseKit","Golden Idol","Bird Faced Urn","aspiration:MobileForge","Replay:Mystery Machine","infinitespire:Beetle Shell","Anchor","hubris:FunFungus","Replay:Rubber Ducky"],"acts_visited":["Exordium","TheCity"],"potions_floor_usage":[6,6,8,8,16,23,23,29,29,33],"damage_taken":[{"damage":0,"enemies":"Jaw Worm","floor":1,"turns":4},{"damage":3,"enemies":"2 Louse","floor":2,"turns":3},{"damage":0,"enemies":"Small Slimes","floor":3,"turns":5},{"damage":1,"enemies":"Blue Slaver","floor":4,"turns":6},{"damage":9,"enemies":"3 Louse","floor":5,"turns":5},{"damage":8,"enemies":"Gremlin Nob","floor":6,"turns":4},{"damage":3,"enemies":"Exordium Wildlife","floor":7,"turns":6},{"damage":5,"enemies":"3 Sentries","floor":8,"turns":5},{"damage":21,"enemies":"Gremlin Gang","floor":12,"turns":4},{"damage":0,"enemies":"Large Slime","floor":13,"turns":3},{"damage":7,"enemies":"Lagavulin","floor":14,"turns":5},{"damage":14,"enemies":"The Guardian","floor":16,"turns":8},{"damage":3,"enemies":"Shell Parasite","floor":18,"turns":5},{"damage":14,"enemies":"Spheric Guardian","floor":19,"turns":4},{"damage":14,"enemies":"Snake Plant","floor":20,"turns":4},{"damage":20,"enemies":"Shelled Parasite and Fungi","floor":21,"turns":4},{"damage":3,"enemies":"Chosen and Byrds","floor":22,"turns":6},{"damage":34,"enemies":"Nightmare","floor":23,"turns":8},{"damage":0,"enemies":"Snake Plant","floor":24,"turns":5},{"damage":39,"enemies":"Cultist and Chosen","floor":27,"turns":8},{"damage":10,"enemies":"Slavers","floor":29,"turns":6},{"damage":43,"enemies":"Collector","floor":33,"turns":7}],"seed_played":"-4249050178830460987","potions_obtained":[{"floor":2,"key":"Fire Potion"},{"floor":3,"key":"Guardian:BlockOnCardUsePotion"},{"floor":6,"key":"PowerPotion"},{"floor":7,"key":"Adrenaline Potion"},{"floor":12,"key":"Death Potion"},{"floor":20,"key":"sneckomod:MuddlingPotion"},{"floor":22,"key":"BlessingOfTheForge"},{"floor":27,"key":"FearPotion"},{"floor":29,"key":"LiquidBronze"}],"is_trial":false,"path_per_floor":["M","M","M","M","M","E","M","E","T","?","R","M","M","E","R","B",null,"M","M","M","M","M","NM","M","R","T","M","$","E","?","?","R","B"],"character_chosen":"NECROMANCER","items_purchased":["Anchor","hubris:FunFungus","Negative_Energy_Mist","Explosive Potion"],"campfire_rested":3,"item_purchase_floors":[28,28,28,28],"current_hp_per_floor":[56,57,61,62,59,53,54,55,55,37,59,46,50,45,67,55,75,75,63,53,39,42,16,20,42,42,11,11,9,9,9,31,0,0],"gold":321,"neow_bonus":"ONE_RARE_RELIC","is_daily":false,"chose_seed":false,"campfire_upgraded":0,"win_rate":0.0,"timestamp":1610746357,"path_taken":["M","M","M","M","M","E","M","E","T","?","R","M","M","E","R","BOSS","M","M","M","M","M","NM","M","R","T","M","$","E","?","?","R","BOSS"],"items_purchased_type":["Relic","Relic","Card","Potion"],"build_version":"2020-12-22","purchased_purges":0,"victory":false,"max_hp_per_floor":[75,75,75,75,75,75,75,75,75,75,75,75,75,75,75,75,75,75,75,75,75,75,75,75,75,75,75,75,75,75,75,75,75,75],"card_choices":[{"not_picked":["Consume_Illness","Whirlwind_of_Bones","Bone_Spikes"],"picked":"SKIP","floor":1},{"not_picked":["Bone_Shift","Strike_from_Beyond"],"picked":"Negative_Energy_Mist","floor":2},{"not_picked":["Shackles_Of_Pain","Scare","Chill_Blood"],"picked":"SKIP","floor":3},{"not_picked":["Shackles_Of_Pain","Acid_Javelin","Strike_from_Beyond"],"picked":"SKIP","floor":4},{"not_picked":["Bones_to_Steel","Shackles_Of_Pain"],"picked":"Negative_Energy_Sphere","floor":5},{"not_picked":["Bone_Prison","Life_Drain"],"picked":"Siphon_Strength","floor":6},{"not_picked":["Shackles_Of_Pain","Scare","Toxic_Smoke_Screen"],"picked":"SKIP","floor":7},{"not_picked":["Bone_Armor","Death_Coil"],"picked":"Negative_Energy_Shield","floor":8},{"not_picked":["Plague_Bolt","Blood_Shield","Death_Knell"],"picked":"blackbeard:Halberd","floor":12},{"not_picked":["Cloudkill","Life_Tap","Bone_Bullets","blackbeard:Provisioning"],"picked":"SKIP","floor":13},{"not_picked":["Scare","Vampiric_Strike","Finger_Of_Death","blackbeard:DoubleBottom"],"picked":"SKIP","floor":14},{"not_picked":["Blood_Wake","Blood_Magic","Requiem"],"picked":"blackbeard:Salvager","floor":16},{"not_picked":["Blood_Whip+1","Bone_Shift","blackbeard:DoubleBottom"],"picked":"Summon_Undead_Army","floor":18},{"not_picked":["Bone_Spikes","Negative_Energy_Mist","blackbeard:BlindAttacks"],"picked":"Spectral_Armor","floor":19},{"not_picked":["Bones_to_Steel","Bone_Shift","blackbeard:DeadlyArsenal"],"picked":"Negative_Energy_Mist","floor":20},{"not_picked":["Bone_Bullets+1","Shackles_Of_Pain","Death_Coil","blackbeard:BuriedTreasure"],"picked":"SKIP","floor":21},{"not_picked":["Slay_Living+1","Blood_Whip","blackbeard:CaptainsCabin"],"picked":"Summon_Undead_Army+1","floor":22},{"not_picked":["Plague_Bolt","Bones_to_Steel","Bone_Spikes","blackbeard:Sharpening"],"picked":"SKIP","floor":23},{"not_picked":["Bone_Bullets","Strike_from_Beyond","blackbeard:CloakAndCannonball"],"picked":"Negative_Energy_Javelin","floor":24},{"not_picked":["Chill_Blood+1","Blood_Curse","blackbeard:SwordDance"],"picked":"Negative_Energy_Javelin+1","floor":27},{"not_picked":["Scare","Bone_Shift","blackbeard:Bandana"],"picked":"Negative_Energy_Shield","floor":29}],"player_experience":631979,"relics_obtained":[{"floor":6,"key":"infinitespire:Golems Mask"},{"floor":8,"key":"infinitespire:PuzzleCube"},{"floor":9,"key":"hubris:DisguiseKit"},{"floor":14,"key":"Bird Faced Urn"},{"floor":23,"key":"Replay:Mystery Machine"},{"floor":26,"key":"infinitespire:Beetle Shell"},{"floor":29,"key":"Replay:Rubber Ducky"}],"event_choices":[{"damage_healed":0,"gold_gain":0,"player_choice":"Take Damage","damage_taken":18,"relics_obtained":["Golden Idol"],"max_hp_gain":0,"max_hp_loss":0,"event_name":"Golden Idol","floor":10,"gold_loss":0},{"damage_healed":0,"gold_gain":0,"player_choice":"Bought 0 Potions","damage_taken":0,"max_hp_gain":0,"max_hp_loss":0,"event_name":"The Woman in Blue","floor":30,"gold_loss":0},{"damage_healed":0,"gold_gain":0,"player_choice":"Upgrade","damage_taken":0,"max_hp_gain":0,"max_hp_loss":0,"event_name":"Designer","floor":31,"gold_loss":40,"cards_upgraded":["Negative_Energy_Arrows"]}],"is_beta":false,"boss_relics":[{"not_picked":["Sozu","Runic Dome"],"picked":"aspiration:MobileForge"}],"items_purged_floors":[],"is_endless":true,"potions_floor_spawned":[2,3,6,7,12,20,22,27,29],"killed_by":"Collector","ascension_level":1}}