{"host":"f5gffvlv6a66yqkd","time":1610734851,"event":{"mods":["2.2 Compatiblity","Alarm Clock","BaseMod","Colored Map","Custom Start","DeckTracker","Keyboard Shortcuts","Minty Spire (QoL Compilation)","Permanent Neow","Quick Restart","Relic Stats","StSLib","SuperFastMode"],"gold_per_floor":[118,118,137,212,212,239,239,256,256,273,273,273,113,129,129,129,129],"floor_reached":16,"language":"KOR","playtime":332,"items_purged":["Defend_P"],"score":200,"play_id":"742339f5-f567-4364-a291-22815a8aada0","local_time":"20210116032051","is_ascension_mode":true,"campfire_choices":[{"floor":7.0,"key":"REST"},{"floor":11.0,"key":"REST"},{"data":"Eruption","floor":15.0,"key":"SMITH"}],"circlet_count":0,"master_deck":["AscendersBane","Strike_P","Strike_P","Strike_P","Strike_P","Defend_P","Defend_P+1","Eruption+1","Vigilance","WheelKick","EmptyBody","MentalFortress","Meditate+1","CrushJoints","Wallop","TalkToTheHand"],"relics":["PureWater","Art of War","Gambling Chip","Singing Bowl"],"acts_visited":["Exordium"],"potions_floor_usage":[16,16],"damage_taken":[{"damage":9.0,"enemies":"2 Louse","floor":1.0,"turns":3.0},{"damage":0.0,"enemies":"Cultist","floor":3.0,"turns":2.0},{"damage":39.0,"enemies":"Lagavulin","floor":6.0,"turns":4.0},{"damage":0.0,"enemies":"Small Slimes","floor":8.0,"turns":4.0},{"damage":7.0,"enemies":"3 Louse","floor":10.0,"turns":5.0},{"damage":3.0,"enemies":"Exordium Wildlife","floor":14.0,"turns":5.0},{"damage":19,"enemies":"Slime Boss","floor":16,"turns":6}],"seed_played":"9160891639632266740","potions_obtained":[{"floor":6.0,"key":"SneckoOil"},{"floor":8.0,"key":"StancePotion"}],"is_trial":false,"path_per_floor":["M","?","M","?","?","E","R","M","T","M","R","?","$","M","R","B"],"character_chosen":"WATCHER","items_purchased":["Wallop"],"campfire_rested":2,"item_purchase_floors":[13],"current_hp_per_floor":[52,52,52,41,41,2,22,22,22,15,35,15,15,12,12,0,0],"gold":129,"neow_bonus":"RANDOM_COMMON_RELIC","is_daily":false,"chose_seed":false,"campfire_upgraded":1,"win_rate":0.0,"timestamp":1610734851,"path_taken":["M","?","?","?","?","E","R","M","T","M","R","?","$","M","R","BOSS"],"items_purchased_type":["Card"],"build_version":"2020-12-22","purchased_purges":1,"victory":false,"max_hp_per_floor":[68,68,68,68,68,68,68,68,68,68,68,68,68,68,68,68,68],"relic_stats":{"Singing Bowl":0,"counters":[7,29],"Gambling Chip":[10],"Art of War":[3],"obtain_stats":[{"Singing Bowl":9,"Gambling Chip":6,"Art of War":0,"PureWater":0},{"Singing Bowl":4,"Gambling Chip":3,"Art of War":0,"PureWater":0},{"Singing Bowl":13,"Gambling Chip":9,"Art of War":0,"PureWater":0}]},"card_choices":[{"not_picked":["CrushJoints","Collect"],"picked":"WheelKick","floor":1.0},{"not_picked":["SashWhip","Evaluate"],"picked":"EmptyBody","floor":3.0},{"not_picked":["WaveOfTheHand","Consecrate"],"picked":"MentalFortress","floor":6.0},{"not_picked":["Pray","Swivel"],"picked":"Meditate","floor":8.0},{"not_picked":["Prostrate","BowlingBash"],"picked":"CrushJoints","floor":10.0},{"not_picked":["Indignation","Conclude"],"picked":"TalkToTheHand","floor":14.0}],"player_experience":1567885,"relics_obtained":[{"floor":6.0,"key":"Gambling Chip"},{"floor":9.0,"key":"Singing Bowl"}],"event_choices":[{"cards_removed":["Defend_P"],"damage_healed":0.0,"max_hp_gain":0.0,"max_hp_loss":0.0,"gold_gain":0.0,"event_name":"Purifier","player_choice":"Purged","floor":2.0,"gold_loss":0.0,"damage_taken":0.0},{"damage_healed":0.0,"max_hp_gain":0.0,"max_hp_loss":0.0,"gold_gain":75.0,"event_name":"World of Goop","player_choice":"Gather Gold","floor":4.0,"gold_loss":0.0,"damage_taken":11.0},{"damage_healed":0.0,"max_hp_gain":0.0,"max_hp_loss":0.0,"gold_gain":0.0,"event_name":"Liars Game","player_choice":"Ignored","floor":5.0,"gold_loss":0.0,"damage_taken":0.0},{"damage_healed":0.0,"max_hp_gain":0.0,"max_hp_loss":0.0,"gold_gain":0.0,"event_name":"Shining Light","player_choice":"Entered Light","floor":12.0,"gold_loss":0.0,"damage_taken":20.0,"cards_upgraded":["Defend_P","Meditate"]}],"is_beta":false,"boss_relics":[],"items_purged_floors":[13],"is_endless":false,"potions_floor_spawned":[6,8,14],"killed_by":"Slime Boss","ascension_level":20}}