{"host":"5s7sm4h73jkd9266","time":1610588377,"event":{"mods":["AchievementEnabler","Bartender","BaseMod","Better Match","Better Vampires","BetterRewards","Colored Map","Colored Powertips","Conspire","Downfall","Energized Spire","GifTheSpireLib","Hermit","Hubris","Magitek Elite","Marisa????????","Melee Mod","Minty Spire (QoL Compilation)","Potion Indicator Mod","Rare Cards Sparkle","Relic Stats","Replay The Spire","Robot Space Explorer","Shop Mod","StSLib","Stuff the Spire","The Bladedancer","The Blue Laboratory","The Cursed","The Disciple","The Dragon Tamer","The Forsaken","The Necromancer","The Wild Card","The Witch","Virulent Crown","everything is the same but u backflip on backflip","slay the spire mod where everything is the same but ironclad has a cowboy hat","vexMod"],"gold_per_floor":[113,78,78,78,96,96,112,112,112,127,127,162,176,192,192,322,322,343,361,10,34,12,12,27,27,52,52,75,75,99,99,99,99,99],"floor_reached":33,"language":"ENG","playtime":3962,"items_purged":[],"score":324,"play_id":"042500db-626d-45c9-adce-86d5197b2c75","local_time":"20210113203937","is_ascension_mode":true,"campfire_choices":[{"data":"ForeignInfluence","floor":6.0,"key":"SMITH"},{"data":"Eruption","floor":8.0,"key":"SMITH"},{"floor":23,"key":"REST"},{"floor":25,"key":"REST"},{"floor":29,"key":"REST"},{"floor":32,"key":"REST"}],"circlet_count":0,"master_deck":["Strike_P","Strike_P","Strike_P","Defend_P","Defend_P","Defend_P+1","Eruption+1","Vigilance","Collect+1","Injury","ForeignInfluence+1","Steam","SashWhip+1","Prostrate+1","Consecrate","ClearTheMind","PathToVictory","Devotion+1","LessonLearned","Prostrate","Swivel","PathToVictory","ForeignInfluence","PathToVictory+1","FollowUp","TalkToTheHand+1","ThirdEye","WaveOfTheHand"],"relics":["PureWater","Bloody Idol","hubris:BottledRain","StuffTheSpire:Experiment12","conspire:SpecialSausage","Mirror","Gremlin Food"],"acts_visited":["Exordium","TheCity"],"potions_floor_usage":[21,27,33],"damage_taken":[{"damage":6.0,"enemies":"Jaw Worm","floor":1.0,"turns":4.0},{"damage":1.0,"enemies":"2 Louse","floor":5.0,"turns":3.0},{"damage":0.0,"enemies":"Small Slimes","floor":7.0,"turns":4.0},{"damage":1.0,"enemies":"Red Slaver","floor":10.0,"turns":4.0},{"damage":15.0,"enemies":"Lagavulin","floor":12.0,"turns":5.0},{"damage":0.0,"enemies":"Large Slime","floor":13.0,"turns":6.0},{"damage":6.0,"enemies":"2 Fungi Beasts","floor":14.0,"turns":2.0},{"damage":47.0,"enemies":"Hexaghost","floor":16.0,"turns":10.0},{"damage":19,"enemies":"Shell Parasite","floor":18,"turns":8},{"damage":28,"enemies":"Spheric Guardian","floor":19,"turns":5},{"damage":9,"enemies":"conspire:HollyBat","floor":21,"turns":10},{"damage":19,"enemies":"Cultist and Chosen","floor":24,"turns":5},{"damage":2,"enemies":"Colosseum Slavers","floor":27,"turns":3},{"damage":4,"enemies":"Chosen and Byrds","floor":28,"turns":4},{"damage":32,"enemies":"Centurion and Healer","floor":30,"turns":7},{"damage":49,"enemies":"Collector","floor":33,"turns":3}],"seed_played":"2800239324110322867","potions_obtained":[{"floor":1.0,"key":"blueLaboratory:FrostheartPotion"},{"floor":5.0,"key":"GamblersBrew"},{"floor":11.0,"key":"DuplicationPotion"},{"floor":11.0,"key":"blueLaboratory:BottledHope"},{"floor":12.0,"key":"SteroidPotion"},{"floor":18,"key":"Dexterity Potion"},{"floor":24,"key":"EssenceOfSteel"},{"floor":30,"key":"blueLaboratory:PyrophylliteBrew"}],"is_trial":false,"path_per_floor":["M","?","?","?","M","R","M","R","T","M","?","E","M","M","R_BF","B",null,"M","M","$","M","$","R","M","R","T","?","M","R","M","?","R","B"],"character_chosen":"WATCHER","items_purchased":["Mirror","PathToVictory","ForeignInfluence","FollowUp"],"campfire_rested":4,"item_purchase_floors":[20,20,20,22],"current_hp_per_floor":[66,79,79,79,78,78,78,78,78,77,77,62,62,56,79,32,67,48,20,20,11,11,34,15,38,38,36,32,55,23,23,46,0,0],"gold":99,"neow_bonus":"TEN_PERCENT_HP_BONUS","is_daily":false,"chose_seed":false,"campfire_upgraded":2,"win_rate":0.0,"timestamp":1610588377,"path_taken":["M","?","?","?","?","R","M","R","T","M","?","E","M","M","R_BF","BOSS","M","M","$","M","$","R","M","R","T","?","M","R","M","?","R","BOSS"],"items_purchased_type":["Relic","Card","Card","Card"],"build_version":"2020-12-22","purchased_purges":0,"victory":false,"max_hp_per_floor":[79,79,79,79,79,79,79,79,79,79,79,79,79,79,79,79,79,79,79,79,79,79,79,79,79,79,79,79,79,79,79,79,79,79],"relic_stats":{"counters":[16,83],"Bloody Idol":0,"obtain_stats":[{"Gremlin Food":26,"StuffTheSpire:Experiment12":12,"Golden Idol":3,"Bloody Idol":31,"conspire:SpecialSausage":17,"PureWater":0,"Mirror":20,"hubris:BottledRain":9},{"Gremlin Food":12,"StuffTheSpire:Experiment12":5,"Golden Idol":1,"Bloody Idol":15,"conspire:SpecialSausage":8,"PureWater":0,"Mirror":10,"hubris:BottledRain":3},{"Gremlin Food":66,"StuffTheSpire:Experiment12":20,"Golden Idol":4,"Bloody Idol":80,"conspire:SpecialSausage":38,"PureWater":0,"Mirror":51,"hubris:BottledRain":11}]},"card_choices":[{"not_picked":["EmptyFist","Replay:BluntJabs"],"picked":"Collect","floor":1.0},{"not_picked":["Vengeance","Study"],"picked":"SashWhip","floor":5.0},{"not_picked":["EmptyBody","WaveOfTheHand"],"picked":"Prostrate","floor":7.0},{"not_picked":["EmptyBody","Wireheading"],"picked":"Consecrate","floor":10.0},{"not_picked":["Replay:Battleflow","Replay:ManipulateFuture"],"picked":"ClearTheMind","floor":12.0},{"not_picked":["ForeignInfluence","Wireheading"],"picked":"PathToVictory","floor":13.0},{"not_picked":["Replay:Cycle","Evaluate"],"picked":"Devotion","floor":14.0},{"not_picked":["Establishment","Scrawl"],"picked":"LessonLearned","floor":16.0},{"not_picked":["FollowUp","BowlingBash"],"picked":"Prostrate","floor":18},{"not_picked":["WheelKick","ClearTheMind"],"picked":"Swivel","floor":19},{"not_picked":["Pray","WreathOfFlame"],"picked":"PathToVictory+1","floor":21},{"not_picked":["Replay:BluntJabs","EmptyBody"],"picked":"TalkToTheHand+1","floor":24},{"not_picked":["MasterReality","Adaptation+1"],"picked":"ThirdEye","floor":28},{"not_picked":["Replay:AtTheReady","Halt"],"picked":"WaveOfTheHand","floor":30}],"player_experience":5501003,"relics_obtained":[{"floor":9.0,"key":"hubris:BottledRain"},{"floor":12.0,"key":"StuffTheSpire:Experiment12"},{"floor":26,"key":"Gremlin Food"}],"event_choices":[{"damage_healed":19.0,"max_hp_gain":0.0,"max_hp_loss":0.0,"gold_gain":0.0,"event_name":"The Cleric","player_choice":"Healed","floor":2.0,"gold_loss":35.0,"damage_taken":0.0},{"damage_healed":0.0,"max_hp_gain":0.0,"max_hp_loss":0.0,"gold_gain":0.0,"event_name":"Golden Idol","player_choice":"Take Wound","floor":3.0,"gold_loss":0.0,"damage_taken":0.0,"relics_obtained":["Golden Idol"],"cards_obtained":["Injury"]},{"damage_healed":0.0,"max_hp_gain":0.0,"max_hp_loss":0.0,"gold_gain":0.0,"event_name":"Lab","player_choice":"Got Potions","floor":11.0,"gold_loss":0.0,"damage_taken":0.0},{"damage_healed":0,"gold_gain":0,"player_choice":"Fight","damage_taken":0,"max_hp_gain":0,"max_hp_loss":0,"event_name":"Colosseum","floor":27,"gold_loss":0},{"damage_healed":0,"gold_gain":0,"player_choice":"Fled From Nobs","damage_taken":0,"max_hp_gain":0,"max_hp_loss":0,"event_name":"Colosseum","floor":27,"gold_loss":0},{"damage_healed":0,"gold_gain":0,"player_choice":"Gave Idol","damage_taken":0,"relics_obtained":["Bloody Idol"],"max_hp_gain":0,"max_hp_loss":0,"event_name":"Forgotten Altar","floor":31,"relics_lost":["Golden Idol"],"gold_loss":0}],"is_beta":false,"boss_relics":[{"not_picked":["Coffee Dripper","Cursed Key"],"picked":"conspire:SpecialSausage"}],"items_purged_floors":[],"is_endless":false,"potions_floor_spawned":[1,5,12,18,24,30],"killed_by":"Collector","ascension_level":6}}