{"host":"ywif2ugnepgiw45s","time":1610672889,"event":{"mods":["Act Like it!","BaseMod","Better Skull","Downfall","Elementarium","GifTheSpireLib","Hermit","Marisa????????","Minty Spire (QoL Compilation)","READ ME - Guardian Mod","Replay The Spire","Shade Mod","Shop Mod","StSLib","The Cursed","The Jungle","The Runesmith","The Servant 0.9.4"],"gold_per_floor":[110,110,123,140,140,140,215,241,241,241,260,271,41,6,6,103,103,114,114,114,234,16,43,43,53,53,65,84,84,84,84,84,184,184,202,65,117,136,11,11,44,44,44,44,44,44,44,62,62,62,62],"floor_reached":50,"language":"ENG","playtime":4458,"items_purged":["Strike_S","Shame","Strike_S"],"score":724,"play_id":"3970aa42-92c7-4745-8ed8-63123dae40ad","local_time":"20210114200809","is_ascension_mode":true,"campfire_choices":[{"data":"Luminosity","floor":6,"key":"SMITH"},{"floor":24,"key":"REST"},{"floor":29,"key":"DIG"},{"floor":32,"key":"REST"},{"floor":40,"key":"REST"},{"floor":44,"key":"DIG"},{"floor":47,"key":"RECALL"},{"floor":49,"key":"REST"}],"circlet_count":0,"master_deck":["Strike_S","Defend_S","Defend_S","Defend_S","Defend_S","KidneyShot","Exchange","BestPractice","Luminosity+1","Defy","Inflame","ReturningBlade","Manipulate","BottledTime","Embodiment+1","SpecialFormula","Initiator","TimeWarp","FlawlessForm","Potential","Potential","BestPractice","Foresight","SoulSculpture","Madness","Madness","ReplayTheSpireMod:Uncanny Aura"],"relics":["Dream Catcher","NlothsMask","m_ScarletBlood","Mercury Hourglass","ClockworkSouvenir","Replay:Grab Bag","Replay:Bronze Core","Velvet Choker","Runic Pyramid","Shovel","theJungle:BirthdayCakeSlice","Guardian:PocketSentry","Happy Flower","Replay:Wax Seal","Letter Opener","theJungle:PaperFaux","SplendidAttire","Counterbalance","Blue Candle","Frozen Egg 2"],"acts_visited":["Exordium","Exordium","TheBeyond"],"potions_floor_usage":[4,8,23,37,41],"damage_taken":[{"damage":3,"enemies":"Small Slimes","floor":1,"turns":6},{"damage":0,"enemies":"Cultist","floor":3,"turns":3},{"damage":0,"enemies":"2 Louse","floor":4,"turns":1},{"damage":0,"enemies":"Lagavulin","floor":8,"turns":5},{"damage":0,"enemies":"Large Slime","floor":11,"turns":4},{"damage":24,"enemies":"Exordium Wildlife","floor":12,"turns":5},{"damage":5,"enemies":"Fading Forest","floor":16,"turns":11},{"damage":9,"enemies":"theJungle:GiantWrat","floor":18,"turns":6},{"damage":24,"enemies":"theJungle:MamaSnecko","floor":23,"turns":6},{"damage":9,"enemies":"theJungle:MUSHROOMGANG","floor":25,"turns":4},{"damage":6,"enemies":"theJungle:2_Flameangoes","floor":27,"turns":7},{"damage":12,"enemies":"theJungle:Lyon","floor":28,"turns":6},{"damage":0,"enemies":"theJungle:QueenSpyder","floor":33,"turns":9},{"damage":7,"enemies":"3 Darklings","floor":35,"turns":7},{"damage":40,"enemies":"2 Orb Walkers","floor":37,"turns":4},{"damage":0,"enemies":"3 Shapes","floor":38,"turns":6},{"damage":11,"enemies":"Reptomancer","floor":41,"turns":6},{"damage":7,"enemies":"Sphere and 2 Shapes","floor":48,"turns":7},{"damage":63,"enemies":"Awakened One","floor":50,"turns":4}],"seed_played":"-4014202857895132650","potions_obtained":[{"floor":1,"key":"AttackPotion"},{"floor":3,"key":"ColorlessPotion"},{"floor":16,"key":"Fire Potion"},{"floor":23,"key":"FearPotion"},{"floor":28,"key":"Weak Potion"},{"floor":35,"key":"champ:CounterPotion"},{"floor":37,"key":"Swift Potion"},{"floor":38,"key":"Guardian:BlockOnCardUsePotion"}],"is_trial":false,"path_per_floor":["M","?","M","M","?","R","?","E","T","?","M","M","$","?","R","B",null,"M","?","?","?","$","E","R","M","T","M","M","R","?","?","R","B",null,"M","$","?","M","$","R","E","?","T","R","?","?","R","M","R","B"],"character_chosen":"THE_SERVANT","items_purchased":["ClockworkSouvenir","Embodiment","Guardian:PocketSentry","Potential"],"campfire_rested":4,"item_purchase_floors":[13,13,22,36],"current_hp_per_floor":[62,62,62,62,62,62,51,51,51,44,44,20,20,36,55,65,65,59,41,46,36,36,17,38,34,34,33,26,26,26,26,47,52,66,64,64,24,29,29,50,44,35,35,35,35,35,35,33,54,0,0],"gold":62,"neow_bonus":"RANDOM_COMMON_RELIC","is_daily":false,"chose_seed":false,"campfire_upgraded":1,"win_rate":0.0,"timestamp":1610672889,"path_taken":["M","?","M","?","?","R","?","E","T","?","M","?","?","?","R","BOSS","M","?","?","?","$","E","R","M","T","M","?","R","?","?","R","BOSS","M","$","?","M","$","R","E","?","T","R","?","?","R","M","R","BOSS"],"items_purchased_type":["Relic","Card","Relic","Card"],"build_version":"2020-12-22","purchased_purges":3,"victory":false,"max_hp_per_floor":[65,65,65,65,65,65,65,65,65,65,65,65,65,65,65,65,65,65,65,70,70,70,70,70,70,70,70,70,70,70,70,70,70,70,70,70,70,70,70,70,70,70,70,70,70,70,70,70,70,70,70],"card_choices":[{"not_picked":["Deadline","Replace"],"picked":"BestPractice","floor":1},{"not_picked":["Advance","RealityMarble"],"picked":"Luminosity","floor":3},{"not_picked":["Spin","Rewind"],"picked":"Defy","floor":4},{"not_picked":["Rearm","Alleviate"],"picked":"ReturningBlade","floor":8},{"not_picked":["Flex","FanOfKnives"],"picked":"Manipulate","floor":11},{"not_picked":["ShatteredReality","DoubleEdge"],"picked":"BottledTime","floor":12},{"not_picked":["Read","BestPractice"],"picked":"SpecialFormula","floor":15},{"not_picked":["Double Tap","PendulumOfEternity"],"picked":"Initiator","floor":16},{"not_picked":["BottledTime","Shuttle","Starlight"],"picked":"SKIP","floor":18},{"not_picked":["ShatteredReality","Contraction","DualDimension"],"picked":"SKIP","floor":23},{"not_picked":["Unruled","Revamp+1"],"picked":"TimeWarp","floor":25},{"not_picked":["Replace","Solidify","Alleviate"],"picked":"SKIP","floor":27},{"not_picked":["BottledTime","Hightail","FastForward"],"picked":"SKIP","floor":28},{"not_picked":["Embodiment","TrueSight"],"picked":"FlawlessForm","floor":33},{"not_picked":["Ricochet","Starlight","Unruled"],"picked":"SKIP","floor":35},{"not_picked":["Starlight","Contraction"],"picked":"BestPractice","floor":37},{"not_picked":["Potential","Rearm+1"],"picked":"Foresight","floor":38},{"not_picked":["ShatteredReality+1","Rearm"],"picked":"SoulSculpture","floor":41},{"not_picked":["ReplayTheSpireMod:Brewmster+1","The Bomb"],"picked":"ReplayTheSpireMod:Uncanny Aura","floor":45},{"not_picked":["Revamp+1","Spin","FanOfKnives"],"picked":"SKIP","floor":48}],"player_experience":1721926,"relics_obtained":[{"floor":8,"key":"Mercury Hourglass"},{"floor":23,"key":"Happy Flower"},{"floor":26,"key":"Replay:Wax Seal"},{"floor":29,"key":"Letter Opener"},{"floor":37,"key":"Counterbalance"},{"floor":41,"key":"Blue Candle"},{"floor":44,"key":"Frozen Egg 2"}],"event_choices":[{"damage_healed":0,"gold_gain":0,"player_choice":"Trade","damage_taken":0,"relics_obtained":["NlothsMask"],"max_hp_gain":0,"max_hp_loss":0,"event_name":"FaceTrader","floor":2,"gold_loss":0},{"damage_healed":0,"gold_gain":75,"player_choice":"Gather Gold","damage_taken":11,"max_hp_gain":0,"max_hp_loss":0,"event_name":"World of Goop","floor":7,"gold_loss":0},{"cards_removed":["Strike_S"],"damage_healed":0,"gold_gain":0,"player_choice":"Card Removal","damage_taken":7,"max_hp_gain":0,"max_hp_loss":0,"event_name":"Golden Wing","floor":10,"gold_loss":0},{"damage_healed":16,"gold_gain":0,"player_choice":"Healed","damage_taken":0,"max_hp_gain":0,"max_hp_loss":0,"event_name":"The Cleric","floor":14,"gold_loss":35},{"damage_healed":0,"gold_gain":0,"player_choice":"Fight","damage_taken":0,"max_hp_gain":0,"max_hp_loss":0,"event_name":"Mysterious Sphere","floor":37,"gold_loss":0},{"damage_healed":0,"gold_gain":0,"player_choice":"Embrace Madness","damage_taken":9,"max_hp_gain":0,"max_hp_loss":0,"event_name":"Winding Halls","floor":42,"gold_loss":0,"cards_obtained":["Madness","Madness"]},{"damage_healed":0,"gold_gain":0,"player_choice":"Memory 1","damage_taken":0,"max_hp_gain":0,"max_hp_loss":0,"event_name":"SensoryStone","floor":45,"gold_loss":0}],"is_beta":false,"boss_relics":[{"not_picked":["Astrolabe","Coffee Dripper"],"picked":"Replay:Grab Bag"},{"not_picked":["MysterySword","Busted Crown"],"picked":"Replay:Bronze Core"},{"not_picked":["Sozu","Abe\u0027s Treasure"],"picked":"Velvet Choker"},{"not_picked":["Snecko Eye","Kintsugi"],"picked":"Runic Pyramid"},{"not_picked":["SacredBark","Replay:Drink Me"],"picked":"SplendidAttire"}],"items_purged_floors":[22,36,39],"is_endless":false,"potions_floor_spawned":[1,3,16,23,28,35,37,38],"killed_by":"Awakened One","ascension_level":5}}