{"host":"6ayekdpky30mcb5q","time":1610681789,"event":{"mods":["BaseMod","Colored Map","Highlight Path","Minty Spire (QoL Compilation)","StSLib","WoW Paladin Mod"],"gold_per_floor":[110,6,22,42,42,69,82,82,134,145,70,70,83,99,99,200,200,217,232,232,244,244,244],"floor_reached":22,"language":"ENG","playtime":1318,"items_purged":["WoWPaladin:StrikePaladin"],"score":190,"play_id":"a4a6222c-47b7-487c-9bae-84cde45b67c3","local_time":"20210114213629","is_ascension_mode":false,"campfire_choices":[{"floor":12,"key":"RECALL"},{"floor":15,"key":"REST"}],"circlet_count":0,"master_deck":["WoWPaladin:TemplarsVerdict","WoWPaladin:ZealotsThrust","WoWPaladin:DivineBulwark","WoWPaladin:Zeal","WoWPaladin:BlessedBreastplate","WoWPaladin:Vindicate","WoWPaladin:DivineBulwark","WoWPaladin:CondemnHeresy","WoWPaladin:ZealousPersecution","WoWPaladin:CrusaderAura","WoWPaladin:HammerOfJustice","WoWPaladin:GrandCrusader","WoWPaladin:DivineStorm","WoWPaladin:ArdentDefense","WoWPaladin:SentinelStance","WoWPaladin:SentinelStance","WoWPaladin:Repentance","WoWPaladin:SeraphStrike","WoWPaladin:BlessingOfKings","WoWPaladin:RighteousDuty","Necronomicurse","WoWPaladin:Thorns+1"],"relics":["Fusion Hammer","Matryoshka","Boot","Tiny Chest","Pandora\u0027s Box","Necronomicon"],"acts_visited":["Exordium","TheCity"],"potions_floor_usage":[21],"damage_taken":[{"damage":1,"enemies":"2 Louse","floor":1,"turns":2},{"damage":6,"enemies":"Jaw Worm","floor":3,"turns":3},{"damage":0,"enemies":"Cultist","floor":4,"turns":3},{"damage":18,"enemies":"3 Sentries","floor":6,"turns":9},{"damage":5,"enemies":"3 Louse","floor":7,"turns":3},{"damage":1,"enemies":"2 Fungi Beasts","floor":10,"turns":3},{"damage":3,"enemies":"Blue Slaver","floor":13,"turns":3},{"damage":0,"enemies":"Exordium Thugs","floor":14,"turns":5},{"damage":19,"enemies":"The Guardian","floor":16,"turns":13},{"damage":21,"enemies":"Shell Parasite","floor":18,"turns":7},{"damage":21,"enemies":"2 Thieves","floor":19,"turns":5},{"damage":12,"enemies":"3 Cultists","floor":21,"turns":4},{"damage":17,"enemies":"Snake Plant","floor":22,"turns":2}],"seed_played":"6960947693668752377","potions_obtained":[{"floor":3,"key":"EssenceOfSteel"},{"floor":6,"key":"FearPotion"},{"floor":7,"key":"DistilledChaos"},{"floor":21,"key":"Block Potion"}],"is_trial":false,"path_per_floor":["M","$","M","M","?","E","M","?","T","M","$","R","M","M","R","B",null,"M","M","?","M","M"],"character_chosen":"THE_PALADIN","items_purchased":["WoWPaladin:ZealotsThrust","WoWPaladin:DivineBulwark"],"campfire_rested":1,"item_purchase_floors":[2,2],"current_hp_per_floor":[79,79,73,73,78,60,55,55,55,54,54,54,51,51,76,57,85,64,43,27,15,0,0],"gold":244,"neow_bonus":"BOSS_RELIC","is_daily":false,"chose_seed":false,"campfire_upgraded":0,"win_rate":0.0,"timestamp":1610681789,"path_taken":["M","$","M","M","?","E","M","?","T","M","$","R","M","M","R","BOSS","M","?","?","M","M"],"items_purchased_type":["Card","Card"],"build_version":"2020-12-22","purchased_purges":1,"victory":false,"max_hp_per_floor":[80,80,80,80,85,85,85,85,85,85,85,85,85,85,85,85,85,85,85,85,85,85,85],"card_choices":[{"not_picked":["WoWPaladin:SentinelStance","WoWPaladin:HammerOfWrath","WoWPaladin:BlessingOfWisdom"],"picked":"SKIP","floor":1},{"not_picked":["WoWPaladin:OathOfPiety","WoWPaladin:Brace"],"picked":"WoWPaladin:Zeal","floor":3},{"not_picked":["WoWPaladin:CrusaderStrike","WoWPaladin:GuidingStrike"],"picked":"WoWPaladin:BlessedBreastplate","floor":4},{"not_picked":["WoWPaladin:SeraphStrike","WoWPaladin:BlindingLight"],"picked":"WoWPaladin:Vindicate","floor":6},{"not_picked":["WoWPaladin:OathOfVigilance","WoWPaladin:Repentance"],"picked":"WoWPaladin:DivineBulwark","floor":7},{"not_picked":["WoWPaladin:Judgement","WoWPaladin:Zeal","WoWPaladin:OathOfPiety"],"picked":"SKIP","floor":10},{"not_picked":["WoWPaladin:SeraphStrike","WoWPaladin:FistOfTheHeavens"],"picked":"WoWPaladin:CondemnHeresy","floor":13},{"not_picked":["WoWPaladin:Vindicate","WoWPaladin:AvengersShield"],"picked":"WoWPaladin:ZealousPersecution","floor":14},{"not_picked":["WoWPaladin:DivineStorm","WoWPaladin:HammerOfJustice"],"picked":"WoWPaladin:CrusaderAura","floor":16},{"not_picked":["WoWPaladin:ValiantCharge","WoWPaladin:AvengersShield+1","WoWPaladin:BlessingOfWisdom"],"picked":"SKIP","floor":18},{"not_picked":["WoWPaladin:GuidingStrike","WoWPaladin:OathOfVigilance+1","WoWPaladin:Rebuke"],"picked":"SKIP","floor":19},{"not_picked":["WoWPaladin:FaithInTheLight+1","WoWPaladin:DivineBulwark"],"picked":"WoWPaladin:Thorns+1","floor":21}],"player_experience":546703,"relics_obtained":[{"floor":6,"key":"Matryoshka"},{"floor":9,"key":"Boot"},{"floor":9,"key":"Tiny Chest"},{"floor":20,"key":"Necronomicon"}],"event_choices":[{"damage_healed":0,"gold_gain":0,"player_choice":"Donut","damage_taken":0,"max_hp_gain":5,"max_hp_loss":0,"event_name":"Big Fish","floor":5,"gold_loss":0},{"damage_healed":0,"gold_gain":0,"player_choice":"Ignored","damage_taken":0,"max_hp_gain":0,"max_hp_loss":0,"event_name":"NoteForYourself","floor":8,"gold_loss":0},{"damage_healed":0,"gold_gain":0,"player_choice":"Obtained Book","damage_taken":16,"max_hp_gain":0,"max_hp_loss":0,"event_name":"Cursed Tome","floor":20,"gold_loss":0}],"is_beta":false,"boss_relics":[{"not_picked":["Ectoplasm","Velvet Choker"],"picked":"Pandora\u0027s Box"}],"items_purged_floors":[11],"is_endless":false,"potions_floor_spawned":[3,6,7,16,21],"killed_by":"Snake Plant","ascension_level":0}}