{"host":"8suwxzmsh8pwn3fh","time":1610672290,"event":{"mods":["BaseMod","Colored Map","Curses Come First","Dark Map","Hubris","Infinite Spire","Minty Spire (QoL Compilation)","Replay The Spire","StSLib","The Necromancer"],"gold_per_floor":[214,214,214,229,85,85,104,136,136,136,136,136,147,161,161,263,263,278,290,156,173,443,443,460,148,175,190,190,220,220,220,220,328,355,374,383,383,409,435,435,201,230,257,283,283,283,302,31,31,31],"floor_reached":51,"language":"ENG","playtime":2591,"items_purged":["Strike_W","Strike_W","Strike_W","Strike_W","Parasite","Writhe"],"score":795,"play_id":"35fb02a9-d22a-4866-b870-88bba5ab7f9b","local_time":"20210115015810","is_ascension_mode":false,"campfire_choices":[{"data":"Summon_Undead_Army","floor":6,"key":"SMITH"},{"data":"Stop_Heart","floor":10,"key":"SMITH"},{"data":"Summon_Undead","floor":12,"key":"SMITH"},{"floor":15,"key":"DIG"},{"floor":23,"key":"REST"},{"data":"Slay_Living","floor":28,"key":"SMITH"},{"data":"Summon_Undead_Army","floor":40,"key":"SMITH"},{"data":"Summon_Death_Knight","floor":46,"key":"SMITH"},{"floor":49,"key":"REST"}],"circlet_count":0,"master_deck":["Defend_W","Defend_W","Defend_W","Defend_W","Negative_Energy_Arrows","Bone_Wall","Bone_Prison+1","Summon_Undead+1","Summon_Undead_Army+1","Stop_Heart+1","Death_March_Dance","Summon_Vampire_Lady+1","Scare","Summon_Undead_Army","Bone_Prison","Slay_Living+1","Summon_Lich","Stop_Heart","Summon_Death_Knight+1","CommonCold","Summon_Undead_Army+1","Summon_Undead_Army","Vampiric_Strike+1","Bone_Prison","Consume_Illness","Negative_Energy_Bomb+1"],"relics":["Vampire_Amulet","infinitespire:BottledMercury","Toy Ornithopter","Quantum Egg","hubris:Icosahedron","Akabeko","Philosopher\u0027s Stone","CeramicFish","Ancient Tea Set","The Courier","Replay:Bottled Eggs","Replay:Ancient Bell","Blood Vial","Darkstone Periapt","Lizard Tail","Ring of Searing","Ring of Misfortune","Membership Card","hubris:Spice","Simple Rune","PrismaticShard","Centennial Puzzle"],"acts_visited":["Exordium","TheCity","TheBeyond"],"potions_floor_usage":[13,16,42,44,50,50,50],"damage_taken":[{"damage":1,"enemies":"Jaw Worm","floor":1,"turns":5},{"damage":0,"enemies":"2 Louse","floor":4,"turns":4},{"damage":0,"enemies":"Cultist","floor":7,"turns":3},{"damage":40,"enemies":"3 Sentries","floor":8,"turns":7},{"damage":1,"enemies":"Blue Slaver","floor":13,"turns":3},{"damage":6,"enemies":"Exordium Wildlife","floor":14,"turns":4},{"damage":18,"enemies":"Hexaghost","floor":16,"turns":6},{"damage":6,"enemies":"Spheric Guardian","floor":18,"turns":4},{"damage":9,"enemies":"3 Byrds","floor":19,"turns":5},{"damage":19,"enemies":"Sentry and Sphere","floor":21,"turns":5},{"damage":13,"enemies":"Snecko","floor":24,"turns":4},{"damage":8,"enemies":"Snake Plant","floor":27,"turns":3},{"damage":4,"enemies":"Book of Stabbing","floor":29,"turns":5},{"damage":22,"enemies":"hubris:MusketHawk","floor":33,"turns":6},{"damage":18,"enemies":"3 Darklings","floor":35,"turns":5},{"damage":15,"enemies":"Orb Walker","floor":38,"turns":3},{"damage":23,"enemies":"Maw","floor":39,"turns":6},{"damage":39,"enemies":"Giant Head","floor":42,"turns":7},{"damage":35,"enemies":"Jaw Worm Horde","floor":44,"turns":4},{"damage":14,"enemies":"Transient","floor":47,"turns":5},{"damage":91,"enemies":"Awakened One","floor":50,"turns":9}],"seed_played":"6693275101756280664","potions_obtained":[{"floor":4,"key":"Cursed Concoction"},{"floor":8,"key":"Energy Potion"},{"floor":13,"key":"Venom Potion"},{"floor":14,"key":"AttackPotion"},{"floor":19,"key":"Venom Potion"},{"floor":21,"key":"Languid Potion"},{"floor":33,"key":"SteroidPotion"},{"floor":38,"key":"PowerPotion"},{"floor":39,"key":"Elixir"},{"floor":42,"key":"AttackPotion"},{"floor":47,"key":"SkillPotion"}],"is_trial":false,"path_per_floor":["M","?","?","M","$","R","M","E","T","R","?","R","M","M","R_BF","B",null,"M","M","$","M","?","R","M","$","T","M","R","E","AVR","?","R_BF","B",null,"M","?","?","M","M","R","$","E","T","M","?","R","M","$","R_BF","B",null],"character_chosen":"NECROMANCER","items_purchased":["Summon_Undead_Army","Summon_Undead_Army","Slay_Living","Summon_Lich","Stop_Heart","Membership Card","Regen Potion","Negative_Energy_Bomb+1","PrismaticShard","Centennial Puzzle"],"campfire_rested":2,"item_purchase_floors":[5,20,25,25,25,41,48,48,48,48],"current_hp_per_floor":[75,75,75,75,75,75,75,59,59,59,59,59,65,63,63,64,75,75,75,75,64,37,59,63,63,63,57,57,61,61,61,75,73,93,93,93,93,80,85,85,85,85,85,72,72,72,74,74,98,58],"gold":31,"neow_bonus":"HUNDRED_GOLD","is_daily":false,"chose_seed":false,"campfire_upgraded":6,"win_rate":0.0,"timestamp":1610672290,"path_taken":["M","?","?","M","$","R","M","E","T","R","?","R","M","M","R_BF","BOSS","M","M","$","M","?","R","?","$","T","M","R","E","AVR","?","R_BF","BOSS","M","?","?","M","M","R","$","E","T","M","?","R","M","$","R_BF","BOSS"],"items_purchased_type":["Card","Card","Card","Card","Card","Relic","Potion","Card","Relic","Relic"],"build_version":"2020-12-22","purchased_purges":6,"victory":true,"max_hp_per_floor":[75,75,75,75,75,75,75,75,75,75,75,75,75,75,75,75,75,75,75,75,75,75,75,75,75,75,75,75,75,75,75,75,75,93,93,93,93,93,93,93,90,98,98,98,98,98,98,98,98,98],"card_choices":[{"not_picked":["Shackles_Of_Pain","Death_Coil"],"picked":"Bone_Prison","floor":1},{"not_picked":["Strike_from_Beyond","Blood_Curse"],"picked":"Summon_Undead","floor":4},{"not_picked":["Deaths_Shadow","Blood_Shield","Blood_for_Blood"],"picked":"SKIP","floor":7},{"not_picked":["Death_Coil","Blood_Wake"],"picked":"Stop_Heart","floor":8},{"not_picked":["Spectral_Walk","Strike_from_Beyond","Negative_Energy_Burst"],"picked":"SKIP","floor":13},{"not_picked":["Shackles_Of_Pain","Bone_Armor"],"picked":"Death_March_Dance","floor":14},{"not_picked":["Blood_Magic","Requiem"],"picked":"Summon_Vampire_Lady","floor":16},{"not_picked":["Bone_Shift","Whirlwind_of_Bones","Shackles_Of_Pain"],"picked":"SKIP","floor":18},{"not_picked":["Shackles_Of_Pain","Blood_Curse"],"picked":"Scare","floor":19},{"not_picked":["Bone_Armor","Blood_Magic","Negative_Energy_Javelin"],"picked":"SKIP","floor":21},{"not_picked":["Necromantic_Selection","Bone_Spikes+1"],"picked":"Bone_Prison","floor":24},{"not_picked":["Whirlwind_of_Bones","Blood_Whip","Chill_Blood+1"],"picked":"SKIP","floor":27},{"not_picked":["Negative_Energy_Sphere+1","Necrotic_Claws","Bone_Armor+1"],"picked":"SKIP","floor":29},{"not_picked":["Blood_Wake","Detonate_Bones"],"picked":"Summon_Death_Knight","floor":33},{"not_picked":["Amnesia","Regret"],"picked":"Parasite","floor":34},{"not_picked":["Normality","ReplayTheSpireMod:Restless Dread"],"picked":"CommonCold","floor":34},{"not_picked":["hubris:Disease","Normality"],"picked":"Writhe","floor":34},{"not_picked":["Whirlwind_of_Bones","Blood_Is_Power+1","Spectral_Walk"],"picked":"SKIP","floor":35},{"not_picked":["Spectral_Walk","Blood_Curse"],"picked":"Summon_Undead_Army","floor":38},{"not_picked":["Negative_Energy_Javelin+1","Deaths_Shadow"],"picked":"Vampiric_Strike+1","floor":39},{"not_picked":["Death_Coil","Necromantic_Selection+1","Bone_Armory+1"],"picked":"SKIP","floor":42},{"not_picked":["Pandemic+1","Blood_Is_Power"],"picked":"Bone_Prison","floor":44},{"not_picked":["Flesh_Made_Foul","Negative_Energy_Burst+1"],"picked":"Consume_Illness","floor":47}],"player_experience":378307,"relics_obtained":[{"floor":8,"key":"Toy Ornithopter"},{"floor":9,"key":"Quantum Egg"},{"floor":15,"key":"Akabeko"},{"floor":26,"key":"CeramicFish"},{"floor":29,"key":"Ancient Tea Set"},{"floor":37,"key":"Ring of Searing"},{"floor":37,"key":"Ring of Misfortune"},{"floor":42,"key":"hubris:Spice"},{"floor":43,"key":"Simple Rune"}],"event_choices":[{"damage_healed":0,"gold_gain":0,"player_choice":"Box","damage_taken":0,"relics_obtained":["infinitespire:BottledMercury"],"max_hp_gain":0,"max_hp_loss":0,"event_name":"Big Fish","floor":2,"gold_loss":0,"cards_obtained":["Regret"]},{"cards_removed":["Regret"],"damage_healed":0,"gold_gain":0,"player_choice":"Forget","damage_taken":0,"max_hp_gain":0,"max_hp_loss":0,"event_name":"Living Wall","floor":3,"gold_loss":0},{"damage_healed":0,"gold_gain":270,"player_choice":"GOLD GOLD GOLD ","damage_taken":27,"max_hp_gain":0,"max_hp_loss":0,"event_name":"Knowing Skull","floor":22,"potions_obtained":[],"gold_loss":0,"cards_obtained":[]},{"damage_healed":0,"gold_gain":0,"player_choice":"Ignored","damage_taken":0,"max_hp_gain":0,"max_hp_loss":0,"event_name":"Tomb of Lord Red Mask","floor":45,"gold_loss":0}],"is_beta":false,"boss_relics":[{"not_picked":["Busted Crown","Empty Cage"],"picked":"Philosopher\u0027s Stone"},{"not_picked":["Replay:Bronze Core","hubris:HollowSoul"],"picked":"Replay:Ancient Bell"},{"not_picked":["Replay:Wax Seal","Omamori"],"picked":"Blood Vial"},{"not_picked":["Question Card","infinitespire:Eraser"],"picked":"Darkstone Periapt"},{"not_picked":["Old Coin","Pocketwatch"],"picked":"Lizard Tail"}],"items_purged_floors":[5,20,25,30,41,48],"is_endless":false,"potions_floor_spawned":[4,8,13,14,19,21,33,38,39,42,47],"ascension_level":0}}