{"host":"8d3fefv2347kqkpz","time":1610670856,"event":{"mods":["100% Spire Juice","BaseMod","Better Vampires","Colored Map","Downfall","Minty Spire (QoL Compilation)","Quick Restart","Replay The Spire","StSLib","The Gatherer","Waifu the Spire"],"gold_per_floor":[109,127,140,156,172,199,199,209,278,47,47,61,71,81,81,183,183,199,210,47,63,63,93,143,143,143,143,143],"floor_reached":27,"language":"ZHS","playtime":1575,"items_purged":["Defend_R"],"score":239,"play_id":"57df0dbd-6906-4af6-9529-2ab60fbd27bc","local_time":"20210115083416","is_ascension_mode":false,"campfire_choices":[{"data":"Armaments","floor":7,"key":"SMITH"},{"data":"Armaments","floor":15,"key":"SMITH"},{"floor":25,"key":"REST"}],"circlet_count":0,"master_deck":["Defend_R","Defend_R","Defend_R","Bash","Flex+1","Dual Wield","ReplayTheSpireMod:Stacked","Replay:Undeath\u0027s Touch","Heavy Blade","Armaments+1","Armaments+1","Double Tap","Sword Boomerang","ReplayTheSpireMod:Muscle Training","expansioncontent:ChargeUp","Slimebound:Tackle+1","Slimebound:Tackle+1","Slimebound:Tackle+1","Rage"],"relics":["Black Blood","Oddly Smooth Stone","Replay:Bottled Flurry","Red Skull","Gremlin Food","Replay:Mystery Machine"],"acts_visited":["Exordium","TheCity"],"potions_floor_usage":[6,27],"damage_taken":[{"damage":0,"enemies":"Cultist","floor":1,"turns":2},{"damage":2,"enemies":"2 Louse","floor":2,"turns":3},{"damage":0,"enemies":"Jaw Worm","floor":3,"turns":3},{"damage":8,"enemies":"Blue Slaver","floor":4,"turns":6},{"damage":10,"enemies":"Looter","floor":5,"turns":3},{"damage":28,"enemies":"Gremlin Nob","floor":6,"turns":4},{"damage":0,"enemies":"Exordium Wildlife","floor":8,"turns":2},{"damage":17,"enemies":"Lots of Slimes","floor":12,"turns":8},{"damage":1,"enemies":"Blue Slaver","floor":13,"turns":6},{"damage":0,"enemies":"Large Slime","floor":14,"turns":5},{"damage":48,"enemies":"The Guardian","floor":16,"turns":11},{"damage":32,"enemies":"3 Byrds","floor":18,"turns":8},{"damage":16,"enemies":"Chosen","floor":19,"turns":7},{"damage":35,"enemies":"Centurion and Healer","floor":21,"turns":8},{"damage":25,"enemies":"Book of Stabbing","floor":23,"turns":5},{"damage":61,"enemies":"Slavers","floor":27,"turns":6}],"seed_played":"3918843557925097278","potions_obtained":[{"floor":2,"key":"Fire Potion"},{"floor":4,"key":"BloodPotion"},{"floor":5,"key":"Explosive Potion"},{"floor":6,"key":"Strength Potion"},{"floor":16,"key":"Languid Potion"}],"is_trial":false,"path_per_floor":["M","M","M","M","M","E","R","M","T","$","$","M","M","M","R","B",null,"M","M","$","M","?","E","?","R","T","E"],"character_chosen":"IRONCLAD","items_purchased":["Red Skull","Double Tap","expansioncontent:ChargeUp"],"campfire_rested":1,"item_purchase_floors":[10,10,20],"current_hp_per_floor":[80,80,80,78,74,52,52,58,58,58,58,47,52,58,58,16,80,60,56,56,33,33,20,20,44,44,0,0],"gold":143,"neow_bonus":"TRANSFORM_CARD","is_daily":false,"chose_seed":false,"campfire_upgraded":2,"win_rate":0.0,"timestamp":1610670856,"path_taken":["M","M","M","M","M","E","R","M","T","?","$","M","M","M","R","BOSS","M","M","$","M","?","E","?","R","T","E"],"items_purchased_type":["Relic","Card","Card"],"build_version":"2020-12-22","purchased_purges":1,"victory":false,"max_hp_per_floor":[80,80,80,80,80,80,80,80,80,80,80,80,80,80,80,80,80,80,80,80,80,80,80,80,80,80,80,80],"card_choices":[{"not_picked":["Shrug It Off","Wild Strike"],"picked":"Dual Wield","floor":1},{"not_picked":["Shrug It Off","Fire Breathing"],"picked":"ReplayTheSpireMod:Stacked","floor":2},{"not_picked":["Body Slam","Headbutt","Power Through"],"picked":"SKIP","floor":3},{"not_picked":["Reckless Charge","Evolve"],"picked":"Replay:Undeath\u0027s Touch","floor":4},{"not_picked":["Whirlwind","Dark Embrace"],"picked":"Heavy Blade","floor":5},{"not_picked":["Havoc","Clash"],"picked":"Armaments","floor":6},{"not_picked":["ReplayTheSpireMod:Corrosion Curse","Heavy Blade"],"picked":"Armaments","floor":8},{"not_picked":["Headbutt","Dark Embrace"],"picked":"Sword Boomerang","floor":12},{"not_picked":["Intimidate","Flame Barrier","Body Slam"],"picked":"SKIP","floor":13},{"not_picked":["Demonic Infusion","Shockwave","Heavy Blade"],"picked":"SKIP","floor":14},{"not_picked":["Hemokinesis+1","Thunderclap","Pommel Strike"],"picked":"SKIP","floor":18},{"not_picked":["Clothesline","Twin Strike"],"picked":"ReplayTheSpireMod:Muscle Training","floor":19},{"not_picked":["Second Wind+1","Massacre","Clothesline"],"picked":"SKIP","floor":21},{"not_picked":["Sword Boomerang","Evolve"],"picked":"Rage","floor":23}],"player_experience":70369,"relics_obtained":[{"floor":6,"key":"Oddly Smooth Stone"},{"floor":9,"key":"Replay:Bottled Flurry"},{"floor":23,"key":"Gremlin Food"},{"floor":26,"key":"Replay:Mystery Machine"}],"event_choices":[{"damage_healed":0,"gold_gain":100,"player_choice":"Bet on Murderer","damage_taken":0,"max_hp_gain":0,"max_hp_loss":0,"event_name":"The Joust","floor":24,"gold_loss":50}],"is_beta":false,"boss_relics":[{"not_picked":["Mark of Pain","Painkiller Herb"],"picked":"Black Blood"}],"items_purged_floors":[20],"is_endless":false,"potions_floor_spawned":[2,4,5,6,8,16,18,21],"killed_by":"Slavers","ascension_level":0}}