{"host":"guwca93h2ke9l2g3","time":1610685118,"event":{"mods":["100% Spire Juice","2.2 Compatiblity","Act Like it!","Arknights The Spire","Aspiration","BaseMod","Better Skull","ChefMod","Colored Powertips","Conspire","Dark Map","Downfall","Fox Events","GungeonMod","Halation","Hallownest","HololiveMod","Hubris","Infinite Spire","Lobotomy","LobotomyExtend","Marked Mod","Minty Spire (QoL Compilation)","Permanent Neow","Potionbrewer","Prisma Mod","Quick Restart","Relic Sorter","Relic Stats","Replay The Spire","Robot Space Explorer","Shade Mod","Spicy Shops","StSLib","The Alterego","The Animator","The Bug Knight","The Cursed","The Marked","The Mystic","The Necromancer","The Poker Player","TheVacant","TheWitcher","Waifu the Spire","WarShipGirlsR/????R mod","Yakumo Yukari mod","Yuri Mod","vexMod"],"gold_per_floor":[110,110,110,110,110,144,156,190,190,190,220,220,254,64,64,167,167,182,192,202,177,177,209,209,209,209],"floor_reached":25,"language":"ENG","playtime":2189,"items_purged":["DemoMod:Defend_Huntress"],"score":400,"play_id":"81fa0ffc-1307-4fe1-a7ee-49629b27662b","local_time":"20210114223158","is_ascension_mode":true,"campfire_choices":[{"data":"hubris:DuctTapeCard","floor":10,"key":"SMITH"},{"floor":12,"key":"REST"},{"floor":15,"key":"RECALL"},{"floor":24,"key":"REST"}],"circlet_count":0,"master_deck":["DemoMod:Strike_Huntress","DemoMod:Defend_Huntress","DemoMod:Roll","DemoMod:ManualReload","DemoMod:RustySidearm","DemoMod:CrossBow","hubris:DuctTapeCard+2","DemoMod:GunslingerForm","DemoMod:Purify","DemoMod:Evolver"],"relics":["halation:SmartPhone","LetterFromLob","SnafuTest:CatRelic","hubris:DuctTape","Lantern","HollowMod:PaleOreRelic","halation:TwoAmDonut","DemoMod:GnawedKey","Replay:Bronze Core","hubris:Towel","aspiration:ChemicalBlood"],"acts_visited":["Exordium","TheCity"],"potions_floor_usage":[25,25,25,25,25],"damage_taken":[{"damage":2,"enemies":"Jaw Worm","floor":1,"turns":2},{"damage":23,"enemies":"Lagavulin","floor":6,"turns":5},{"damage":0,"enemies":"Small Slimes","floor":7,"turns":2},{"damage":0,"enemies":"3 Sentries","floor":8,"turns":1},{"damage":0,"enemies":"Lagavulin","floor":11,"turns":3},{"damage":7,"enemies":"3 Sentries","floor":13,"turns":3},{"damage":10,"enemies":"Fading Forest","floor":16,"turns":11},{"damage":20,"enemies":"Spheric Guardian","floor":18,"turns":5},{"damage":0,"enemies":"Chosen","floor":19,"turns":2},{"damage":10,"enemies":"Centurion and Healer","floor":20,"turns":4},{"damage":18,"enemies":"Slavers","floor":23,"turns":5},{"damage":46,"enemies":"conspire:SneckoGhost","floor":25,"turns":7}],"seed_played":"7867057943996812485","potions_obtained":[{"floor":6,"key":"potionbrewer:AcidPotion"},{"floor":7,"key":"Explosive Potion"},{"floor":11,"key":"Regen Potion"},{"floor":23,"key":"BlessingOfTheForge"}],"is_trial":false,"path_per_floor":["M","?","?","?","?","E","M","E","T","R","E","R","E","$","R","B",null,"M","M","M","?","?","E","R","E"],"character_chosen":"HUNTRESS","items_purchased":["DemoMod:GnawedKey"],"campfire_rested":2,"item_purchase_floors":[14],"current_hp_per_floor":[61,54,54,54,54,31,24,17,17,17,17,38,31,31,31,43,63,43,43,33,33,33,8,29,0,0],"gold":209,"neow_bonus":"BOSS_RELIC","is_daily":false,"chose_seed":false,"campfire_upgraded":1,"win_rate":0.0,"timestamp":1610685118,"path_taken":["M","?","?","?","?","E","M","E","T","R","E","R","E","$","R","BOSS","M","?","M","?","?","E","R","E"],"items_purchased_type":["Relic"],"build_version":"2020-12-22","purchased_purges":1,"victory":false,"max_hp_per_floor":[70,70,70,70,70,70,70,70,70,70,70,70,70,70,70,70,70,70,70,70,70,70,70,70,70,70],"relic_stats":{"counters":[12,50],"obtain_stats":[{"halation:SmartPhone":0,"Lantern":9,"DemoMod:Dog":0,"hubris:DuctTape":8,"DemoMod:GlassGuonStoneRelic":6,"hubris:Towel":22,"SnafuTest:CatRelic":6,"Replay:Bronze Core":17,"LetterFromLob":1,"DemoMod:GnawedKey":14,"HollowMod:PaleOreRelic":11,"halation:TwoAmDonut":13,"aspiration:ChemicalBlood":23},{"halation:SmartPhone":0,"Lantern":4,"DemoMod:Dog":0,"hubris:DuctTape":4,"DemoMod:GlassGuonStoneRelic":2,"hubris:Towel":10,"SnafuTest:CatRelic":2,"Replay:Bronze Core":7,"LetterFromLob":1,"DemoMod:GnawedKey":6,"HollowMod:PaleOreRelic":5,"halation:TwoAmDonut":6,"aspiration:ChemicalBlood":11},{"halation:SmartPhone":0,"Lantern":10,"DemoMod:Dog":0,"hubris:DuctTape":10,"DemoMod:GlassGuonStoneRelic":7,"hubris:Towel":38,"SnafuTest:CatRelic":7,"Replay:Bronze Core":27,"LetterFromLob":2,"DemoMod:GnawedKey":16,"HollowMod:PaleOreRelic":13,"halation:TwoAmDonut":16,"aspiration:ChemicalBlood":43}]},"card_choices":[{"not_picked":["DemoMod:ConditionalReflex","DemoMod:DirectionalPad"],"picked":"DemoMod:PotionOfGunFriendShip","floor":1},{"not_picked":["DemoMod:CursedBullets","DemoMod:PotionOfGunFriendShip"],"picked":"DemoMod:LifeOrb","floor":6},{"not_picked":["DemoMod:DirectionalPad","DemoMod:Ejector"],"picked":"DemoMod:Purify","floor":7},{"not_picked":["DemoMod:DoubleSwitch","DemoMod:Unmoved","DemoMod:JK47"],"picked":"SKIP","floor":8},{"not_picked":["DemoMod:DoubleSwitch","DemoMod:Unmoved","DemoMod:JK47"],"picked":"SKIP","floor":8},{"not_picked":["DemoMod:LifeOrb","DemoMod:SniperShot","DemoMod:MegaHand"],"picked":"SKIP","floor":11},{"not_picked":["DemoMod:Casey","DemoMod:SAA","DemoMod:HighKaliber"],"picked":"SKIP","floor":13},{"not_picked":["DemoMod:FinishedGun","DemoMod:DoubleVision"],"picked":"DemoMod:GunslingerForm","floor":16},{"not_picked":["DemoMod:DoubleSwitch","DemoMod:AWP","DemoMod:TeaPot"],"picked":"SKIP","floor":18},{"not_picked":["DemoMod:Unmoved","DemoMod:BattleInHaste"],"picked":"DemoMod:Purify","floor":19},{"not_picked":["DemoMod:ConditionalReflex","DemoMod:JK47","DemoMod:FinishedGun"],"picked":"SKIP","floor":20},{"not_picked":["DemoMod:JK47+1","DemoMod:TableSutra"],"picked":"DemoMod:Evolver","floor":23}],"player_experience":306631,"relics_obtained":[{"floor":1,"key":"LetterFromLob"},{"floor":6,"key":"SnafuTest:CatRelic"},{"floor":8,"key":"hubris:DuctTape"},{"floor":9,"key":"Lantern"},{"floor":11,"key":"HollowMod:PaleOreRelic"},{"floor":13,"key":"halation:TwoAmDonut"},{"floor":23,"key":"aspiration:ChemicalBlood"}],"event_choices":[{"cards_removed":["DemoMod:Defend_Huntress"],"damage_healed":0,"gold_gain":0,"player_choice":"Card Removal","damage_taken":7,"max_hp_gain":0,"max_hp_loss":0,"event_name":"Golden Wing","floor":2,"gold_loss":0},{"cards_removed":["DemoMod:Strike_Huntress"],"damage_healed":0,"gold_gain":0,"player_choice":"Purged","damage_taken":0,"max_hp_gain":0,"max_hp_loss":0,"event_name":"Purifier","floor":5,"gold_loss":0}],"is_beta":false,"boss_relics":[{"not_picked":["Snecko Eye","SlaversCollar"],"picked":"Replay:Bronze Core"}],"items_purged_floors":[14],"is_endless":false,"potions_floor_spawned":[6,7,11,20,23],"killed_by":"conspire:SneckoGhost","ascension_level":5}}