{"host":"vumwfieg2b2mnrfl","time":1610740681,"event":{"mods":["AchievementEnabler","BaseMod","Minty Spire (QoL Compilation)","Rare Cards Sparkle","Relic Stats"],"gold_per_floor":[113,188,338,338,338,365,381,408,408,88,88,112,112,127,127,204,204,223,123,123,134,22,50,50,50,101,127,127,127],"floor_reached":28,"language":"ENG","playtime":865,"items_purged":["Pain","Doubt"],"score":542,"play_id":"1201b09b-2e2e-4490-beb9-c51b693c6247","local_time":"20210115135801","is_ascension_mode":true,"campfire_choices":[{"floor":11,"key":"REST"},{"data":"Noxious Fumes","floor":13,"key":"SMITH"},{"floor":15,"key":"REST"},{"floor":25,"key":"REST"}],"circlet_count":0,"master_deck":["AscendersBane","Strike_G","Strike_G+1","Strike_G","Strike_G+1","Strike_G","Defend_G","Defend_G","Defend_G","Defend_G","Defend_G","Survivor","Neutralize","Bouncing Flask","Caltrops","Flechettes","Backflip","Noxious Fumes+1","Crippling Poison","Dash","Burst","Dodge and Roll","Adrenaline"],"relics":["Ring of the Snake","NeowsBlessing","WarpedTongs","Shovel","Whetstone","StrikeDummy","Strawberry","Odd Mushroom","SlaversCollar","Centennial Puzzle","Art of War","Smiling Mask"],"acts_visited":["TheCity"],"potions_floor_usage":[8,12,16,27,28],"damage_taken":[{"damage":0,"enemies":"2 Louse","floor":1,"turns":1},{"damage":0,"enemies":"Lagavulin","floor":6,"turns":2},{"damage":0,"enemies":"Cultist","floor":7,"turns":1},{"damage":41,"enemies":"Gremlin Nob","floor":8,"turns":4},{"damage":4,"enemies":"The Mushroom Lair","floor":12,"turns":4},{"damage":7,"enemies":"Small Slimes","floor":14,"turns":3},{"damage":20,"enemies":"The Guardian","floor":16,"turns":9},{"damage":26,"enemies":"3 Byrds","floor":18,"turns":4},{"damage":16,"enemies":"Spheric Guardian","floor":21,"turns":4},{"damage":17,"enemies":"Gremlin Leader","floor":23,"turns":8},{"damage":25,"enemies":"Slavers","floor":27,"turns":7},{"damage":45,"enemies":"Cultist and Chosen","floor":28,"turns":5}],"seed_played":"-1986394863289372223","potions_obtained":[{"floor":7,"key":"SteroidPotion"},{"floor":8,"key":"PowerPotion"},{"floor":12,"key":"Weak Potion"},{"floor":23,"key":"Regen Potion"},{"floor":27,"key":"Poison Potion"}],"is_trial":false,"path_per_floor":["M","?","?","?","?","E","M","E","T","$","R","?","R","M","R","B",null,"M","$","?","M","$","E","?","R","T","E","M"],"character_chosen":"THE_SILENT","items_purchased":["Strawberry","Noxious Fumes","FairyPotion"],"campfire_rested":3,"item_purchase_floors":[10,10,22],"current_hp_per_floor":[59,48,48,48,48,48,48,7,7,14,35,31,31,24,45,25,61,35,35,35,19,19,2,21,42,42,32,0,0],"gold":127,"neow_bonus":"THREE_ENEMY_KILL","is_daily":false,"chose_seed":false,"campfire_upgraded":1,"win_rate":0.0,"timestamp":1610740681,"path_taken":["M","?","?","?","?","E","?","E","T","$","R","?","R","M","R","BOSS","M","$","?","M","$","E","?","R","T","E","M"],"items_purchased_type":["Relic","Card","Potion"],"build_version":"2020-12-22","purchased_purges":2,"victory":false,"max_hp_per_floor":[66,66,66,66,66,66,66,66,66,73,73,73,73,73,73,73,73,73,73,73,73,73,73,73,73,73,73,73,73],"relic_stats":{"Centennial Puzzle":[6],"Shovel":0,"counters":[12,52],"Art of War":[4],"Whetstone":["Strike_G","Strike_G"],"Smiling Mask":0,"obtain_stats":[{"SlaversCollar":17,"Centennial Puzzle":23,"Shovel":6,"NeowsBlessing":0,"Strawberry":10,"Art of War":26,"Whetstone":8,"Odd Mushroom":12,"StrikeDummy":9,"Smiling Mask":27,"Ring of the Snake":0,"WarpedTongs":5},{"SlaversCollar":7,"Centennial Puzzle":10,"Shovel":2,"NeowsBlessing":0,"Strawberry":4,"Art of War":10,"Whetstone":4,"Odd Mushroom":5,"StrikeDummy":4,"Smiling Mask":11,"Ring of the Snake":0,"WarpedTongs":1},{"SlaversCollar":24,"Centennial Puzzle":40,"Shovel":3,"NeowsBlessing":0,"Strawberry":8,"Art of War":40,"Whetstone":8,"Odd Mushroom":12,"StrikeDummy":8,"Smiling Mask":47,"Ring of the Snake":0,"WarpedTongs":1}],"Ring of the Snake":[24],"WarpedTongs":[50]},"card_choices":[{"not_picked":["Sucker Punch","Quick Slash"],"picked":"Bouncing Flask","floor":1},{"not_picked":["Cloak And Dagger","Setup"],"picked":"Caltrops","floor":6},{"not_picked":["Riddle With Holes","Dodge and Roll"],"picked":"Flechettes","floor":7},{"not_picked":["Bane","Concentrate"],"picked":"Backflip","floor":8},{"not_picked":["Dagger Throw","Choke"],"picked":"Crippling Poison","floor":12},{"not_picked":["Deflect","Setup"],"picked":"Dash","floor":14},{"not_picked":["A Thousand Cuts","Bullet Time"],"picked":"Burst","floor":16},{"not_picked":["Eviscerate","Outmaneuver+1","Underhanded Strike+1"],"picked":"SKIP","floor":18},{"not_picked":["Acrobatics","Outmaneuver"],"picked":"Dodge and Roll","floor":21},{"not_picked":["Choke+1","Infinite Blades"],"picked":"Adrenaline","floor":23},{"not_picked":["Dagger Throw","Prepared","Skewer"],"picked":"SKIP","floor":27}],"player_experience":421187,"relics_obtained":[{"floor":6,"key":"Shovel"},{"floor":8,"key":"Whetstone"},{"floor":9,"key":"StrikeDummy"},{"floor":12,"key":"Odd Mushroom"},{"floor":23,"key":"Centennial Puzzle"},{"floor":26,"key":"Art of War"},{"floor":27,"key":"Smiling Mask"}],"event_choices":[{"damage_healed":0,"gold_gain":75,"player_choice":"Gather Gold","damage_taken":11,"max_hp_gain":0,"max_hp_loss":0,"event_name":"World of Goop","floor":2,"gold_loss":0},{"damage_healed":0,"gold_gain":150,"player_choice":"AGREE","damage_taken":0,"max_hp_gain":0,"max_hp_loss":0,"event_name":"Liars Game","floor":3,"gold_loss":0,"cards_obtained":["Doubt"]},{"damage_healed":0,"gold_gain":0,"player_choice":"Ignored","damage_taken":0,"max_hp_gain":0,"max_hp_loss":0,"event_name":"Shining Light","floor":4,"gold_loss":0},{"damage_healed":0,"gold_gain":0,"player_choice":"Rummage","damage_taken":0,"relics_obtained":["WarpedTongs"],"max_hp_gain":0,"max_hp_loss":0,"event_name":"Accursed Blacksmith","floor":5,"gold_loss":0,"cards_obtained":["Pain"]},{"damage_healed":0,"gold_gain":0,"player_choice":"Fought Mushrooms","damage_taken":0,"max_hp_gain":0,"max_hp_loss":0,"event_name":"Mushrooms","floor":12,"gold_loss":0},{"damage_healed":0,"gold_gain":0,"player_choice":"Ignored","damage_taken":0,"max_hp_gain":0,"max_hp_loss":0,"event_name":"Beggar","floor":20,"gold_loss":0},{"damage_healed":0,"gold_gain":0,"player_choice":"Damaged","damage_taken":10,"max_hp_gain":0,"max_hp_loss":0,"event_name":"Wheel of Change","floor":24,"gold_loss":0}],"is_beta":false,"boss_relics":[{"not_picked":["Snecko Eye","Pandora\u0027s Box"],"picked":"SlaversCollar"}],"items_purged_floors":[10,19],"is_endless":false,"potions_floor_spawned":[7,8,12,23,27],"killed_by":"Cultist and Chosen","ascension_level":18}}