{"host":"51mqhfpmwwd4kxyt","time":1610719004,"event":{"mods":["BaseMod","Downfall","Highlight Path","Minty Spire (QoL Compilation)","READ ME - Guardian Mod","StSLib","The Cursed","The Servant 0.9.4"],"gold_per_floor":[0,11,161,161,161,174,174,192,292,311,40,58,71,89,108,108,108,108],"floor_reached":16,"language":"ENG","playtime":1335,"items_purged":["champ:DefensiveStyle"],"score":96,"play_id":"315892d6-197f-4d88-a230-34f7f3315486","local_time":"20210115085644","is_ascension_mode":false,"campfire_choices":[{"data":"champ:Devastate","floor":1,"key":"SMITH"}],"circlet_count":0,"master_deck":["champ:Strike","champ:Strike+1","champ:Strike","champ:Defend","champ:Defend","champ:Defend+1","champ:Defend","champ:Execute+1","champ:Taunt","champ:Devastate+1","champ:FaceSlap","champ:EnragedBash","champ:BerserkerStyle+1","champ:Backstep","champ:DancingMaster","Apotheosis","champ:BerserkerStyle","champ:DefensiveShout","champ:IronFortress"],"relics":["champ:ChampionCrown","Kunai"],"acts_visited":["Exordium"],"potions_floor_usage":[9,13,14,16,16],"damage_taken":[{"damage":5,"enemies":"Small Slimes","floor":2,"turns":3},{"damage":8,"enemies":"2 Louse","floor":6,"turns":3},{"damage":5,"enemies":"Cultist","floor":8,"turns":3},{"damage":66,"enemies":"downfall:Heads","floor":9,"turns":7},{"damage":5,"enemies":"Large Slime","floor":10,"turns":4},{"damage":2,"enemies":"downfall:FleeingMerchant","floor":11,"turns":4},{"damage":7,"enemies":"3 Louse","floor":12,"turns":4},{"damage":17,"enemies":"2 Fungi Beasts","floor":13,"turns":4},{"damage":5,"enemies":"Exordium Thugs","floor":14,"turns":4},{"damage":14,"enemies":"Exordium Wildlife","floor":15,"turns":4},{"damage":28,"enemies":"downfall:Defect","floor":16,"turns":4}],"seed_played":"-3398199973721234928","potions_obtained":[{"floor":6,"key":"Guardian:BlockOnCardUsePotion"},{"floor":9,"key":"Strength Potion"},{"floor":10,"key":"champ:TechniquePotion"},{"floor":12,"key":"Fruit Juice"},{"floor":13,"key":"SkillPotion"},{"floor":15,"key":"SteroidPotion"}],"is_trial":false,"path_per_floor":["R","M","?","?","?","M","T","M","?","M","$","M","M","M","M","B"],"character_chosen":"THE_CHAMP","items_purchased":["Apotheosis"],"campfire_rested":0,"item_purchase_floors":[11],"current_hp_per_floor":[90,90,90,90,90,82,82,82,46,46,46,41,33,30,21,0,0,0],"gold":108,"neow_bonus":"THREE_RARE_CARDS","is_daily":false,"chose_seed":false,"campfire_upgraded":1,"win_rate":0.0,"timestamp":1610719004,"path_taken":["R","M","?","?","?","M","T","M","?","M","?","?","M","M","M","BOSS"],"items_purchased_type":["Card"],"build_version":"2020-12-22","purchased_purges":1,"victory":false,"max_hp_per_floor":[90,90,90,90,90,90,90,90,90,90,90,90,95,95,95,95,95,95],"card_choices":[{"not_picked":["champ:CrownThrow","champ:IgnorePain"],"picked":"champ:Devastate","floor":0},{"not_picked":["champ:Backstep","champ:EnragedBash"],"picked":"champ:FaceSlap","floor":2},{"not_picked":["champ:PerfectedStrike","champ:AdrenalArmor"],"picked":"champ:EnragedBash","floor":6},{"not_picked":["champ:FanOfKnives","champ:CrookedStrike"],"picked":"champ:BerserkerStyle","floor":8},{"not_picked":["champ:BringItOn","champ:EndlessRage"],"picked":"champ:Backstep","floor":9},{"not_picked":["champ:BladeFlurry","champ:FlashCut","champ:BringItOn"],"picked":"SKIP","floor":10},{"not_picked":["champ:PerfectedStrike","champ:Haymaker"],"picked":"champ:DancingMaster","floor":11},{"not_picked":["champ:GutPunch","champ:BringItOn"],"picked":"champ:BerserkerStyle","floor":12},{"not_picked":["champ:BringItOn","champ:CrookedStrike"],"picked":"champ:DefensiveShout","floor":13},{"not_picked":["champ:DefensiveStyle","champ:BringItOn","champ:PreciseThrust"],"picked":"SKIP","floor":14},{"not_picked":["champ:EnGarde","champ:BladeFlurry"],"picked":"champ:IronFortress","floor":15}],"player_experience":385452,"relics_obtained":[{"floor":7,"key":"Kunai"}],"event_choices":[{"cards_removed":["Regret"],"damage_healed":0,"gold_gain":0,"player_choice":"Card Removal","damage_taken":0,"max_hp_gain":0,"max_hp_loss":0,"event_name":"The Cleric","floor":5,"gold_loss":0}],"is_beta":false,"boss_relics":[],"items_purged_floors":[11],"is_endless":false,"potions_floor_spawned":[6,9,10,12,13,15],"killed_by":"downfall:Defect","ascension_level":0}}