{"host":"6gwm7y0tp7acoxay","time":1610700938,"event":{"mods":["BaseMod","Colored Map","Keyboard Shortcuts","Minty Spire (QoL Compilation)","Quick Restart","StSLib","SuperFastMode","everything is the same but u backflip on backflip"],"gold_per_floor":[112,112,112,112,112,140,175,202,255,255,289,289,289,317,317,394,394,413,413,413,413,413,445,197,228,280,280,280,308,308,358,358,435,435,447,495,97,0,0,35,370,395,420,445,445,5,35,46,46,46,46,46,46,46,81,81],"floor_reached":57,"language":"KOR","playtime":1677,"items_purged":["ConjureBlade","EmptyFist","ThirdEye"],"score":3506,"play_id":"8511ced1-86e0-4252-a930-85a8ecb87552","local_time":"20210115175538","daily_mods":["SealedDeck","Heirloom","Flight"],"is_ascension_mode":true,"campfire_choices":[{"data":"PathToVictory","floor":10.0,"key":"SMITH"},{"floor":13,"key":"REST"},{"data":"PathToVictory","floor":15,"key":"SMITH"},{"floor":28,"key":"REST"},{"data":"Vault","floor":30,"key":"SMITH"},{"floor":32,"key":"REST"},{"floor":45,"key":"RECALL"},{"floor":49,"key":"REST"},{"floor":53,"key":"DIG"}],"circlet_count":0,"master_deck":["AscendersBane","PathToVictory+1","ClearTheMind+1","PathToVictory+1","PathToVictory+1","MentalFortress","Vault+1","Perseverance","Meditate+1","SpiritShield+1","InnerPeace+1","Impatience+1","EmptyBody+1","EmptyMind+1"],"relics":["PureWater","Mango","Boot","Shuriken","Juzu Bracelet","Happy Flower","Gremlin Horn","SlaversCollar","Pen Nib","Ancient Tea Set","Toxic Egg 2","Damaru","Ornamental Fan","Black Star","TungstenRod","Strawberry","Red Mask","Centennial Puzzle","Frozen Egg 2","Regal Pillow","Old Coin","Toy Ornithopter","Bottled Lightning","Bag of Preparation","Shovel","Anchor","War Paint","TheAbacus","Lantern","Art of War","Pantograph","Blue Candle","Bag of Marbles"],"acts_visited":["Exordium","TheCity","TheBeyond","TheEnding"],"potions_floor_usage":[25,41,56,56],"damage_taken":[{"damage":0.0,"enemies":"Small Slimes","floor":1.0,"turns":2.0},{"damage":11.0,"enemies":"Gremlin Nob","floor":6.0,"turns":3.0},{"damage":34.0,"enemies":"3 Sentries","floor":7.0,"turns":8.0},{"damage":5.0,"enemies":"Lagavulin","floor":8.0,"turns":4.0},{"damage":20.0,"enemies":"3 Sentries","floor":11.0,"turns":6.0},{"damage":0,"enemies":"Lagavulin","floor":14,"turns":3},{"damage":18,"enemies":"Slime Boss","floor":16,"turns":6},{"damage":2,"enemies":"3 Byrds","floor":18,"turns":3},{"damage":9,"enemies":"Gremlin Leader","floor":23,"turns":4},{"damage":21,"enemies":"Slavers","floor":25,"turns":4},{"damage":11,"enemies":"Book of Stabbing","floor":29,"turns":4},{"damage":10,"enemies":"Champ","floor":33,"turns":5},{"damage":0,"enemies":"3 Shapes","floor":35,"turns":4},{"damage":23,"enemies":"2 Orb Walkers","floor":36,"turns":5},{"damage":0,"enemies":"Giant Head","floor":40,"turns":4},{"damage":4,"enemies":"Reptomancer","floor":41,"turns":5},{"damage":0,"enemies":"Giant Head","floor":42,"turns":4},{"damage":0,"enemies":"Nemesis","floor":44,"turns":4},{"damage":0,"enemies":"Reptomancer","floor":47,"turns":2},{"damage":0,"enemies":"3 Darklings","floor":48,"turns":2},{"damage":0,"enemies":"Awakened One","floor":50,"turns":5},{"damage":0,"enemies":"Donu and Deca","floor":51,"turns":5},{"damage":5,"enemies":"Shield and Spear","floor":55,"turns":3},{"damage":35,"enemies":"The Heart","floor":56,"turns":7}],"seed_played":"-6618866818209056164","potions_obtained":[{"floor":1.0,"key":"Weak Potion"},{"floor":7.0,"key":"Block Potion"},{"floor":14,"key":"Block Potion"},{"floor":23,"key":"Energy Potion"},{"floor":33,"key":"AttackPotion"},{"floor":41,"key":"Dexterity Potion"}],"is_trial":true,"path_per_floor":["M","?","T","?","?","E","E","E","T","R","E","?","R","E","R","B",null,"M","?","?","?","?","E","$","E","T","?","R","E","R","?","R","B",null,"M","?","$","?","?","E","E","E","T","E","R","$","E","M","R","B","B",null,"R","$","E","B",null],"character_chosen":"WATCHER","items_purchased":["Ancient Tea Set","Strawberry","Impatience+1","EmptyBody+1","War Paint","TheAbacus"],"campfire_rested":4,"item_purchase_floors":[24,37,37,37,46,46],"current_hp_per_floor":[75,75,75,80,87,76,42,37,37,37,17,4,30,30,30,12,68,66,66,41,41,59,50,50,29,29,29,56,45,45,45,72,62,85,85,62,69,69,69,69,65,65,65,65,65,65,65,65,99,99,99,99,99,99,94,65],"gold":81,"neow_bonus":"","is_daily":false,"chose_seed":false,"campfire_upgraded":3,"win_rate":0.0,"timestamp":1610700938,"path_taken":["M","?","?","?","?","E","E","E","T","R","E","?","R","E","R","BOSS","M","?","?","?","?","E","$","E","T","?","R","E","R","?","R","BOSS","M","?","$","?","?","E","E","E","T","E","R","$","E","M","R","BOSS","BOSS","R","$","E","BOSS"],"items_purchased_type":["Relic","Relic","Card","Card","Relic","Relic"],"build_version":"2020-12-22","purchased_purges":3,"victory":true,"max_hp_per_floor":[82,82,82,87,87,87,87,87,87,87,87,87,87,87,87,87,87,87,87,92,92,92,92,92,92,92,92,92,92,92,92,92,92,92,92,92,99,99,99,99,99,99,99,99,99,99,99,99,99,99,99,99,99,99,99,99],"card_choices":[{"not_picked":["ThirdEye","FlyingSleeves","FollowUp"],"picked":"SKIP","floor":1.0},{"not_picked":["WaveOfTheHand","Consecrate","Evaluate"],"picked":"SKIP","floor":6.0},{"not_picked":["Halt","Consecrate","FlyingSleeves"],"picked":"SKIP","floor":7.0},{"not_picked":["Evaluate","BowlingBash","JustLucky"],"picked":"SKIP","floor":8.0},{"not_picked":["CarveReality","TalkToTheHand","SashWhip"],"picked":"SKIP","floor":11},{"not_picked":["Evaluate","Adaptation","Wireheading"],"picked":"SKIP","floor":14},{"not_picked":["Scrawl","Establishment"],"picked":"Vault","floor":16},{"not_picked":["FlyingSleeves+1","PathToVictory","ClearTheMind"],"picked":"SKIP","floor":18},{"not_picked":["Pray","SandsOfTime"],"picked":"FearNoEvil","floor":23},{"not_picked":["SandsOfTime","CrushJoints+1","WindmillStrike"],"picked":"SKIP","floor":25},{"not_picked":["EmptyFist","DeceiveReality+1"],"picked":"Meditate+1","floor":29},{"not_picked":["DeusExMachina+1","Devotion"],"picked":"SpiritShield+1","floor":33},{"not_picked":["Tantrum","Prostrate+1"],"picked":"InnerPeace+1","floor":35},{"not_picked":["Wish+1","EmptyBody+1","ClearTheMind+1"],"picked":"SKIP","floor":40},{"not_picked":["Crescendo+1","LikeWater+1","EmptyBody+1"],"picked":"SKIP","floor":41},{"not_picked":["ReachHeaven","CarveReality"],"picked":"EmptyMind+1","floor":42},{"not_picked":["ClearTheMind+1","LikeWater+1","EmptyFist+1"],"picked":"SKIP","floor":44},{"not_picked":["FlyingSleeves","Study+1","Crescendo+1"],"picked":"SKIP","floor":47},{"not_picked":["Consecrate","DevaForm+1","JustLucky"],"picked":"SKIP","floor":48},{"not_picked":["EmptyMind+1","FlyingSleeves","Conclude"],"picked":"SKIP","floor":55}],"player_experience":4404471,"relics_obtained":[{"floor":6.0,"key":"Boot"},{"floor":7.0,"key":"Shuriken"},{"floor":8.0,"key":"Juzu Bracelet"},{"floor":9.0,"key":"Happy Flower"},{"floor":14,"key":"Gremlin Horn"},{"floor":23,"key":"Pen Nib"},{"floor":25,"key":"Toxic Egg 2"},{"floor":26,"key":"Damaru"},{"floor":29,"key":"Ornamental Fan"},{"floor":36,"key":"TungstenRod"},{"floor":40,"key":"Centennial Puzzle"},{"floor":40,"key":"Frozen Egg 2"},{"floor":41,"key":"Regal Pillow"},{"floor":41,"key":"Old Coin"},{"floor":42,"key":"Toy Ornithopter"},{"floor":42,"key":"Bottled Lightning"},{"floor":43,"key":"Bag of Preparation"},{"floor":44,"key":"Shovel"},{"floor":44,"key":"Anchor"},{"floor":47,"key":"Lantern"},{"floor":47,"key":"Art of War"},{"floor":53,"key":"Pantograph"},{"floor":55,"key":"Blue Candle"},{"floor":55,"key":"Bag of Marbles"}],"event_choices":[{"damage_healed":0.0,"max_hp_gain":0.0,"max_hp_loss":0.0,"gold_gain":0.0,"event_name":"The Cleric","player_choice":"Leave","floor":2.0,"gold_loss":0.0,"damage_taken":0.0},{"damage_healed":0.0,"max_hp_gain":5.0,"max_hp_loss":0.0,"gold_gain":0.0,"event_name":"Big Fish","player_choice":"Donut","floor":4.0,"gold_loss":0.0,"damage_taken":0.0},{"cards_removed":["LikeWater"],"damage_healed":7.0,"max_hp_gain":0.0,"max_hp_loss":0.0,"gold_gain":0.0,"event_name":"Bonfire Elementals","player_choice":"Offered Uncommon","floor":5.0,"gold_loss":0.0,"damage_taken":0.0},{"damage_healed":0,"gold_gain":0,"player_choice":"Damaged","damage_taken":13,"max_hp_gain":0,"max_hp_loss":0,"event_name":"Wheel of Change","floor":12,"gold_loss":0},{"damage_healed":0,"gold_gain":0,"cards_transformed":["BowlingBash","Prostrate"],"player_choice":"Became Test Subject","damage_taken":0,"max_hp_gain":0,"max_hp_loss":0,"event_name":"Drug Dealer","floor":19,"gold_loss":0,"cards_obtained":["ConjureBlade","Perseverance"]},{"damage_healed":0,"gold_gain":0,"player_choice":"Shed Blood","damage_taken":30,"max_hp_gain":5,"max_hp_loss":0,"event_name":"Forgotten Altar","floor":20,"gold_loss":0},{"damage_healed":0,"gold_gain":0,"player_choice":"Ignored","damage_taken":0,"max_hp_gain":0,"max_hp_loss":0,"event_name":"Ghosts","floor":21,"gold_loss":0},{"damage_healed":18,"gold_gain":0,"player_choice":"Heal","damage_taken":0,"max_hp_gain":0,"max_hp_loss":0,"event_name":"The Library","floor":22,"gold_loss":0},{"damage_healed":0,"gold_gain":0,"player_choice":"0 cards matched","damage_taken":0,"max_hp_gain":0,"max_hp_loss":0,"event_name":"Match and Keep!","floor":27,"gold_loss":0,"cards_obtained":[]},{"damage_healed":0,"gold_gain":50,"player_choice":"Stole From Cult","damage_taken":0,"max_hp_gain":0,"max_hp_loss":0,"event_name":"Nest","floor":31,"gold_loss":0},{"damage_healed":0,"gold_gain":0,"player_choice":"Fight","damage_taken":0,"max_hp_gain":0,"max_hp_loss":0,"event_name":"Mysterious Sphere","floor":36,"gold_loss":0},{"damage_healed":0,"gold_gain":0,"player_choice":"Paid","damage_taken":0,"relics_obtained":["Red Mask"],"max_hp_gain":0,"max_hp_loss":0,"event_name":"Tomb of Lord Red Mask","floor":38,"gold_loss":97},{"cards_removed":["FearNoEvil"],"damage_healed":0,"gold_gain":0,"player_choice":"Removed Attack","damage_taken":0,"max_hp_gain":0,"max_hp_loss":0,"event_name":"Falling","floor":39,"gold_loss":0}],"is_beta":false,"boss_relics":[{"not_picked":["Empty Cage","Tiny House"],"picked":"SlaversCollar"},{"not_picked":["Coffee Dripper","Busted Crown"],"picked":"Black Star"}],"items_purged_floors":[24,37,46],"is_endless":false,"potions_floor_spawned":[1,7,14,23,33,36,40,41],"ascension_level":20}}