{"host":"jscggscbx0p7706o","time":1610679619,"event":{"mods":["AchievementEnabler","BaseMod","Block Reminder","Colored Powertips","Filter the Spire","Minty Spire (QoL Compilation)","Permanent Neow","Quick Restart","StSLib"],"gold_per_floor":[215,165,184,198,198,198,225,225,225,225,243,263,263,278,278,381,381,368,35,53,53,68,94,109,109,178,178,190,205,205,237,237,340,340,355,400,400,25,44,69,69,69,123,134,162,162,5,17,17,17],"floor_reached":51,"language":"ENG","playtime":2821,"items_purged":["Strike_G","Strike_G+1"],"score":1078,"play_id":"e20623f0-c8fc-49a4-ae69-a18e60f4d7dd","local_time":"20210115110019","is_ascension_mode":true,"campfire_choices":[{"data":"Footwork","floor":6.0,"key":"SMITH"},{"floor":8.0,"key":"REST"},{"data":"Sucker Punch","floor":10.0,"key":"SMITH"},{"data":"Backflip","floor":13.0,"key":"SMITH"},{"data":"Backflip","floor":15.0,"key":"SMITH"},{"floor":25.0,"key":"REST"},{"data":"Accuracy","floor":27.0,"key":"SMITH"},{"data":"Storm of Steel","floor":30.0,"key":"SMITH"},{"data":"Burst","floor":32.0,"key":"SMITH"},{"data":"Wraith Form v2","floor":42.0,"key":"SMITH"},{"data":"Blade Dance","floor":46,"key":"SMITH"},{"floor":49,"key":"REST"}],"circlet_count":0,"master_deck":["AscendersBane","Strike_G+1","Strike_G+1","Defend_G+1","Defend_G+1","Defend_G+1","Defend_G+1","Defend_G+1","Survivor","Neutralize+1","Slice","Footwork+1","Backflip+1","Sucker Punch+1","Backflip+1","Burst+1","Dagger Throw","Accuracy+1","Escape Plan","Storm of Steel+1","Cloak And Dagger","Slice","Blade Dance+1","Wraith Form v2+1","CurseOfTheBell","Finesse","Dodge and Roll","Noxious Fumes+1","Infinite Blades+1","Backflip+1","Dodge and Roll+1"],"relics":["Ring of the Snake","Mercury Hourglass","Letter Opener","WristBlade","Regal Pillow","Blue Candle","Mummified Hand","Red Mask","Calling Bell","Bag of Preparation","Frozen Egg 2","Calipers","TungstenRod","HandDrill","Thread and Needle","Bronze Scales","Vajra","Boot"],"acts_visited":["Exordium","TheCity","TheBeyond"],"potions_floor_usage":[50,50],"damage_taken":[{"damage":0.0,"enemies":"Cultist","floor":1.0,"turns":5.0},{"damage":0.0,"enemies":"Small Slimes","floor":3.0,"turns":3.0},{"damage":0.0,"enemies":"Jaw Worm","floor":4.0,"turns":5.0},{"damage":27.0,"enemies":"Lagavulin","floor":7.0,"turns":10.0},{"damage":0.0,"enemies":"Blue Slaver","floor":11.0,"turns":4.0},{"damage":3.0,"enemies":"Exordium Wildlife","floor":12.0,"turns":5.0},{"damage":2.0,"enemies":"Large Slime","floor":14.0,"turns":7.0},{"damage":24.0,"enemies":"Hexaghost","floor":16.0,"turns":16.0},{"damage":6.0,"enemies":"2 Thieves","floor":18.0,"turns":4.0},{"damage":2.0,"enemies":"Chosen","floor":20.0,"turns":6.0},{"damage":3.0,"enemies":"Centurion and Healer","floor":22.0,"turns":10.0},{"damage":36.0,"enemies":"Slavers","floor":23.0,"turns":8.0},{"damage":7.0,"enemies":"Snecko","floor":24.0,"turns":5.0},{"damage":3.0,"enemies":"Shelled Parasite and Fungi","floor":28.0,"turns":6.0},{"damage":0.0,"enemies":"Centurion and Healer","floor":29.0,"turns":4.0},{"damage":0.0,"enemies":"Masked Bandits","floor":31.0,"turns":2.0},{"damage":24.0,"enemies":"Collector","floor":33.0,"turns":7.0},{"damage":0.0,"enemies":"3 Darklings","floor":35.0,"turns":5.0},{"damage":0.0,"enemies":"2 Orb Walkers","floor":36.0,"turns":4.0},{"damage":1.0,"enemies":"3 Shapes","floor":39.0,"turns":4.0},{"damage":15.0,"enemies":"Reptomancer","floor":40.0,"turns":4.0},{"damage":2,"enemies":"Writhing Mass","floor":44,"turns":4},{"damage":0,"enemies":"Nemesis","floor":45,"turns":5},{"damage":0,"enemies":"Transient","floor":48,"turns":5},{"damage":5,"enemies":"Awakened One","floor":50,"turns":14}],"seed_played":"-1166218921298769048","potions_obtained":[{"floor":4.0,"key":"EssenceOfSteel"},{"floor":12.0,"key":"Strength Potion"},{"floor":14.0,"key":"SteroidPotion"},{"floor":35.0,"key":"Energy Potion"},{"floor":44,"key":"FairyPotion"},{"floor":48,"key":"EssenceOfSteel"}],"is_trial":false,"path_per_floor":["M","?","M","M","?","R","E","R","T","R","M","M","R","M","R","B",null,"M","$","M","?","M","E","M","R","T","R","M","M","R","?","R","B",null,"M","?","?","$","M","E","?","R","T","M","E","R","$","M","R","B",null],"character_chosen":"THE_SILENT","items_purchased":["Accuracy","Regal Pillow","Escape Plan","Dodge and Roll","Noxious Fumes+1","HandDrill","Boot"],"campfire_rested":3,"item_purchase_floors":[19,19,19,38,38,38,47],"current_hp_per_floor":[63,63,63,63,63,63,36,57,57,57,57,54,54,52,52,28,60,54,54,52,52,49,13,6,42,42,42,39,39,39,39,39,15,56,56,56,56,56,55,40,40,40,40,38,38,38,38,38,70,65],"gold":17,"neow_bonus":"HUNDRED_GOLD","is_daily":false,"chose_seed":false,"campfire_upgraded":9,"win_rate":0.0,"timestamp":1610679619,"path_taken":["M","?","M","M","?","R","E","R","T","R","?","M","R","M","R","BOSS","M","$","M","?","M","E","M","R","T","R","M","M","R","?","R","BOSS","M","?","?","?","M","E","?","R","T","M","E","R","?","?","R","BOSS"],"items_purchased_type":["Card","Relic","Card","Card","Card","Relic","Relic"],"build_version":"2020-12-22","purchased_purges":2,"victory":true,"max_hp_per_floor":[70,70,70,70,70,70,70,70,70,70,70,70,70,70,70,70,70,70,70,70,70,70,70,70,70,70,70,70,70,70,70,70,70,70,70,70,70,70,70,70,70,70,70,70,70,70,70,70,70,70],"card_choices":[{"not_picked":["Quick Slash","Blade Dance"],"picked":"Slice","floor":1.0},{"not_picked":["Slice","Leg Sweep"],"picked":"Footwork","floor":3.0},{"not_picked":["Acrobatics","Flying Knee"],"picked":"Backflip","floor":4.0},{"not_picked":["Caltrops","Burst"],"picked":"Sucker Punch","floor":7.0},{"not_picked":["Outmaneuver","Acrobatics"],"picked":"Backflip","floor":11.0},{"not_picked":["Leg Sweep","Sucker Punch"],"picked":"Dagger Throw","floor":12.0},{"not_picked":["Skewer","Reflex","Blade Dance"],"picked":"SKIP","floor":14.0},{"not_picked":["A Thousand Cuts","Corpse Explosion"],"picked":"Burst","floor":16.0},{"not_picked":["Skewer+1","All Out Attack"],"picked":"Dagger Throw","floor":18.0},{"not_picked":["Deadly Poison","Sucker Punch","Quick Slash"],"picked":"SKIP","floor":20.0},{"not_picked":["Outmaneuver","Deadly Poison"],"picked":"Storm of Steel","floor":22.0},{"not_picked":["Bane","Prepared"],"picked":"Cloak And Dagger","floor":23.0},{"not_picked":["Setup","Choke","Tactician"],"picked":"SKIP","floor":24.0},{"not_picked":["Wraith Form v2","Prepared+1"],"picked":"Slice","floor":28.0},{"not_picked":["Deadly Poison","Dagger Spray+1","Catalyst"],"picked":"SKIP","floor":29.0},{"not_picked":["Endless Agony","Reflex"],"picked":"Blade Dance","floor":31.0},{"not_picked":["Tools of the Trade","After Image"],"picked":"Wraith Form v2","floor":33.0},{"not_picked":["Sucker Punch+1","Finisher","Skewer+1"],"picked":"SKIP","floor":35.0},{"not_picked":["Thinking Ahead","Apotheosis"],"picked":"Finesse","floor":37.0},{"not_picked":["Slice+1","Underhanded Strike+1"],"picked":"Infinite Blades+1","floor":39.0},{"not_picked":["Predator","Prepared+1","Finisher+1"],"picked":"SKIP","floor":40.0},{"not_picked":["Quick Slash","PiercingWail+1"],"picked":"Backflip+1","floor":44},{"not_picked":["Quick Slash+1","Adrenaline"],"picked":"Dodge and Roll+1","floor":45},{"not_picked":["Caltrops+1","Flying Knee","Deflect"],"picked":"SKIP","floor":48}],"player_experience":260202,"relics_obtained":[{"floor":7.0,"key":"Mercury Hourglass"},{"floor":9.0,"key":"Letter Opener"},{"floor":23.0,"key":"Blue Candle"},{"floor":26.0,"key":"Mummified Hand"},{"floor":31.0,"key":"Red Mask"},{"floor":34.0,"key":"Bag of Preparation"},{"floor":34.0,"key":"Frozen Egg 2"},{"floor":34.0,"key":"Calipers"},{"floor":36.0,"key":"TungstenRod"},{"floor":40.0,"key":"Thread and Needle"},{"floor":43.0,"key":"Bronze Scales"},{"floor":45,"key":"Vajra"}],"event_choices":[{"cards_removed":["Strike_G"],"damage_healed":0.0,"max_hp_gain":0.0,"max_hp_loss":0.0,"gold_gain":0.0,"event_name":"The Cleric","player_choice":"Card Removal","floor":2.0,"gold_loss":50.0,"damage_taken":0.0},{"damage_healed":0.0,"max_hp_gain":0.0,"max_hp_loss":0.0,"gold_gain":0.0,"event_name":"Living Wall","player_choice":"Grow","floor":5.0,"gold_loss":0.0,"damage_taken":0.0,"cards_upgraded":["Neutralize"]},{"damage_healed":0.0,"max_hp_gain":0.0,"max_hp_loss":0.0,"gold_gain":0.0,"event_name":"Back to Basics","player_choice":"Simplicity","floor":21.0,"gold_loss":0.0,"damage_taken":0.0,"cards_upgraded":["Strike_G","Strike_G","Strike_G","Defend_G","Defend_G","Defend_G","Defend_G","Defend_G"]},{"damage_healed":0.0,"max_hp_gain":0.0,"max_hp_loss":0.0,"gold_gain":0.0,"event_name":"Masked Bandits","player_choice":"Fought Bandits","floor":31.0,"gold_loss":0.0,"damage_taken":0.0},{"damage_healed":0.0,"max_hp_gain":0.0,"max_hp_loss":0.0,"gold_gain":0.0,"event_name":"Mysterious Sphere","player_choice":"Fight","floor":36.0,"gold_loss":0.0,"damage_taken":0.0},{"damage_healed":0.0,"max_hp_gain":0.0,"max_hp_loss":0.0,"gold_gain":0.0,"event_name":"SensoryStone","player_choice":"Memory 1","floor":37.0,"gold_loss":0.0,"damage_taken":0.0},{"cards_removed":["Dagger Throw"],"damage_healed":0.0,"max_hp_gain":0.0,"max_hp_loss":0.0,"gold_gain":0.0,"event_name":"Falling","player_choice":"Removed Attack","floor":41.0,"gold_loss":0.0,"damage_taken":0.0}],"is_beta":false,"boss_relics":[{"not_picked":["Snecko Eye","SacredBark"],"picked":"WristBlade"},{"not_picked":["HoveringKite","Tiny House"],"picked":"Calling Bell"}],"items_purged_floors":[19,38],"is_endless":false,"potions_floor_spawned":[4,12,14,18,20,23,28,33,35,44,48],"ascension_level":10}}