{"host":"5dk97cf2ubw2v967","time":1610677164,"event":{"mods":["BaseMod","Better Altar","Better Vampires","Block Reminder","Colored Powertips","Downfall","Googly Eyes","Highlight Path","Minty Spire (QoL Compilation)","Permanent Neow","Potion Indicator Mod","Quick Restart","Relic Filter","Relic Stats","Say the Spire","Spicy Shops","StSLib","Waifu the Spire","everything is the same but u backflip on backflip"],"gold_per_floor":[117,117,42,42,62,62,88,88,88,108,118,43,69,69,69,69,69],"floor_reached":16,"language":"ENG","playtime":456,"items_purged":["Regret"],"score":216,"play_id":"ed1c7965-2a66-4b15-b561-f997e8d67faa","local_time":"20210115021924","is_ascension_mode":true,"campfire_choices":[{"data":"Blade Dance","floor":6,"key":"SMITH"},{"floor":8,"key":"REST"},{"floor":15,"key":"REST"}],"circlet_count":0,"master_deck":["AscendersBane","Strike_G","Strike_G","Strike_G","Strike_G","Strike_G","Defend_G","Defend_G","Defend_G","Survivor","Neutralize","Blade Dance+1","Dodge and Roll","Blur","Choke","Malaise"],"relics":["Sozu","Vajra","MealTicket","PreservedInsect","Happy Flower","Golden Idol"],"acts_visited":["Exordium"],"potions_floor_usage":[],"damage_taken":[{"damage":1,"enemies":"Cultist","floor":1,"turns":5},{"damage":0,"enemies":"2 Louse","floor":5,"turns":2},{"damage":38,"enemies":"Gremlin Nob","floor":7,"turns":4},{"damage":7,"enemies":"Small Slimes","floor":10,"turns":3},{"damage":0,"enemies":"Blue Slaver","floor":11,"turns":3},{"damage":16,"enemies":"3 Sentries","floor":13,"turns":7},{"damage":22,"enemies":"Hexaghost","floor":16,"turns":14}],"seed_played":"6378596790875331662","potions_obtained":[],"is_trial":false,"path_per_floor":["M","?","$","?","M","R","E","R","T","M","M","?","E","?","R","B"],"character_chosen":"THE_SILENT","items_purchased":[],"campfire_rested":2,"item_purchase_floors":[],"current_hp_per_floor":[58,58,58,51,51,51,13,32,32,25,25,25,9,9,27,5,5],"gold":69,"neow_bonus":"BOSS_RELIC","is_daily":false,"chose_seed":false,"campfire_upgraded":1,"win_rate":0.0,"timestamp":1610677164,"path_taken":["M","?","$","?","M","R","E","R","T","M","M","?","E","?","R","BOSS"],"items_purchased_type":[],"build_version":"2020-12-22","purchased_purges":1,"victory":false,"max_hp_per_floor":[66,66,66,66,66,66,66,66,66,66,66,66,66,60,60,60,60],"relic_stats":{"Sozu":3,"Happy Flower":[4],"counters":[7,38],"Golden Idol":0,"MealTicket":0,"PreservedInsect":33,"obtain_stats":[{"Sozu":0,"Happy Flower":13,"Golden Idol":14,"Vajra":2,"MealTicket":7,"PreservedInsect":9,"Ring of the Snake":0},{"Sozu":0,"Happy Flower":6,"Golden Idol":6,"Vajra":1,"MealTicket":3,"PreservedInsect":3,"Ring of the Snake":0},{"Sozu":0,"Happy Flower":24,"Golden Idol":24,"Vajra":5,"MealTicket":11,"PreservedInsect":11,"Ring of the Snake":0}]},"card_choices":[{"not_picked":["Distraction","Cloak And Dagger"],"picked":"Blade Dance","floor":1},{"not_picked":["Bouncing Flask","Outmaneuver","Noxious Fumes"],"picked":"SKIP","floor":5},{"not_picked":["Bane","PiercingWail"],"picked":"Dodge and Roll","floor":7},{"not_picked":["Dagger Throw","PiercingWail"],"picked":"Blur","floor":10},{"not_picked":["Tactician","Deadly Poison"],"picked":"Choke","floor":11},{"not_picked":["Concentrate","Crippling Poison"],"picked":"Malaise","floor":13}],"player_experience":1161131,"relics_obtained":[{"floor":7,"key":"MealTicket"},{"floor":9,"key":"PreservedInsect"},{"floor":13,"key":"Happy Flower"}],"event_choices":[{"damage_healed":0,"gold_gain":0,"player_choice":"Box","damage_taken":0,"relics_obtained":["Vajra"],"max_hp_gain":0,"max_hp_loss":0,"event_name":"Big Fish","floor":2,"gold_loss":0,"cards_obtained":["Regret"]},{"cards_removed":["Defend_G"],"damage_healed":0,"gold_gain":0,"player_choice":"Card Removal","damage_taken":7,"max_hp_gain":0,"max_hp_loss":0,"event_name":"Golden Wing","floor":4,"gold_loss":0},{"cards_removed":["Defend_G"],"damage_healed":0,"gold_gain":0,"player_choice":"Card Removal","damage_taken":0,"max_hp_gain":0,"max_hp_loss":0,"event_name":"The Cleric","floor":12,"gold_loss":75},{"damage_healed":0,"gold_gain":0,"player_choice":"Lose Max HP","damage_taken":0,"relics_obtained":["Golden Idol"],"max_hp_gain":0,"max_hp_loss":6,"event_name":"Golden Idol","floor":14,"gold_loss":0}],"is_beta":false,"boss_relics":[],"items_purged_floors":[3],"is_endless":false,"potions_floor_spawned":[1,10,11],"killed_by":"Hexaghost","ascension_level":20}}