{"host":"ibckqdmmf9y74ymf","time":1610735380,"event":{"mods":["2.2 Compatiblity","BaseMod","Curses Come First","Minty Spire (QoL Compilation)","Quick Restart","Rare Cards Sparkle","StSLib"],"gold_per_floor":[115,126,139,119,132,162,178,178,225,225,241,268,280,314,314,385,385,385,385],"floor_reached":18,"language":"ENG","playtime":426,"items_purged":[],"score":418,"play_id":"c83c4259-8fee-47c6-b07c-d9ca00e60cdc","local_time":"20210115192940","is_ascension_mode":true,"campfire_choices":[{"data":"Conclude","floor":8.0,"key":"SMITH"},{"data":"ReachHeaven","floor":10.0,"key":"SMITH"},{"floor":15.0,"key":"REST"}],"circlet_count":0,"master_deck":["AscendersBane","Strike_P","Strike_P","Strike_P","Strike_P","Defend_P","Defend_P","Defend_P","Defend_P","Eruption","Vigilance","Conclude+1","FlurryOfBlows","Halt","FlyingSleeves","FollowUp","ReachHeaven+1","DeusExMachina","WheelKick","ClearTheMind","Tantrum","Vault"],"relics":["PureWater","NeowsBlessing","Calipers","Pen Nib","Question Card","PreservedInsect","VioletLotus"],"acts_visited":["TheCity"],"potions_floor_usage":[],"damage_taken":[{"damage":0.0,"enemies":"Jaw Worm","floor":1.0,"turns":1.0},{"damage":0.0,"enemies":"Cultist","floor":2.0,"turns":1.0},{"damage":0.0,"enemies":"Small Slimes","floor":3.0,"turns":1.0},{"damage":6.0,"enemies":"3 Louse","floor":5.0,"turns":2.0},{"damage":0.0,"enemies":"Lagavulin","floor":6.0,"turns":4.0},{"damage":7.0,"enemies":"2 Fungi Beasts","floor":7.0,"turns":3.0},{"damage":0.0,"enemies":"Large Slime","floor":11.0,"turns":3.0},{"damage":6.0,"enemies":"Gremlin Nob","floor":12.0,"turns":3.0},{"damage":6.0,"enemies":"Red Slaver","floor":13.0,"turns":4.0},{"damage":12.0,"enemies":"3 Sentries","floor":14.0,"turns":4.0},{"damage":6.0,"enemies":"Slime Boss","floor":16.0,"turns":5.0},{"damage":0,"enemies":"Shell Parasite","floor":18,"turns":1}],"seed_played":"-973575753030057614","potions_obtained":[{"floor":2.0,"key":"CultistPotion"},{"floor":4.0,"key":"FearPotion"},{"floor":6.0,"key":"Swift Potion"},{"floor":14.0,"key":"SneckoOil"},{"floor":16.0,"key":"FearPotion"}],"is_trial":false,"path_per_floor":["M","M","M","?","M","E","M","R","T","R","M","E","M","E","R","B",null,"M"],"character_chosen":"WATCHER","items_purchased":[],"campfire_rested":1,"item_purchase_floors":[],"current_hp_per_floor":[61,61,61,61,55,55,48,48,48,48,48,42,36,24,44,38,61,61,61],"gold":385,"neow_bonus":"THREE_ENEMY_KILL","is_daily":false,"chose_seed":false,"campfire_upgraded":2,"win_rate":0.0,"timestamp":1610735380,"path_taken":["M","M","M","?","M","E","M","R","T","R","M","E","M","E","R","BOSS","M"],"items_purchased_type":[],"build_version":"2020-12-22","purchased_purges":0,"victory":false,"max_hp_per_floor":[68,68,68,68,68,68,68,68,68,68,68,68,68,68,68,68,68,68,68],"card_choices":[{"not_picked":["FollowUp","Halt"],"picked":"Conclude","floor":1.0},{"not_picked":["Weave","LikeWater"],"picked":"FlurryOfBlows","floor":2.0},{"not_picked":["Perseverance","JustLucky"],"picked":"Halt","floor":3.0},{"not_picked":["DeceiveReality","DeusExMachina"],"picked":"FlyingSleeves","floor":5.0},{"not_picked":["EmptyBody","Crescendo"],"picked":"FollowUp","floor":6.0},{"not_picked":["JustLucky","WreathOfFlame"],"picked":"ReachHeaven","floor":7.0},{"not_picked":["FollowUp","SignatureMove"],"picked":"DeusExMachina","floor":11.0},{"not_picked":["CutThroughFate","FollowUp"],"picked":"WheelKick","floor":12.0},{"not_picked":["Prostrate","Consecrate","Brilliance"],"picked":"ClearTheMind","floor":13.0},{"not_picked":["Vengeance","BowlingBash","InnerPeace"],"picked":"Tantrum","floor":14.0},{"not_picked":["Establishment","ConjureBlade","Scrawl"],"picked":"Vault","floor":16.0}],"player_experience":911698,"relics_obtained":[{"floor":6.0,"key":"Calipers"},{"floor":9.0,"key":"Pen Nib"},{"floor":12.0,"key":"Question Card"},{"floor":14.0,"key":"PreservedInsect"}],"event_choices":[{"damage_healed":0.0,"max_hp_gain":0.0,"max_hp_loss":0.0,"gold_gain":0.0,"event_name":"The Woman in Blue","player_choice":"Bought 1 Potion","floor":4.0,"gold_loss":0.0,"damage_taken":0.0}],"is_beta":false,"boss_relics":[{"not_picked":["SacredBark","Velvet Choker"],"picked":"VioletLotus"}],"items_purged_floors":[],"is_endless":false,"potions_floor_spawned":[2,5,6,14,16],"killed_by":"Shell Parasite","ascension_level":20}}