{"host":"gzsdmyo07u314vug","time":1610727978,"event":{"mods":["2.2 Compatiblity","BaseMod","Downfall","GifTheSpireLib","Minty Spire (QoL Compilation)","Quick Restart","Rare Cards Sparkle","Relic Stats","Replay The Spire","Robot Space Explorer","Shop Mod","StSLib","The Bug Knight","The Construct","The Elementalist","The IronCluck","The Marked","The Servant 0.9.4","Unceasing Turn Reminder","everything is the same but u backflip on backflip","slay the spire mod where everything is the same but ironclad has a cowboy hat","vexMod"],"gold_per_floor":[113,38,57,70,82,82,82,82,82,115,115,115,134,152,152,276,276,294,307,134,134,9,43,43,43,43,67,81,81,81,81,81,207,207,228,228,249,131,181,224,243,243,324,324,342,302,336,359,359,359,359],"floor_reached":50,"language":"ENG","playtime":2777,"items_purged":["Strike_P","Strike_P","Defend_P"],"score":806,"play_id":"e79ee8b9-d731-4af7-9ca9-b86c4bfac6b2","local_time":"20210115132618","is_ascension_mode":true,"campfire_choices":[{"data":"Eruption","floor":6.0,"key":"SMITH"},{"floor":8.0,"key":"REST"},{"data":"Evaluate","floor":11.0,"key":"SMITH"},{"data":"Halt","floor":15.0,"key":"SMITH"},{"floor":25.0,"key":"REST"},{"data":"DevaForm","floor":30.0,"key":"SMITH"},{"data":"Strike_P","floor":32.0,"key":"PURGE"},{"floor":42,"key":"REST"},{"floor":44,"key":"REST"},{"floor":49,"key":"REST"}],"circlet_count":0,"master_deck":["Strike_P+1","Defend_P+1","Defend_P+1","Defend_P+1","Eruption+1","Vigilance+1","Adaptation+1","Halt+1","LessonLearned+1","CarveReality+1","Evaluate+1","ClearTheMind+1","DevaForm+1","Consecrate+1","SashWhip","Study+1","CutThroughFate+1","FlyingSleeves+1","Replay:AllIn+1","Consecrate+1","SandsOfTime+1","FlurryOfBlows+1","CrushJoints+1","Protect+1","InnerPeace+1"],"relics":["PureWater","NeowsBlessing","Golden Idol","Replay:Mystery Machine","Quantum Egg","Philosopher\u0027s Stone","Bottled Lightning","HollowMod:LifeEnderRelic","construct:WeddingRing","Shuriken","Singing Bowl","HollowMod:QueensCombRelic"],"acts_visited":["Exordium","TheCity","TheBeyond"],"potions_floor_usage":[41,50],"damage_taken":[{"damage":0.0,"enemies":"Cultist","floor":1.0,"turns":1.0},{"damage":0.0,"enemies":"Jaw Worm","floor":3.0,"turns":1.0},{"damage":0.0,"enemies":"2 Louse","floor":4.0,"turns":1.0},{"damage":17.0,"enemies":"Lots of Slimes","floor":5.0,"turns":6.0},{"damage":0.0,"enemies":"HollowMod:MossKnight","floor":10.0,"turns":4.0},{"damage":2.0,"enemies":"Exordium Thugs","floor":13.0,"turns":4.0},{"damage":0.0,"enemies":"3 Louse","floor":14.0,"turns":4.0},{"damage":0.0,"enemies":"Slime Boss","floor":16.0,"turns":3.0},{"damage":5.0,"enemies":"Chosen","floor":18.0,"turns":3.0},{"damage":1.0,"enemies":"2 Thieves","floor":19.0,"turns":4.0},{"damage":26.0,"enemies":"Replay:Snechameleon","floor":23.0,"turns":6.0},{"damage":3.0,"enemies":"Snecko","floor":27.0,"turns":6.0},{"damage":5.0,"enemies":"Cultist and Chosen","floor":28.0,"turns":6.0},{"damage":0.0,"enemies":"Collector","floor":33.0,"turns":5.0},{"damage":16.0,"enemies":"3 Shapes","floor":35.0,"turns":4.0},{"damage":0.0,"enemies":"Orb Walker","floor":37.0,"turns":3.0},{"damage":54.0,"enemies":"Nemesis","floor":40.0,"turns":7.0},{"damage":0,"enemies":"Jaw Worm Horde","floor":41,"turns":2},{"damage":0,"enemies":"3 Darklings","floor":45,"turns":2},{"damage":19,"enemies":"R_Hoarder","floor":47,"turns":7},{"damage":0,"enemies":"Jaw Worm Horde","floor":48,"turns":2},{"damage":54,"enemies":"Donu and Deca","floor":50,"turns":4}],"seed_played":"-2039174671446193985","potions_obtained":[{"floor":3.0,"key":"ColorlessPotion"},{"floor":12.0,"key":"SmokeBomb"},{"floor":12.0,"key":"Energy Potion"},{"floor":12.0,"key":"BottledMiracle"},{"floor":14.0,"key":"Regen Potion"},{"floor":27.0,"key":"Fruit Juice"},{"floor":40.0,"key":"Dexterity Potion"},{"floor":45,"key":"Doom Potion"},{"floor":48,"key":"SteroidPotion"}],"is_trial":false,"path_per_floor":["M","$","M","M","M","R","?","R","T","E","R","?","M","M","R","B",null,"M","M","$","?","$","E","$","R","T","M","M","?","R","?","R","B",null,"M","$","M","$","?","E","M","R","T","R","M","?","E","M","R","B"],"character_chosen":"WATCHER","items_purchased":["Study","SandsOfTime","FlurryOfBlows"],"campfire_rested":5,"item_purchase_floors":[20,38,38],"current_hp_per_floor":[72,72,72,72,55,55,37,58,58,58,58,58,56,56,56,56,68,63,62,62,55,55,29,29,50,50,47,47,47,47,47,47,52,71,55,55,55,55,55,1,1,24,24,47,49,49,30,38,52,0,0],"gold":359,"neow_bonus":"THREE_ENEMY_KILL","is_daily":false,"chose_seed":false,"campfire_upgraded":4,"win_rate":0.0,"timestamp":1610727978,"path_taken":["M","$","?","M","M","R","?","R","T","E","R","?","M","M","R","BOSS","M","M","$","?","$","E","$","R","T","M","?","?","R","?","R","BOSS","M","$","M","$","?","E","M","R","T","R","M","?","E","M","R","BOSS"],"items_purchased_type":["Card","Card","Card"],"build_version":"2020-12-22","purchased_purges":3,"victory":false,"max_hp_per_floor":[72,72,72,72,72,72,72,72,72,72,72,72,72,72,72,72,72,72,72,72,72,72,72,72,72,72,72,77,77,77,77,77,77,77,77,77,77,77,77,77,77,77,77,77,79,79,52,52,52,52,52],"relic_stats":{"Singing Bowl":2,"counters":[22,85],"Golden Idol":124,"Shuriken":[11],"obtain_stats":[{"HollowMod:QueensCombRelic":47,"HollowMod:LifeEnderRelic":26,"construct:WeddingRing":34,"NeowsBlessing":0,"Singing Bowl":43,"Golden Idol":7,"Shuriken":40,"Quantum Egg":10,"Philosopher\u0027s Stone":17,"Bottled Lightning":23,"PureWater":0,"Replay:Mystery Machine":9},{"HollowMod:QueensCombRelic":20,"HollowMod:LifeEnderRelic":11,"construct:WeddingRing":14,"NeowsBlessing":0,"Singing Bowl":18,"Golden Idol":4,"Shuriken":17,"Quantum Egg":5,"Philosopher\u0027s Stone":8,"Bottled Lightning":11,"PureWater":0,"Replay:Mystery Machine":4},{"HollowMod:QueensCombRelic":79,"HollowMod:LifeEnderRelic":37,"construct:WeddingRing":54,"NeowsBlessing":0,"Singing Bowl":70,"Golden Idol":9,"Shuriken":68,"Quantum Egg":13,"Philosopher\u0027s Stone":24,"Bottled Lightning":37,"PureWater":0,"Replay:Mystery Machine":9}]},"card_choices":[{"not_picked":["CrushJoints","Replay:AtTheReady"],"picked":"Adaptation","floor":1.0},{"not_picked":["Replay:Battleflow","Replay:AtTheReady"],"picked":"Halt","floor":3.0},{"not_picked":["FollowUp","Consecrate"],"picked":"LessonLearned","floor":4.0},{"not_picked":["Protect","Conclude"],"picked":"CarveReality","floor":5.0},{"not_picked":["ClearTheMind","Replay:Battleflow"],"picked":"Evaluate","floor":10.0},{"not_picked":["Worship","FlyingSleeves"],"picked":"ClearTheMind","floor":13.0},{"not_picked":["Replay:AtTheReady","Replay:Vibes","PathToVictory"],"picked":"SKIP","floor":14.0},{"not_picked":["SpiritShield","MasterReality"],"picked":"DevaForm","floor":16.0},{"not_picked":["JustLucky","Crescendo+1"],"picked":"Consecrate","floor":18.0},{"not_picked":["Worship","EmptyMind"],"picked":"SashWhip","floor":19.0},{"not_picked":["Meditate","PathToVictory"],"picked":"CutThroughFate","floor":23.0},{"not_picked":["Replay:DivineShield","Halt"],"picked":"FlyingSleeves","floor":27.0},{"not_picked":["JustLucky","Swivel","SignatureMove+1"],"picked":"SKIP","floor":28.0},{"not_picked":["Ragnarok","LessonLearned"],"picked":"Replay:AllIn","floor":33.0},{"not_picked":["ForeignInfluence+1","Replay:Vibes+1","EmptyFist"],"picked":"SKIP","floor":35.0},{"not_picked":["PathToVictory+1","Prostrate+1"],"picked":"Consecrate+1","floor":37.0},{"not_picked":["Replay:ManipulateFuture+1","SignatureMove+1","PathToVictory+1"],"picked":"SKIP","floor":40.0},{"not_picked":["Swivel","Replay:ManipulateFuture+1"],"picked":"CrushJoints","floor":41},{"not_picked":["BowlingBash+1","Protect+1","LikeWater+1"],"picked":"Singing Bowl","floor":45},{"not_picked":["Consecrate","Halt+1"],"picked":"Protect+1","floor":47},{"not_picked":["Replay:ManipulateFuture","EmptyFist+1"],"picked":"InnerPeace+1","floor":48}],"player_experience":736873,"relics_obtained":[{"floor":9.0,"key":"Replay:Mystery Machine"},{"floor":10.0,"key":"Quantum Egg"},{"floor":23.0,"key":"Bottled Lightning"},{"floor":26.0,"key":"HollowMod:LifeEnderRelic"},{"floor":40.0,"key":"Shuriken"},{"floor":43,"key":"Singing Bowl"},{"floor":47,"key":"HollowMod:QueensCombRelic"}],"event_choices":[{"damage_healed":0.0,"max_hp_gain":0.0,"max_hp_loss":0.0,"gold_gain":0.0,"event_name":"Golden Idol","player_choice":"Take Damage","floor":7.0,"gold_loss":0.0,"damage_taken":18.0,"relics_obtained":["Golden Idol"]},{"damage_healed":0.0,"max_hp_gain":0.0,"max_hp_loss":0.0,"gold_gain":0.0,"event_name":"Lab","player_choice":"Got Potions","floor":12.0,"gold_loss":0.0,"damage_taken":0.0},{"damage_healed":0.0,"max_hp_gain":0.0,"max_hp_loss":0.0,"gold_gain":0.0,"event_name":"Wheel of Change","player_choice":"Damaged","floor":21.0,"gold_loss":0.0,"damage_taken":7.0},{"damage_healed":0.0,"max_hp_gain":0.0,"max_hp_loss":0.0,"gold_gain":0.0,"event_name":"Cursed Tome","player_choice":"Ignored","floor":29.0,"gold_loss":0.0,"damage_taken":0.0},{"damage_healed":0.0,"max_hp_gain":0.0,"max_hp_loss":0.0,"gold_gain":0.0,"event_name":"Ghosts","player_choice":"Ignored","floor":31.0,"gold_loss":0.0,"damage_taken":0.0},{"damage_healed":0,"gold_gain":0,"player_choice":"Upgraded Two","damage_taken":0,"max_hp_gain":0,"max_hp_loss":0,"event_name":"Designer","floor":46,"gold_loss":40,"cards_upgraded":["FlurryOfBlows","CrushJoints"]}],"is_beta":false,"boss_relics":[{"not_picked":["vexMod:DeviousBotling","vexMod:ImprovementManual"],"picked":"Philosopher\u0027s Stone"},{"not_picked":["Cursed Key","Runic Dome"],"picked":"construct:WeddingRing"}],"items_purged_floors":[2,20,22],"is_endless":false,"potions_floor_spawned":[3,14,19,23,27,40,45,48],"killed_by":"Donu and Deca","ascension_level":5}}