{"host":"h1wz0053njowq1zz","time":1610723836,"event":{"mods":["2.2 Compatiblity","AchievementEnabler","BaseMod","DeckTracker","Highlight Path","Minty Spire (QoL Compilation)","Permanent Neow","Rare Cards Sparkle","Replay The Spire","Small Relic Pack","StSLib"],"gold_per_floor":[112,112,112,112,152,152,327,327,327,327,378,397,322,367,367,472,472,488,506,506,520,105,139,158,171,171,181,181,181,128,200,200,200,200],"floor_reached":33,"language":"POL","playtime":2617,"items_purged":["Doubt","Decay"],"score":292,"play_id":"b4d3c062-4644-480c-948c-8ca7fab11272","local_time":"20210115161716","is_ascension_mode":true,"campfire_choices":[{"data":"Glacier","floor":6.0,"key":"SMITH"},{"data":"HandOfGreed","floor":8.0,"key":"SMITH"},{"data":"Thinking Ahead","floor":10.0,"key":"SMITH"},{"data":"Strike_B","floor":15.0,"key":"PURGE"},{"floor":29,"key":"REST"},{"data":"Consume","floor":32,"key":"SMITH"}],"circlet_count":0,"master_deck":["Defend_B","Defend_B+1","Defend_B","Zap","Tempest+1","Glacier+1","relicPack:TruthCard","Thinking Ahead+1","HandOfGreed+1","Auto Shields","Genetic Algorithm","Melter","Ball Lightning","Rainbow","Steam","Reinforced Body","Seek","Conserve Battery","ReplayTheSpireMod:Repulse+1","Panache","Heatsinks","Defragment+1","Glacier","Coolheaded+1","Stack+1","Consume+1"],"relics":["Cracked Core","Prayer Wheel","relicPack:EdsArm","Replay:WaspNest","Geode","relicPack:ShieldShield","Membership Card","Mummified Hand","War Paint","CultistMask","BranchBurnRelic","Gremlin Food","Bag of Preparation","ReplayTheSpireMod:CursedCoin","InkBottle"],"acts_visited":["Exordium","TheCity"],"potions_floor_usage":[33],"damage_taken":[{"damage":12.0,"enemies":"2 Louse","floor":1.0,"turns":3.0},{"damage":11.0,"enemies":"Small Slimes","floor":5.0,"turns":2.0},{"damage":22.0,"enemies":"Gremlin Nob","floor":11.0,"turns":4.0},{"damage":2.0,"enemies":"Cultist","floor":12.0,"turns":3.0},{"damage":3.0,"enemies":"2 Fungi Beasts","floor":14.0,"turns":3.0},{"damage":37.0,"enemies":"Fading Forest","floor":16.0,"turns":11.0},{"damage":3.0,"enemies":"Chosen","floor":18.0,"turns":3.0},{"damage":1.0,"enemies":"2 Thieves","floor":19.0,"turns":3.0},{"damage":9.0,"enemies":"Centurion and Healer","floor":21.0,"turns":15.0},{"damage":16.0,"enemies":"Replay:Snechameleon","floor":23.0,"turns":4.0},{"damage":8.0,"enemies":"Snake Plant","floor":24.0,"turns":2.0},{"damage":16.0,"enemies":"3 Cultists","floor":25.0,"turns":4.0},{"damage":1.0,"enemies":"Shelled Parasite and Fungi","floor":27.0,"turns":3.0},{"damage":67,"enemies":"Champ","floor":33,"turns":12}],"seed_played":"-4282084475400444140","potions_obtained":[{"floor":1.0,"key":"Fire Potion"},{"floor":11.0,"key":"AttackPotion"},{"floor":19.0,"key":"DuplicationPotion"},{"floor":23.0,"key":"SpeedPotion"},{"floor":27,"key":"Death Potion"}],"is_trial":false,"path_per_floor":["M","?","?","?","M","R","?","R","T","R","E","M","$","M","R","B",null,"M","M","?","M","$","E","M","M","T","M","?","R","$","T","R","B"],"character_chosen":"DEFECT","items_purchased":["Membership Card","Panache","Mummified Hand","Heatsinks","Gremlin Food","Bag of Preparation","ReplayTheSpireMod:CursedCoin"],"campfire_rested":1,"item_purchase_floors":[22,22,22,22,30,30,30],"current_hp_per_floor":[63,63,63,80,69,69,69,69,69,69,47,45,45,42,42,21,80,77,76,76,67,67,51,43,27,27,26,26,50,50,50,50,0,0],"gold":200,"neow_bonus":"THREE_RARE_CARDS","is_daily":false,"chose_seed":false,"campfire_upgraded":4,"win_rate":0.0,"timestamp":1610723836,"path_taken":["M","?","?","?","?","R","?","R","T","R","E","M","$","M","R","BOSS","M","M","?","M","$","E","M","M","T","M","?","R","$","?","R","BOSS"],"items_purchased_type":["Relic","Card","Relic","Card","Relic","Relic","Relic"],"build_version":"2020-12-22","purchased_purges":2,"victory":false,"max_hp_per_floor":[75,75,70,80,80,80,80,80,80,80,80,80,80,80,80,80,80,80,80,80,80,80,80,80,80,80,80,80,80,80,80,80,80,80],"card_choices":[{"not_picked":["Meteor Strike","Creative AI"],"picked":"ReplayTheSpireMod:Fabricate Wheel","floor":0.0},{"not_picked":["White Noise","Stack"],"picked":"Tempest","floor":1.0},{"not_picked":["Coolheaded","Leap"],"picked":"Glacier","floor":1.0},{"not_picked":["Sunder","Stack"],"picked":"Auto Shields","floor":5.0},{"not_picked":["Hello World","Gash","Barrage"],"picked":"SKIP","floor":5.0},{"not_picked":["Hello World","Hyperbeam"],"picked":"Genetic Algorithm","floor":11.0},{"not_picked":["Double Energy","Rebound"],"picked":"Melter","floor":12.0},{"not_picked":["Panic Button","Steam","BasicCrystalCard"],"picked":"SKIP","floor":12.0},{"not_picked":["ReplayTheSpireMod:System Scan","Coolheaded"],"picked":"Ball Lightning","floor":14.0},{"not_picked":["Panic Button","BootSequence","Hyperbeam"],"picked":"SKIP","floor":14.0},{"not_picked":["Meteor Strike","All For One"],"picked":"Rainbow","floor":16.0},{"not_picked":["Cold Snap","Lockon+1"],"picked":"Steam","floor":18.0},{"not_picked":["Sweeping Beam","Recycle","Hologram"],"picked":"SKIP","floor":18.0},{"not_picked":["Gash","Barrage"],"picked":"Reinforced Body","floor":19.0},{"not_picked":["Go for the Eyes","FIFO Queue"],"picked":"Seek","floor":19.0},{"not_picked":["Coolheaded","Stack"],"picked":"Conserve Battery","floor":21.0},{"not_picked":["Hologram+1","Seek"],"picked":"ReplayTheSpireMod:Repulse","floor":21.0},{"not_picked":["ReplayTheSpireMod:Calculation Training","Heatsinks"],"picked":"Defragment+1","floor":23.0},{"not_picked":["Steam","Steam Power"],"picked":"Glacier","floor":24.0},{"not_picked":["Reinforced Body","Capacitor"],"picked":"Coolheaded+1","floor":24.0},{"not_picked":["BasicCrystalCard","Hologram"],"picked":"Stack+1","floor":25.0},{"not_picked":["Panic Button","Auto Shields"],"picked":"Consume","floor":25.0},{"not_picked":["Rainbow","Redo","Panic Button+1"],"picked":"SKIP","floor":27},{"not_picked":["Cold Snap","ReplayTheSpireMod:Calculation Training","Panic Button"],"picked":"SKIP","floor":27}],"player_experience":177250,"relics_obtained":[{"floor":9.0,"key":"Replay:WaspNest"},{"floor":11.0,"key":"Geode"},{"floor":23.0,"key":"War Paint"},{"floor":26.0,"key":"Dead Branch"},{"floor":31,"key":"InkBottle"}],"event_choices":[{"damage_healed":0.0,"max_hp_gain":0.0,"max_hp_loss":0.0,"gold_gain":0.0,"event_name":"Living Wall","player_choice":"Grow","floor":2.0,"gold_loss":0.0,"damage_taken":0.0,"cards_upgraded":["Tempest"]},{"cards_removed":["Meteor Strike"],"damage_healed":7.0,"max_hp_gain":10.0,"max_hp_loss":0.0,"gold_gain":0.0,"event_name":"Bonfire Elementals","player_choice":"Offered Rare","floor":4.0,"gold_loss":0.0,"damage_taken":0.0},{"damage_healed":0.0,"max_hp_gain":0.0,"max_hp_loss":0.0,"gold_gain":175.0,"event_name":"Liars Game","player_choice":"AGREE","floor":7.0,"gold_loss":0.0,"damage_taken":0.0,"cards_obtained":["Doubt"]},{"damage_healed":0.0,"max_hp_gain":0.0,"max_hp_loss":0.0,"gold_gain":0.0,"event_name":"Vampires","player_choice":"Ignored","floor":20.0,"gold_loss":0.0,"damage_taken":0.0},{"damage_healed":0,"gold_gain":0,"player_choice":"Trade","damage_taken":0,"relics_obtained":["CultistMask"],"max_hp_gain":0,"max_hp_loss":0,"event_name":"FaceTrader","floor":28,"gold_loss":0}],"is_beta":false,"boss_relics":[{"not_picked":["Replay:Ancient Bell","Replay:Drink Me"],"picked":"relicPack:ShieldShield"}],"items_purged_floors":[13,30],"is_endless":false,"potions_floor_spawned":[1,11,19,23,27],"killed_by":"Champ","ascension_level":2}}