{"host":"hzinic87vu8p95wn","time":1610715952,"event":{"mods":["BaseMod","Minty Spire (QoL Compilation)"],"gold_per_floor":[109,109,127,127,11,11,42,59,59,20,20,47,47,65,65,139,189,201,201,217,230,230,230,257,257,257,283,224,224,244,255,255,329,329,344,344,344,362,362,362],"floor_reached":39,"language":"ENG","playtime":3495,"items_purged":[],"score":821,"play_id":"f324644b-485f-4f23-a355-fdc8a84b54d2","local_time":"20210116000552","is_ascension_mode":true,"campfire_choices":[{"data":"Eruption","floor":6.0,"key":"SMITH"},{"data":"Consecrate","floor":11.0,"key":"SMITH"},{"data":"Perseverance","floor":13.0,"key":"SMITH"},{"floor":15.0,"key":"REST"},{"floor":23.0,"key":"REST"},{"floor":25.0,"key":"REST"},{"floor":32.0,"key":"REST"}],"circlet_count":0,"master_deck":["AscendersBane","Strike_P+1","Strike_P+1","Defend_P+1","Defend_P+1","Defend_P+1","Defend_P+1","Eruption+1","Vigilance","JustLucky","Consecrate+1","LikeWater","Conclude","Nirvana","FearNoEvil","Perseverance+1","CarveReality+1","Prostrate","EmptyFist","Sanctity","BattleHymn+1","FlurryOfBlows+1","Prostrate","Devotion","MasterReality"],"relics":["PureWater","NeowsBlessing","Yang","Mummified Hand","Singing Bowl","Question Card","Tiny House","Red Mask","Orichalcum","TeardropLocket","Runic Pyramid"],"acts_visited":["Exordium","TheCity","TheBeyond"],"potions_floor_usage":[35],"damage_taken":[{"damage":0.0,"enemies":"Jaw Worm","floor":1.0,"turns":1.0},{"damage":0.0,"enemies":"Cultist","floor":3.0,"turns":1.0},{"damage":0.0,"enemies":"Gremlin Nob","floor":7.0,"turns":1.0},{"damage":0.0,"enemies":"Small Slimes","floor":8.0,"turns":3.0},{"damage":12.0,"enemies":"3 Sentries","floor":12.0,"turns":6.0},{"damage":0.0,"enemies":"Exordium Wildlife","floor":14.0,"turns":3.0},{"damage":9.0,"enemies":"The Guardian","floor":16.0,"turns":15.0},{"damage":2.0,"enemies":"Spheric Guardian","floor":18.0,"turns":3.0},{"damage":12.0,"enemies":"2 Thieves","floor":20.0,"turns":3.0},{"damage":29.0,"enemies":"Snake Plant","floor":21.0,"turns":7.0},{"damage":17.0,"enemies":"Masked Bandits","floor":24.0,"turns":5.0},{"damage":6.0,"enemies":"Gremlin Leader","floor":27.0,"turns":8.0},{"damage":0.0,"enemies":"Chosen and Byrds","floor":30.0,"turns":3.0},{"damage":11.0,"enemies":"Cultist and Chosen","floor":31.0,"turns":5.0},{"damage":31.0,"enemies":"Collector","floor":33.0,"turns":9.0},{"damage":12,"enemies":"3 Darklings","floor":35,"turns":4},{"damage":27,"enemies":"3 Shapes","floor":38,"turns":4},{"damage":34,"enemies":"Spire Growth","floor":39,"turns":3}],"seed_played":"-927374920221836411","potions_obtained":[{"floor":1.0,"key":"Block Potion"},{"floor":8.0,"key":"FearPotion"},{"floor":17.0,"key":"LiquidMemories"},{"floor":24.0,"key":"SpeedPotion"},{"floor":27.0,"key":"Weak Potion"},{"floor":31.0,"key":"Ambrosia"},{"floor":33.0,"key":"ColorlessPotion"}],"is_trial":false,"path_per_floor":["M","?","M","?","$","R","E","M","T","$","R","E","R","M","R","B",null,"M","?","M","M","?","R","?","R","T","E","$","$","M","M","R","B",null,"M","?","?","M","M"],"character_chosen":"WATCHER","items_purchased":["LikeWater","Conclude","FearNoEvil","Prostrate"],"campfire_rested":4,"item_purchase_floors":[5,5,10,28],"current_hp_per_floor":[61,61,61,54,54,54,54,54,54,54,54,42,42,42,62,55,71,69,69,57,28,28,50,35,58,58,54,54,54,56,45,69,38,70,58,58,58,33,0,0],"gold":362,"neow_bonus":"THREE_ENEMY_KILL","is_daily":false,"chose_seed":false,"campfire_upgraded":3,"win_rate":0.0,"timestamp":1610715952,"path_taken":["M","?","?","?","?","R","E","M","T","$","R","E","R","M","R","BOSS","M","?","?","M","?","R","?","R","T","E","?","$","?","?","R","BOSS","M","?","?","M","M"],"items_purchased_type":["Card","Card","Card","Card"],"build_version":"2020-12-22","purchased_purges":0,"victory":false,"max_hp_per_floor":[68,68,68,68,68,68,68,68,68,68,68,68,68,68,68,70,75,75,75,75,75,75,75,77,77,77,79,79,79,81,81,81,81,81,81,81,81,83,83,83],"card_choices":[{"not_picked":["Tantrum","FlyingSleeves"],"picked":"JustLucky","floor":1.0},{"not_picked":["BowlingBash","Evaluate"],"picked":"Consecrate","floor":3.0},{"not_picked":["PathToVictory","Consecrate","Crescendo"],"picked":"SKIP","floor":7.0},{"not_picked":["JustLucky","Consecrate"],"picked":"Nirvana","floor":8.0},{"not_picked":["Crescendo","Consecrate"],"picked":"Perseverance","floor":12.0},{"not_picked":["FearNoEvil","FlurryOfBlows","ClearTheMind"],"picked":"CarveReality","floor":14.0},{"not_picked":["ConjureBlade","Vault","Ragnarok","Omniscience"],"picked":"Singing Bowl","floor":16.0},{"not_picked":["JustLucky","Evaluate","SashWhip"],"picked":"Prostrate","floor":17.0},{"not_picked":["BowlingBash","ForeignInfluence","EmptyBody"],"picked":"EmptyFist","floor":18.0},{"not_picked":["FollowUp+1","ForeignInfluence","FlurryOfBlows"],"picked":"BattleHymn","floor":20.0},{"not_picked":["BattleHymn","Perseverance","CrushJoints"],"picked":"FlurryOfBlows+1","floor":21.0},{"not_picked":["Evaluate","FlyingSleeves","EmptyFist","Consecrate"],"picked":"Singing Bowl","floor":24.0},{"not_picked":["JustLucky+1","Crescendo","Wireheading","SashWhip"],"picked":"Singing Bowl","floor":27.0},{"not_picked":["CrushJoints","Conclude+1","Crescendo","Nirvana"],"picked":"Singing Bowl","floor":30.0},{"not_picked":["DeceiveReality","FlurryOfBlows","Crescendo"],"picked":"Devotion","floor":31.0},{"not_picked":["Brilliance","Judgement","Devotion"],"picked":"MasterReality","floor":33.0},{"not_picked":["ClearTheMind","SandsOfTime","Conclude+1"],"picked":"MentalFortress","floor":35},{"not_picked":["WindmillStrike+1","CarveReality","FlurryOfBlows","InnerPeace"],"picked":"Singing Bowl","floor":38}],"player_experience":1565925,"relics_obtained":[{"floor":7.0,"key":"Mummified Hand"},{"floor":9.0,"key":"Singing Bowl"},{"floor":12.0,"key":"Question Card"},{"floor":24.0,"key":"Red Mask"},{"floor":26.0,"key":"Orichalcum"},{"floor":27.0,"key":"TeardropLocket"}],"event_choices":[{"damage_healed":0.0,"max_hp_gain":0.0,"max_hp_loss":0.0,"gold_gain":0.0,"event_name":"WeMeetAgain","player_choice":"Gave Potion","floor":2.0,"gold_loss":0.0,"damage_taken":0.0,"relics_obtained":["Yang"]},{"cards_removed":["Strike_P"],"damage_healed":0.0,"max_hp_gain":0.0,"max_hp_loss":0.0,"gold_gain":0.0,"event_name":"Golden Wing","player_choice":"Card Removal","floor":4.0,"gold_loss":0.0,"damage_taken":7.0},{"damage_healed":0.0,"max_hp_gain":0.0,"max_hp_loss":0.0,"gold_gain":0.0,"cards_transformed":["Strike_P"],"event_name":"Transmorgrifier","player_choice":"Transformed","floor":19.0,"gold_loss":0.0,"damage_taken":0.0,"cards_obtained":["Sanctity"]},{"damage_healed":0.0,"max_hp_gain":0.0,"max_hp_loss":0.0,"gold_gain":0.0,"event_name":"Back to Basics","player_choice":"Simplicity","floor":22.0,"gold_loss":0.0,"damage_taken":0.0,"cards_upgraded":["Strike_P","Strike_P","Defend_P","Defend_P","Defend_P","Defend_P"]},{"damage_healed":0.0,"max_hp_gain":0.0,"max_hp_loss":0.0,"gold_gain":0.0,"event_name":"Masked Bandits","player_choice":"Fought Bandits","floor":24.0,"gold_loss":0.0,"damage_taken":0.0},{"cards_removed":["MentalFortress"],"damage_healed":0,"gold_gain":0,"player_choice":"Removed Power","damage_taken":0,"max_hp_gain":0,"max_hp_loss":0,"event_name":"Falling","floor":36,"gold_loss":0},{"damage_healed":0,"gold_gain":0,"player_choice":"Forge","damage_taken":0,"max_hp_gain":0,"max_hp_loss":0,"event_name":"Accursed Blacksmith","floor":37,"gold_loss":0,"cards_upgraded":["BattleHymn"]}],"is_beta":false,"boss_relics":[{"not_picked":["Sozu","Philosopher\u0027s Stone"],"picked":"Tiny House"},{"not_picked":["Astrolabe","Fusion Hammer"],"picked":"Runic Pyramid"}],"items_purged_floors":[],"is_endless":false,"potions_floor_spawned":[1,8,24,27,31,33],"killed_by":"Spire Growth","ascension_level":18}}