{"host":"y3h3n3f7seyagppx","time":1610747878,"event":{"mods":["AlwaysNeverKeys","BaseMod","Better Vampires","Colored Powertips","DeckTracker","Emptier Cage","Minty Spire (QoL Compilation)","Permanent Neow","Quick Restart","Rare Cards Sparkle","Relic Sorter","Relic Stats","StSLib","Transform Curses"],"gold_per_floor":[119,7,26,45,45,75,86,113,113,147,160,160,500,511,511,587,587,607,634,670,595,510,552,552,591,618,618,653,26,44,79,79,166,166,183,192,207,230,230,284,284,310,336,336,379,379,415,637,637,637,637,637,637,28,69,69,69],"floor_reached":56,"language":"ENG","playtime":6127,"items_purged":["Strike_R"],"score":2234,"play_id":"8d9d6a74-94c2-47d2-a0d0-85f437d46f86","local_time":"20210115165758","is_ascension_mode":true,"campfire_choices":[{"data":"Carnage","floor":12.0,"key":"SMITH"},{"data":"Whirlwind","floor":15.0,"key":"SMITH"},{"data":"Uppercut","floor":24.0,"key":"SMITH"},{"data":"Shrug It Off","floor":27.0,"key":"SMITH"},{"data":"Feel No Pain","floor":32.0,"key":"SMITH"},{"data":"PanicButton","floor":41.0,"key":"SMITH"},{"data":"Flame Barrier","floor":46.0,"key":"SMITH"},{"data":"Metallicize","floor":49.0,"key":"SMITH"},{"data":"Sword Boomerang","floor":53.0,"key":"SMITH"}],"circlet_count":0,"master_deck":["AscendersBane","Defend_R","Defend_R+1","Defend_R","Defend_R","Headbutt","Carnage+1","Uppercut+1","Shrug It Off+1","Shockwave+1","Whirlwind+1","Battle Trance","Inflame+1","Flame Barrier+1","Bite","Bite","Bite","Bite","Pommel Strike+1","Reaper","Sword Boomerang+1","Exhume","Feel No Pain+1","Corruption","PanicButton+1","Evolve+1","Dual Wield+1","Metallicize+1","Power Through"],"relics":["Burning Blood","Gambling Chip","Matryoshka","Happy Flower","CeramicFish","War Paint","Akabeko","Old Coin","Velvet Choker","Lizard Tail","Nunchaku","Blue Candle","Smiling Mask","Juzu Bracelet","Red Mask","Centennial Puzzle","Ornamental Fan","Orichalcum","Coffee Dripper","Red Skull","Calipers","Strawberry","Potion Belt","Blood Vial","Oddly Smooth Stone","ClockworkSouvenir","Du-Vu Doll","Bottled Flame"],"acts_visited":["Exordium","TheCity","TheBeyond","TheEnding"],"potions_floor_usage":[55,55,56,56],"damage_taken":[{"damage":6.0,"enemies":"2 Louse","floor":1.0,"turns":4.0},{"damage":0.0,"enemies":"Cultist","floor":3.0,"turns":2.0},{"damage":4.0,"enemies":"Small Slimes","floor":4.0,"turns":3.0},{"damage":8.0,"enemies":"Gremlin Nob","floor":6.0,"turns":3.0},{"damage":1.0,"enemies":"3 Louse","floor":7.0,"turns":4.0},{"damage":22.0,"enemies":"Lagavulin","floor":8.0,"turns":6.0},{"damage":8.0,"enemies":"Gremlin Nob","floor":10.0,"turns":3.0},{"damage":8.0,"enemies":"Large Slime","floor":11.0,"turns":7.0},{"damage":9.0,"enemies":"3 Sentries","floor":13.0,"turns":5.0},{"damage":0.0,"enemies":"Exordium Wildlife","floor":14.0,"turns":3.0},{"damage":0.0,"enemies":"Slime Boss","floor":16.0,"turns":5.0},{"damage":0.0,"enemies":"Chosen","floor":18.0,"turns":3.0},{"damage":0.0,"enemies":"Spheric Guardian","floor":19.0,"turns":1.0},{"damage":33.0,"enemies":"Book of Stabbing","floor":23.0,"turns":4.0},{"damage":12.0,"enemies":"Slavers","floor":25.0,"turns":2.0},{"damage":0.0,"enemies":"Masked Bandits","floor":28.0,"turns":1.0},{"damage":0.0,"enemies":"3 Cultists","floor":30.0,"turns":4.0},{"damage":34.0,"enemies":"Gremlin Leader","floor":31.0,"turns":7.0},{"damage":76.0,"enemies":"Automaton","floor":33.0,"turns":11.0},{"damage":0.0,"enemies":"3 Darklings","floor":35.0,"turns":1.0},{"damage":1.0,"enemies":"Orb Walker","floor":37.0,"turns":3.0},{"damage":12.0,"enemies":"2 Orb Walkers","floor":40.0,"turns":3.0},{"damage":11.0,"enemies":"Nemesis","floor":42.0,"turns":5.0},{"damage":32.0,"enemies":"Giant Head","floor":45.0,"turns":8.0},{"damage":0.0,"enemies":"Nemesis","floor":47.0,"turns":7.0},{"damage":41.0,"enemies":"Donu and Deca","floor":50.0,"turns":11.0},{"damage":100.0,"enemies":"Awakened One","floor":51.0,"turns":20.0},{"damage":30,"enemies":"Shield and Spear","floor":55,"turns":4},{"damage":80,"enemies":"The Heart","floor":56,"turns":8}],"seed_played":"-6749671092424192650","potions_obtained":[{"floor":4.0,"key":"Regen Potion"},{"floor":5.0,"key":"Strength Potion"},{"floor":5.0,"key":"EntropicBrew"},{"floor":7.0,"key":"SteroidPotion"},{"floor":10.0,"key":"Fire Potion"},{"floor":35.0,"key":"Energy Potion"},{"floor":37.0,"key":"DuplicationPotion"},{"floor":47.0,"key":"Fire Potion"}],"is_trial":false,"path_per_floor":["M","$","M","M","?","E","M","E","T","E","M","R","E","M","R","B",null,"M","M","?","?","?","E","R","E","T","R","?","$","M","E","R","B",null,"M","?","M","T","$","?","R","E","T","?","E","R","E","?","R","B","B",null,"R","$","E","B"],"character_chosen":"IRONCLAD","items_purchased":["Carnage","Centennial Puzzle","Ornamental Fan","Exhume","Feel No Pain","ClockworkSouvenir","Dexterity Potion","ColorlessPotion","Du-Vu Doll"],"campfire_rested":0,"item_purchase_floors":[2,29,29,29,29,54,54,54,54],"current_hp_per_floor":[68,68,68,68,68,66,68,52,52,50,48,48,45,51,51,57,65,68,68,51,51,51,32,32,26,26,26,32,32,51,31,31,31,46,51,41,51,51,51,49,49,58,58,55,39,39,55,55,55,55,45,53,53,53,49,0,0],"gold":69,"neow_bonus":"ONE_RARE_RELIC","is_daily":false,"chose_seed":false,"campfire_upgraded":9,"win_rate":0.0,"timestamp":1610747878,"path_taken":["M","$","M","M","?","E","?","E","T","E","M","R","E","M","R","BOSS","M","M","?","?","?","E","R","E","T","R","?","$","M","E","R","BOSS","M","?","M","?","$","?","R","E","T","?","E","R","E","?","R","BOSS","BOSS","R","$","E","BOSS"],"items_purchased_type":["Card","Relic","Relic","Card","Card","Relic","Potion","Potion","Relic"],"build_version":"2020-12-22","purchased_purges":1,"victory":false,"max_hp_per_floor":[68,68,68,68,68,68,68,68,68,68,68,68,68,68,68,68,68,68,68,51,51,51,51,51,51,51,51,51,51,51,51,51,51,51,51,51,51,51,51,51,51,58,58,55,55,55,55,55,55,55,55,55,55,55,55,55,55],"relic_stats":{"Happy Flower":[42],"counters":[29,148],"CeramicFish":171,"Blue Candle":[0],"Juzu Bracelet":0,"War Paint":["Defend_R","Shockwave"],"Orichalcum":[48],"Smiling Mask":0,"Burning Blood":125,"Blood Vial":6,"Lizard Tail":25,"Nunchaku":[20],"Centennial Puzzle":[30],"Ornamental Fan":[172],"Gambling Chip":[78],"obtain_stats":[{"Calipers":40,"CeramicFish":9,"Juzu Bracelet":26,"Smiling Mask":26,"Burning Blood":0,"Old Coin":13,"ClockworkSouvenir":54,"Blood Vial":45,"Lizard Tail":22,"Nunchaku":23,"Centennial Puzzle":29,"Matryoshka":6,"Gambling Chip":0,"Strawberry":42,"Red Mask":28,"Red Skull":38,"Potion Belt":43,"Happy Flower":8,"Blue Candle":25,"Velvet Choker":17,"Oddly Smooth Stone":47,"War Paint":9,"Orichalcum":31,"Akabeko":10,"Du-Vu Doll":54,"Bottled Flame":55,"Ornamental Fan":29,"Coffee Dripper":34},{"Calipers":22,"CeramicFish":6,"Juzu Bracelet":15,"Smiling Mask":15,"Burning Blood":0,"Old Coin":9,"ClockworkSouvenir":27,"Blood Vial":24,"Lizard Tail":13,"Nunchaku":14,"Centennial Puzzle":16,"Matryoshka":4,"Gambling Chip":0,"Strawberry":23,"Red Mask":16,"Red Skull":21,"Potion Belt":23,"Happy Flower":6,"Blue Candle":15,"Velvet Choker":11,"Oddly Smooth Stone":25,"War Paint":6,"Orichalcum":18,"Akabeko":7,"Du-Vu Doll":27,"Bottled Flame":28,"Ornamental Fan":16,"Coffee Dripper":19},{"Calipers":85,"CeramicFish":22,"Juzu Bracelet":55,"Smiling Mask":55,"Burning Blood":0,"Old Coin":37,"ClockworkSouvenir":136,"Blood Vial":98,"Lizard Tail":49,"Nunchaku":53,"Centennial Puzzle":56,"Matryoshka":12,"Gambling Chip":0,"Strawberry":90,"Red Mask":56,"Red Skull":82,"Potion Belt":90,"Happy Flower":22,"Blue Candle":55,"Velvet Choker":45,"Oddly Smooth Stone":105,"War Paint":22,"Orichalcum":67,"Akabeko":25,"Du-Vu Doll":136,"Bottled Flame":140,"Ornamental Fan":56,"Coffee Dripper":78}]},"card_choices":[{"not_picked":["True Grit","Ghostly Armor"],"picked":"Headbutt","floor":1.0},{"not_picked":["Flex","Heavy Blade"],"picked":"Uppercut","floor":3.0},{"not_picked":["Thunderclap","Whirlwind"],"picked":"Shrug It Off","floor":4.0},{"not_picked":["Infernal Blade","Disarm","Dark Embrace"],"picked":"SKIP","floor":6.0},{"not_picked":["Shockwave","Whirlwind","Warcry"],"picked":"SKIP","floor":7.0},{"not_picked":["Whirlwind","Warcry"],"picked":"Shockwave","floor":7.0},{"not_picked":["Thunderclap","Inflame","Warcry"],"picked":"SKIP","floor":8.0},{"not_picked":["Burning Pact","Twin Strike"],"picked":"Whirlwind","floor":10.0},{"not_picked":["Second Wind","Pommel Strike","Perfected Strike"],"picked":"SKIP","floor":11.0},{"not_picked":["Demon Form","Iron Wave"],"picked":"Battle Trance","floor":13.0},{"not_picked":["True Grit","Body Slam","Wild Strike"],"picked":"SKIP","floor":14.0},{"not_picked":["Sword Boomerang","Warcry"],"picked":"Inflame+1","floor":18.0},{"not_picked":["Thunderclap","Anger"],"picked":"Flame Barrier","floor":19.0},{"not_picked":["Ghostly Armor","Hemokinesis"],"picked":"Pommel Strike+1","floor":23.0},{"not_picked":["Thunderclap","Headbutt+1"],"picked":"Reaper","floor":25.0},{"not_picked":["Blood for Blood","Hemokinesis+1"],"picked":"Sword Boomerang","floor":28.0},{"not_picked":["Warcry+1","Cleave","Twin Strike"],"picked":"SKIP","floor":30.0},{"not_picked":["Thunderclap","Shockwave","Iron Wave"],"picked":"SKIP","floor":31.0},{"not_picked":["Bludgeon","Brutality"],"picked":"Corruption","floor":33.0},{"not_picked":["Perfected Strike","Sword Boomerang","Clothesline"],"picked":"SKIP","floor":35.0},{"not_picked":["Jack Of All Trades","Flash of Steel"],"picked":"PanicButton","floor":36.0},{"not_picked":["Armaments","Flex","Pommel Strike"],"picked":"SKIP","floor":37.0},{"not_picked":["True Grit","Heavy Blade+1"],"picked":"Evolve+1","floor":40.0},{"not_picked":["Pummel+1","Havoc","Rage+1"],"picked":"SKIP","floor":42.0},{"not_picked":["Hemokinesis","Twin Strike+1"],"picked":"Dual Wield+1","floor":45.0},{"not_picked":["Reckless Charge","Whirlwind+1"],"picked":"Metallicize","floor":47.0},{"not_picked":["Clash","Infernal Blade"],"picked":"Power Through","floor":55}],"player_experience":21019948,"relics_obtained":[{"floor":6.0,"key":"Matryoshka"},{"floor":8.0,"key":"Happy Flower"},{"floor":9.0,"key":"CeramicFish"},{"floor":9.0,"key":"War Paint"},{"floor":10.0,"key":"Akabeko"},{"floor":13.0,"key":"Old Coin"},{"floor":23.0,"key":"Nunchaku"},{"floor":25.0,"key":"Blue Candle"},{"floor":26.0,"key":"Smiling Mask"},{"floor":26.0,"key":"Juzu Bracelet"},{"floor":28.0,"key":"Red Mask"},{"floor":31.0,"key":"Orichalcum"},{"floor":38.0,"key":"Red Skull"},{"floor":40.0,"key":"Calipers"},{"floor":42.0,"key":"Strawberry"},{"floor":43.0,"key":"Potion Belt"},{"floor":45.0,"key":"Blood Vial"},{"floor":47.0,"key":"Oddly Smooth Stone"},{"floor":55,"key":"Bottled Flame"}],"event_choices":[{"damage_healed":0.0,"max_hp_gain":0.0,"max_hp_loss":0.0,"gold_gain":0.0,"event_name":"Lab","player_choice":"Got Potions","floor":5.0,"gold_loss":0.0,"damage_taken":0.0},{"damage_healed":0.0,"max_hp_gain":0.0,"max_hp_loss":17.0,"gold_gain":0.0,"event_name":"Vampires","player_choice":"Became a vampire","floor":20.0,"gold_loss":0.0,"damage_taken":0.0,"cards_obtained":["Bite","Bite","Bite","Bite"]},{"cards_removed":["Bash"],"damage_healed":0.0,"max_hp_gain":0.0,"max_hp_loss":0.0,"gold_gain":0.0,"event_name":"Beggar","player_choice":"Gave Gold","floor":21.0,"gold_loss":75.0,"damage_taken":0.0},{"damage_healed":0.0,"max_hp_gain":0.0,"max_hp_loss":0.0,"gold_gain":0.0,"event_name":"Addict","player_choice":"Obtained Relic","floor":22.0,"gold_loss":85.0,"damage_taken":0.0,"relics_obtained":["Lizard Tail"]},{"damage_healed":0.0,"max_hp_gain":0.0,"max_hp_loss":0.0,"gold_gain":0.0,"event_name":"Masked Bandits","player_choice":"Fought Bandits","floor":28.0,"gold_loss":0.0,"damage_taken":0.0},{"damage_healed":0.0,"max_hp_gain":0.0,"max_hp_loss":0.0,"gold_gain":0.0,"event_name":"SensoryStone","player_choice":"Memory 3","floor":36.0,"gold_loss":0.0,"damage_taken":10.0},{"damage_healed":0.0,"max_hp_gain":0.0,"max_hp_loss":0.0,"gold_gain":0.0,"event_name":"Mysterious Sphere","player_choice":"Fight","floor":40.0,"gold_loss":0.0,"damage_taken":0.0},{"damage_healed":0.0,"max_hp_gain":0.0,"max_hp_loss":3.0,"gold_gain":0.0,"event_name":"Winding Halls","player_choice":"Max HP","floor":44.0,"gold_loss":0.0,"damage_taken":0.0},{"damage_healed":0.0,"max_hp_gain":0.0,"max_hp_loss":0.0,"gold_gain":222.0,"event_name":"Tomb of Lord Red Mask","player_choice":"Wore Mask","floor":48.0,"gold_loss":0.0,"damage_taken":0.0}],"is_beta":false,"boss_relics":[{"not_picked":["Empty Cage","Runic Cube"],"picked":"Velvet Choker"},{"not_picked":["Sozu","Astrolabe"],"picked":"Coffee Dripper"}],"items_purged_floors":[2],"is_endless":false,"potions_floor_spawned":[4,7,8,10,14,18,23,30,31,35,37,47],"killed_by":"The Heart","ascension_level":20}}