{"host":"ertz0a1vw3taca14","time":1610734763,"event":{"mods":["BaseMod","Downfall","KinomotoSakuraMod(ƒæ÷Æ±æ”£)","Luminous","Marisa£®ÏF”Í°°ƒß¿Ì…≥£©","Minty Spire (QoL Compilation)","Remilia£®¿Ÿ√◊¿Ú—«£©","StSLib","The Administrix","The Servant 0.9.4","Yakumo Yukari mod","Youmu£®ªÍ∆«—˝√Œ£©","Yuyuko"],"gold_per_floor":[119,119,129,140,140,140,140,153,153,164,192,244,244,256,256,360,360,371,390,390,172,172,172,197,216,242,261,279,279,291,36,36,133,133,150,200,200,200,53,63,63,76,99,131,131,6,6,6],"floor_reached":47,"language":"ZHS","playtime":2533,"items_purged":["AdministrixMod:Strike_Administrix","AdministrixMod:Strike_Administrix","AdministrixMod:Strike_Administrix"],"score":500,"play_id":"493c8bda-80f2-47c6-9c61-121b65291944","local_time":"20210116021923","is_ascension_mode":false,"campfire_choices":[{"data":"AdministrixMod:RisingSunPrince","floor":6,"key":"SMITH"},{"data":"AdministrixMod:LifeforceNet","floor":15,"key":"SMITH"},{"floor":23,"key":"RECALL"},{"data":"AdministrixMod:FaithfulFlames","floor":29,"key":"SMITH"},{"floor":32,"key":"REST"},{"data":"AdministrixMod:BattleforgedBonds","floor":41,"key":"SMITH"}],"circlet_count":0,"master_deck":["AdministrixMod:RedCloak","AdministrixMod:Defend_Administrix","AdministrixMod:BlueCloak","AdministrixMod:Transition","AdministrixMod:RisingSunPrince+1","AdministrixMod:JustRewards","AdministrixMod:Overdrive","AdministrixMod:ShadowPlay","AdministrixMod:LightOfYourLife","Parasite","AdministrixMod:LifeforceNet+1","AdministrixMod:LuminaryPath","AdministrixMod:NoblePath","AdministrixMod:DreamsMausoleum+1","Envy_TH","AdministrixMod:PassageOfAges","AdministrixMod:ChooseYourEnd+1","AdministrixMod:RisingSunPrince+1","AdministrixMod:FaithfulFlames+1","AdministrixMod:RegentEdict","AdministrixMod:BattleforgedBonds+1","AdministrixMod:QuietConspiracy+1","AdministrixMod:CastOffRegrets+1","AdministrixMod:FalseDeath","AdministrixMod:FuneraryRites+1","AdministrixMod:BloodlessSapphire+1","AdministrixMod:DiversionaryTactic"],"relics":["AdministrixMod:ConductorRitualBaton","Vajra","Gremlin Horn","Toy Ornithopter","SlaversCollar","Ice Cream","AdministrixMod:DragonsEyeCharm","Pantograph","AdministrixMod:PrescriptionBottle","Lantern","SacredBark","Pocketwatch","Bag of Marbles","Regal Pillow"],"acts_visited":["Exordium","TheCity","TheBeyond"],"potions_floor_usage":[8,11,16,19,28,35,44],"damage_taken":[{"damage":0,"enemies":"2 Louse","floor":1,"turns":2},{"damage":1,"enemies":"Jaw Worm","floor":3,"turns":3},{"damage":1,"enemies":"Cultist","floor":4,"turns":3},{"damage":9,"enemies":"Exordium Wildlife","floor":8,"turns":3},{"damage":0,"enemies":"2 Fungi Beasts","floor":10,"turns":1},{"damage":6,"enemies":"Lagavulin","floor":11,"turns":5},{"damage":0,"enemies":"Blue Slaver","floor":14,"turns":1},{"damage":3,"enemies":"Hexaghost","floor":16,"turns":7},{"damage":8,"enemies":"3 Byrds","floor":18,"turns":5},{"damage":16,"enemies":"2 Thieves","floor":19,"turns":3},{"damage":3,"enemies":"Slavers","floor":24,"turns":2},{"damage":6,"enemies":"Shelled Parasite and Fungi","floor":25,"turns":3},{"damage":14,"enemies":"Cultist and Chosen","floor":27,"turns":5},{"damage":10,"enemies":"Snake Plant","floor":28,"turns":2},{"damage":0,"enemies":"3 Cultists","floor":30,"turns":3},{"damage":41,"enemies":"Champ","floor":33,"turns":8},{"damage":50,"enemies":"3 Shapes","floor":35,"turns":3},{"damage":14,"enemies":"Mind Bloom Boss Battle","floor":36,"turns":6},{"damage":22,"enemies":"Orb Walker","floor":40,"turns":3},{"damage":20,"enemies":"4 Shapes","floor":42,"turns":4},{"damage":4,"enemies":"Reptomancer","floor":44,"turns":2},{"damage":249,"enemies":"Reptomancer","floor":47,"turns":16}],"seed_played":"8159100116744242410","potions_obtained":[{"floor":4,"key":"DistilledChaos"},{"floor":8,"key":"Fire Potion"},{"floor":11,"key":"Strength Potion"},{"floor":18,"key":"Swift Potion"},{"floor":28,"key":"Fruit Juice"},{"floor":33,"key":"AttackPotion"},{"floor":42,"key":"Fire Potion"}],"is_trial":false,"path_per_floor":["M","?","M","M","T","R","?","M","T","M","E","?","?","M","R","B",null,"M","M","?","$","?","R","E","M","T","M","M","R","M","$","R","B",null,"M","?","?","?","$","M","R","M","T","E","?","$","?"],"character_chosen":"TheAdministrix","items_purchased":["AdministrixMod:DragonsEyeCharm","Lantern","AdministrixMod:FalseDeath"],"campfire_rested":1,"item_purchase_floors":[21,31,39],"current_hp_per_floor":[65,53,52,51,51,51,51,42,42,42,36,36,52,52,52,54,65,57,46,46,46,46,46,43,37,37,23,23,23,23,23,44,28,70,20,31,31,31,31,9,9,33,33,34,34,34,0,0],"gold":6,"neow_bonus":"REMOVE_CARD","is_daily":false,"chose_seed":false,"campfire_upgraded":4,"win_rate":0.0,"timestamp":1610734763,"path_taken":["M","?","M","M","?","R","?","?","T","M","E","?","?","M","R","BOSS","M","M","?","$","?","R","E","M","T","M","M","R","M","$","R","BOSS","M","?","?","?","$","?","R","?","T","E","?","?","?"],"items_purchased_type":["Relic","Relic","Card"],"build_version":"2020-12-22","purchased_purges":3,"victory":false,"max_hp_per_floor":[65,65,65,65,65,65,65,65,65,65,65,65,65,65,65,65,65,65,65,65,65,65,65,65,65,65,65,70,70,70,70,70,70,70,70,70,70,70,70,70,70,70,70,70,70,70,70,70],"card_choices":[{"not_picked":["AdministrixMod:XianArts","AdministrixMod:RebukeDesires"],"picked":"AdministrixMod:Transition","floor":1},{"not_picked":["AdministrixMod:NoblePath","AdministrixMod:CastOffRegrets"],"picked":"AdministrixMod:RisingSunPrince","floor":3},{"not_picked":["AdministrixMod:PassageOfAges","AdministrixMod:Katabasis"],"picked":"AdministrixMod:JustRewards","floor":4},{"not_picked":["AdministrixMod:CenturiesAscent","AdministrixMod:Katabasis"],"picked":"AdministrixMod:Overdrive","floor":8},{"not_picked":["AdministrixMod:RebukeDesires","AdministrixMod:SipOfSparks"],"picked":"AdministrixMod:ShadowPlay","floor":10},{"not_picked":["AdministrixMod:CrackingPangu","AdministrixMod:DiversionaryTactic"],"picked":"AdministrixMod:LightOfYourLife","floor":11},{"not_picked":["AdministrixMod:ArmillarySphere","AdministrixMod:CrackingPangu"],"picked":"AdministrixMod:LifeforceNet","floor":14},{"not_picked":["AdministrixMod:ImmortalClarity","AdministrixMod:HaveItAll"],"picked":"AdministrixMod:LuminaryPath","floor":16},{"not_picked":["AdministrixMod:FuneraryRites","AdministrixMod:RegentEdict+1"],"picked":"AdministrixMod:NoblePath","floor":18},{"not_picked":["AdministrixMod:CrackingPangu","AdministrixMod:MixOfMercury"],"picked":"AdministrixMod:DreamsMausoleum+1","floor":19},{"not_picked":["AdministrixMod:SipOfSparks","AdministrixMod:NoblePath+1"],"picked":"AdministrixMod:PassageOfAges","floor":24},{"not_picked":["AdministrixMod:BloodlessSapphire","AdministrixMod:BloodBargain"],"picked":"AdministrixMod:ChooseYourEnd+1","floor":25},{"not_picked":["AdministrixMod:SipOfSparks+1","AdministrixMod:BegetEternity"],"picked":"AdministrixMod:RisingSunPrince+1","floor":27},{"not_picked":["AdministrixMod:SipOfSparks","AdministrixMod:RegentEdict"],"picked":"AdministrixMod:FaithfulFlames","floor":28},{"not_picked":["AdministrixMod:ImmortalPurity","AdministrixMod:TouchOfCinnabar"],"picked":"AdministrixMod:RegentEdict","floor":30},{"not_picked":["AdministrixMod:HaveItAll","AdministrixMod:TenDesires"],"picked":"AdministrixMod:BattleforgedBonds","floor":33},{"not_picked":["AdministrixMod:Transition+1","AdministrixMod:DreamsMausoleum+1"],"picked":"AdministrixMod:QuietConspiracy+1","floor":35},{"not_picked":["AdministrixMod:SyncreticPlunge","AdministrixMod:SipOfSparks+1"],"picked":"AdministrixMod:CastOffRegrets+1","floor":36},{"not_picked":["AdministrixMod:RebukeDesires","AdministrixMod:PlateOfAntiquity+1"],"picked":"AdministrixMod:FuneraryRites+1","floor":40},{"not_picked":["AdministrixMod:CrackingPangu","AdministrixMod:TouchOfCinnabar"],"picked":"AdministrixMod:BloodlessSapphire+1","floor":42},{"not_picked":["AdministrixMod:ExtolVirtue","AdministrixMod:RegentEdict"],"picked":"AdministrixMod:DiversionaryTactic","floor":44}],"player_experience":148234,"relics_obtained":[{"floor":9,"key":"Gremlin Horn"},{"floor":11,"key":"Toy Ornithopter"},{"floor":24,"key":"Pantograph"},{"floor":26,"key":"AdministrixMod:PrescriptionBottle"},{"floor":36,"key":"Pocketwatch"},{"floor":43,"key":"Bag of Marbles"},{"floor":44,"key":"Regal Pillow"}],"event_choices":[{"damage_healed":0,"gold_gain":0,"player_choice":"Success","damage_taken":12,"relics_obtained":["Vajra"],"max_hp_gain":0,"max_hp_loss":0,"event_name":"Scrap Ooze","floor":2,"gold_loss":0},{"cards_removed":["AdministrixMod:Strike_Administrix"],"damage_healed":0,"gold_gain":0,"player_choice":"Purged","damage_taken":0,"max_hp_gain":0,"max_hp_loss":0,"event_name":"Purifier","floor":7,"gold_loss":0},{"damage_healed":0,"gold_gain":52,"player_choice":"Gained Gold","damage_taken":0,"max_hp_gain":0,"max_hp_loss":0,"event_name":"Golden Wing","floor":12,"gold_loss":0},{"damage_healed":16,"gold_gain":0,"player_choice":"Healed and dodged fight","damage_taken":0,"max_hp_gain":0,"max_hp_loss":0,"event_name":"Mushrooms","floor":13,"gold_loss":0,"cards_obtained":["Parasite"]},{"damage_healed":0,"gold_gain":0,"player_choice":"Opened","damage_taken":0,"relics_obtained":["Ice Cream"],"max_hp_gain":0,"max_hp_loss":0,"event_name":"The Mausoleum","floor":20,"gold_loss":0},{"damage_healed":0,"gold_gain":0,"player_choice":"Fight","damage_taken":0,"max_hp_gain":0,"max_hp_loss":0,"event_name":"MindBloom","floor":36,"gold_loss":0},{"damage_healed":0,"gold_gain":0,"player_choice":"Ignored","damage_taken":0,"max_hp_gain":0,"max_hp_loss":0,"event_name":"Tomb of Lord Red Mask","floor":37,"gold_loss":0},{"damage_healed":0,"gold_gain":0,"player_choice":"Bought 0 Potions","damage_taken":0,"max_hp_gain":0,"max_hp_loss":0,"event_name":"The Woman in Blue","floor":38,"gold_loss":0},{"damage_healed":0,"gold_gain":0,"player_choice":"0 cards matched","damage_taken":0,"max_hp_gain":0,"max_hp_loss":0,"event_name":"Match and Keep!","floor":45,"gold_loss":0,"cards_obtained":[]}],"is_beta":false,"boss_relics":[{"not_picked":["Coffee Dripper","Runic Dome"],"picked":"SlaversCollar"},{"not_picked":["Busted Crown","Astrolabe"],"picked":"SacredBark"}],"items_purged_floors":[21,31,46],"is_endless":false,"potions_floor_spawned":[4,8,11,18,24,28,33,36,40,42],"killed_by":"Reptomancer","ascension_level":0}}