{"host":"j4g6ia6asvpyu2b0","time":1610731004,"event":{"mods":["BaseMod","Colored Map","Minty Spire (QoL Compilation)","Permanent Neow","Quick Restart","Relic Stats","StSLib","Unceasing Turn Reminder"],"gold_per_floor":[111,386,406,581,115,115,143,143,143,155,172,172,253,282,282,385,385,399,217,234,254,3,30,30,60,83,83,117,135,150,175,175,277,277,288,288,298,343,343,343,378,390,427,439,439],"floor_reached":44,"language":"ENG","playtime":1796,"items_purged":["Regret","Defend_B","Defend_B"],"score":965,"play_id":"6cbbfb24-dca2-486e-95c9-54a172f044a3","local_time":"20210115101644","is_ascension_mode":true,"campfire_choices":[{"data":"Loop","floor":6,"key":"SMITH"},{"data":"Loop","floor":12,"key":"SMITH"},{"floor":15,"key":"RECALL"},{"data":"Fission","floor":24,"key":"SMITH"},{"data":"Defend_B","floor":27,"key":"PURGE"},{"data":"Defend_B","floor":32,"key":"PURGE"},{"data":"Strike_B","floor":40,"key":"PURGE"},{"data":"Strike_B","floor":42,"key":"PURGE"}],"circlet_count":0,"master_deck":["AscendersBane","Strike_B","Zap","Dualcast","Loop+1","Coolheaded+1","Self Repair","Heatsinks","BootSequence","Loop+1","Undo","Fission+1","Self Repair+1","Defragment+1","Defragment+1","Cold Snap","Loop+1","Ball Lightning","Buffer+1","Self Repair+1","Tempest+1","Undo+1","Storm+1","Glacier","Echo Form+1","Storm+1","Defragment+1","Darkness","Defragment+1"],"relics":["FrozenCore","Bird Faced Urn","Runic Capacitor","Happy Flower","Anchor","Frozen Egg 2","Toy Ornithopter","Peace Pipe","Omamori","Smiling Mask","Oddly Smooth Stone","Dream Catcher","Black Star","Du-Vu Doll","MawBank","Ginger","War Paint"],"acts_visited":["Exordium","TheCity","TheBeyond"],"potions_floor_usage":[14,25,25,25,33],"damage_taken":[{"damage":7,"enemies":"Jaw Worm","floor":1,"turns":3},{"damage":3,"enemies":"Cultist","floor":3,"turns":4},{"damage":20,"enemies":"Lagavulin","floor":7,"turns":8},{"damage":0,"enemies":"Small Slimes","floor":10,"turns":3},{"damage":7,"enemies":"Blue Slaver","floor":11,"turns":4},{"damage":13,"enemies":"3 Sentries","floor":14,"turns":10},{"damage":62,"enemies":"Hexaghost","floor":16,"turns":16},{"damage":4,"enemies":"Chosen","floor":18,"turns":11},{"damage":0,"enemies":"Shell Parasite","floor":20,"turns":8},{"damage":7,"enemies":"Centurion and Healer","floor":21,"turns":13},{"damage":0,"enemies":"Book of Stabbing","floor":23,"turns":7},{"damage":1,"enemies":"Gremlin Leader","floor":25,"turns":7},{"damage":0,"enemies":"Book of Stabbing","floor":28,"turns":8},{"damage":1,"enemies":"Snake Plant","floor":29,"turns":5},{"damage":4,"enemies":"Snecko","floor":30,"turns":7},{"damage":14,"enemies":"Slavers","floor":31,"turns":4},{"damage":14,"enemies":"Collector","floor":33,"turns":7},{"damage":31,"enemies":"3 Shapes","floor":35,"turns":4},{"damage":28,"enemies":"3 Darklings","floor":37,"turns":3},{"damage":16,"enemies":"2 Orb Walkers","floor":38,"turns":4},{"damage":12,"enemies":"Nemesis","floor":41,"turns":5},{"damage":74,"enemies":"Reptomancer","floor":44,"turns":2}],"seed_played":"-454160455706725534","potions_obtained":[{"floor":1,"key":"PowerPotion"},{"floor":7,"key":"EntropicBrew"},{"floor":14,"key":"SkillPotion"},{"floor":16,"key":"Energy Potion"},{"floor":25,"key":"Dexterity Potion"},{"floor":29,"key":"PowerPotion"},{"floor":41,"key":"EssenceOfSteel"}],"is_trial":false,"path_per_floor":["M","?","M","?","$","R","E","?","T","M","M","R","T","E","R","B",null,"M","$","M","M","$","E","R","E","T","R","E","M","M","E","R","B",null,"M","?","M","?","?","R","E","R","T","E"],"character_chosen":"DEFECT","items_purchased":["Runic Capacitor","Happy Flower","Self Repair","Defragment+1","Loop+1","Ball Lightning"],"campfire_rested":0,"item_purchase_floors":[5,5,5,19,22,22],"current_hp_per_floor":[43,43,42,42,42,42,33,26,26,39,45,45,45,62,62,15,60,71,71,75,75,75,75,75,75,75,75,75,75,75,75,75,75,75,64,64,74,75,71,71,71,71,71,0,0],"gold":439,"neow_bonus":"ONE_RARE_RELIC","is_daily":false,"chose_seed":false,"campfire_upgraded":3,"win_rate":0.0,"timestamp":1610731004,"path_taken":["M","?","?","?","?","R","E","?","T","M","M","R","?","E","R","BOSS","M","$","M","M","$","E","R","E","T","R","E","M","M","E","R","BOSS","M","?","M","?","?","R","E","R","T","E"],"items_purchased_type":["Relic","Relic","Card","Card","Card","Card"],"build_version":"2020-12-22","purchased_purges":3,"victory":false,"max_hp_per_floor":[75,75,75,75,75,75,75,75,75,75,75,75,75,75,75,75,75,75,75,75,75,75,75,75,75,75,75,75,75,75,75,75,75,75,75,75,75,75,71,71,71,71,71,71,71],"relic_stats":{"Happy Flower":[45],"counters":[22,141],"Ginger":[0],"War Paint":["Undo","Coolheaded"],"Smiling Mask":0,"MawBank":36,"FrozenCore":[58],"Peace Pipe":4,"Dream Catcher":0,"Bird Faced Urn":[127],"Black Star":1,"obtain_stats":[{"Happy Flower":5,"Oddly Smooth Stone":28,"Runic Capacitor":5,"Omamori":25,"Ginger":41,"Frozen Egg 2":13,"War Paint":43,"Smiling Mask":26,"MawBank":41,"FrozenCore":17,"Peace Pipe":23,"Du-Vu Doll":38,"Anchor":7,"Dream Catcher":31,"Bird Faced Urn":0,"Black Star":34,"Cracked Core":0,"Toy Ornithopter":14},{"Happy Flower":2,"Oddly Smooth Stone":13,"Runic Capacitor":2,"Omamori":12,"Ginger":21,"Frozen Egg 2":5,"War Paint":21,"Smiling Mask":12,"MawBank":21,"FrozenCore":7,"Peace Pipe":11,"Du-Vu Doll":20,"Anchor":3,"Dream Catcher":16,"Bird Faced Urn":0,"Black Star":17,"Cracked Core":0,"Toy Ornithopter":6},{"Happy Flower":7,"Oddly Smooth Stone":101,"Runic Capacitor":7,"Omamori":94,"Ginger":139,"Frozen Egg 2":22,"War Paint":139,"Smiling Mask":94,"MawBank":139,"FrozenCore":48,"Peace Pipe":87,"Du-Vu Doll":134,"Anchor":15,"Dream Catcher":116,"Bird Faced Urn":0,"Black Star":123,"Cracked Core":0,"Toy Ornithopter":32}],"Toy Ornithopter":0},"card_choices":[{"not_picked":["Leap","Ball Lightning"],"picked":"Loop","floor":1},{"not_picked":["Heatsinks","Undo"],"picked":"Coolheaded","floor":3},{"not_picked":["Conserve Battery","BootSequence"],"picked":"Heatsinks","floor":7},{"not_picked":["Undo","Gash"],"picked":"BootSequence","floor":10},{"not_picked":["Barrage","Ball Lightning"],"picked":"Loop","floor":11},{"not_picked":["Streamline","Rip and Tear"],"picked":"Undo","floor":14},{"not_picked":["All For One","Machine Learning+1"],"picked":"Fission","floor":16},{"not_picked":["Coolheaded+1","Conserve Battery"],"picked":"Self Repair+1","floor":18},{"not_picked":["Rip and Tear+1","Tempest"],"picked":"Defragment+1","floor":20},{"not_picked":["Coolheaded","Force Field"],"picked":"Cold Snap","floor":21},{"not_picked":["Redo","Leap"],"picked":"Buffer+1","floor":23},{"not_picked":["FTL","Rebound"],"picked":"Self Repair+1","floor":25},{"not_picked":["Hologram","Scrape"],"picked":"Tempest+1","floor":28},{"not_picked":["BootSequence","FTL"],"picked":"Undo","floor":29},{"not_picked":["Sweeping Beam","Auto Shields+1"],"picked":"Storm+1","floor":30},{"not_picked":["Gash","Go for the Eyes"],"picked":"Glacier","floor":31},{"not_picked":["Amplify","Seek"],"picked":"Echo Form+1","floor":33},{"not_picked":["Rebound+1","Force Field"],"picked":"Storm+1","floor":35},{"not_picked":["Gash+1","FTL"],"picked":"Defragment+1","floor":37},{"not_picked":["Coolheaded+1","Barrage"],"picked":"Darkness","floor":38},{"not_picked":["FTL+1","Fusion"],"picked":"Defragment+1","floor":41}],"player_experience":861197,"relics_obtained":[{"floor":7,"key":"Anchor"},{"floor":13,"key":"Frozen Egg 2"},{"floor":14,"key":"Toy Ornithopter"},{"floor":23,"key":"Peace Pipe"},{"floor":25,"key":"Omamori"},{"floor":26,"key":"Smiling Mask"},{"floor":28,"key":"Oddly Smooth Stone"},{"floor":31,"key":"Dream Catcher"},{"floor":38,"key":"Du-Vu Doll"},{"floor":41,"key":"MawBank"},{"floor":41,"key":"Ginger"},{"floor":43,"key":"War Paint"}],"event_choices":[{"damage_healed":0,"gold_gain":275,"player_choice":"Desecrate","damage_taken":0,"max_hp_gain":0,"max_hp_loss":0,"event_name":"Golden Shrine","floor":2,"gold_loss":0,"cards_obtained":["Regret"]},{"damage_healed":0,"gold_gain":175,"player_choice":"AGREE","damage_taken":0,"max_hp_gain":0,"max_hp_loss":0,"event_name":"Liars Game","floor":4,"gold_loss":0,"cards_obtained":["Doubt"]},{"cards_removed":["Doubt"],"damage_healed":0,"gold_gain":0,"player_choice":"Card Removal","damage_taken":7,"max_hp_gain":0,"max_hp_loss":0,"event_name":"Golden Wing","floor":8,"gold_loss":0},{"cards_removed":["Strike_B"],"damage_healed":0,"gold_gain":0,"player_choice":"Removed Attack","damage_taken":0,"max_hp_gain":0,"max_hp_loss":0,"event_name":"Falling","floor":36,"gold_loss":0},{"damage_healed":0,"gold_gain":0,"player_choice":"Fight","damage_taken":0,"max_hp_gain":0,"max_hp_loss":0,"event_name":"Mysterious Sphere","floor":38,"gold_loss":0},{"damage_healed":0,"gold_gain":0,"player_choice":"Max HP","damage_taken":0,"max_hp_gain":0,"max_hp_loss":4,"event_name":"Winding Halls","floor":39,"gold_loss":0}],"is_beta":false,"boss_relics":[{"not_picked":["Inserter","Tiny House"],"picked":"FrozenCore"},{"not_picked":["Pandora\u0027s Box","SlaversCollar"],"picked":"Black Star"}],"items_purged_floors":[5,19,22],"is_endless":false,"potions_floor_spawned":[1,7,14,16,21,23,25,29,30,41],"killed_by":"Reptomancer","ascension_level":12}}