{"host":"i09pxcjttd31eh4q","time":1610728406,"event":{"mods":["AchievementEnabler","BaseMod","Colored Map","Keyboard Shortcuts","Minty Spire (QoL Compilation)","StSLib","SuperFastMode"],"gold_per_floor":[118,137,148,148,161,161,161],"floor_reached":6,"language":"KOR","playtime":158,"items_purged":[],"score":76,"play_id":"afd18343-2444-4bbd-8789-3fc6d5ec57dc","local_time":"20210116013326","is_ascension_mode":true,"campfire_choices":[],"circlet_count":0,"master_deck":["AscendersBane","Strike_G","Strike_G","Strike_G","Strike_G","Defend_G","Defend_G","Defend_G","Defend_G","Defend_G","Survivor","Neutralize","Adrenaline","Acrobatics","Terror","Backflip","A Thousand Cuts"],"relics":["Ring of the Snake"],"acts_visited":[],"potions_floor_usage":[6],"damage_taken":[{"damage":7.0,"enemies":"Small Slimes","floor":1.0,"turns":5.0},{"damage":4.0,"enemies":"Jaw Worm","floor":2.0,"turns":6.0},{"damage":0.0,"enemies":"Cultist","floor":3.0,"turns":4.0},{"damage":0.0,"enemies":"Blue Slaver","floor":5.0,"turns":5.0},{"damage":57,"enemies":"Gremlin Nob","floor":6,"turns":4}],"seed_played":"-7066919256695098561","potions_obtained":[{"floor":2.0,"key":"Regen Potion"}],"is_trial":false,"path_per_floor":["M","M","M","?","M","E"],"character_chosen":"THE_SILENT","items_purchased":[],"campfire_rested":0,"item_purchase_floors":[],"current_hp_per_floor":[52,48,48,41,41,0,0],"gold":161,"neow_bonus":"THREE_RARE_CARDS","is_daily":false,"chose_seed":false,"campfire_upgraded":0,"win_rate":0.0,"timestamp":1610728406,"path_taken":["M","M","M","?","M","E"],"items_purchased_type":[],"build_version":"2020-12-22","purchased_purges":0,"victory":false,"max_hp_per_floor":[60,60,60,60,60,60,60],"card_choices":[{"not_picked":["Envenom","Phantasmal Killer"],"picked":"Adrenaline","floor":0.0},{"not_picked":["Bane","Skewer"],"picked":"Acrobatics","floor":1.0},{"not_picked":["PiercingWail","Underhanded Strike"],"picked":"Terror","floor":2.0},{"not_picked":["Heel Hook","Bane"],"picked":"Backflip","floor":3.0},{"not_picked":["Dagger Throw","Acrobatics"],"picked":"A Thousand Cuts","floor":5.0}],"player_experience":854874,"relics_obtained":[],"event_choices":[{"cards_removed":["Strike_G"],"damage_healed":0.0,"max_hp_gain":0.0,"max_hp_loss":0.0,"gold_gain":0.0,"event_name":"Golden Wing","player_choice":"Card Removal","floor":4.0,"gold_loss":0.0,"damage_taken":7.0}],"is_beta":false,"boss_relics":[],"items_purged_floors":[],"is_endless":false,"potions_floor_spawned":[2],"killed_by":"Gremlin Nob","ascension_level":20}}