{"host":"y8cpnk8u7pqs5ve6","time":1610709967,"event":{"mods":["Act Like it!","BaseMod","Gold Saver","Hallownest","Hermit","Minty Spire (QoL Compilation)","Quick Restart","StSLib","The Cursed","The Servant 0.9.4","WarShipGirlsR/’ΩΩ¢…Ÿ≈ÆR mod","Yakumo Yukari mod"],"gold_per_floor":[346,185,196,207,219,219,229,229,279,298,298,311,72,88,88,191,191,210,210,63,77,77,77,77,77,77,87,116,116,127,127,127,226,226,243,243,255,255,255,255,270,287,287,315,326,355,371,383,383,383],"floor_reached":51,"language":"ZHS","playtime":3361,"items_purged":["TheCursedMod:Defend_TheCursed","TheCursedMod:Strike_TheCursed"],"score":698,"play_id":"8ac3dd31-1ba1-41cb-83b8-961a1a9a7193","local_time":"20210115192607","is_ascension_mode":false,"campfire_choices":[{"data":"TheCursedMod:EmpowerCircles","floor":6.0,"key":"SMITH"},{"data":"TheCursedMod:CircleOfFlame","floor":11.0,"key":"SMITH"},{"data":"TheCursedMod:CleanUpWorkshop","floor":15.0,"key":"SMITH"},{"data":"TheCursedMod:NeowsMight","floor":23.0,"key":"SMITH"},{"data":"TheCursedMod:TacticalStrike","floor":25.0,"key":"SMITH"},{"data":"TheCursedMod:CircleOfWindfury","floor":29.0,"key":"SMITH"},{"data":"TheCursedMod:CircleOfFlame","floor":32.0,"key":"SMITH"},{"data":"TheCursedMod:WearCloak","floor":40.0,"key":"SMITH"},{"data":"TheCursedMod:CircleOfBlood","floor":49,"key":"SMITH"}],"circlet_count":0,"master_deck":["TheCursedMod:Strike_TheCursed","TheCursedMod:Strike_TheCursed","TheCursedMod:Strike_TheCursed","TheCursedMod:Defend_TheCursed","TheCursedMod:Defend_TheCursed","TheCursedMod:CursedWand","TheCursedMod:CleanUpWorkshop+1","TheCursedMod:Dregs","TheCursedMod:CursedBoomerang","TheCursedMod:SurpriseAttack","TheCursedMod:EmpowerCircles+1","TheCursedMod:WearCloak+1","TheCursedMod:SurpriseAttack","TheCursedMod:TacticalStrike+1","TheCursedMod:CircleOfFlame+1","TheCursedMod:CircleOfFlame+1","TheCursedMod:NeowsMight+1","TheCursedMod:CursedShiv+1","TheCursedMod:SmokeScreen","TheCursedMod:ReleasedKnowledge+1","TheCursedMod:CircleOfWindfury+1","TheCursedMod:RapidMovement","TheCursedMod:CursedSpellbook","TheCursedMod:ShockAndAwe","TheCursedMod:LuckyCharm+1","TheCursedMod:CursedBlade+1","TheCursedMod:ManaBullet+1","TheCursedMod:Neurasthenia","Writhe","TheCursedMod:CircleOfFlame+1","TheCursedMod:TroublousMinions+1","TheCursedMod:CircleOfBlood+1","TheCursedMod:FleshFromBone"],"relics":["TheCursedMod:BlackMagic101","Omamori","Eternal Feather","Cursed Key","Bottled Tornado","Bottled Lightning","Sozu","WarpedTongs","Potion Belt","Anchor"],"acts_visited":["Exordium","TheCity","TheBeyond"],"potions_floor_usage":[50,50],"damage_taken":[{"damage":1.0,"enemies":"Cultist","floor":1.0,"turns":3.0},{"damage":2.0,"enemies":"Small Slimes","floor":3.0,"turns":2.0},{"damage":0.0,"enemies":"Jaw Worm","floor":4.0,"turns":2.0},{"damage":6.0,"enemies":"3 Louse","floor":5.0,"turns":4.0},{"damage":13.0,"enemies":"Large Slime","floor":7.0,"turns":4.0},{"damage":9.0,"enemies":"Blue Slaver","floor":10.0,"turns":4.0},{"damage":2.0,"enemies":"Lots of Slimes","floor":12.0,"turns":2.0},{"damage":0.0,"enemies":"Gremlin Gang","floor":14.0,"turns":2.0},{"damage":11.0,"enemies":"Slime Boss","floor":16.0,"turns":6.0},{"damage":7.0,"enemies":"2 Thieves","floor":18.0,"turns":2.0},{"damage":0.0,"enemies":"3 Byrds","floor":21.0,"turns":3.0},{"damage":16.0,"enemies":"Snake Plant","floor":27.0,"turns":3.0},{"damage":21.0,"enemies":"Book of Stabbing","floor":28.0,"turns":3.0},{"damage":0.0,"enemies":"3 Cultists","floor":30.0,"turns":1.0},{"damage":31.0,"enemies":"Collector","floor":33.0,"turns":8.0},{"damage":1.0,"enemies":"3 Darklings","floor":35.0,"turns":1.0},{"damage":0.0,"enemies":"Orb Walker","floor":37.0,"turns":1.0},{"damage":6.0,"enemies":"3 Darklings","floor":41.0,"turns":2.0},{"damage":14.0,"enemies":"Writhing Mass","floor":42.0,"turns":3.0},{"damage":4.0,"enemies":"Giant Head","floor":44.0,"turns":7.0},{"damage":25.0,"enemies":"4 Shapes","floor":45.0,"turns":3.0},{"damage":1.0,"enemies":"Reptomancer","floor":46.0,"turns":3.0},{"damage":10.0,"enemies":"Jaw Worm Horde","floor":47.0,"turns":2.0},{"damage":0.0,"enemies":"Maw","floor":48.0,"turns":5.0},{"damage":28,"enemies":"Time Eater","floor":50,"turns":11}],"seed_played":"-7875993041572672137","potions_obtained":[{"floor":3.0,"key":"BlessingOfTheForge"},{"floor":7.0,"key":"CultistPotion"},{"floor":10.0,"key":"Strength Potion"},{"floor":14.0,"key":"FairyPotion"}],"is_trial":false,"path_per_floor":["M","$","M","M","M","R","M","?","T","M","R","M","$","M","R","B",null,"M","?","$","M","?","R","?","R","T","M","E","R","M","?","R","B",null,"M","?","M","$","?","R","M","M","T","E","M","E","M","M","R","B",null],"character_chosen":"THE_CURSED","items_purchased":["TheCursedMod:EmpowerCircles","TheCursedMod:CircleOfCorruption","Eternal Feather","TheCursedMod:SmokeScreen"],"campfire_rested":0,"item_purchase_floors":[2,2,13,20],"current_hp_per_floor":[74,74,72,72,66,66,53,53,53,44,44,42,42,42,51,40,75,68,68,68,68,54,66,66,78,78,62,41,53,53,53,65,34,80,79,79,79,79,79,80,74,60,60,56,31,30,20,24,42,26],"gold":383,"neow_bonus":"TRANSFORM_CARD","is_daily":false,"chose_seed":false,"campfire_upgraded":9,"win_rate":0.0,"timestamp":1610709967,"path_taken":["M","$","M","M","M","R","M","?","T","M","R","M","$","M","R","BOSS","M","?","$","?","?","R","?","R","T","M","E","R","M","?","R","BOSS","M","?","M","$","?","R","M","M","T","E","M","E","?","?","R","BOSS"],"items_purchased_type":["Card","Card","Relic","Card"],"build_version":"2020-12-22","purchased_purges":2,"victory":true,"max_hp_per_floor":[75,75,75,75,75,75,75,75,75,75,75,75,75,75,75,75,75,75,75,75,75,80,80,80,80,80,80,80,80,80,80,80,80,80,80,80,80,80,80,80,80,80,80,80,80,80,80,80,80,80],"card_choices":[{"not_picked":["TheCursedMod:CircleOfFlame","TheCursedMod:Wield"],"picked":"TheCursedMod:SurpriseAttack","floor":1.0},{"not_picked":["TheCursedMod:CursedShiv","TheCursedMod:CursedMace"],"picked":"TheCursedMod:WearCloak","floor":3.0},{"not_picked":["TheCursedMod:Stigma","TheCursedMod:Obscuration"],"picked":"TheCursedMod:SurpriseAttack","floor":4.0},{"not_picked":["TheCursedMod:Evocation","TheCursedMod:VitalStrike"],"picked":"TheCursedMod:TacticalStrike","floor":5.0},{"not_picked":["TheCursedMod:CursedShiv","TheCursedMod:CursedMace","TheCursedMod:HellsGateOpen"],"picked":"SKIP","floor":7.0},{"not_picked":["TheCursedMod:Obscuration","TheCursedMod:SurpriseAttack"],"picked":"TheCursedMod:CircleOfFlame","floor":10.0},{"not_picked":["TheCursedMod:Grudge","TheCursedMod:FleshFromBone","TheCursedMod:CursedStaff"],"picked":"SKIP","floor":12.0},{"not_picked":["TheCursedMod:CircleOfCorruption","TheCursedMod:Hemoplague"],"picked":"TheCursedMod:CircleOfFlame","floor":14.0},{"not_picked":["TheCursedMod:CursedRelics","TheCursedMod:ManaCirculation"],"picked":"TheCursedMod:NeowsMight","floor":16.0},{"not_picked":["TheCursedMod:CursedMace","TheCursedMod:CursedAmulet+1"],"picked":"TheCursedMod:CursedShiv+1","floor":18.0},{"not_picked":["TheCursedMod:CursedShiv","TheCursedMod:CircleOfCorruption+1"],"picked":"TheCursedMod:ReleasedKnowledge+1","floor":21.0},{"not_picked":["TheCursedMod:CursedAmulet+1","TheCursedMod:SoulReap"],"picked":"TheCursedMod:CircleOfWindfury","floor":27.0},{"not_picked":["TheCursedMod:CursedAmulet","TheCursedMod:VitalStrike"],"picked":"TheCursedMod:RapidMovement","floor":28.0},{"not_picked":["TheCursedMod:BlessingInDisguise","TheCursedMod:SpitefulStrike+1","TheCursedMod:PrepareRite"],"picked":"SKIP","floor":30.0},{"not_picked":["TheCursedMod:UltimatePain","TheCursedMod:ParallelWorld"],"picked":"TheCursedMod:ShockAndAwe","floor":33.0},{"not_picked":["TheCursedMod:CursedBlade+1","TheCursedMod:SpitefulPlan+1"],"picked":"TheCursedMod:LuckyCharm+1","floor":35.0},{"not_picked":["TheCursedMod:Stretching+1","TheCursedMod:AshesToAshes"],"picked":"TheCursedMod:CursedBlade+1","floor":37.0},{"not_picked":["TheCursedMod:FleshFromBone+1","TheCursedMod:SmokeScreen"],"picked":"TheCursedMod:ManaBullet+1","floor":41.0},{"not_picked":["TheCursedMod:CircleOfFlame","TheCursedMod:SpitefulStrike"],"picked":"TheCursedMod:Neurasthenia","floor":42.0},{"not_picked":["TheCursedMod:Torture","TheCursedMod:Stretching","TheCursedMod:Obscuration+1"],"picked":"SKIP","floor":44.0},{"not_picked":["TheCursedMod:AshesToAshes+1","TheCursedMod:SpreadPlague"],"picked":"TheCursedMod:CircleOfFlame+1","floor":45.0},{"not_picked":["TheCursedMod:CursedShiv","TheCursedMod:SpreadPlague"],"picked":"TheCursedMod:TroublousMinions+1","floor":46.0},{"not_picked":["TheCursedMod:CircleOfCorruption","TheCursedMod:CursedArmor"],"picked":"TheCursedMod:CircleOfBlood","floor":47.0},{"not_picked":["TheCursedMod:CursedMace+1","TheCursedMod:SmokeScreen"],"picked":"TheCursedMod:FleshFromBone","floor":48}],"player_experience":212392,"relics_obtained":[{"floor":9.0,"key":"Omamori"},{"floor":26.0,"key":"Bottled Tornado"},{"floor":28.0,"key":"Bottled Lightning"},{"floor":44.0,"key":"Potion Belt"},{"floor":46.0,"key":"Anchor"}],"event_choices":[{"damage_healed":0.0,"max_hp_gain":0.0,"max_hp_loss":0.0,"gold_gain":0.0,"event_name":"Dead Adventurer","player_choice":"Searched \u00270\u0027 times","floor":8.0,"gold_loss":0.0,"damage_taken":0.0},{"damage_healed":0.0,"max_hp_gain":0.0,"max_hp_loss":0.0,"gold_gain":0.0,"event_name":"NoteForYourself","player_choice":"Ignored","floor":19.0,"gold_loss":0.0,"damage_taken":0.0},{"damage_healed":0.0,"max_hp_gain":5.0,"max_hp_loss":0.0,"gold_gain":0.0,"event_name":"Forgotten Altar","player_choice":"Shed Blood","floor":22.0,"gold_loss":0.0,"damage_taken":19.0},{"damage_healed":0.0,"max_hp_gain":0.0,"max_hp_loss":0.0,"gold_gain":0.0,"event_name":"Vampires","player_choice":"Ignored","floor":24.0,"gold_loss":0.0,"damage_taken":0.0},{"damage_healed":0.0,"max_hp_gain":0.0,"max_hp_loss":0.0,"gold_gain":0.0,"event_name":"The Library","player_choice":"Read","floor":31.0,"gold_loss":0.0,"damage_taken":0.0,"cards_obtained":["TheCursedMod:CursedSpellbook"]},{"cards_removed":["TheCursedMod:CircleOfCorruption"],"damage_healed":0.0,"max_hp_gain":0.0,"max_hp_loss":0.0,"gold_gain":0.0,"event_name":"Falling","player_choice":"Removed Skill","floor":36.0,"gold_loss":0.0,"damage_taken":0.0},{"damage_healed":0.0,"max_hp_gain":0.0,"max_hp_loss":0.0,"gold_gain":0.0,"event_name":"Accursed Blacksmith","player_choice":"Rummage","floor":39.0,"gold_loss":0.0,"damage_taken":0.0,"relics_obtained":["WarpedTongs"],"cards_obtained":["Pain"]}],"is_beta":false,"boss_relics":[{"not_picked":["Ectoplasm","Snecko Eye"],"picked":"Cursed Key"},{"not_picked":["SlaversCollar","Busted Crown"],"picked":"Sozu"}],"items_purged_floors":[2,20],"is_endless":false,"potions_floor_spawned":[3,7,10,14,28,30,33,42,44,46,48],"ascension_level":0}}