{"host":"aj6dldabq8s02zuz","time":1610681464,"event":{"mods":["AchievementEnabler","BaseMod","Better Note","Better Third Choice","Block Reminder","Colored Map","Custom Start","Downfall","Hermit","Highlight Path","Hubris","Mimic Mod","Minty Spire (QoL Compilation)","Permanent Neow","Quick Restart","Relic Sorter","Replay The Spire","StSLib","The Blue Laboratory","The Jungle","TheArtist","Wandering Minibosses"],"gold_per_floor":[99,110,95,108,108,33,57,69,89,102,117,133,133,145,161,161,161],"floor_reached":16,"language":"ENG","playtime":1013,"items_purged":[],"score":98,"play_id":"7db13857-1530-406a-80b5-0b858847823c","local_time":"20210114213104","is_ascension_mode":false,"campfire_choices":[{"floor":1.0,"key":"RECALL"},{"data":"hermit:CursedWeapon","floor":6,"key":"SMITH"},{"floor":13,"key":"REST"}],"circlet_count":0,"master_deck":["hermit:Strike_Hermit","hermit:Strike_Hermit","hermit:Strike_Hermit","hermit:Strike_Hermit","hermit:Defend_Hermit","hermit:Defend_Hermit","hermit:Defend_Hermit","hermit:Defend_Hermit","hermit:Snapshot","hermit:Covet","hermit:RoundhouseKick","hermit:HoleUp","hermit:ItchyTrigger","hermit:CursedWeapon+1","hermit:TakeAim","hermit:Quickdraw","hermit:Coalescence","hermit:HeroicBravado","hermit:Glare","hermit:HoleUp"],"relics":["hermit:Momento","downfall:HeartBlessingRed"],"acts_visited":["Exordium"],"potions_floor_usage":[11],"damage_taken":[{"damage":1,"enemies":"2 Louse","floor":2,"turns":2},{"damage":0,"enemies":"downfall:FleeingMerchant","floor":3,"turns":5},{"damage":0,"enemies":"Cultist","floor":4,"turns":3},{"damage":4,"enemies":"Jaw Worm","floor":8,"turns":4},{"damage":31,"enemies":"Exordium Wildlife","floor":9,"turns":8},{"damage":10,"enemies":"Red Slaver","floor":10,"turns":4},{"damage":2,"enemies":"3 Louse","floor":11,"turns":2},{"damage":2,"enemies":"Blue Slaver","floor":12,"turns":3},{"damage":2,"enemies":"Gremlin Gang","floor":14,"turns":2},{"damage":0,"enemies":"3 Louse","floor":15,"turns":2},{"damage":39,"enemies":"downfall:Watcher","floor":16,"turns":10}],"seed_played":"4408325593880281867","potions_obtained":[{"floor":8,"key":"blueLaboratory:HorrorPotion"},{"floor":10,"key":"blueLaboratory:FruitPunch"},{"floor":11,"key":"AttackPotion"}],"is_trial":false,"path_per_floor":["R","M","$","M","?","R","T","M","M","M","M","M","R","M","M","B"],"character_chosen":"HERMIT","items_purchased":[],"campfire_rested":1,"item_purchase_floors":[],"current_hp_per_floor":[68,67,67,67,67,67,67,63,32,22,22,20,41,39,39,0,0],"gold":161,"neow_bonus":"THREE_RARE_CARDS","is_daily":false,"chose_seed":false,"campfire_upgraded":1,"win_rate":0.0,"timestamp":1610681464,"path_taken":["R","M","$","M","?","R","T","M","M","M","M","?","R","M","M","BOSS"],"items_purchased_type":[],"build_version":"2020-12-22","purchased_purges":0,"victory":false,"max_hp_per_floor":[68,68,68,68,68,68,68,68,68,68,70,70,70,70,70,70,70],"card_choices":[{"not_picked":["hermit:BlackWind","hermit:FinalCanter"],"picked":"hermit:RoundhouseKick","floor":0.0},{"not_picked":["hermit:Coalescence","hermit:HighCaliber"],"picked":"hermit:HoleUp","floor":2},{"not_picked":["hermit:Roulette","hermit:Enervate"],"picked":"hermit:ItchyTrigger","floor":3},{"not_picked":["hermit:Feint","hermit:Ricochet"],"picked":"hermit:CursedWeapon","floor":4},{"not_picked":["hermit:Spite","hermit:Roulette"],"picked":"hermit:TakeAim","floor":8},{"not_picked":["hermit:FullyLoaded","hermit:Vantage","hermit:SprayPray"],"picked":"SKIP","floor":9},{"not_picked":["hermit:Glare","hermit:Dive"],"picked":"hermit:Quickdraw","floor":10},{"not_picked":["hermit:ItchyTrigger","hermit:Snipe"],"picked":"hermit:Coalescence","floor":11},{"not_picked":["hermit:Vantage","hermit:Coalescence"],"picked":"hermit:HeroicBravado","floor":12},{"not_picked":["hermit:Determination","hermit:Dive"],"picked":"hermit:Glare","floor":14},{"not_picked":["hermit:Glare","hermit:Shortfuse"],"picked":"hermit:HoleUp","floor":15}],"player_experience":29950,"relics_obtained":[],"event_choices":[{"damage_healed":0,"gold_gain":0,"player_choice":"Ignored","damage_taken":0,"max_hp_gain":0,"max_hp_loss":0,"event_name":"Upgrade Shrine","floor":5,"gold_loss":0}],"is_beta":false,"boss_relics":[],"items_purged_floors":[],"is_endless":false,"potions_floor_spawned":[8,10,11,14],"killed_by":"downfall:Watcher","ascension_level":0}}