{"host":"qjv9b7mze4c73keh","time":1610728203,"event":{"mods":["BaseMod","Minty Spire (QoL Compilation)"],"gold_per_floor":[113,126,141,153,153,153,228,243,289,301,301,322,34,0,0,95,95,113,113,113,113,128,128,54,54,54,66,82,92,107,107,107,107,107],"floor_reached":33,"language":"RUS","playtime":2487,"items_purged":[],"score":239,"play_id":"f55a9d56-a6ef-44c2-81de-738df14a85e7","local_time":"20210115213003","is_ascension_mode":false,"campfire_choices":[{"data":"Armaments","floor":6,"key":"SMITH"},{"data":"Bash","floor":11,"key":"SMITH"},{"data":"Shrug It Off","floor":15,"key":"SMITH"},{"floor":23,"key":"REST"},{"data":"Rampage","floor":25,"key":"SMITH"},{"data":"Body Slam","floor":32,"key":"SMITH"}],"circlet_count":0,"master_deck":["Strike_R","Strike_R","Strike_R","Strike_R","Defend_R","Defend_R","Defend_R","Defend_R","Bash+1","Armaments+1","Rampage+1","Shrug It Off+1","Impervious","Metallicize","Body Slam+1"],"relics":["Burning Blood","Bottled Flame","Orichalcum","Odd Mushroom","Incense Burner","Sozu","Nloth\u0027s Gift"],"acts_visited":["Exordium","TheCity"],"potions_floor_usage":[16,16,22],"damage_taken":[{"damage":10,"enemies":"Jaw Worm","floor":1,"turns":5},{"damage":5,"enemies":"Cultist","floor":2,"turns":4},{"damage":0,"enemies":"2 Louse","floor":3,"turns":3},{"damage":5,"enemies":"Looter","floor":4,"turns":4},{"damage":6,"enemies":"3 Louse","floor":8,"turns":3},{"damage":6,"enemies":"Blue Slaver","floor":10,"turns":4},{"damage":15,"enemies":"The Mushroom Lair","floor":12,"turns":7},{"damage":40,"enemies":"Slime Boss","floor":16,"turns":15},{"damage":9,"enemies":"Shell Parasite","floor":18,"turns":7},{"damage":7,"enemies":"Spheric Guardian","floor":22,"turns":6},{"damage":10,"enemies":"Snake Plant","floor":27,"turns":6},{"damage":8,"enemies":"Centurion and Healer","floor":28,"turns":7},{"damage":1,"enemies":"Shelled Parasite and Fungi","floor":29,"turns":8},{"damage":10,"enemies":"Sentry and Sphere","floor":30,"turns":10},{"damage":91,"enemies":"Automaton","floor":33,"turns":12}],"seed_played":"-8391781530601538153","potions_obtained":[{"floor":2,"key":"GamblersBrew"},{"floor":3,"key":"SpeedPotion"},{"floor":4,"key":"EssenceOfSteel"}],"is_trial":false,"path_per_floor":["M","M","M","M","?","R","T","M","T","M","R","?","$","?","R","B",null,"M","?","?","?","M","R","$","R","T","M","M","M","M","?","R","B"],"character_chosen":"IRONCLAD","items_purchased":["Incense Burner","Metallicize"],"campfire_rested":1,"item_purchase_floors":[13,24],"current_hp_per_floor":[84,85,88,88,88,88,88,88,88,88,88,79,79,79,79,45,88,85,85,68,68,67,93,93,93,93,89,87,92,88,88,88,0,0],"gold":107,"neow_bonus":"TEN_PERCENT_HP_BONUS","is_daily":false,"chose_seed":false,"campfire_upgraded":5,"win_rate":0.0,"timestamp":1610728203,"path_taken":["M","M","M","M","?","R","?","?","T","?","R","?","$","?","R","BOSS","M","?","?","?","M","R","?","R","T","?","M","?","M","?","R","BOSS"],"items_purchased_type":["Relic","Card"],"build_version":"2020-12-22","purchased_purges":0,"victory":false,"max_hp_per_floor":[88,88,88,88,88,88,88,88,88,88,88,88,88,88,88,88,88,88,88,93,93,93,93,93,93,93,93,93,93,93,93,93,93,93],"card_choices":[{"not_picked":["Heavy Blade","Wild Strike","Havoc"],"picked":"SKIP","floor":1},{"not_picked":["Blood for Blood","Perfected Strike"],"picked":"Armaments","floor":2},{"not_picked":["Rupture","Clothesline"],"picked":"Rampage","floor":3},{"not_picked":["Feel No Pain","Power Through","True Grit"],"picked":"SKIP","floor":4},{"not_picked":["Sword Boomerang","Havoc","Thunderclap"],"picked":"SKIP","floor":8},{"not_picked":["Havoc","Wild Strike"],"picked":"Shrug It Off","floor":10},{"not_picked":["Fiend Fire","Immolate"],"picked":"Impervious","floor":16},{"not_picked":["Whirlwind","Rage","Armaments+1"],"picked":"SKIP","floor":18},{"not_picked":["Havoc","Warcry","Clothesline"],"picked":"SKIP","floor":22},{"not_picked":["Dual Wield","Shrug It Off","Flame Barrier"],"picked":"SKIP","floor":27},{"not_picked":["Clothesline","Intimidate","Armaments"],"picked":"SKIP","floor":28},{"not_picked":["Havoc","Clothesline","Wild Strike"],"picked":"SKIP","floor":29},{"not_picked":["Wild Strike","Feed"],"picked":"Body Slam","floor":30}],"player_experience":78636,"relics_obtained":[{"floor":7,"key":"Bottled Flame"},{"floor":9,"key":"Orichalcum"},{"floor":12,"key":"Odd Mushroom"},{"floor":26,"key":"Paper Frog"}],"event_choices":[{"damage_healed":0,"gold_gain":0,"player_choice":"Ignored","damage_taken":0,"max_hp_gain":0,"max_hp_loss":0,"event_name":"Golden Idol","floor":5,"gold_loss":0},{"damage_healed":0,"gold_gain":0,"player_choice":"Fought Mushrooms","damage_taken":0,"max_hp_gain":0,"max_hp_loss":0,"event_name":"Mushrooms","floor":12,"gold_loss":0},{"damage_healed":0,"gold_gain":0,"player_choice":"Left Gold","damage_taken":0,"max_hp_gain":0,"max_hp_loss":0,"event_name":"World of Goop","floor":14,"gold_loss":34},{"cards_removed":["Strike_R"],"damage_healed":0,"gold_gain":0,"player_choice":"Elegance","damage_taken":0,"max_hp_gain":0,"max_hp_loss":0,"event_name":"Back to Basics","floor":19,"gold_loss":0},{"damage_healed":0,"gold_gain":0,"player_choice":"Shed Blood","damage_taken":22,"max_hp_gain":5,"max_hp_loss":0,"event_name":"Forgotten Altar","floor":20,"gold_loss":0},{"damage_healed":0,"gold_gain":0,"player_choice":"Ignored","damage_taken":0,"max_hp_gain":0,"max_hp_loss":0,"event_name":"The Mausoleum","floor":21,"gold_loss":0},{"damage_healed":0,"gold_gain":0,"player_choice":"Traded Relic","damage_taken":0,"relics_obtained":["Nloth\u0027s Gift"],"max_hp_gain":0,"max_hp_loss":0,"event_name":"N\u0027loth","floor":31,"relics_lost":["Paper Frog"],"gold_loss":0}],"is_beta":false,"boss_relics":[{"not_picked":["Cursed Key","Fusion Hammer"],"picked":"Sozu"}],"items_purged_floors":[],"is_endless":false,"potions_floor_spawned":[2,3,4,18,27,30],"killed_by":"Automaton","ascension_level":0}}