{"host":"cijwx898anu8dehj","time":1610676725,"event":{"mods":["AchievementEnabler","AlwaysNeverKeys","BaseMod","Colored Map","Colored Powertips","Highlight Path","Minty Spire (QoL Compilation)","Rare Cards Sparkle","Relic Stats","Slay-I"],"gold_per_floor":[109,109,175,175,26,51,51,77,127,141,174,202,236,236,236,338,338,357,371,398,398,398,423,449,4,28,28,28,28,55,93,93,197,197,223,273,321,175,193,225,257,257,257,297,339,187,217,237,237,237],"floor_reached":51,"language":"ENG","playtime":3857,"items_purged":[],"score":1302,"play_id":"61124f92-97ed-45a4-aa69-420ae368a85e","local_time":"20210115001205","daily_mods":["SealedDeck","Allstar","Heirloom","Time Dilation","Flight"],"is_ascension_mode":true,"campfire_choices":[{"floor":7,"key":"REST"},{"data":"Sanctity","floor":15,"key":"SMITH"},{"data":"RitualDagger","floor":28,"key":"SMITH"},{"data":"Consecrate","floor":29,"key":"SMITH"},{"data":"ThirdEye","floor":32,"key":"SMITH"},{"floor":42,"key":"REST"},{"data":"Wallop","floor":49,"key":"SMITH"}],"circlet_count":0,"master_deck":["Halt","WreathOfFlame","Wallop+1","Consecrate+1","ThirdEye","MentalFortress","EmptyFist+1","FearNoEvil+1","Adaptation+1","Tantrum+1","EmptyBody","Conclude+1","Weave","Sanctity+1","WreathOfFlame","RitualDagger+1","Consecrate+1","ThirdEye+1","Conclude+1","Madness","Madness","Halt+1","Wallop+1","TalkToTheHand+1"],"relics":["Unceasing Top","StoneCalendar","Omamori","MealTicket","Damaru","Blood Vial","Whetstone","Blue Candle","Potion Belt","SacredBark","Red Mask","Orichalcum","Molten Egg 2","Yang","Ancient Tea Set","ClockworkSouvenir","CeramicFish","Bag of Preparation","Strawberry","Toy Ornithopter","Calling Bell","Pen Nib","Eternal Feather","Prayer Wheel","Calipers","Incense Burner","Sling","PreservedInsect","Smiling Mask","Sundial","Lantern","TungstenRod","Regal Pillow","Bird Faced Urn"],"acts_visited":["Exordium","TheCity","TheBeyond"],"potions_floor_usage":[18,20,23,24,30,31,37,50],"damage_taken":[{"damage":0,"enemies":"Cultist","floor":1,"turns":2},{"damage":12,"enemies":"3 Sentries","floor":6,"turns":4},{"damage":0,"enemies":"Gremlin Nob","floor":8,"turns":3},{"damage":0,"enemies":"2 Louse","floor":10,"turns":2},{"damage":0,"enemies":"Lagavulin","floor":11,"turns":4},{"damage":0,"enemies":"3 Sentries","floor":12,"turns":3},{"damage":0,"enemies":"Gremlin Nob","floor":13,"turns":2},{"damage":0,"enemies":"Slime Boss","floor":16,"turns":3},{"damage":0,"enemies":"Shell Parasite","floor":18,"turns":1},{"damage":3,"enemies":"Spheric Guardian","floor":19,"turns":3},{"damage":0,"enemies":"Masked Bandits","floor":20,"turns":2},{"damage":26,"enemies":"Slavers","floor":23,"turns":4},{"damage":19,"enemies":"Gremlin Leader","floor":24,"turns":3},{"damage":0,"enemies":"Slavers","floor":30,"turns":2},{"damage":9,"enemies":"Book of Stabbing","floor":31,"turns":3},{"damage":66,"enemies":"Champ","floor":33,"turns":7},{"damage":4,"enemies":"3 Darklings","floor":35,"turns":3},{"damage":16,"enemies":"Mind Bloom Boss Battle","floor":36,"turns":6},{"damage":10,"enemies":"2 Orb Walkers","floor":37,"turns":5},{"damage":28,"enemies":"Reptomancer","floor":40,"turns":5},{"damage":0,"enemies":"Giant Head","floor":41,"turns":7},{"damage":7,"enemies":"Nemesis","floor":44,"turns":3},{"damage":0,"enemies":"Giant Head","floor":45,"turns":4},{"damage":0,"enemies":"Nemesis","floor":47,"turns":3},{"damage":0,"enemies":"Orb Walker","floor":48,"turns":1},{"damage":38,"enemies":"Time Eater","floor":50,"turns":11}],"seed_played":"-9100296629993597769","potions_obtained":[{"floor":6,"key":"StancePotion"},{"floor":8,"key":"BottledMiracle"},{"floor":10,"key":"Regen Potion"},{"floor":13,"key":"DistilledChaos"},{"floor":16,"key":"FairyPotion"},{"floor":19,"key":"Regen Potion"},{"floor":23,"key":"Fire Potion"},{"floor":30,"key":"Energy Potion"},{"floor":44,"key":"SkillPotion"},{"floor":45,"key":"Explosive Potion"},{"floor":47,"key":"Energy Potion"}],"is_trial":true,"path_per_floor":["M","?","?","?","$","E","R","E","T","M","E","E","E","?","R","B",null,"M","M","?","?","?","E","E","$","T","?","R","R","E","E","R","B",null,"M","?","?","$","?","E","E","R","T","E","E","$","E","M","R","B",null],"character_chosen":"WATCHER","items_purchased":["Omamori","Ancient Tea Set","ClockworkSouvenir","CeramicFish","Sling","Regal Pillow"],"campfire_rested":2,"item_purchase_floors":[5,25,25,25,38,46],"current_hp_per_floor":[72,58,58,58,58,46,67,67,67,69,71,72,72,72,72,72,72,72,69,71,71,65,63,46,61,61,61,61,61,79,70,70,6,79,75,61,58,73,63,37,39,74,74,69,71,79,79,79,79,41],"gold":237,"neow_bonus":"","is_daily":false,"chose_seed":false,"campfire_upgraded":5,"win_rate":0.0,"timestamp":1610676725,"path_taken":["M","?","?","?","?","E","R","E","T","?","E","E","E","?","R","BOSS","M","M","?","?","?","E","E","?","T","?","R","R","E","E","R","BOSS","M","?","?","?","?","E","E","R","T","E","E","?","E","M","R","BOSS"],"items_purchased_type":["Relic","Relic","Relic","Relic","Relic","Relic"],"build_version":"2020-12-22","purchased_purges":0,"victory":true,"max_hp_per_floor":[72,72,72,72,72,72,72,72,72,72,72,72,72,72,72,72,72,72,72,72,72,72,72,72,72,72,72,72,72,79,79,79,79,79,79,79,79,79,79,79,79,79,79,79,79,79,79,79,79,79],"relic_stats":{"Regal Pillow":0,"counters":[26,96],"Blue Candle":[0],"CeramicFish":63,"StoneCalendar":[52],"Yang":[155],"Eternal Feather":12,"Pen Nib":[11],"PreservedInsect":344,"Bag of Preparation":[26],"Whetstone":["EmptyFist","Conclude"],"Orichalcum":[18],"Smiling Mask":0,"Blood Vial":27,"Sundial":[2],"Bird Faced Urn":[0],"MealTicket":38,"Prayer Wheel":2,"obtain_stats":[{"Lantern":44,"Regal Pillow":46,"Calipers":36,"SacredBark":17,"CeramicFish":25,"StoneCalendar":0,"Yang":24,"Bag of Preparation":26,"Incense Burner":37,"Whetstone":11,"Ancient Tea Set":25,"Sling":38,"Smiling Mask":41,"ClockworkSouvenir":25,"Blood Vial":9,"Sundial":43,"Strawberry":30,"MealTicket":6,"Prayer Wheel":34,"Red Mask":20,"Potion Belt":13,"Blue Candle":12,"Damaru":8,"Eternal Feather":34,"Pen Nib":34,"PreservedInsect":40,"Omamori":5,"Orichalcum":21,"Calling Bell":34,"Bird Faced Urn":47,"Molten Egg 2":23,"Unceasing Top":0,"Toy Ornithopter":31,"TungstenRod":45},{"Lantern":22,"Regal Pillow":23,"Calipers":18,"SacredBark":8,"CeramicFish":13,"StoneCalendar":0,"Yang":13,"Bag of Preparation":13,"Incense Burner":19,"Whetstone":5,"Ancient Tea Set":13,"Sling":19,"Smiling Mask":21,"ClockworkSouvenir":13,"Blood Vial":3,"Sundial":21,"Strawberry":14,"MealTicket":2,"Prayer Wheel":16,"Red Mask":11,"Potion Belt":7,"Blue Candle":6,"Damaru":3,"Eternal Feather":16,"Pen Nib":16,"PreservedInsect":20,"Omamori":1,"Orichalcum":11,"Calling Bell":16,"Bird Faced Urn":24,"Molten Egg 2":12,"Unceasing Top":0,"Toy Ornithopter":15,"TungstenRod":23},{"Lantern":77,"Regal Pillow":81,"Calipers":57,"SacredBark":23,"CeramicFish":36,"StoneCalendar":0,"Yang":36,"Bag of Preparation":36,"Incense Burner":62,"Whetstone":15,"Ancient Tea Set":36,"Sling":62,"Smiling Mask":74,"ClockworkSouvenir":36,"Blood Vial":9,"Sundial":74,"Strawberry":38,"MealTicket":6,"Prayer Wheel":48,"Red Mask":29,"Potion Belt":20,"Blue Candle":18,"Damaru":9,"Eternal Feather":48,"Pen Nib":48,"PreservedInsect":67,"Omamori":2,"Orichalcum":29,"Calling Bell":48,"Bird Faced Urn":84,"Molten Egg 2":33,"Unceasing Top":0,"Toy Ornithopter":41,"TungstenRod":81}],"Unceasing Top":[24],"Toy Ornithopter":5,"TungstenRod":3},"card_choices":[{"not_picked":["Worship","CrushJoints"],"picked":"EmptyBody","floor":1},{"not_picked":["CrushJoints","ThirdEye"],"picked":"Conclude","floor":6},{"not_picked":["Prostrate","Wireheading"],"picked":"Weave","floor":8},{"not_picked":["JustLucky","Pray"],"picked":"Sanctity","floor":10},{"not_picked":["PathToVictory","Halt","Establishment"],"picked":"SKIP","floor":11},{"not_picked":["Protect","CrushJoints","Swivel"],"picked":"SKIP","floor":12},{"not_picked":["EmptyMind","TalkToTheHand"],"picked":"WreathOfFlame","floor":13},{"not_picked":["PathToVictory","EmptyMind","Protect"],"picked":"SKIP","floor":18},{"not_picked":["BattleHymn","Swivel","Adaptation+1"],"picked":"SKIP","floor":19},{"not_picked":["EmptyBody","Pray+1"],"picked":"Consecrate+1","floor":23},{"not_picked":["DevaForm","Adaptation","Fasting2"],"picked":"SKIP","floor":24},{"not_picked":["EmptyBody+1","Evaluate+1","Weave+1"],"picked":"SKIP","floor":30},{"not_picked":["BowlingBash+1","SashWhip+1"],"picked":"ThirdEye","floor":31},{"not_picked":["CarveReality+1","Worship"],"picked":"Conclude+1","floor":35},{"not_picked":["Evaluate","Meditate","BowlingBash+1"],"picked":"SKIP","floor":35},{"not_picked":["EmptyFist+1","JustLucky+1","CrushJoints+1"],"picked":"SKIP","floor":40},{"not_picked":["FollowUp+1","WreathOfFlame","PathToVictory+1"],"picked":"SKIP","floor":41},{"not_picked":["CutThroughFate+1","FollowUp+1"],"picked":"Halt+1","floor":44},{"not_picked":["Vengeance","Halt"],"picked":"Wallop+1","floor":45},{"not_picked":["Study","BattleHymn","ConjureBlade"],"picked":"SKIP","floor":47},{"not_picked":["EmptyBody+1","ReachHeaven+1"],"picked":"TalkToTheHand+1","floor":48},{"not_picked":["Protect","FlyingSleeves+1","FollowUp+1"],"picked":"SKIP","floor":48}],"player_experience":1007518,"relics_obtained":[{"floor":6,"key":"MealTicket"},{"floor":8,"key":"Damaru"},{"floor":9,"key":"Blood Vial"},{"floor":11,"key":"Whetstone"},{"floor":12,"key":"Blue Candle"},{"floor":13,"key":"Potion Belt"},{"floor":20,"key":"Red Mask"},{"floor":23,"key":"Molten Egg 2"},{"floor":24,"key":"Yang"},{"floor":26,"key":"Bag of Preparation"},{"floor":30,"key":"Strawberry"},{"floor":31,"key":"Toy Ornithopter"},{"floor":34,"key":"Pen Nib"},{"floor":34,"key":"Eternal Feather"},{"floor":34,"key":"Prayer Wheel"},{"floor":36,"key":"Calipers"},{"floor":37,"key":"Incense Burner"},{"floor":40,"key":"PreservedInsect"},{"floor":41,"key":"Smiling Mask"},{"floor":43,"key":"Sundial"},{"floor":44,"key":"Lantern"},{"floor":45,"key":"TungstenRod"},{"floor":47,"key":"Bird Faced Urn"}],"event_choices":[{"damage_healed":0,"gold_gain":0,"player_choice":"Entered Light","damage_taken":14,"max_hp_gain":0,"max_hp_loss":0,"event_name":"Shining Light","floor":2,"gold_loss":0,"cards_upgraded":["FearNoEvil","Adaptation"]},{"damage_healed":0,"gold_gain":66,"player_choice":"Gained Gold","damage_taken":0,"max_hp_gain":0,"max_hp_loss":0,"event_name":"Golden Wing","floor":3,"gold_loss":0},{"damage_healed":0,"gold_gain":0,"player_choice":"Grow","damage_taken":0,"max_hp_gain":0,"max_hp_loss":0,"event_name":"Living Wall","floor":4,"gold_loss":0,"cards_upgraded":["Tantrum"]},{"damage_healed":0,"gold_gain":0,"player_choice":"0 cards matched","damage_taken":0,"max_hp_gain":0,"max_hp_loss":0,"event_name":"Match and Keep!","floor":14,"gold_loss":0,"cards_obtained":[]},{"damage_healed":0,"gold_gain":0,"player_choice":"Fought Bandits","damage_taken":0,"max_hp_gain":0,"max_hp_loss":0,"event_name":"Masked Bandits","floor":20,"gold_loss":0},{"damage_healed":0,"gold_gain":0,"player_choice":"Opened","damage_taken":0,"relics_obtained":["Orichalcum"],"max_hp_gain":0,"max_hp_loss":0,"event_name":"The Mausoleum","floor":21,"gold_loss":0,"cards_obtained":["Writhe"]},{"damage_healed":0,"gold_gain":0,"player_choice":"Joined the Cult","damage_taken":6,"max_hp_gain":0,"max_hp_loss":0,"event_name":"Nest","floor":22,"gold_loss":0,"cards_obtained":["RitualDagger"]},{"damage_healed":0,"gold_gain":0,"player_choice":"Fight","damage_taken":0,"max_hp_gain":0,"max_hp_loss":0,"event_name":"MindBloom","floor":36,"gold_loss":0},{"damage_healed":0,"gold_gain":0,"player_choice":"Fight","damage_taken":0,"max_hp_gain":0,"max_hp_loss":0,"event_name":"Mysterious Sphere","floor":37,"gold_loss":0},{"damage_healed":0,"gold_gain":0,"player_choice":"Embrace Madness","damage_taken":10,"max_hp_gain":0,"max_hp_loss":0,"event_name":"Winding Halls","floor":39,"gold_loss":0,"cards_obtained":["Madness","Madness"]}],"is_beta":false,"boss_relics":[{"not_picked":["Tiny House","Busted Crown"],"picked":"SacredBark"},{"not_picked":["Runic Pyramid","Cursed Key"],"picked":"Calling Bell"}],"items_purged_floors":[],"is_endless":false,"potions_floor_spawned":[6,8,10,13,16,19,23,30,44,45,47],"ascension_level":1}}