{"host":"wonp23fsqqcu31ie","time":1610705828,"event":{"mods":["2.2 Compatiblity","AchievementEnabler","Aspiration","BaseMod","Bestiary","Better Altar","Better Match","Better Sensory Stone","Better Skull","Better Third Choice","BetterRewards","Block Reminder","Colored Map","Colored Powertips","Conspire","Curses Come First","DeckTracker","Displayed Cursed Tome","Downfall","Energized Spire","Evolution","Hermit","Highlight Path","Hubris","Infinite Spire","Marisa????????","Minty Spire (QoL Compilation)","Permanent Neow","Prisma Mod","Quick Restart","Rare Cards Sparkle","Relic Stats","Replay The Spire","Robot Space Explorer","Shade Mod","Shop Mod","StSLib","SuperFastMode","The Animator","The Bug Knight","The Construct","The Cursed","The Disciple","The Dragon Tamer","The Gatherer","The Hierophant","The Marked","The Necromancer","The Poker Player","The Runesmith","The Saiyan","The Servant 0.9.4","TheBandit"],"gold_per_floor":[112,72,72,72,83,111,124,141,141,141,141,157,177,189,189,284,284,301,301,333,351,351,351,351],"floor_reached":23,"language":"ENG","playtime":590,"items_purged":[],"score":337,"play_id":"7e68e08c-7616-4c68-81fc-3eb78d6d2b72","local_time":"20210115211708","is_ascension_mode":true,"campfire_choices":[{"floor":11,"key":"REST"},{"floor":15,"key":"RECALL"}],"circlet_count":0,"master_deck":["Strike_P","Strike_P","Strike_P+1","Strike_P","Defend_P","Defend_P","Defend_P","Defend_P+1","Eruption","Vigilance","Prostrate","EmptyBody","Conclude","BowlingBash","FlurryOfBlows+1","PathToVictory","Prostrate","FlyingSleeves","Halt","ReachHeaven","SashWhip","Devotion","CarveReality","EmptyMind","LikeWater","ReplayTheSpireMod:Brewmster","Transmutation"],"relics":["PureWater","EVO:Axolotl","hubris:Potato","Sling","Runesmith:AutoHammer","construct:RocketBooster","MerchantsRug","Replay:Purple Gloves","HollowMod:PaleOreRelic","Iron Hammer","aspiration:Lifesprig","Lizard Tail","Black Star","infinitespire:Lucky Rock"],"acts_visited":["Exordium","TheCity"],"potions_floor_usage":[16,16,20,21,23,23],"damage_taken":[{"damage":0,"enemies":"2 Louse","floor":1,"turns":2},{"damage":0,"enemies":"Jaw Worm","floor":5,"turns":2},{"damage":13,"enemies":"Lagavulin","floor":6,"turns":4},{"damage":0,"enemies":"Small Slimes","floor":7,"turns":2},{"damage":0,"enemies":"Exordium Thugs","floor":8,"turns":1},{"damage":0,"enemies":"Exordium Wildlife","floor":12,"turns":3},{"damage":0,"enemies":"2 Fungi Beasts","floor":13,"turns":2},{"damage":0,"enemies":"Large Slime","floor":14,"turns":4},{"damage":4,"enemies":"Slime Boss","floor":16,"turns":5},{"damage":24,"enemies":"2 Thieves","floor":18,"turns":3},{"damage":32,"enemies":"conspire:MimicChest","floor":20,"turns":6},{"damage":23,"enemies":"3 Byrds","floor":21,"turns":5},{"damage":38,"enemies":"Gremlin Leader","floor":23,"turns":4}],"seed_played":"-7822928398587155081","potions_obtained":[{"floor":5,"key":"AttackPotion"},{"floor":7,"key":"Weak Potion"},{"floor":13,"key":"Adrenaline Potion"},{"floor":14,"key":"StancePotion"},{"floor":18,"key":"Milkshake"},{"floor":21,"key":"Strength Potion"}],"is_trial":false,"path_per_floor":["M","$","?","T","M","E","M","M","T","?","R","M","M","M","R","B",null,"M","?","?","M","?","E"],"character_chosen":"WATCHER","items_purchased":["hubris:Potato","Sling","Runesmith:AutoHammer","MerchantsRug","HollowMod:PaleOreRelic","Prostrate","Conclude","FlurryOfBlows+1"],"campfire_rested":1,"item_purchase_floors":[0,0,0,0,0,0,0,2],"current_hp_per_floor":[30,30,30,30,30,17,17,17,17,17,38,38,38,38,38,34,72,48,48,16,30,30,0,0],"gold":351,"neow_bonus":"","is_daily":false,"chose_seed":false,"campfire_upgraded":0,"win_rate":0.0,"timestamp":1610705828,"path_taken":["M","$","?","?","M","E","M","M","T","?","R","M","M","M","R","BOSS","M","?","?","M","?","E"],"items_purchased_type":["Relic","Relic","Relic","Relic","Relic","Card","Card","Card"],"build_version":"2020-12-22","purchased_purges":0,"victory":false,"max_hp_per_floor":[72,72,72,72,72,72,72,72,72,72,72,72,72,72,72,72,72,72,72,72,72,72,72,72],"relic_stats":{"Lizard Tail":36,"counters":[84,355],"Black Star":0,"obtain_stats":[{"Golden Egg":8,"Calipers":13,"Nilry\u0027s Codex":19,"Ginger":8,"m_GuardianBlood":0,"Boot":53,"Sling":0,"Centennial Puzzle":21,"Lizard Tail":10,"HornCleat":2,"aspiration:BabyByrd":4,"DollysMirror":17,"Strawberry":17,"aspiration:ArtOfWarUpgrade":30,"Philosopher\u0027s Stone":34,"Iron Hammer":28,"VioletLotus":34,"Replay:Bottled Flurry":48,"Kunai":31,"HollowMod:PaleOreRelic":0,"TheCursedMod:BlackMagic101":0,"MerchantsRug":8,"Pear":40,"construct:RocketBooster":0,"aspiration:Nostalgia":0,"Replay:Grab Bag":17,"Counterbalance":14,"conspire:SlowCooker":34,"aspiration:SeaSaltIceCream":21,"ReplayTheSpireMod:Shallot":14,"ReplayTheSpireMod:Ring of Collecting":13,"Bronze Scales":26,"MutagenicStrength":28,"hubris:PeanutButter":17,"Onion Ring":19,"Black Star":17,"aspiration:HatOfInfinitePower":17,"ReplayTheSpireMod:Ring of Exchange":13,"aspiration:Lifesprig":6,"Replay:Purple Gloves":0,"Blue Doll":3,"hubris:SlimyHat":0,"Bag of Preparation":6,"Replay:Mystery Machine":2,"hubris:EmptyBottle":28,"Cursed Key":17,"Smiling Mask":2,"Pet Ghost":28,"Replay:Rubber Ducky":9,"conspire:InfiniteJournal":27,"Nunchaku":8,"Replay:Bandana":0,"hubris:Backtick":17,"aspiration:DefectSkillbook":21,"hubris:ScarierMask":34,"BargainBundle":21,"Lee\u0027s Waffle":7,"aspiration:FetidBarrel":17,"Damaru":11,"aspiration:HummingbirdHeart":26,"Omamori":44,"aspiration:SecretTechniqueScroll":34,"infinitespire:Lucky Rock":20,"hubris:Towel":36,"Frozen Egg 2":23,"Calling Bell":17,"CaptainsWheel":17,"Busted Crown":34,"Ring of Fury":26,"Snack Pack":9,"hubris:GrandSneckoEye":17,"Art of War":23,"Garlic":29,"Membership Card":17,"Runesmith:AutoHammer":0,"PureWater":0,"conspire:DeflatedDodgeball":9,"hubris:Potato":0,"ReplayTheSpireMod:ShopPack":53},{"Golden Egg":26,"Calipers":48,"Nilry\u0027s Codex":14,"Ginger":4,"m_GuardianBlood":42,"Boot":69,"Sling":71,"Centennial Puzzle":15,"Lizard Tail":76,"HornCleat":43,"aspiration:BabyByrd":2,"DollysMirror":31,"Strawberry":13,"aspiration:ArtOfWarUpgrade":18,"Philosopher\u0027s Stone":38,"Iron Hammer":17,"VioletLotus":38,"Replay:Bottled Flurry":68,"Kunai":37,"HollowMod:PaleOreRelic":71,"TheCursedMod:BlackMagic101":5,"MerchantsRug":9,"Pear":63,"construct:RocketBooster":71,"aspiration:Nostalgia":5,"Replay:Grab Bag":13,"Counterbalance":48,"conspire:SlowCooker":20,"aspiration:SeaSaltIceCream":15,"ReplayTheSpireMod:Shallot":30,"ReplayTheSpireMod:Ring of Collecting":29,"Bronze Scales":34,"MutagenicStrength":55,"hubris:PeanutButter":13,"Onion Ring":32,"Black Star":80,"aspiration:HatOfInfinitePower":13,"ReplayTheSpireMod:Ring of Exchange":29,"aspiration:Lifesprig":74,"Replay:Purple Gloves":71,"Blue Doll":2,"hubris:SlimyHat":0,"Bag of Preparation":9,"Replay:Mystery Machine":2,"hubris:EmptyBottle":17,"Cursed Key":13,"Smiling Mask":23,"Pet Ghost":17,"Replay:Rubber Ducky":26,"conspire:InfiniteJournal":55,"Nunchaku":9,"Replay:Bandana":22,"hubris:Backtick":13,"aspiration:DefectSkillbook":15,"hubris:ScarierMask":38,"BargainBundle":15,"Lee\u0027s Waffle":26,"aspiration:FetidBarrel":49,"Damaru":28,"aspiration:HummingbirdHeart":54,"Omamori":65,"aspiration:SecretTechniqueScroll":59,"infinitespire:Lucky Rock":82,"hubris:Towel":39,"Frozen Egg 2":53,"Calling Bell":13,"CaptainsWheel":49,"Busted Crown":38,"Ring of Fury":34,"Snack Pack":9,"hubris:GrandSneckoEye":13,"Art of War":16,"Garlic":56,"Membership Card":13,"Runesmith:AutoHammer":71,"PureWater":0,"conspire:DeflatedDodgeball":46,"hubris:Potato":71,"ReplayTheSpireMod:ShopPack":69},{"Golden Egg":105,"Calipers":198,"Nilry\u0027s Codex":62,"Ginger":12,"m_GuardianBlood":184,"Boot":299,"Sling":312,"Centennial Puzzle":65,"Lizard Tail":323,"HornCleat":186,"aspiration:BabyByrd":6,"DollysMirror":137,"Strawberry":59,"aspiration:ArtOfWarUpgrade":73,"Philosopher\u0027s Stone":171,"Iron Hammer":70,"VioletLotus":171,"Replay:Bottled Flurry":293,"Kunai":163,"HollowMod:PaleOreRelic":312,"TheCursedMod:BlackMagic101":30,"MerchantsRug":43,"Pear":270,"construct:RocketBooster":312,"aspiration:Nostalgia":30,"Replay:Grab Bag":59,"Counterbalance":198,"conspire:SlowCooker":81,"aspiration:SeaSaltIceCream":65,"ReplayTheSpireMod:Shallot":127,"ReplayTheSpireMod:Ring of Collecting":123,"Bronze Scales":150,"MutagenicStrength":236,"hubris:PeanutButter":59,"Onion Ring":142,"Black Star":337,"aspiration:HatOfInfinitePower":59,"ReplayTheSpireMod:Ring of Exchange":123,"aspiration:Lifesprig":320,"Replay:Purple Gloves":312,"Blue Doll":6,"hubris:SlimyHat":0,"Bag of Preparation":43,"Replay:Mystery Machine":6,"hubris:EmptyBottle":70,"Cursed Key":59,"Smiling Mask":91,"Pet Ghost":70,"Replay:Rubber Ducky":105,"conspire:InfiniteJournal":236,"Nunchaku":43,"Replay:Bandana":87,"hubris:Backtick":59,"aspiration:DefectSkillbook":65,"hubris:ScarierMask":171,"BargainBundle":65,"Lee\u0027s Waffle":105,"aspiration:FetidBarrel":210,"Damaru":119,"aspiration:HummingbirdHeart":230,"Omamori":280,"aspiration:SecretTechniqueScroll":258,"infinitespire:Lucky Rock":346,"hubris:Towel":173,"Frozen Egg 2":226,"Calling Bell":59,"CaptainsWheel":210,"Busted Crown":171,"Ring of Fury":150,"Snack Pack":43,"hubris:GrandSneckoEye":59,"Art of War":67,"Garlic":239,"Membership Card":59,"Runesmith:AutoHammer":312,"PureWater":0,"conspire:DeflatedDodgeball":193,"hubris:Potato":312,"ReplayTheSpireMod:ShopPack":299}]},"card_choices":[{"not_picked":["Study","WreathOfFlame"],"picked":"BowlingBash","floor":1},{"not_picked":["Collect","Replay:BluntJabs","Replay:Battleflow"],"picked":"SKIP","floor":5},{"not_picked":["FlurryOfBlows","EmptyBody"],"picked":"PathToVictory","floor":6},{"not_picked":["Pray","LessonLearned"],"picked":"Prostrate","floor":7},{"not_picked":["BowlingBash","Evaluate"],"picked":"FlyingSleeves","floor":8},{"not_picked":["Study","Crescendo"],"picked":"Halt","floor":12},{"not_picked":["Perseverance","FollowUp"],"picked":"ReachHeaven","floor":13},{"not_picked":["Crescendo","Perseverance"],"picked":"SashWhip","floor":14},{"not_picked":["Replay:AllIn","LessonLearned"],"picked":"Devotion","floor":16},{"not_picked":["Replay:BluntJabs+1","FollowUp"],"picked":"CarveReality","floor":18},{"not_picked":["FlyingSleeves","SashWhip"],"picked":"EmptyMind","floor":20},{"not_picked":["Consecrate","EmptyMind"],"picked":"LikeWater","floor":21},{"not_picked":["expansioncontent:PrepareCrush","Crow Ritual"],"picked":"ReplayTheSpireMod:Brewmster","floor":22},{"not_picked":["Mayhem","expansioncontent:Corrupt"],"picked":"Transmutation","floor":22}],"player_experience":536066,"relics_obtained":[{"floor":4,"key":"Iron Hammer"},{"floor":6,"key":"aspiration:Lifesprig"},{"floor":20,"key":"infinitespire:Lucky Rock"}],"event_choices":[{"damage_healed":0,"gold_gain":0,"player_choice":"Gave Potion","damage_taken":0,"relics_obtained":["Lizard Tail"],"max_hp_gain":0,"max_hp_loss":0,"event_name":"WeMeetAgain","floor":10,"gold_loss":0},{"damage_healed":0,"gold_gain":0,"player_choice":"Leave","damage_taken":0,"max_hp_gain":0,"max_hp_loss":0,"event_name":"conspire:Investor","floor":19,"gold_loss":0},{"damage_healed":0,"gold_gain":2,"player_choice":"1","damage_taken":0,"max_hp_gain":0,"max_hp_loss":0,"event_name":"betterStone:BetterStone","floor":22,"gold_loss":0}],"is_beta":false,"boss_relics":[{"not_picked":["hubris:BlackHole","hubris:CrackedHourglass"],"picked":"Black Star"}],"items_purged_floors":[],"is_endless":false,"potions_floor_spawned":[5,7,13,14,18,21],"killed_by":"Gremlin Leader","ascension_level":3}}