{"host":"fxrgx7wt2cpkbhka","time":1610686978,"event":{"mods":["AchievementEnabler","BaseMod","Colored Powertips","Minty Spire (QoL Compilation)","Permanent Neow","Slay-I","StSLib","Waifu the Spire"],"gold_per_floor":[109,184,104,279,50,50,71,99,99,99,142,165,183,148,148,253,262,288,338,338,365,385,385,405,405,405],"floor_reached":25,"language":"ENG","playtime":729,"items_purged":["Doubt"],"score":353,"play_id":"71558784-23fe-4be5-b2c9-123f01ef6a99","local_time":"20210114210258","is_ascension_mode":true,"campfire_choices":[{"data":"Metallicize","floor":6,"key":"SMITH"},{"data":"Sword Boomerang","floor":10,"key":"SMITH"},{"floor":15,"key":"REST"},{"floor":23,"key":"REST"}],"circlet_count":0,"master_deck":["AscendersBane","Strike_R","Strike_R","Strike_R","Strike_R","Strike_R","Defend_R","Defend_R","Defend_R","Defend_R","Bash","Inflame","Metallicize+1","Sword Boomerang+1","Metallicize","Wild Strike+1","Whirlwind+1","Reaper+1","CurseOfTheBell","Clash+1","Metallicize","Flame Barrier"],"relics":["Burning Blood","CeramicFish","Letter Opener","Molten Egg 2","Calling Bell","Smiling Mask","Pear","Dead Branch"],"acts_visited":["Exordium","TheCity"],"potions_floor_usage":[13,20,22,22,24],"damage_taken":[{"damage":12,"enemies":"Jaw Worm","floor":1,"turns":3},{"damage":9,"enemies":"2 Louse","floor":7,"turns":4},{"damage":11,"enemies":"Small Slimes","floor":8,"turns":3},{"damage":21,"enemies":"Lagavulin","floor":11,"turns":6},{"damage":26,"enemies":"Gremlin Gang","floor":12,"turns":7},{"damage":12,"enemies":"Red Slaver","floor":13,"turns":3},{"damage":51,"enemies":"Slime Boss","floor":16,"turns":11},{"damage":24,"enemies":"Shell Parasite","floor":18,"turns":6},{"damage":0,"enemies":"Spheric Guardian","floor":20,"turns":2},{"damage":49,"enemies":"Snake Plant","floor":21,"turns":6},{"damage":24,"enemies":"Sentry and Sphere","floor":22,"turns":6},{"damage":31,"enemies":"Snecko","floor":24,"turns":6},{"damage":29,"enemies":"Book of Stabbing","floor":25,"turns":3}],"seed_played":"-2928705251030761520","potions_obtained":[{"floor":1,"key":"ColorlessPotion"},{"floor":12,"key":"Strength Potion"},{"floor":16,"key":"SmokeBomb"},{"floor":21,"key":"Dexterity Potion"},{"floor":22,"key":"Fire Potion"}],"is_trial":false,"path_per_floor":["M","?","$","?","$","R","M","M","T","R","E","M","M","?","R","B",null,"M","?","M","M","M","R","M","E"],"character_chosen":"IRONCLAD","items_purchased":["Metallicize","CeramicFish"],"campfire_rested":2,"item_purchase_floors":[3,5],"current_hp_per_floor":[74,63,63,63,63,63,60,55,55,55,40,20,14,36,62,17,80,62,62,68,25,7,36,18,0,0],"gold":405,"neow_bonus":"TEN_PERCENT_HP_BONUS","is_daily":false,"chose_seed":false,"campfire_upgraded":2,"win_rate":0.0,"timestamp":1610686978,"path_taken":["M","?","$","?","$","R","M","M","T","R","E","M","?","?","R","BOSS","M","?","M","?","?","R","M","E"],"items_purchased_type":["Card","Relic"],"build_version":"2020-12-22","purchased_purges":1,"victory":false,"max_hp_per_floor":[88,88,88,88,88,88,88,88,88,88,88,88,88,88,88,88,98,98,98,98,98,98,98,98,98,98],"card_choices":[{"not_picked":["Iron Wave","Thunderclap"],"picked":"Inflame","floor":1},{"not_picked":["Burning Pact","Warcry"],"picked":"Sword Boomerang","floor":7},{"not_picked":["Rampage","Rupture"],"picked":"Metallicize","floor":8},{"not_picked":["Body Slam+1","Pommel Strike+1"],"picked":"Wild Strike+1","floor":11},{"not_picked":["Feel No Pain","Sever Soul+1"],"picked":"Whirlwind+1","floor":12},{"not_picked":["Body Slam+1","Havoc","Rampage+1"],"picked":"SKIP","floor":13},{"not_picked":["Barricade","Offering"],"picked":"Reaper+1","floor":16},{"not_picked":["Heavy Blade+1","Sever Soul+1"],"picked":"Clash+1","floor":18},{"not_picked":["Cleave+1","Power Through"],"picked":"Metallicize","floor":21},{"not_picked":["Pummel+1","Ghostly Armor"],"picked":"Flame Barrier","floor":22},{"not_picked":["Clothesline+1","Dark Embrace","Pummel+1"],"picked":"SKIP","floor":24}],"player_experience":707594,"relics_obtained":[{"floor":9,"key":"Letter Opener"},{"floor":11,"key":"Molten Egg 2"},{"floor":17,"key":"Smiling Mask"},{"floor":17,"key":"Pear"},{"floor":17,"key":"Dead Branch"}],"event_choices":[{"damage_healed":0,"gold_gain":75,"player_choice":"Gather Gold","damage_taken":11,"max_hp_gain":0,"max_hp_loss":0,"event_name":"World of Goop","floor":2,"gold_loss":0},{"damage_healed":0,"gold_gain":175,"player_choice":"AGREE","damage_taken":0,"max_hp_gain":0,"max_hp_loss":0,"event_name":"Liars Game","floor":4,"gold_loss":0,"cards_obtained":["Doubt"]},{"damage_healed":22,"gold_gain":0,"player_choice":"Healed","damage_taken":0,"max_hp_gain":0,"max_hp_loss":0,"event_name":"The Cleric","floor":14,"gold_loss":35},{"damage_healed":0,"gold_gain":100,"player_choice":"Bet on Murderer","damage_taken":0,"max_hp_gain":0,"max_hp_loss":0,"event_name":"The Joust","floor":19,"gold_loss":50}],"is_beta":false,"boss_relics":[{"not_picked":["Pandora\u0027s Box","Empty Cage"],"picked":"Calling Bell"}],"items_purged_floors":[5],"is_endless":false,"potions_floor_spawned":[1,12,16,21,22],"killed_by":"Book of Stabbing","ascension_level":12}}