{"host":"vumwfieg2b2mnrfl","time":1610688110,"event":{"mods":["AchievementEnabler","BaseMod","Minty Spire (QoL Compilation)","Rare Cards Sparkle","Relic Stats"],"gold_per_floor":[114,114,114,134,153,183,183,183,183],"floor_reached":8,"language":"ENG","playtime":273,"items_purged":[],"score":106,"play_id":"f55d3d5a-17ed-4208-93bc-f53efba1c074","local_time":"20210114232150","is_ascension_mode":true,"campfire_choices":[{"floor":7,"key":"REST"}],"circlet_count":0,"master_deck":["AscendersBane","Strike_G","Strike_G","Strike_G","Strike_G","Defend_G","Defend_G","Defend_G","Defend_G","Defend_G","Survivor","Neutralize","A Thousand Cuts","Poisoned Stab","Dash","Blade Dance","Calculated Gamble","Backflip"],"relics":["Ring of the Snake","Pear"],"acts_visited":["Exordium"],"potions_floor_usage":[6],"damage_taken":[{"damage":16,"enemies":"Small Slimes","floor":1,"turns":7},{"damage":1,"enemies":"Cultist","floor":4,"turns":5},{"damage":4,"enemies":"2 Louse","floor":5,"turns":3},{"damage":37,"enemies":"Gremlin Nob","floor":6,"turns":6},{"damage":37,"enemies":"Lagavulin","floor":8,"turns":8}],"seed_played":"-8745805176010600287","potions_obtained":[{"floor":4,"key":"EssenceOfSteel"}],"is_trial":false,"path_per_floor":["M","?","?","M","M","E","R","E"],"character_chosen":"THE_SILENT","items_purchased":[],"campfire_rested":1,"item_purchase_floors":[],"current_hp_per_floor":[43,43,43,42,38,11,33,0,0],"gold":183,"neow_bonus":"THREE_RARE_CARDS","is_daily":false,"chose_seed":false,"campfire_upgraded":0,"win_rate":0.0,"timestamp":1610688110,"path_taken":["M","?","?","M","M","E","R","E"],"items_purchased_type":[],"build_version":"2020-12-22","purchased_purges":0,"victory":false,"max_hp_per_floor":[66,66,66,66,66,76,76,76,76],"relic_stats":{"counters":[5,29],"obtain_stats":[{"Pear":6,"Ring of the Snake":0},{"Pear":4,"Ring of the Snake":0},{"Pear":21,"Ring of the Snake":0}],"Ring of the Snake":[10]},"card_choices":[{"not_picked":["Tools of the Trade","Phantasmal Killer"],"picked":"A Thousand Cuts","floor":0},{"not_picked":["Prepared","Masterful Stab"],"picked":"Poisoned Stab","floor":1},{"not_picked":["Sucker Punch","Underhanded Strike"],"picked":"Blade Dance","floor":4},{"not_picked":["Concentrate","Slice"],"picked":"Calculated Gamble","floor":5},{"not_picked":["Finisher","Sucker Punch"],"picked":"Backflip","floor":6}],"player_experience":420093,"relics_obtained":[{"floor":6,"key":"Pear"}],"event_choices":[{"damage_healed":0,"gold_gain":0,"cards_transformed":["Strike_G"],"player_choice":"Change","damage_taken":0,"max_hp_gain":0,"max_hp_loss":0,"event_name":"Living Wall","floor":2,"gold_loss":0,"cards_obtained":["Dash"]},{"cards_removed":["Decay"],"damage_healed":0,"gold_gain":0,"player_choice":"Purged","damage_taken":0,"max_hp_gain":0,"max_hp_loss":0,"event_name":"Purifier","floor":3,"gold_loss":0}],"is_beta":false,"boss_relics":[],"items_purged_floors":[],"is_endless":false,"potions_floor_spawned":[4],"killed_by":"Lagavulin","ascension_level":18}}