{"host":"heot42mtselsoupx","time":1610713241,"event":{"mods":["ATMod(°¢èªMod)","BaseMod","Minty Spire (QoL Compilation)","Quick Restart","StSLib","¡¾ÒÅÎï¿¨ÅÆ¡¿REMEMod"],"gold_per_floor":[115,115,115,139,163,163,187,35,35,70,94,19,34,49,49,170,170,189,459,483,123,147,183,204,204,204],"floor_reached":25,"language":"ZHS","playtime":1664,"items_purged":["Strike_B"],"score":277,"play_id":"2d7f1618-5404-4fe4-a0cc-85489d5b08e0","local_time":"20210115202041","is_ascension_mode":false,"campfire_choices":[{"data":"REME_Compress","floor":6,"key":"SMITH"},{"data":"AT_FamilyPortrait","floor":15,"key":"SMITH"}],"circlet_count":0,"master_deck":["Strike_B","Strike_B","Strike_B+1","Defend_B","Defend_B","Defend_B","Defend_B+1","Zap","Dualcast","All For One","AT_FamilyPortrait+1","Echo Form","Gash","Go for the Eyes","REME_Compress+1","All For One","AT_HeatAcrobatics","Beam Cell","Go for the Eyes","Go for the Eyes","REME_ForAll","Gash+1","Go for the Eyes","Violence","Double Energy","Steam"],"relics":["Cracked Core","REME_ComplimentaryCards","AT_ATBox","Golden Idol","AT_RedTearstoneRing","Letter Opener","REME_HourglassOfDeath","REME_DuelDisc","Cauldron","Tiny Chest"],"acts_visited":["Exordium","TheCity"],"potions_floor_usage":[7,10,16,21,23],"damage_taken":[{"damage":0,"enemies":"2 Louse","floor":1,"turns":3},{"damage":11,"enemies":"Jaw Worm","floor":4,"turns":3},{"damage":0,"enemies":"Cultist","floor":5,"turns":3},{"damage":26,"enemies":"2 Fungi Beasts","floor":7,"turns":4},{"damage":22,"enemies":"Lagavulin","floor":10,"turns":5},{"damage":0,"enemies":"Looter","floor":11,"turns":2},{"damage":0,"enemies":"Exordium Thugs","floor":13,"turns":2},{"damage":0,"enemies":"Large Slime","floor":14,"turns":3},{"damage":19,"enemies":"The Guardian","floor":16,"turns":5},{"damage":15,"enemies":"Shell Parasite","floor":18,"turns":4},{"damage":7,"enemies":"2 Thieves","floor":20,"turns":2},{"damage":17,"enemies":"Centurion and Healer","floor":22,"turns":2},{"damage":0,"enemies":"Slavers","floor":23,"turns":3},{"damage":0,"enemies":"Shelled Parasite and Fungi","floor":24,"turns":1}],"seed_played":"-8694878736839869325","potions_obtained":[{"floor":4,"key":"Energy Potion"},{"floor":7,"key":"Dexterity Potion"},{"floor":10,"key":"Weak Potion"},{"floor":14,"key":"FairyPotion"},{"floor":20,"key":"Block Potion"},{"floor":21,"key":"LiquidMemories"},{"floor":21,"key":"Fruit Juice"},{"floor":21,"key":"BlessingOfTheForge"},{"floor":23,"key":"SmokeBomb"}],"is_trial":false,"path_per_floor":["M","?","?","M","M","R","M","$","T","E","M","$","M","M","R","B",null,"M","?","M","$","M","E","M","?"],"character_chosen":"DEFECT","items_purchased":["AT_RedTearstoneRing","Cauldron","Go for the Eyes","Violence"],"campfire_rested":0,"item_purchase_floors":[8,21,21,21],"current_hp_per_floor":[68,63,50,39,39,39,13,13,13,5,5,5,8,8,8,9,66,51,24,17,22,5,5,5,0,0],"gold":204,"neow_bonus":"THREE_RARE_CARDS","is_daily":false,"chose_seed":false,"campfire_upgraded":2,"win_rate":0.0,"timestamp":1610713241,"path_taken":["M","?","?","M","M","R","M","$","T","E","M","?","M","M","R","BOSS","M","?","M","$","M","E","?","?"],"items_purchased_type":["Relic","Relic","Card","Card"],"build_version":"2020-12-22","purchased_purges":1,"victory":false,"max_hp_per_floor":[68,63,63,63,63,63,63,63,63,63,63,63,66,66,66,66,66,66,66,66,71,71,71,71,71,71],"card_choices":[{"not_picked":["REME_Shoggoth","Multi-Cast"],"picked":"All For One","floor":0},{"not_picked":["Barrage","AT_DarkMatter"],"picked":"Gash","floor":1},{"not_picked":["Loop","Hello World"],"picked":"Go for the Eyes","floor":4},{"not_picked":["Leap","Stack"],"picked":"REME_Compress","floor":5},{"not_picked":["Tempest","Cold Snap"],"picked":"All For One","floor":7},{"not_picked":["Redo","Aggregate"],"picked":"AT_HeatAcrobatics","floor":10},{"not_picked":["AT_HeatAcrobatics","Cold Snap"],"picked":"Beam Cell","floor":11},{"not_picked":["REME_Shoggoth","Tempest"],"picked":"Go for the Eyes","floor":13},{"not_picked":["Chill","Streamline"],"picked":"Go for the Eyes","floor":14},{"not_picked":["Echo Form","Biased Cognition"],"picked":"REME_ForAll","floor":16},{"not_picked":["Redo+1","Lockon"],"picked":"Gash+1","floor":18},{"not_picked":["Sunder","Barrage","Redo"],"picked":"SKIP","floor":20},{"not_picked":["Beam Cell","Glacier"],"picked":"Double Energy","floor":22},{"not_picked":["AT_WarpDrive","Streamline"],"picked":"Steam","floor":23},{"not_picked":["Cold Snap+1","Coolheaded+1","Streamline"],"picked":"SKIP","floor":24}],"player_experience":208731,"relics_obtained":[{"floor":9,"key":"Letter Opener"},{"floor":10,"key":"REME_HourglassOfDeath"},{"floor":23,"key":"Tiny Chest"}],"event_choices":[{"damage_healed":0,"gold_gain":0,"player_choice":"Lose Max HP","damage_taken":0,"relics_obtained":["Golden Idol"],"max_hp_gain":0,"max_hp_loss":5,"event_name":"Golden Idol","floor":2,"gold_loss":0},{"damage_healed":0,"gold_gain":0,"player_choice":"Entered Light","damage_taken":13,"max_hp_gain":0,"max_hp_loss":0,"event_name":"Shining Light","floor":3,"gold_loss":0,"cards_upgraded":["Defend_B","Strike_B"]},{"damage_healed":0,"gold_gain":270,"player_choice":"GOLD GOLD GOLD ","damage_taken":27,"max_hp_gain":0,"max_hp_loss":0,"event_name":"Knowing Skull","floor":19,"potions_obtained":[],"gold_loss":0,"cards_obtained":[]}],"is_beta":false,"boss_relics":[{"not_picked":["SacredBark","Philosopher\u0027s Stone"],"picked":"REME_DuelDisc"}],"items_purged_floors":[12],"is_endless":false,"potions_floor_spawned":[4,7,10,14,20,22,23],"ascension_level":0}}