{"host":"r53pw7z744tg3fxg","time":1610719963,"event":{"mods":["AchievementEnabler","BaseMod","Colored Map","Colored Powertips","Highlight Path","Minty Spire (QoL Compilation)","Quick Restart","Transform Curses"],"gold_per_floor":[114,128,102,119,136,162,162,176,201,201,201,242,317,355,355,439,439,467,487,487,487,487],"floor_reached":21,"language":"ENG","playtime":864,"items_purged":[],"score":328,"play_id":"72af3d8b-0dfa-46c3-9641-2bc7726b8233","local_time":"20210115071243","is_ascension_mode":true,"campfire_choices":[{"floor":7.0,"key":"REST"},{"data":"Eruption","floor":10.0,"key":"SMITH"},{"floor":15.0,"key":"REST"}],"circlet_count":0,"master_deck":["AscendersBane","Strike_P","Strike_P","Strike_P","Strike_P","Defend_P","Defend_P","Defend_P","Defend_P","Eruption+1","Vigilance","SpiritShield","Halt","WindmillStrike+1","Evaluate","Prostrate","BowlingBash","Scrawl","EmptyBody","PathToVictory","Consecrate","Establishment","ForeignInfluence"],"relics":["PureWater","Bottled Flame","CeramicFish","Regal Pillow","Pen Nib","Black Star","MutagenicStrength"],"acts_visited":["Exordium","TheCity"],"potions_floor_usage":[],"damage_taken":[{"damage":7.0,"enemies":"Small Slimes","floor":1.0,"turns":4.0},{"damage":0.0,"enemies":"2 Louse","floor":2.0,"turns":2.0},{"damage":0.0,"enemies":"Jaw Worm","floor":4.0,"turns":5.0},{"damage":8.0,"enemies":"2 Fungi Beasts","floor":5.0,"turns":4.0},{"damage":2.0,"enemies":"3 Sentries","floor":6.0,"turns":6.0},{"damage":0.0,"enemies":"Red Slaver","floor":8.0,"turns":4.0},{"damage":2.0,"enemies":"Gremlin Nob","floor":12.0,"turns":3.0},{"damage":6.0,"enemies":"Lagavulin","floor":14.0,"turns":7.0},{"damage":42.0,"enemies":"The Guardian","floor":16.0,"turns":12.0},{"damage":9.0,"enemies":"Shell Parasite","floor":18.0,"turns":7.0},{"damage":16.0,"enemies":"Chosen","floor":19.0,"turns":6.0},{"damage":40,"enemies":"Snecko","floor":21,"turns":6}],"seed_played":"5868645210668772327","potions_obtained":[{"floor":2.0,"key":"Dexterity Potion"},{"floor":5.0,"key":"Fire Potion"},{"floor":14.0,"key":"Dexterity Potion"},{"floor":18.0,"key":"DistilledChaos"}],"is_trial":false,"path_per_floor":["M","M","$","M","M","E","R","M","T","R","?","E","?","E","R","B",null,"M","M","?","M"],"character_chosen":"WATCHER","items_purchased":["Evaluate"],"campfire_rested":2,"item_purchase_floors":[3],"current_hp_per_floor":[58,58,58,58,50,48,69,69,69,69,69,67,56,50,72,30,62,53,37,37,0,0],"gold":487,"neow_bonus":"ONE_RANDOM_RARE_CARD","is_daily":false,"chose_seed":false,"campfire_upgraded":1,"win_rate":0.0,"timestamp":1610719963,"path_taken":["M","M","$","M","M","E","R","M","T","R","?","E","?","E","R","BOSS","M","M","?","M"],"items_purchased_type":["Card"],"build_version":"2020-12-22","purchased_purges":0,"victory":false,"max_hp_per_floor":[72,72,72,72,72,72,72,72,72,72,72,72,72,72,72,72,72,72,72,72,72,72],"card_choices":[{"not_picked":["Perseverance","Protect"],"picked":"Halt","floor":1.0},{"not_picked":["Perseverance","Wireheading"],"picked":"WindmillStrike","floor":2.0},{"not_picked":["Perseverance","Evaluate"],"picked":"Prostrate","floor":4.0},{"not_picked":["Tantrum","ClearTheMind"],"picked":"BowlingBash","floor":5.0},{"not_picked":["Fasting2","TalkToTheHand"],"picked":"Scrawl","floor":6.0},{"not_picked":["Vengeance","ThirdEye"],"picked":"EmptyBody","floor":8.0},{"not_picked":["ClearTheMind","EmptyBody"],"picked":"PathToVictory","floor":12.0},{"not_picked":["PathToVictory","Alpha"],"picked":"Consecrate","floor":14.0},{"not_picked":["Omniscience","Judgement"],"picked":"Establishment","floor":16.0},{"not_picked":["ThirdEye","Consecrate"],"picked":"ForeignInfluence","floor":18.0},{"not_picked":["ThirdEye","FlurryOfBlows","Collect"],"picked":"SKIP","floor":19.0}],"player_experience":1263970,"relics_obtained":[{"floor":6.0,"key":"Bottled Flame"},{"floor":9.0,"key":"CeramicFish"},{"floor":12.0,"key":"Regal Pillow"},{"floor":14.0,"key":"Pen Nib"}],"event_choices":[{"damage_healed":0.0,"max_hp_gain":0.0,"max_hp_loss":0.0,"gold_gain":0.0,"event_name":"Living Wall","player_choice":"Grow","floor":11.0,"gold_loss":0.0,"damage_taken":0.0,"cards_upgraded":["WindmillStrike"]},{"damage_healed":0.0,"max_hp_gain":0.0,"max_hp_loss":0.0,"gold_gain":75.0,"event_name":"World of Goop","player_choice":"Gather Gold","floor":13.0,"gold_loss":0.0,"damage_taken":11.0},{"damage_healed":0.0,"max_hp_gain":0.0,"max_hp_loss":0.0,"gold_gain":0.0,"event_name":"Drug Dealer","player_choice":"Inject Mutagens","floor":20.0,"gold_loss":0.0,"damage_taken":0.0,"relics_obtained":["MutagenicStrength"]}],"is_beta":false,"boss_relics":[{"not_picked":["Empty Cage","Sozu"],"picked":"Black Star"}],"items_purged_floors":[],"is_endless":false,"potions_floor_spawned":[2,5,14,18],"killed_by":"Snecko","ascension_level":13}}