{"host":"5dk97cf2ubw2v967","time":1610744303,"event":{"mods":["BaseMod","Better Altar","Better Vampires","Block Reminder","Colored Powertips","Downfall","Googly Eyes","Highlight Path","Minty Spire (QoL Compilation)","Permanent Neow","Potion Indicator Mod","Quick Restart","Relic Filter","Relic Stats","Say the Spire","Spicy Shops","StSLib","Waifu the Spire","everything is the same but u backflip on backflip"],"gold_per_floor":[99,99,99,99,24,24,24,24,24,24,4,4,4,4,4,4,4,4,4,4,4,4,4,4,4,4,4,4,4,4,4,4,4,4],"floor_reached":33,"language":"ENG","playtime":2078,"items_purged":["Pain"],"score":714,"play_id":"27a3d18e-d8c2-4dda-9046-c3355dcf4d55","local_time":"20210115205823","is_ascension_mode":true,"campfire_choices":[{"data":"Blade Dance","floor":6.0,"key":"SMITH"},{"floor":15.0,"key":"REST"},{"floor":25,"key":"REST"},{"floor":29,"key":"REST"},{"floor":32,"key":"RECALL"}],"circlet_count":0,"master_deck":["AscendersBane","Strike_G","Strike_G+1","Strike_G","Strike_G","Strike_G","Defend_G","Defend_G","Defend_G","Defend_G","Defend_G","Survivor","Neutralize","Setup","Blade Dance+1","Backflip","Noxious Fumes","Acrobatics","Underhanded Strike","Footwork","Predator","Backflip","Envenom","Reflex","Dash","Poisoned Stab+1","Terror","Crippling Poison","Escape Plan","Crippling Poison","Noxious Fumes"],"relics":["Ectoplasm","WarpedTongs","Regal Pillow","Mummified Hand","Bottled Lightning","Fusion Hammer","Red Mask","Nloth\u0027s Gift","Oddly Smooth Stone","Anchor","Sundial"],"acts_visited":["Exordium","TheCity"],"potions_floor_usage":[24,28,33],"damage_taken":[{"damage":3.0,"enemies":"Cultist","floor":1.0,"turns":5.0},{"damage":9.0,"enemies":"Jaw Worm","floor":2.0,"turns":5.0},{"damage":0.0,"enemies":"2 Louse","floor":4.0,"turns":2.0},{"damage":18.0,"enemies":"Lagavulin","floor":7.0,"turns":8.0},{"damage":3.0,"enemies":"Blue Slaver","floor":8.0,"turns":3.0},{"damage":10.0,"enemies":"3 Sentries","floor":10.0,"turns":6.0},{"damage":8.0,"enemies":"Looter","floor":11.0,"turns":2.0},{"damage":6.0,"enemies":"Gremlin Nob","floor":12.0,"turns":3.0},{"damage":3.0,"enemies":"Gremlin Gang","floor":14.0,"turns":4.0},{"damage":0.0,"enemies":"The Guardian","floor":16.0,"turns":8.0},{"damage":8.0,"enemies":"Shell Parasite","floor":18.0,"turns":4.0},{"damage":42.0,"enemies":"Masked Bandits","floor":19.0,"turns":5.0},{"damage":1.0,"enemies":"3 Byrds","floor":21.0,"turns":6.0},{"damage":20.0,"enemies":"Slavers","floor":23.0,"turns":6.0},{"damage":6,"enemies":"Shelled Parasite and Fungi","floor":24,"turns":5},{"damage":19,"enemies":"Gremlin Leader","floor":28,"turns":7},{"damage":20,"enemies":"Snecko","floor":30,"turns":5},{"damage":3,"enemies":"Sentry and Sphere","floor":31,"turns":6},{"damage":58,"enemies":"Champ","floor":33,"turns":10}],"seed_played":"-5686789780809651073","potions_obtained":[{"floor":4.0,"key":"Explosive Potion"},{"floor":8.0,"key":"FearPotion"},{"floor":10.0,"key":"FearPotion"},{"floor":12.0,"key":"Ancient Potion"},{"floor":13.0,"key":"Regen Potion"},{"floor":13.0,"key":"hexamod:EctoCoolerPotion"},{"floor":18.0,"key":"Fruit Juice"},{"floor":23.0,"key":"BlessingOfTheForge"},{"floor":24,"key":"GamblersBrew"},{"floor":31,"key":"Regen Potion"}],"is_trial":false,"path_per_floor":["M","M","?","M","$","R","E","M","T","E","M","E","?","M","R","B",null,"M","?","?","M","?","E","M","R","T","$","E","R","M","M","R","B"],"character_chosen":"THE_SILENT","items_purchased":[],"campfire_rested":3,"item_purchase_floors":[],"current_hp_per_floor":[56,47,47,47,47,47,29,26,31,21,13,7,7,4,40,40,63,55,28,28,27,27,12,6,43,43,43,24,61,41,38,38,0,0],"gold":4,"neow_bonus":"BOSS_RELIC","is_daily":false,"chose_seed":false,"campfire_upgraded":1,"win_rate":0.0,"timestamp":1610744303,"path_taken":["M","?","?","M","?","R","E","M","T","E","M","E","?","?","R","BOSS","M","?","?","M","?","E","?","R","T","?","E","R","M","M","R","BOSS"],"items_purchased_type":[],"build_version":"2020-12-22","purchased_purges":1,"victory":false,"max_hp_per_floor":[66,66,66,66,66,66,66,66,71,71,71,71,71,71,71,71,71,71,71,71,71,71,76,76,76,76,76,76,76,76,76,76,76,76],"relic_stats":{"Regal Pillow":45,"counters":[19,100],"Mummified Hand":[41],"Sundial":[2],"Ectoplasm":586,"Nloth\u0027s Gift":1,"obtain_stats":[{"Regal Pillow":7,"Tiny House":9,"Oddly Smooth Stone":23,"WarpedTongs":3,"Anchor":26,"Mummified Hand":10,"Sundial":28,"Ectoplasm":0,"Fusion Hammer":17,"Red Mask":19,"Nloth\u0027s Gift":22,"Bottled Lightning":12,"Ring of the Snake":0},{"Regal Pillow":4,"Tiny House":5,"Oddly Smooth Stone":14,"WarpedTongs":2,"Anchor":15,"Mummified Hand":6,"Sundial":16,"Ectoplasm":0,"Fusion Hammer":10,"Red Mask":12,"Nloth\u0027s Gift":13,"Bottled Lightning":8,"Ring of the Snake":0},{"Regal Pillow":20,"Tiny House":23,"Oddly Smooth Stone":67,"WarpedTongs":10,"Anchor":72,"Mummified Hand":29,"Sundial":79,"Ectoplasm":0,"Fusion Hammer":46,"Red Mask":55,"Nloth\u0027s Gift":61,"Bottled Lightning":34,"Ring of the Snake":0}],"WarpedTongs":[90]},"card_choices":[{"not_picked":["PiercingWail","Prepared"],"picked":"Setup","floor":1.0},{"not_picked":["Outmaneuver","Calculated Gamble"],"picked":"Blade Dance","floor":2.0},{"not_picked":["PiercingWail","Riddle With Holes"],"picked":"Backflip","floor":4.0},{"not_picked":["Well Laid Plans","Backflip"],"picked":"Noxious Fumes","floor":7.0},{"not_picked":["Quick Slash","PiercingWail"],"picked":"Acrobatics","floor":8.0},{"not_picked":["Dagger Spray","Flechettes"],"picked":"Underhanded Strike","floor":10.0},{"not_picked":["Well Laid Plans","Blade Dance"],"picked":"Footwork","floor":11.0},{"not_picked":["Endless Agony","Acrobatics"],"picked":"Predator","floor":12.0},{"not_picked":["Dagger Spray","Deadly Poison"],"picked":"Backflip","floor":14.0},{"not_picked":["Phantasmal Killer","Grand Finale"],"picked":"Envenom","floor":16.0},{"not_picked":["Blade Dance","Underhanded Strike"],"picked":"Reflex","floor":18.0},{"not_picked":["Bane","Quick Slash"],"picked":"Dash","floor":19.0},{"not_picked":["Deadly Poison+1","Prepared"],"picked":"Poisoned Stab+1","floor":21.0},{"not_picked":["Expertise","Dagger Spray"],"picked":"Terror","floor":23.0},{"not_picked":["Deadly Poison","PiercingWail+1"],"picked":"Crippling Poison","floor":24},{"not_picked":["Backflip","Glass Knife"],"picked":"Escape Plan","floor":28},{"not_picked":["Quick Slash","Dagger Throw+1"],"picked":"Crippling Poison","floor":30},{"not_picked":["Deflect","Terror"],"picked":"Noxious Fumes","floor":31}],"player_experience":1163530,"relics_obtained":[{"floor":7.0,"key":"Regal Pillow"},{"floor":9.0,"key":"Tiny House"},{"floor":10.0,"key":"Mummified Hand"},{"floor":12.0,"key":"Bottled Lightning"},{"floor":19.0,"key":"Red Mask"},{"floor":23.0,"key":"Oddly Smooth Stone"},{"floor":26,"key":"Anchor"},{"floor":28,"key":"Sundial"}],"event_choices":[{"damage_healed":0.0,"max_hp_gain":0.0,"max_hp_loss":0.0,"gold_gain":0.0,"event_name":"Accursed Blacksmith","player_choice":"Rummage","floor":3.0,"gold_loss":0.0,"damage_taken":0.0,"relics_obtained":["WarpedTongs"],"cards_obtained":["Pain"]},{"damage_healed":0.0,"max_hp_gain":0.0,"max_hp_loss":0.0,"gold_gain":0.0,"event_name":"Lab","player_choice":"Got Potions","floor":13.0,"gold_loss":0.0,"damage_taken":0.0},{"damage_healed":0.0,"max_hp_gain":0.0,"max_hp_loss":0.0,"gold_gain":0.0,"event_name":"Masked Bandits","player_choice":"Fought Bandits","floor":19.0,"gold_loss":0.0,"damage_taken":0.0},{"damage_healed":0.0,"max_hp_gain":0.0,"max_hp_loss":0.0,"gold_gain":0.0,"event_name":"Cursed Tome","player_choice":"Ignored","floor":20.0,"gold_loss":0.0,"damage_taken":0.0},{"damage_healed":0.0,"max_hp_gain":0.0,"max_hp_loss":0.0,"gold_gain":0.0,"event_name":"N\u0027loth","player_choice":"Traded Relic","floor":22.0,"relics_lost":["Tiny House"],"gold_loss":0.0,"damage_taken":0.0,"relics_obtained":["Nloth\u0027s Gift"]}],"is_beta":false,"boss_relics":[{"not_picked":["SacredBark","Black Star"],"picked":"Fusion Hammer"}],"items_purged_floors":[5],"is_endless":false,"potions_floor_spawned":[4,8,10,12,18,23,24,31],"killed_by":"Champ","ascension_level":20}}