{"host":"vumwfieg2b2mnrfl","time":1610741693,"event":{"mods":["AchievementEnabler","BaseMod","Minty Spire (QoL Compilation)","Rare Cards Sparkle","Relic Stats"],"gold_per_floor":[11,11,21,21,34,66,66,94,94,94,94,120,120,130,130,203,203,216,233,249,249,164,192,206,221,294,294,294],"floor_reached":27,"language":"ENG","playtime":889,"items_purged":[],"score":455,"play_id":"69a8f8c9-db22-4bee-80c8-621f66ad9e75","local_time":"20210115141453","is_ascension_mode":true,"campfire_choices":[{"data":"Bash","floor":7,"key":"SMITH"},{"data":"Fire Breathing","floor":13,"key":"SMITH"},{"data":"Armaments","floor":15,"key":"SMITH"}],"circlet_count":0,"master_deck":["AscendersBane","Strike_R","Strike_R","Strike_R","Strike_R","Defend_R","Defend_R","Defend_R","Defend_R+1","Bash+1","Shrug It Off+1","Whirlwind","Fire Breathing+1","Clash","Thunderclap","Shockwave","Armaments+1","Feed","Battle Trance","Entrench","True Grit+1","Shrug It Off","Uppercut+1"],"relics":["Burning Blood","StoneCalendar","White Beast Statue","InkBottle","Question Card","Sozu","Frozen Egg 2","War Paint","StrikeDummy"],"acts_visited":["Exordium","TheCity"],"potions_floor_usage":[23,23],"damage_taken":[{"damage":10.0,"enemies":"Small Slimes","floor":1.0,"turns":4.0},{"damage":7.0,"enemies":"2 Louse","floor":3.0,"turns":2.0},{"damage":0.0,"enemies":"Cultist","floor":5.0,"turns":3.0},{"damage":15.0,"enemies":"3 Sentries","floor":6.0,"turns":4.0},{"damage":32,"enemies":"Gremlin Nob","floor":8,"turns":4},{"damage":15,"enemies":"3 Sentries","floor":12,"turns":5},{"damage":9,"enemies":"3 Louse","floor":14,"turns":2},{"damage":52,"enemies":"Slime Boss","floor":16,"turns":7},{"damage":14,"enemies":"Shell Parasite","floor":18,"turns":5},{"damage":16,"enemies":"Spheric Guardian","floor":19,"turns":5},{"damage":15,"enemies":"Chosen and Byrds","floor":20,"turns":6},{"damage":41,"enemies":"Book of Stabbing","floor":23,"turns":7},{"damage":4,"enemies":"Centurion and Healer","floor":24,"turns":7},{"damage":19,"enemies":"Snake Plant","floor":25,"turns":5},{"damage":27,"enemies":"3 Cultists","floor":27,"turns":4}],"seed_played":"6696157589591303867","potions_obtained":[{"floor":3.0,"key":"LiquidBronze"},{"floor":8,"key":"Block Potion"},{"floor":12,"key":"BloodPotion"}],"is_trial":false,"path_per_floor":["M","?","M","?","M","E","R","E","T","?","?","E","R","M","R","B",null,"M","M","M","?","?","E","M","M","T","M"],"character_chosen":"IRONCLAD","items_purchased":[],"campfire_rested":0,"item_purchase_floors":[],"current_hp_per_floor":[64,64,63,63,69,60,60,34,34,39,80,71,71,68,68,22,66,61,54,45,45,45,27,29,16,16,0,0],"gold":294,"neow_bonus":"ONE_RARE_RELIC","is_daily":false,"chose_seed":false,"campfire_upgraded":3,"win_rate":0.0,"timestamp":1610741693,"path_taken":["M","?","M","?","M","E","R","E","T","?","?","E","R","M","R","BOSS","M","?","M","?","?","E","M","M","T","M"],"items_purchased_type":[],"build_version":"2020-12-22","purchased_purges":0,"victory":false,"max_hp_per_floor":[75,75,75,75,75,75,75,75,75,80,80,80,80,80,80,80,80,83,86,86,86,86,86,86,86,86,89,89],"relic_stats":{"Sozu":6,"counters":[15,70],"StoneCalendar":[150],"War Paint":["Defend_R","Shrug It Off"],"Question Card":8,"obtain_stats":[{"Sozu":17,"StoneCalendar":0,"Frozen Egg 2":22,"War Paint":23,"Question Card":12,"StrikeDummy":26,"Burning Blood":0,"White Beast Statue":8,"InkBottle":9},{"Sozu":8,"StoneCalendar":0,"Frozen Egg 2":11,"War Paint":12,"Question Card":6,"StrikeDummy":14,"Burning Blood":0,"White Beast Statue":5,"InkBottle":5},{"Sozu":31,"StoneCalendar":0,"Frozen Egg 2":47,"War Paint":54,"Question Card":22,"StrikeDummy":66,"Burning Blood":0,"White Beast Statue":17,"InkBottle":17}],"Burning Blood":84,"InkBottle":[13]},"card_choices":[{"not_picked":["Havoc","Dropkick"],"picked":"Shrug It Off","floor":1.0},{"not_picked":["Body Slam","Flex"],"picked":"Carnage","floor":3.0},{"not_picked":["Bloodletting","Warcry"],"picked":"Fire Breathing","floor":5.0},{"not_picked":["Whirlwind","Sever Soul"],"picked":"Clash","floor":6},{"not_picked":["Blood for Blood","True Grit"],"picked":"Thunderclap","floor":8},{"not_picked":["Flex","Body Slam"],"picked":"Shockwave","floor":12},{"not_picked":["Body Slam","Wild Strike","Heavy Blade"],"picked":"Armaments","floor":14},{"not_picked":["Corruption","Juggernaut","Berserk"],"picked":"Feed","floor":16},{"not_picked":["True Grit","Clothesline","Sword Boomerang"],"picked":"Battle Trance","floor":18},{"not_picked":["Dropkick","Power Through+1","Flame Barrier"],"picked":"Entrench","floor":19},{"not_picked":["Uppercut","Anger","Twin Strike"],"picked":"True Grit+1","floor":20},{"not_picked":["Heavy Blade+1","Double Tap","Second Wind"],"picked":"Shrug It Off","floor":23},{"not_picked":["Rupture+1","Perfected Strike","Armaments","Body Slam"],"picked":"SKIP","floor":24},{"not_picked":["Headbutt","Pummel","Reckless Charge"],"picked":"Uppercut+1","floor":25}],"player_experience":422052,"relics_obtained":[{"floor":8,"key":"White Beast Statue"},{"floor":9,"key":"InkBottle"},{"floor":12,"key":"Question Card"},{"floor":23,"key":"War Paint"},{"floor":26,"key":"StrikeDummy"}],"event_choices":[{"damage_healed":0.0,"max_hp_gain":0.0,"max_hp_loss":0.0,"gold_gain":0.0,"cards_transformed":["Strike_R"],"event_name":"Living Wall","player_choice":"Change","floor":2.0,"gold_loss":0.0,"damage_taken":0.0,"cards_obtained":["Whirlwind"]},{"damage_healed":0.0,"max_hp_gain":0.0,"max_hp_loss":0.0,"gold_gain":0.0,"event_name":"Liars Game","player_choice":"Ignored","floor":4.0,"gold_loss":0.0,"damage_taken":0.0},{"damage_healed":0,"gold_gain":0,"player_choice":"Donut","damage_taken":0,"max_hp_gain":5,"max_hp_loss":0,"event_name":"Big Fish","floor":10,"gold_loss":0},{"cards_removed":["Carnage"],"damage_healed":41,"gold_gain":0,"player_choice":"Offered Uncommon","damage_taken":0,"max_hp_gain":0,"max_hp_loss":0,"event_name":"Bonfire Elementals","floor":11,"gold_loss":0},{"damage_healed":0,"gold_gain":0,"player_choice":"Ignored","damage_taken":0,"max_hp_gain":0,"max_hp_loss":0,"event_name":"Ghosts","floor":21,"gold_loss":0},{"damage_healed":0,"gold_gain":0,"player_choice":"Obtained Relic","damage_taken":0,"relics_obtained":["Frozen Egg 2"],"max_hp_gain":0,"max_hp_loss":0,"event_name":"Addict","floor":22,"gold_loss":85}],"is_beta":false,"boss_relics":[{"not_picked":["Velvet Choker","Snecko Eye"],"picked":"Sozu"}],"items_purged_floors":[],"is_endless":false,"potions_floor_spawned":[3,8,12,14,16,18,19,20,23,24,25],"killed_by":"3 Cultists","ascension_level":16}}