{"host":"6jtzbi9kl8x9w6dt","time":1610683775,"event":{"mods":["Act Like it!","Aspiration","BaseMod","BetterRewards","Colored Powertips","Defuse TimeMaze Blight","Downfall","Friendly Minions","Halation","Hallownest","Hermit","Hubris","Marisa????????","Mimic Mod","Minty Spire (QoL Compilation)","Prisma Mod","READ ME - Guardian Mod","StSLib","SuperFastMode","Td1madao Mod","The Animator","The Bladedancer","The Construct","The Cursed","The Disciple","The Hierophant","The Mystic","The Necromancer","The Senshi","The Servant 0.9.4"],"gold_per_floor":[99,113,130,150,150,164,164,183,203,277,202,222,251,251,265,265,265],"floor_reached":16,"language":"ENG","playtime":598,"items_purged":[],"score":106,"play_id":"d49864cf-9775-44f8-b3ee-0845c2e2adc2","local_time":"20210114200935","is_ascension_mode":false,"campfire_choices":[{"floor":1,"key":"RECALL"},{"data":"Exchange","floor":11,"key":"SMITH"}],"circlet_count":0,"master_deck":["Strike_S","Strike_S","Strike_S","Strike_S","Defend_S","Defend_S","Defend_S","Defend_S","KidneyShot","Exchange+1","Replace","Ricochet","ShatteredReality","ShatteredReality","Defy","Starlight","ReturningBlade","Revamp"],"relics":["Uniform","Thread and Needle","hubris:PeanutButter","downfall:HeartBlessingRed","Ancient Tea Set"],"acts_visited":["Exordium"],"potions_floor_usage":[13,13,13],"damage_taken":[{"damage":0,"enemies":"Small Slimes","floor":2,"turns":4},{"damage":5,"enemies":"Cultist","floor":3,"turns":5},{"damage":0,"enemies":"2 Louse","floor":4,"turns":1},{"damage":7,"enemies":"Exordium Thugs","floor":6,"turns":5},{"damage":2,"enemies":"Exordium Wildlife","floor":8,"turns":3},{"damage":0,"enemies":"Blue Slaver","floor":9,"turns":4},{"damage":0,"enemies":"2 Fungi Beasts","floor":12,"turns":1},{"damage":2,"enemies":"Lagavulin","floor":13,"turns":7},{"damage":0,"enemies":"Large Slime","floor":15,"turns":4},{"damage":73,"enemies":"downfall:Silent","floor":16,"turns":14}],"seed_played":"2957786418513041501","potions_obtained":[{"floor":2,"key":"Dexterity Potion"},{"floor":5,"key":"LiquidMemories"},{"floor":5,"key":"PowerPotion"},{"floor":5,"key":"AttackPotion"}],"is_trial":false,"path_per_floor":["R","M","M","M","?","M","T","M","M","T","R","M","E","?","M","B"],"character_chosen":"THE_SERVANT","items_purchased":[],"campfire_rested":0,"item_purchase_floors":[],"current_hp_per_floor":[71,71,66,66,66,59,59,57,57,57,57,57,55,71,71,0,0],"gold":265,"neow_bonus":"TEN_PERCENT_HP_BONUS","is_daily":false,"chose_seed":false,"campfire_upgraded":1,"win_rate":0.0,"timestamp":1610683775,"path_taken":["R","M","M","M","?","?","T","M","M","?","R","M","E","?","M","BOSS"],"items_purchased_type":[],"build_version":"2020-12-22","purchased_purges":0,"victory":false,"max_hp_per_floor":[71,71,71,71,71,71,71,71,71,71,71,71,71,71,71,71,71],"card_choices":[{"not_picked":["Contraction","Rearm"],"picked":"Replace","floor":2},{"not_picked":["Shuttle","Rewind"],"picked":"Ricochet","floor":3},{"not_picked":["DoubleEdge","Replace"],"picked":"ShatteredReality","floor":4},{"not_picked":["LightFlow","BottledTime"],"picked":"ShatteredReality","floor":6},{"not_picked":["Alleviate","Starlight"],"picked":"Defy","floor":8},{"not_picked":["Spin","Ricochet"],"picked":"Starlight","floor":9},{"not_picked":["DoubleEdge","Manipulate"],"picked":"InstantArmor","floor":12},{"not_picked":["Defy","Revamp"],"picked":"ReturningBlade","floor":13},{"not_picked":["InstantArmor","Replace"],"picked":"Revamp","floor":15}],"player_experience":91027,"relics_obtained":[{"floor":7,"key":"Thread and Needle"},{"floor":10,"key":"hubris:PeanutButter"},{"floor":13,"key":"Ancient Tea Set"}],"event_choices":[{"damage_healed":0,"gold_gain":0,"player_choice":"Got Potions","damage_taken":0,"max_hp_gain":0,"max_hp_loss":0,"event_name":"Lab","floor":5,"gold_loss":0},{"cards_removed":["InstantArmor"],"damage_healed":16,"gold_gain":0,"player_choice":"Offered Uncommon","damage_taken":0,"max_hp_gain":0,"max_hp_loss":0,"event_name":"Bonfire Elementals","floor":14,"gold_loss":0}],"is_beta":false,"boss_relics":[],"items_purged_floors":[],"is_endless":false,"potions_floor_spawned":[2,6,9],"killed_by":"downfall:Silent","ascension_level":0}}