{"host":"l60rmjjsfi0fipmi","time":1610750469,"event":{"mods":["BaseMod","Colored Map","DeckTracker","Highlight Path","Minty Spire (QoL Compilation)","StSLib","The Cursed"],"gold_per_floor":[113,132,148,148,44,44,74,94,117,127,142,142,156,183,183,285,285,295,151,169,180,180,180,192,210,210,110,120,138,138,13,13,112,112,123,173,188,0,19,19,50,50,74,103,116,67,85,108,108,108,108],"floor_reached":50,"language":"ENG","playtime":3153,"items_purged":["Strike_R","Strike_R","Strike_R"],"score":611,"play_id":"f43937b0-d1f8-47c7-baa6-9fe290bfeafa","local_time":"20210115174109","is_ascension_mode":true,"campfire_choices":[{"data":"Infernal Blade","floor":6,"key":"SMITH"},{"data":"Iron Wave","floor":12,"key":"SMITH"},{"data":"Shrug It Off","floor":15,"key":"SMITH"},{"data":"Armaments","floor":23,"key":"SMITH"},{"floor":30,"key":"REST"},{"data":"Whirlwind","floor":32,"key":"SMITH"},{"data":"Seeing Red","floor":40,"key":"SMITH"},{"data":"Limit Break","floor":42,"key":"SMITH"},{"floor":49,"key":"REST"}],"circlet_count":0,"master_deck":["Strike_R","Strike_R","Defend_R","Defend_R","Defend_R","Defend_R","Bash","Dramatic Entrance","Shrug It Off+1","Thunderclap","Dual Wield","Flash of Steel","Reaper","Ghostly Armor","Infernal Blade+1","Pommel Strike","Iron Wave+1","Whirlwind+1","Flex","Limit Break+1","CurseOfTheBell","Flame Barrier","Inflame+1","Armaments+1","Seeing Red+1","Uppercut+1","Spot Weakness+1","Heavy Blade+1"],"relics":["Black Blood","Pen Nib","Nunchaku","Red Skull","Calling Bell","Oddly Smooth Stone","Frozen Egg 2","Du-Vu Doll","Singing Bowl","Bird Faced Urn","Red Mask","Omamori","Bag of Marbles","Art of War","Blood Vial"],"acts_visited":["Exordium","TheCity","TheBeyond"],"potions_floor_usage":[16,18,28,33,33,33,44,44,45,50,50],"damage_taken":[{"damage":1,"enemies":"Cultist","floor":1,"turns":3},{"damage":4,"enemies":"Jaw Worm","floor":2,"turns":3},{"damage":1,"enemies":"2 Louse","floor":3,"turns":2},{"damage":28,"enemies":"Gremlin Nob","floor":7,"turns":4},{"damage":6,"enemies":"Blue Slaver","floor":8,"turns":3},{"damage":6,"enemies":"Large Slime","floor":10,"turns":5},{"damage":1,"enemies":"Looter","floor":11,"turns":2},{"damage":1,"enemies":"2 Fungi Beasts","floor":13,"turns":3},{"damage":44,"enemies":"The Guardian","floor":16,"turns":16},{"damage":1,"enemies":"Chosen","floor":18,"turns":4},{"damage":10,"enemies":"3 Byrds","floor":20,"turns":4},{"damage":24,"enemies":"Snake Plant","floor":21,"turns":3},{"damage":22,"enemies":"Centurion and Healer","floor":24,"turns":6},{"damage":15,"enemies":"Sentry and Sphere","floor":25,"turns":5},{"damage":15,"enemies":"Shelled Parasite and Fungi","floor":28,"turns":6},{"damage":40,"enemies":"Snake Plant","floor":29,"turns":5},{"damage":92,"enemies":"Collector","floor":33,"turns":14},{"damage":20,"enemies":"Orb Walker","floor":35,"turns":4},{"damage":35,"enemies":"Mind Bloom Boss Battle","floor":36,"turns":9},{"damage":0,"enemies":"3 Shapes","floor":37,"turns":2},{"damage":44,"enemies":"Sphere and 2 Shapes","floor":39,"turns":5},{"damage":21,"enemies":"Reptomancer","floor":41,"turns":5},{"damage":22,"enemies":"Nemesis","floor":44,"turns":5},{"damage":58,"enemies":"Transient","floor":45,"turns":5},{"damage":14,"enemies":"4 Shapes","floor":47,"turns":3},{"damage":96,"enemies":"Time Eater","floor":50,"turns":9}],"seed_played":"-7398566940834031487","potions_obtained":[{"floor":2,"key":"LiquidBronze"},{"floor":3,"key":"AttackPotion"},{"floor":7,"key":"BloodPotion"},{"floor":8,"key":"HeartOfIron"},{"floor":16,"key":"Fire Potion"},{"floor":22,"key":"LiquidMemories"},{"floor":28,"key":"Fire Potion"},{"floor":35,"key":"DuplicationPotion"},{"floor":36,"key":"LiquidBronze"},{"floor":41,"key":"BlessingOfTheForge"},{"floor":47,"key":"Energy Potion"}],"is_trial":false,"path_per_floor":["M","M","M","?","$","R","E","M","T","M","M","R","M","T","R","B",null,"M","$","M","M","?","R","M","M","T","$","M","M","R","$","R","B",null,"M","?","M","?","M","R","E","R","T","E","M","$","M","T","R","B"],"character_chosen":"IRONCLAD","items_purchased":["Ghostly Armor","Infernal Blade","Inflame+1","Swift Potion"],"campfire_rested":2,"item_purchase_floors":[5,5,19,46],"current_hp_per_floor":[80,80,80,80,80,80,64,64,64,70,75,75,80,80,80,48,80,80,80,76,58,58,58,42,33,33,33,56,34,59,59,59,19,86,85,88,90,90,60,60,90,90,90,84,42,42,44,44,72,0,0],"gold":108,"neow_bonus":"RANDOM_COLORLESS","is_daily":false,"chose_seed":false,"campfire_upgraded":7,"win_rate":0.0,"timestamp":1610750469,"path_taken":["M","?","M","?","$","R","E","M","T","?","M","R","M","?","R","BOSS","M","$","?","M","?","R","M","M","T","$","M","?","R","?","R","BOSS","M","?","M","?","M","R","E","R","T","E","M","$","M","?","R","BOSS"],"items_purchased_type":["Card","Card","Card","Potion"],"build_version":"2020-12-22","purchased_purges":3,"victory":false,"max_hp_per_floor":[80,80,80,80,80,80,80,80,80,80,80,80,80,80,80,80,80,80,80,80,80,80,80,80,80,80,80,82,84,84,84,84,86,86,88,88,90,90,90,90,90,90,90,92,94,94,96,96,96,96,96],"card_choices":[{"not_picked":["Deep Breath","Purity"],"picked":"Dramatic Entrance","floor":0},{"not_picked":["Rupture","Entrench"],"picked":"Shrug It Off","floor":1},{"not_picked":["Warcry","Second Wind"],"picked":"Thunderclap","floor":2},{"not_picked":["Power Through","Rage"],"picked":"Dual Wield","floor":3},{"not_picked":["Warcry","Ghostly Armor"],"picked":"Pommel Strike","floor":7},{"not_picked":["Entrench","Searing Blow"],"picked":"Iron Wave","floor":8},{"not_picked":["Pommel Strike","Shrug It Off","Reckless Charge"],"picked":"SKIP","floor":10},{"not_picked":["Seeing Red","Intimidate"],"picked":"Whirlwind","floor":11},{"not_picked":["Perfected Strike","Wild Strike"],"picked":"Flex","floor":13},{"not_picked":["Brutality","Juggernaut"],"picked":"Limit Break","floor":16},{"not_picked":["Rupture+1","Rampage+1"],"picked":"Flame Barrier","floor":18},{"not_picked":["True Grit","Dark Embrace+1"],"picked":"Armaments","floor":20},{"not_picked":["Twin Strike","Wild Strike","Carnage+1"],"picked":"SKIP","floor":21},{"not_picked":["Shrug It Off","Infernal Blade"],"picked":"Seeing Red","floor":24},{"not_picked":["Body Slam","Havoc","Rupture+1"],"picked":"SKIP","floor":25},{"not_picked":["Havoc+1","Bloodletting","Armaments"],"picked":"Singing Bowl","floor":28},{"not_picked":["Spot Weakness","Twin Strike+1","Iron Wave"],"picked":"Singing Bowl","floor":29},{"not_picked":["Corruption+1","Bludgeon","Limit Break"],"picked":"Singing Bowl","floor":33},{"not_picked":["Perfected Strike","Sword Boomerang","Dark Embrace+1"],"picked":"Singing Bowl","floor":35},{"not_picked":["Wild Strike+1","Armaments+1"],"picked":"Uppercut+1","floor":36},{"not_picked":["Heavy Blade+1","Shrug It Off+1","Battle Trance"],"picked":"Singing Bowl","floor":37},{"not_picked":["Clash+1","Cleave"],"picked":"Spot Weakness+1","floor":39},{"not_picked":["Juggernaut+1","Dual Wield"],"picked":"Heavy Blade+1","floor":41},{"not_picked":["Flame Barrier","Sword Boomerang","Burning Pact+1"],"picked":"Singing Bowl","floor":44},{"not_picked":["Dual Wield","Shrug It Off+1","Cleave"],"picked":"Singing Bowl","floor":45},{"not_picked":["Armaments","Twin Strike+1","Power Through"],"picked":"Singing Bowl","floor":47}],"player_experience":408897,"relics_obtained":[{"floor":7,"key":"Pen Nib"},{"floor":9,"key":"Nunchaku"},{"floor":14,"key":"Red Skull"},{"floor":17,"key":"Oddly Smooth Stone"},{"floor":17,"key":"Frozen Egg 2"},{"floor":17,"key":"Du-Vu Doll"},{"floor":26,"key":"Singing Bowl"},{"floor":36,"key":"Bird Faced Urn"},{"floor":41,"key":"Omamori"},{"floor":43,"key":"Bag of Marbles"},{"floor":44,"key":"Art of War"},{"floor":48,"key":"Blood Vial"}],"event_choices":[{"damage_healed":0,"gold_gain":0,"player_choice":"2 cards matched","damage_taken":0,"max_hp_gain":0,"max_hp_loss":0,"event_name":"Match and Keep!","floor":4,"gold_loss":0,"cards_obtained":["Flash of Steel","Reaper"]},{"damage_healed":0,"gold_gain":0,"player_choice":"Got Potions","damage_taken":0,"max_hp_gain":0,"max_hp_loss":0,"event_name":"Lab","floor":22,"gold_loss":0},{"damage_healed":0,"gold_gain":0,"player_choice":"Fight","damage_taken":0,"max_hp_gain":0,"max_hp_loss":0,"event_name":"MindBloom","floor":36,"gold_loss":0},{"damage_healed":0,"gold_gain":0,"player_choice":"Paid","damage_taken":0,"relics_obtained":["Red Mask"],"max_hp_gain":0,"max_hp_loss":0,"event_name":"Tomb of Lord Red Mask","floor":38,"gold_loss":188}],"is_beta":false,"boss_relics":[{"not_picked":["Cursed Key","Busted Crown"],"picked":"Calling Bell"},{"not_picked":["SlaversCollar","SacredBark"],"picked":"Black Blood"}],"items_purged_floors":[19,27,31],"is_endless":false,"potions_floor_spawned":[2,3,7,8,16,24,28,35,36,41,47],"killed_by":"Time Eater","ascension_level":2}}