{"host":"01gbg40krdpein5y","time":1610698138,"event":{"mods":["BaseMod","BetterRewards","Minty Spire (QoL Compilation)","Permanent Neow","Remove Card Discount Mod","SuperFastMode","Transform Curses"],"gold_per_floor":[116,116,116,136,211,240,250,3,3,19,19,32,32,32,32,154,154,174,193,193,205,217,262,286,298,298],"floor_reached":25,"language":"ENG","playtime":882,"items_purged":["Defend_B","Defend_B","Defend_B","Strike_B+1","Strike_B","Strike_B"],"score":371,"play_id":"8a812cf9-cdf8-4dca-9d9d-eb867f832c95","local_time":"20210115000858","is_ascension_mode":false,"campfire_choices":[{"floor":11,"key":"REST"},{"floor":13,"key":"REST"},{"floor":15,"key":"REST"}],"circlet_count":0,"master_deck":["Zap","Dualcast","Magnetism","Loop+1","Hello World","Machine Learning","Seek","Defragment","Storm","Static Discharge","Self Repair","Electrodynamics","Shame","Self Repair","Electrodynamics"],"relics":["Cracked Core","Question Card","ClockworkSouvenir","Sundial","WarpedTongs","PreservedInsect","Bag of Preparation","Singing Bowl","Runic Dome","MawBank","WingedGreaves"],"acts_visited":["Exordium","TheCity"],"potions_floor_usage":[10,16,16],"damage_taken":[{"damage":0,"enemies":"Small Slimes","floor":1,"turns":2},{"damage":0,"enemies":"2 Louse","floor":4,"turns":2},{"damage":34,"enemies":"Gremlin Nob","floor":6,"turns":4},{"damage":5,"enemies":"Jaw Worm","floor":7,"turns":4},{"damage":0,"enemies":"Lots of Slimes","floor":10,"turns":1},{"damage":0,"enemies":"Large Slime","floor":12,"turns":3},{"damage":0,"enemies":"Slime Boss","floor":16,"turns":5},{"damage":30,"enemies":"2 Thieves","floor":18,"turns":2},{"damage":3,"enemies":"3 Byrds","floor":19,"turns":1},{"damage":12,"enemies":"Book of Stabbing","floor":23,"turns":2},{"damage":21,"enemies":"Snake Plant","floor":24,"turns":2},{"damage":22,"enemies":"Shelled Parasite and Fungi","floor":25,"turns":2}],"seed_played":"-7241223135125005424","potions_obtained":[{"floor":4,"key":"PotionOfCapacity"},{"floor":7,"key":"ColorlessPotion"},{"floor":12,"key":"SmokeBomb"},{"floor":16,"key":"FearPotion"},{"floor":18,"key":"Strength Potion"}],"is_trial":false,"path_per_floor":["M","?","?","M","?","E","M","$","T","M","R","M","R","$","R","B",null,"M","M","?","?","?","E","M","M"],"character_chosen":"DEFECT","items_purchased":["Question Card","ClockworkSouvenir","Magnetism","Loop","Sundial","Storm","Bag of Preparation","Explosive Potion"],"campfire_rested":3,"item_purchase_floors":[0,0,0,0,0,8,8,8],"current_hp_per_floor":[75,75,60,60,49,15,10,10,10,10,32,32,54,54,75,75,75,54,60,60,60,45,40,19,0,0],"gold":298,"neow_bonus":"","is_daily":false,"chose_seed":false,"campfire_upgraded":0,"win_rate":0.0,"timestamp":1610698138,"path_taken":["M","?","?","M","?","E","?","?","T","M","R","M","R","$","R","BOSS","M","M","?","?","?","E","?","?"],"items_purchased_type":["Relic","Relic","Card","Card","Relic","Card","Relic","Potion"],"build_version":"2020-12-22","purchased_purges":6,"victory":false,"max_hp_per_floor":[75,75,75,75,75,75,75,75,75,75,75,75,75,75,75,75,75,77,79,79,79,84,84,84,84,84],"card_choices":[{"not_picked":["Go for the Eyes","Cold Snap","Beam Cell"],"picked":"Hello World","floor":1},{"not_picked":["Cold Snap","Redo","Compile Driver"],"picked":"Seek","floor":4},{"not_picked":["Redo","Gash","Heatsinks"],"picked":"Defragment","floor":6},{"not_picked":["Melter","Hologram","Stack","Sweeping Beam"],"picked":"SKIP","floor":7},{"not_picked":["Sunder","Streamline","Turbo"],"picked":"Static Discharge","floor":10},{"not_picked":["Sweeping Beam","Barrage","Scrape"],"picked":"Self Repair","floor":12},{"not_picked":["Rainbow","Amplify","Biased Cognition"],"picked":"Electrodynamics","floor":16},{"not_picked":["Sweeping Beam+1","Reprogram","Undo","Beam Cell"],"picked":"Singing Bowl","floor":18},{"not_picked":["Ball Lightning","Leap","FTL","Hologram"],"picked":"Singing Bowl","floor":19},{"not_picked":["Cold Snap","Sunder+1","FTL+1"],"picked":"Self Repair","floor":23},{"not_picked":["Rip and Tear","Coolheaded","Skim"],"picked":"Electrodynamics","floor":24}],"player_experience":323111,"relics_obtained":[{"floor":6,"key":"PreservedInsect"},{"floor":9,"key":"Singing Bowl"},{"floor":23,"key":"WingedGreaves"}],"event_choices":[{"damage_healed":0,"gold_gain":0,"cards_transformed":["Defend_B"],"player_choice":"Change","damage_taken":0,"max_hp_gain":0,"max_hp_loss":0,"event_name":"Living Wall","floor":2,"gold_loss":0,"cards_obtained":["Machine Learning"]},{"damage_healed":0,"gold_gain":0,"player_choice":"Entered Light","damage_taken":15,"max_hp_gain":0,"max_hp_loss":0,"event_name":"Shining Light","floor":3,"gold_loss":0,"cards_upgraded":["Strike_B","Loop"]},{"damage_healed":0,"gold_gain":75,"player_choice":"Gather Gold","damage_taken":11,"max_hp_gain":0,"max_hp_loss":0,"event_name":"World of Goop","floor":5,"gold_loss":0},{"damage_healed":0,"gold_gain":0,"player_choice":"Stole Relic","damage_taken":0,"relics_obtained":["MawBank"],"max_hp_gain":0,"max_hp_loss":0,"event_name":"Addict","floor":20,"gold_loss":0,"cards_obtained":["Shame"]},{"damage_healed":0,"gold_gain":0,"player_choice":"Ignored","damage_taken":0,"max_hp_gain":0,"max_hp_loss":0,"event_name":"Vampires","floor":21,"gold_loss":0},{"damage_healed":0,"gold_gain":0,"player_choice":"Shed Blood","damage_taken":20,"max_hp_gain":5,"max_hp_loss":0,"event_name":"Forgotten Altar","floor":22,"gold_loss":0}],"is_beta":false,"boss_relics":[{"not_picked":["Fusion Hammer","Philosopher\u0027s Stone"],"picked":"Runic Dome"}],"items_purged_floors":[8,8,8,8,8,8],"is_endless":false,"potions_floor_spawned":[4,7,12,16,18,19],"killed_by":"Shelled Parasite and Fungi","ascension_level":0}}