{"host":"zdabnj8jwiq9ngus","time":1610715078,"event":{"mods":["Arknights The Spire","BaseMod","Decade(王小明)","Downfall","GifTheSpireLib","Lobotomy","Minty Spire (QoL Compilation)","Replay The Spire","StSLib","The Construct","The Cursed","The Runesmith","[IsaacMod]以撒尖塔","noobMod"],"gold_per_floor":[115,132,150,169,169,203,203,229,255,255,289,289,289,331,331,344,344,442,442,458,486,313,412,446,446,493,539,562,603,528,528,580,604,604,717,717,773,857,886,912,957,1037,1037,1085,1085,1114,1114,1114,1153,1184,1184,1218],"floor_reached":53,"language":"ZHS","playtime":3456,"items_purged":["ats:Strike G","ats:Defend","Slimebound:Icky"],"score":794,"play_id":"5da1daea-fc2b-4f12-b771-f147c0146010","local_time":"20210115205118","is_ascension_mode":false,"campfire_choices":[{"data":"ats:Neurotoxin","floor":7,"key":"SMITH"},{"data":"ats:Consecutive Shot Auto","floor":7,"key":"SMITH"},{"data":"ats:Dogmatic Field","floor":10,"key":"SMITH"},{"data":"ats:Emotion Absorption","floor":10,"key":"SMITH"},{"data":"ats:Powerful Strike","floor":15,"key":"SMITH"},{"data":"ats:Armor Crushing Shot","floor":15,"key":"SMITH"},{"floor":17,"key":"REST"},{"data":"ats:Poison Spread","floor":25,"key":"SMITH"},{"data":"ats:Rapid Magazine","floor":25,"key":"SMITH"},{"data":"ats:Disruption Kick","floor":43,"key":"SMITH"},{"data":"ats:Spore Proliferation","floor":43,"key":"SMITH"},{"data":"Jack Of All Trades","floor":51,"key":"SMITH"},{"data":"ats:Shadow Assault","floor":51,"key":"SMITH"}],"circlet_count":0,"master_deck":["ats:Strike C+1","ats:Strike S","ats:Strike V","ats:Armor Crushing Shot+1","ats:Defend","ats:Defend+1","ats:Defend","ats:Emotion Absorption+1","ats:Neurotoxin+1","ats:Consecutive Shot Auto+1","ats:Flexible Camouflage+1","ats:Cat Scratch","ats:Dogmatic Field+1","ats:Powerful Strike+1","ats:Volcano","ats:Poison Spread+1","ats:Assault Order+1","ats:Rapid Magazine+1","ats:Explosion Area Strengthen+1","ats:Mental Burst+1","ats:Spore Proliferation+1","ats:Shadow Assault+1","Necronomicurse","ats:Chain Hook","ats:Disruption Kick+1","ats:Encircling Forest","ats:Sword Rain+1","ats:Apocalypse","ats:Leaping Hammer+1","ats:Shell Defense+1","ats:Red Shift+1","ats:Sword Rain","ats:Leaping Hammer+1","ats:Hook Shot+1","Jack Of All Trades+1","DoctorFetus+1"],"relics":["ats:Sanity","ice","HushsDoor","Replay:Arrowhead","SteamSale","ats:Originium","War Paint","Bird Faced Urn","PreservedInsect","ReplayTheSpireMod:TigerMarble","SlaversCollar","Red Mask","Replay:Bandana","Blue Doll","Lantern","Membership Card","Replay:Kaleidoscope","Blood Vial","Necronomicon","Whetstone","Replay:Grab Bag","Philosopher\u0027s Stone","Sozu","Black Star","D6","ReplayTheSpireMod:Lightbulb","Girya","ats:Berate","Torii","Pet Ghost","ReplayTheSpireMod:Ring of Challenge","Ring of Fury","Cauldron","Replay:Mystery Machine","ats:Rhine Circuitry"],"acts_visited":["Exordium","TheCity","TheBeyond"],"potions_floor_usage":[35,41],"damage_taken":[{"damage":1,"enemies":"Cultist","floor":1,"turns":3},{"damage":8,"enemies":"Jaw Worm","floor":2,"turns":3},{"damage":9,"enemies":"2 Louse","floor":3,"turns":2},{"damage":15,"enemies":"Looter","floor":4,"turns":3},{"damage":16,"enemies":"Lagavulin","floor":6,"turns":8},{"damage":16,"enemies":"Gremlin Nob","floor":11,"turns":3},{"damage":31,"enemies":"Gremlin Gang","floor":16,"turns":6},{"damage":60,"enemies":"Hexaghost","floor":18,"turns":8},{"damage":0,"enemies":"Shell Parasite","floor":20,"turns":3},{"damage":29,"enemies":"Masked Bandits","floor":21,"turns":5},{"damage":6,"enemies":"Chosen","floor":24,"turns":3},{"damage":0,"enemies":"Sentry and Sphere","floor":26,"turns":3},{"damage":13,"enemies":"Book of Stabbing","floor":27,"turns":3},{"damage":11,"enemies":"3 Cultists","floor":29,"turns":4},{"damage":3,"enemies":"Gremlin Leader","floor":32,"turns":2},{"damage":9,"enemies":"Snake Plant","floor":33,"turns":3},{"damage":59,"enemies":"Champ","floor":35,"turns":8},{"damage":9,"enemies":"3 Darklings","floor":37,"turns":2},{"damage":0,"enemies":"Mind Bloom Boss Battle","floor":38,"turns":3},{"damage":8,"enemies":"Orb Walker","floor":39,"turns":2},{"damage":0,"enemies":"Spire Growth","floor":40,"turns":2},{"damage":152,"enemies":"Transient","floor":41,"turns":6},{"damage":0,"enemies":"Giant Head","floor":42,"turns":2},{"damage":0,"enemies":"Reptomancer","floor":44,"turns":2},{"damage":10,"enemies":"Sphere and 2 Shapes","floor":46,"turns":2},{"damage":0,"enemies":"Maw","floor":49,"turns":2},{"damage":0,"enemies":"Jaw Worm Horde","floor":50,"turns":1},{"damage":21,"enemies":"Replay:Hell Engine","floor":52,"turns":2}],"seed_played":"-2824317321986182135","potions_obtained":[{"floor":3,"key":"Weak Potion"},{"floor":4,"key":"Block Potion"},{"floor":6,"key":"BlessingOfTheForge"},{"floor":21,"key":"FairyPotion"}],"is_trial":false,"path_per_floor":["M","M","M","M","?","E","R","?","T","R","E","PTL","PTL","?","R","M","R","B",null,"M","?","$","?","M","R","M","E","T","M","$","?","E","M","R","B",null,"M","?","M","M","M","E","R","E","T","M","?","$","M","M","R","B",null],"character_chosen":"DOCTOR_CLASS","items_purchased":["Replay:Bandana","ats:Rapid Magazine","ats:Explosion Area Strengthen","Membership Card","Replay:Kaleidoscope","Blood Vial","Cauldron","Replay:Mystery Machine","ats:Rhine Circuitry","Jack Of All Trades","DoctorFetus+1"],"campfire_rested":1,"item_purchase_floors":[22,22,22,30,30,30,48,48,48,48,48],"current_hp_per_floor":[50,42,33,18,18,72,72,44,44,44,41,41,41,26,26,30,53,90,90,90,63,63,63,63,63,65,58,58,49,49,33,38,33,33,90,115,106,116,105,111,118,123,123,123,123,118,118,118,123,123,123,127],"gold":1218,"neow_bonus":"ONE_RARE_RELIC","is_daily":false,"chose_seed":false,"campfire_upgraded":12,"win_rate":0.0,"timestamp":1610715078,"path_taken":["M","M","M","M","?","E","R","?","T","R","E","PTL","PTL","?","R","M","R","BOSS","M","?","$","?","M","R","?","E","T","M","?","?","E","M","R","BOSS","M","?","?","M","M","E","R","E","T","M","?","$","M","M","R","BOSS"],"items_purchased_type":["Relic","Card","Card","Relic","Relic","Relic","Relic","Relic","Relic","Card","Card"],"build_version":"2020-12-22","purchased_purges":3,"victory":true,"max_hp_per_floor":[72,72,72,72,72,72,72,72,72,72,73,73,73,73,73,78,78,90,90,92,96,96,96,98,98,99,104,104,107,107,107,108,111,111,115,115,116,116,114,114,118,123,123,123,123,123,123,123,123,123,123,127],"card_choices":[{"not_picked":["ats:Automatic Cover","ats:Consecutive Shot Auto"],"picked":"ats:Neurotoxin","floor":1},{"not_picked":["Bomb","ats:True Silver Slash"],"picked":"ats:Consecutive Shot Auto","floor":2},{"not_picked":["ats:Revitalization","ats:Healing Strengthening"],"picked":"ats:Flexible Camouflage","floor":3},{"not_picked":["ats:Chain Hook","ats:Steam Pump"],"picked":"ats:Cat Scratch","floor":4},{"not_picked":["ats:Revitalization","ats:Apocalypse"],"picked":"ats:Dogmatic Field","floor":6},{"not_picked":["ats:Very Hot Blade","ats:Explosion Area Strengthen"],"picked":"ats:Powerful Strike","floor":8},{"not_picked":["ats:Directed Diagnosis","ats:Cat Scratch","ats:Counter Healing Mode"],"picked":"SKIP","floor":11},{"not_picked":["ats:Powerful Strike","ats:Flexible Camouflage","ats:Beaten Up"],"picked":"SKIP","floor":16},{"not_picked":["ats:Calcification","ats:Wolf Pack"],"picked":"ats:Volcano","floor":18},{"not_picked":["ats:Powerful Strike+1","ats:Very Hot Blade"],"picked":"ats:Poison Spread","floor":20},{"not_picked":["ats:Hook Shot+1","ats:Childhood Dance"],"picked":"ats:Assault Order+1","floor":21},{"not_picked":["ats:Poison Spread","ats:Explosion Area Strengthen"],"picked":"ats:Mental Burst+1","floor":24},{"not_picked":["ats:Childhood Dance","ats:Assault Order"],"picked":"ats:Spore Proliferation","floor":26},{"not_picked":["ats:Consecutive Shot Auto","ats:Red Shift"],"picked":"ats:Shadow Assault","floor":27},{"not_picked":["ats:Demon Strength","ats:Cat Scratch","ats:Curse Doll"],"picked":"SKIP","floor":29},{"not_picked":["ats:Counter Healing Mode","ats:Poison Spread"],"picked":"ats:Chain Hook","floor":32},{"not_picked":["ats:Shell Defense+1","ats:Hammer On","ats:Thermite Blade+1"],"picked":"SKIP","floor":33},{"not_picked":["ats:Nebulous Foxfire","ats:Soul Rend"],"picked":"ats:Disruption Kick","floor":35},{"not_picked":["ats:Healing Strengthening+1","ats:Apocalypse"],"picked":"ats:Encircling Forest","floor":37},{"not_picked":["ats:Childhood Dance","ats:Chain Hook"],"picked":"ats:Sword Rain+1","floor":38},{"not_picked":["ats:Shell Defense","ats:Curse Doll"],"picked":"ats:Apocalypse","floor":39},{"not_picked":["ats:Revitalization+1","ats:Curse Doll"],"picked":"ats:Leaping Hammer+1","floor":40},{"not_picked":["ats:Leaping Hammer+1","ats:Hammer On"],"picked":"ats:Shell Defense+1","floor":41},{"not_picked":["ats:Part Time Job","ats:Thermite Blade+1"],"picked":"ats:Red Shift+1","floor":42},{"not_picked":["ats:Thorns+1","ats:Leaping Hammer+1"],"picked":"ats:Sword Rain","floor":42},{"not_picked":["ats:Red Shift+1","ats:Hammer On+1"],"picked":"ats:Leaping Hammer+1","floor":44},{"not_picked":["ats:Childhood Dance+1","ats:Directed Diagnosis"],"picked":"ats:Hook Shot+1","floor":46},{"not_picked":["ats:LN2 Cannon","ats:Guardian Obelisk+1","ats:Leaping Hammer"],"picked":"SKIP","floor":49},{"not_picked":["ats:Cat Scratch+1","ats:Neurotoxin","ats:Support Order"],"picked":"SKIP","floor":50}],"player_experience":39829,"relics_obtained":[{"floor":6,"key":"ats:Originium"},{"floor":6,"key":"War Paint"},{"floor":8,"key":"Bird Faced Urn"},{"floor":9,"key":"PreservedInsect"},{"floor":11,"key":"ats:Originium"},{"floor":11,"key":"ReplayTheSpireMod:TigerMarble"},{"floor":21,"key":"Red Mask"},{"floor":27,"key":"ats:Originium"},{"floor":27,"key":"Blue Doll"},{"floor":28,"key":"Lantern"},{"floor":31,"key":"Necronomicon"},{"floor":32,"key":"Whetstone"},{"floor":38,"key":"D6"},{"floor":42,"key":"ReplayTheSpireMod:Lightbulb"},{"floor":42,"key":"Girya"},{"floor":44,"key":"ats:Berate"},{"floor":44,"key":"Torii"},{"floor":45,"key":"Pet Ghost"},{"floor":47,"key":"ReplayTheSpireMod:Ring of Challenge"},{"floor":47,"key":"Ring of Fury"}],"event_choices":[{"cards_removed":["Iron Wave"],"damage_healed":0,"gold_gain":0,"player_choice":"Took Card","damage_taken":0,"max_hp_gain":0,"max_hp_loss":0,"event_name":"NoteForYourself","floor":5,"gold_loss":0,"cards_obtained":["Iron Wave"]},{"damage_healed":0,"gold_gain":0,"player_choice":"Fought Bandits","damage_taken":0,"max_hp_gain":0,"max_hp_loss":0,"event_name":"Masked Bandits","floor":21,"gold_loss":0},{"damage_healed":0,"gold_gain":99,"player_choice":"Stole From Cult","damage_taken":0,"max_hp_gain":0,"max_hp_loss":0,"event_name":"Nest","floor":23,"gold_loss":0},{"damage_healed":0,"gold_gain":0,"player_choice":"Obtained Book","damage_taken":16,"max_hp_gain":0,"max_hp_loss":0,"event_name":"Cursed Tome","floor":31,"gold_loss":0},{"damage_healed":0,"gold_gain":0,"player_choice":"Got Potions","damage_taken":0,"max_hp_gain":0,"max_hp_loss":0,"event_name":"Lab","floor":34,"gold_loss":0},{"damage_healed":0,"gold_gain":0,"player_choice":"Fight","damage_taken":0,"max_hp_gain":0,"max_hp_loss":0,"event_name":"MindBloom","floor":38,"gold_loss":0}],"is_beta":false,"boss_relics":[{"not_picked":["Runesmith:UraniumAnvil","ChewingGum"],"picked":"SlaversCollar"},{"not_picked":[]},{"not_picked":["Replay:Bronze Core","Painkiller Herb"],"picked":"Replay:Grab Bag"},{"not_picked":["Busted Crown","Runic Dome"],"picked":"Philosopher\u0027s Stone"},{"not_picked":["Fusion Hammer","Cursed Key"],"picked":"Sozu"},{"not_picked":["construct:ClawGrip","Tiny House"],"picked":"Black Star"},{"not_picked":[]}],"items_purged_floors":[22,30,48],"is_endless":false,"potions_floor_spawned":[3,4,6,16,18,21,29,35,39,42,46,49],"ascension_level":0}}