{"host":"f5gffvlv6a66yqkd","time":1610706671,"event":{"mods":["2.2 Compatiblity","Alarm Clock","BaseMod","Colored Map","Custom Start","DeckTracker","Keyboard Shortcuts","Minty Spire (QoL Compilation)","Permanent Neow","Quick Restart","Relic Stats","StSLib","SuperFastMode"],"gold_per_floor":[118,118,43,43,43,78,78,92,141,154,177,191,191,210,210,304,304,322,180,203,216,131,131,151,76,150,170,45,45,81,3,3,3,3],"floor_reached":33,"language":"KOR","playtime":898,"items_purged":["Defend_G","Strike_G","Strike_G"],"score":584,"play_id":"70cd9004-64d0-4a9d-8b23-699274f2b259","local_time":"20210115193111","is_ascension_mode":true,"campfire_choices":[{"data":"Neutralize","floor":7.0,"key":"SMITH"},{"data":"Envenom","floor":13.0,"key":"SMITH"},{"data":"Blade Dance","floor":15.0,"key":"SMITH"},{"floor":23.0,"key":"REST"},{"floor":29.0,"key":"REST"},{"data":"Concentrate","floor":32,"key":"SMITH"}],"circlet_count":0,"master_deck":["AscendersBane","Strike_G","Strike_G","Defend_G","Defend_G","Defend_G","Survivor","Neutralize+1","Footwork","Dagger Spray","Envenom+1","All Out Attack","Backstab","Deadly Poison","Blade Dance+1","After Image","Acrobatics","Accuracy","Blade Dance","Tactician","Reflex","Concentrate+1"],"relics":["Ring of the Snake","NeowsBlessing","Golden Idol","Sundial","Blood Vial","SacredBark","InkBottle","Singing Bowl","Molten Egg 2"],"acts_visited":["Exordium","TheCity"],"potions_floor_usage":[30,30],"damage_taken":[{"damage":0.0,"enemies":"Small Slimes","floor":1.0,"turns":1.0},{"damage":0.0,"enemies":"Gremlin Nob","floor":6.0,"turns":1.0},{"damage":0.0,"enemies":"Jaw Worm","floor":8.0,"turns":1.0},{"damage":0.0,"enemies":"2 Louse","floor":10.0,"turns":3.0},{"damage":7.0,"enemies":"Exordium Thugs","floor":11.0,"turns":4.0},{"damage":6.0,"enemies":"Gremlin Gang","floor":12.0,"turns":3.0},{"damage":2.0,"enemies":"Blue Slaver","floor":14.0,"turns":4.0},{"damage":19.0,"enemies":"Slime Boss","floor":16.0,"turns":11.0},{"damage":31.0,"enemies":"Spheric Guardian","floor":18.0,"turns":6.0},{"damage":2.0,"enemies":"3 Byrds","floor":20.0,"turns":4.0},{"damage":12.0,"enemies":"Snecko","floor":21.0,"turns":5.0},{"damage":8.0,"enemies":"Centurion and Healer","floor":24.0,"turns":6.0},{"damage":20.0,"enemies":"Sentry and Sphere","floor":27.0,"turns":5.0},{"damage":13,"enemies":"Slavers","floor":30,"turns":3},{"damage":22,"enemies":"Champ","floor":33,"turns":11}],"seed_played":"-1525668285946133443","potions_obtained":[{"floor":6.0,"key":"GamblersBrew"},{"floor":11.0,"key":"Explosive Potion"},{"floor":16.0,"key":"Swift Potion"},{"floor":20.0,"key":"FearPotion"},{"floor":21.0,"key":"ColorlessPotion"},{"floor":27.0,"key":"DistilledChaos"}],"is_trial":false,"path_per_floor":["M","?","$","?","?","E","R","M","T","M","M","M","R","M","R","B",null,"M","$","M","M","?","R","M","?","T","M","$","R","E","$","R","B"],"character_chosen":"THE_SILENT","items_purchased":["Accuracy","Concentrate"],"campfire_rested":2,"item_purchase_floors":[19,31],"current_hp_per_floor":[59,36,36,36,36,36,36,36,36,38,33,29,29,29,29,12,53,24,24,24,14,14,33,27,27,27,11,11,31,20,20,20,0,0],"gold":3,"neow_bonus":"THREE_ENEMY_KILL","is_daily":false,"chose_seed":false,"campfire_upgraded":4,"win_rate":0.0,"timestamp":1610706671,"path_taken":["M","?","$","?","?","E","R","M","T","M","M","M","R","?","R","BOSS","M","$","?","M","?","R","M","?","T","M","$","R","E","?","R","BOSS"],"items_purchased_type":["Card","Card"],"build_version":"2020-12-22","purchased_purges":3,"victory":false,"max_hp_per_floor":[66,66,66,66,66,66,66,66,66,66,66,66,66,66,66,66,66,66,66,66,66,66,66,66,66,66,68,68,68,68,68,68,68,68],"relic_stats":{"Blood Vial":24,"Singing Bowl":2,"counters":[15,68],"Golden Idol":71,"Sundial":[14],"obtain_stats":[{"Blood Vial":9,"NeowsBlessing":0,"Singing Bowl":26,"Golden Idol":2,"Sundial":6,"SacredBark":17,"Molten Egg 2":30,"InkBottle":22,"Ring of the Snake":0},{"Blood Vial":3,"NeowsBlessing":0,"Singing Bowl":12,"Golden Idol":1,"Sundial":2,"SacredBark":8,"Molten Egg 2":14,"InkBottle":11,"Ring of the Snake":0},{"Blood Vial":3,"NeowsBlessing":0,"Singing Bowl":49,"Golden Idol":1,"Sundial":2,"SacredBark":28,"Molten Egg 2":57,"InkBottle":43,"Ring of the Snake":0}],"InkBottle":[18],"Ring of the Snake":[30]},"card_choices":[{"not_picked":["PiercingWail","Dodge and Roll"],"picked":"Footwork","floor":1.0},{"not_picked":["Endless Agony","Slice"],"picked":"Dagger Spray","floor":6.0},{"not_picked":["Prepared","PiercingWail"],"picked":"Envenom","floor":8.0},{"not_picked":["Dodge and Roll","Expertise"],"picked":"All Out Attack","floor":10.0},{"not_picked":["Well Laid Plans","Sucker Punch"],"picked":"Backstab","floor":11.0},{"not_picked":["Accuracy","Calculated Gamble"],"picked":"Deadly Poison","floor":12.0},{"not_picked":["Backflip","Slice"],"picked":"Blade Dance","floor":14.0},{"not_picked":["Burst","Venomology"],"picked":"After Image","floor":16.0},{"not_picked":["Sucker Punch","Blade Dance"],"picked":"Acrobatics","floor":18.0},{"not_picked":["Backflip+1","Riddle With Holes"],"picked":"Blade Dance","floor":20.0},{"not_picked":["Concentrate","Leg Sweep","Outmaneuver"],"picked":"SKIP","floor":21.0},{"not_picked":["Flying Knee","Deadly Poison+1"],"picked":"Tactician","floor":24.0},{"not_picked":["Prepared","Caltrops","Deflect"],"picked":"Singing Bowl","floor":27.0},{"not_picked":["Backflip","Sucker Punch+1"],"picked":"Reflex","floor":30}],"player_experience":1556992,"relics_obtained":[{"floor":6.0,"key":"Sundial"},{"floor":9.0,"key":"Blood Vial"},{"floor":26.0,"key":"Singing Bowl"},{"floor":30,"key":"Molten Egg 2"}],"event_choices":[{"damage_healed":0.0,"max_hp_gain":0.0,"max_hp_loss":0.0,"gold_gain":0.0,"event_name":"Golden Idol","player_choice":"Take Damage","floor":2.0,"gold_loss":0.0,"damage_taken":23.0,"relics_obtained":["Golden Idol"]},{"damage_healed":0.0,"max_hp_gain":0.0,"max_hp_loss":0.0,"gold_gain":0.0,"event_name":"Liars Game","player_choice":"Ignored","floor":4.0,"gold_loss":0.0,"damage_taken":0.0},{"cards_removed":["Defend_G"],"damage_healed":0.0,"max_hp_gain":0.0,"max_hp_loss":0.0,"gold_gain":0.0,"event_name":"Purifier","player_choice":"Purged","floor":5.0,"gold_loss":0.0,"damage_taken":0.0},{"damage_healed":0.0,"max_hp_gain":0.0,"max_hp_loss":0.0,"gold_gain":0.0,"event_name":"Addict","player_choice":"Obtained Relic","floor":22.0,"gold_loss":85.0,"damage_taken":0.0,"relics_obtained":["InkBottle"]},{"cards_removed":["Strike_G"],"damage_healed":0.0,"max_hp_gain":0.0,"max_hp_loss":0.0,"gold_gain":0.0,"event_name":"Beggar","player_choice":"Gave Gold","floor":25.0,"gold_loss":75.0,"damage_taken":0.0}],"is_beta":false,"boss_relics":[{"not_picked":["Philosopher\u0027s Stone","Runic Pyramid"],"picked":"SacredBark"}],"items_purged_floors":[3,19,28],"is_endless":false,"potions_floor_spawned":[6,11,16,20,21,27],"killed_by":"Champ","ascension_level":20}}