{"host":"mai03x2ekbjy4059","time":1610673740,"event":{"mods":["2.2 Compatiblity","BaseMod","DeckTracker","Highlight Path","Keyboard Shortcuts","Minty Spire (QoL Compilation)","Permanent Neow","Quick Restart","SuperFastMode","everything is the same but u backflip on backflip"],"gold_per_floor":[111,128,203,217,17,48,63,95,147,181,195,195,195,207,207,309,309,319,331,331,350,350,382,382,409,433,446,459,459,485,15,15,115,115,132,132,60,60,60,85,99,99,99,99,130,144,171,121,121,121,121,121,71,103,103],"floor_reached":56,"language":"KOR","playtime":2007,"items_purged":["Defend_G","Strike_G","Tactician+1","Heel Hook+1","Defend_G"],"score":1600,"play_id":"2c306456-7cdc-484a-a3e8-f6cdd94cb2b2","local_time":"20210115102220","is_ascension_mode":true,"campfire_choices":[{"data":"Cloak And Dagger","floor":13.0,"key":"SMITH"},{"data":"Cloak And Dagger","floor":15.0,"key":"SMITH"},{"data":"Blade Dance","floor":24.0,"key":"SMITH"},{"data":"Accuracy","floor":32.0,"key":"SMITH"},{"data":"After Image","floor":42.0,"key":"SMITH"},{"data":"Terror","floor":44.0,"key":"SMITH"},{"floor":49.0,"key":"RECALL"},{"data":"Neutralize","floor":52.0,"key":"SMITH"}],"circlet_count":0,"master_deck":["Defend_G+1","Neutralize+1","Footwork","Blur","Footwork","Cloak And Dagger+1","Backstab+1","Terror+1","Cloak And Dagger+1","Escape Plan","Dash+1","Blade Dance","Footwork","Blade Dance+1","Accuracy+1","Finisher+1","Impatience","Master of Strategy","After Image+1","Blade Dance","Flash of Steel+1"],"relics":["Ring of the Snake","Dream Catcher","Gremlin Horn","Smiling Mask","Bag of Marbles","Astrolabe","Ice Cream","Ginger","Oddly Smooth Stone","War Paint","Busted Crown","Centennial Puzzle","MealTicket","Incense Burner","Whetstone"],"acts_visited":["Exordium","TheCity","TheBeyond","TheEnding"],"potions_floor_usage":[55,55,55],"damage_taken":[{"damage":0.0,"enemies":"Small Slimes","floor":1.0,"turns":4.0},{"damage":0.0,"enemies":"Jaw Worm","floor":2.0,"turns":7.0},{"damage":0.0,"enemies":"Cultist","floor":4.0,"turns":4.0},{"damage":10.0,"enemies":"3 Sentries","floor":6.0,"turns":15.0},{"damage":4.0,"enemies":"Looter","floor":7.0,"turns":4.0},{"damage":0.0,"enemies":"Lagavulin","floor":8.0,"turns":12.0},{"damage":15.0,"enemies":"Gremlin Nob","floor":10.0,"turns":4.0},{"damage":0.0,"enemies":"3 Louse","floor":11.0,"turns":3.0},{"damage":0.0,"enemies":"2 Fungi Beasts","floor":14.0,"turns":3.0},{"damage":1.0,"enemies":"Hexaghost","floor":16.0,"turns":12.0},{"damage":1.0,"enemies":"Spheric Guardian","floor":18.0,"turns":7.0},{"damage":0.0,"enemies":"2 Thieves","floor":19.0,"turns":3.0},{"damage":0.0,"enemies":"Shelled Parasite and Fungi","floor":21.0,"turns":9.0},{"damage":0.0,"enemies":"Gremlin Leader","floor":23.0,"turns":11.0},{"damage":0.0,"enemies":"Slavers","floor":25.0,"turns":4.0},{"damage":0.0,"enemies":"Snake Plant","floor":27.0,"turns":5.0},{"damage":0.0,"enemies":"3 Cultists","floor":28.0,"turns":5.0},{"damage":0.0,"enemies":"Gremlin Leader","floor":30.0,"turns":5.0},{"damage":3.0,"enemies":"Automaton","floor":33.0,"turns":6.0},{"damage":0.0,"enemies":"3 Darklings","floor":35.0,"turns":1.0},{"damage":1.0,"enemies":"Nemesis","floor":40.0,"turns":5.0},{"damage":0.0,"enemies":"3 Shapes","floor":41.0,"turns":3.0},{"damage":0.0,"enemies":"Giant Head","floor":45.0,"turns":4.0},{"damage":0.0,"enemies":"Spire Growth","floor":46.0,"turns":3.0},{"damage":0.0,"enemies":"Reptomancer","floor":47.0,"turns":3.0},{"damage":0.0,"enemies":"Awakened One","floor":50.0,"turns":10.0},{"damage":0.0,"enemies":"Shield and Spear","floor":54.0,"turns":3.0},{"damage":29,"enemies":"The Heart","floor":55,"turns":8}],"seed_played":"-4666812470424767734","potions_obtained":[{"floor":1.0,"key":"CunningPotion"},{"floor":7.0,"key":"BlessingOfTheForge"},{"floor":14.0,"key":"GamblersBrew"},{"floor":18.0,"key":"ColorlessPotion"},{"floor":23.0,"key":"Block Potion"},{"floor":25.0,"key":"SkillPotion"},{"floor":30.0,"key":"PowerPotion"},{"floor":40.0,"key":"Block Potion"},{"floor":41.0,"key":"Block Potion"},{"floor":46.0,"key":"DuplicationPotion"},{"floor":54.0,"key":"Fire Potion"}],"is_trial":false,"path_per_floor":["M","M","?","M","$","E","M","E","T","E","M","?","R","M","R","B",null,"M","M","?","M","?","E","R","E","T","M","M","?","E","$","R","B",null,"M","?","$","?","?","E","M","R","T","R","E","M","E","$","R","B",null,"R","$","E","B",null],"character_chosen":"THE_SILENT","items_purchased":["Footwork","Cloak And Dagger","Impatience","War Paint","Master of Strategy","Blade Dance"],"campfire_rested":0,"item_purchase_floors":[5,5,31,31,31,37],"current_hp_per_floor":[49,49,38,38,38,28,24,24,24,9,9,9,9,9,9,8,70,69,69,69,69,69,69,69,69,69,69,69,69,69,69,69,66,70,70,70,70,65,65,64,64,64,64,64,64,64,64,66,66,66,66,66,66,66,37],"gold":103,"neow_bonus":"REMOVE_TWO","is_daily":false,"chose_seed":false,"campfire_upgraded":7,"win_rate":0.0,"timestamp":1610673740,"path_taken":["M","M","?","M","?","E","?","E","T","E","M","?","R","M","R","BOSS","M","M","?","M","?","E","R","E","T","M","M","?","E","?","R","BOSS","M","?","$","?","?","E","?","R","T","R","E","M","E","$","R","BOSS","R","$","E","BOSS"],"items_purchased_type":["Card","Card","Card","Relic","Card","Card"],"build_version":"2020-12-22","purchased_purges":5,"victory":true,"max_hp_per_floor":[70,70,70,70,70,70,70,70,70,70,70,70,70,70,70,70,70,70,70,70,70,70,70,70,70,70,70,70,70,70,70,70,70,70,70,70,70,70,66,66,66,66,66,66,66,66,66,66,66,66,66,66,66,66,66],"card_choices":[{"not_picked":["Poisoned Stab","Sucker Punch"],"picked":"Footwork","floor":1.0},{"not_picked":["Prepared","Crippling Poison","Quick Slash"],"picked":"SKIP","floor":2.0},{"not_picked":["Crippling Poison","Tactician"],"picked":"Blur","floor":4.0},{"not_picked":["Dagger Spray","Backflip"],"picked":"Backstab","floor":6.0},{"not_picked":["Setup","Flechettes"],"picked":"Terror","floor":7.0},{"not_picked":["Underhanded Strike","Sucker Punch"],"picked":"Cloak And Dagger","floor":8.0},{"not_picked":["Unload","Slice","Calculated Gamble"],"picked":"SKIP","floor":10.0},{"not_picked":["Eviscerate","Finisher"],"picked":"Escape Plan","floor":11.0},{"not_picked":["Predator","Quick Slash","Deadly Poison"],"picked":"SKIP","floor":14.0},{"not_picked":["PiercingWail","Outmaneuver","Slice"],"picked":"SKIP","floor":18.0},{"not_picked":["Dagger Throw","Die Die Die","Poisoned Stab"],"picked":"SKIP","floor":19.0},{"not_picked":["Cloak And Dagger","Prepared"],"picked":"Footwork","floor":21.0},{"not_picked":["Poisoned Stab+1","Catalyst"],"picked":"Blade Dance","floor":23.0},{"not_picked":["Flying Knee","Deadly Poison"],"picked":"Accuracy","floor":25.0},{"not_picked":["Eviscerate","Deadly Poison","Outmaneuver+1"],"picked":"SKIP","floor":27.0},{"not_picked":["Poisoned Stab+1","Dagger Throw","Grand Finale"],"picked":"SKIP","floor":28.0},{"not_picked":["Blade Dance","Tactician"],"picked":"Finisher+1","floor":30.0},{"not_picked":["Venomology","Wraith Form v2"],"picked":"After Image","floor":33.0},{"not_picked":["Concentrate"],"picked":"SKIP","floor":35.0},{"not_picked":[],"picked":"Flash of Steel","floor":38.0},{"not_picked":["Finisher+1"],"picked":"SKIP","floor":40.0},{"not_picked":["Riddle With Holes"],"picked":"SKIP","floor":41.0},{"not_picked":["Heel Hook"],"picked":"SKIP","floor":45.0},{"not_picked":["Heel Hook"],"picked":"SKIP","floor":45.0},{"not_picked":["Slice+1"],"picked":"SKIP","floor":46.0},{"not_picked":["Blade Dance+1"],"picked":"SKIP","floor":47.0},{"not_picked":["Predator"],"picked":"SKIP","floor":54.0}],"player_experience":1013235,"relics_obtained":[{"floor":6.0,"key":"Dream Catcher"},{"floor":8.0,"key":"Gremlin Horn"},{"floor":9.0,"key":"Smiling Mask"},{"floor":10.0,"key":"Bag of Marbles"},{"floor":23.0,"key":"Ice Cream"},{"floor":25.0,"key":"Ginger"},{"floor":26.0,"key":"Oddly Smooth Stone"},{"floor":40.0,"key":"Centennial Puzzle"},{"floor":45.0,"key":"MealTicket"},{"floor":47.0,"key":"Incense Burner"},{"floor":54.0,"key":"Whetstone"}],"event_choices":[{"damage_healed":0.0,"max_hp_gain":0.0,"max_hp_loss":0.0,"gold_gain":75.0,"event_name":"World of Goop","player_choice":"Gather Gold","floor":3.0,"gold_loss":0.0,"damage_taken":11.0},{"damage_healed":0.0,"max_hp_gain":0.0,"max_hp_loss":0.0,"gold_gain":0.0,"event_name":"Scrap Ooze","player_choice":"Fled","floor":12.0,"gold_loss":0.0,"damage_taken":0.0},{"damage_healed":0.0,"max_hp_gain":0.0,"max_hp_loss":0.0,"gold_gain":0.0,"event_name":"The Library","player_choice":"Read","floor":20.0,"gold_loss":0.0,"damage_taken":0.0,"cards_obtained":["Blade Dance"]},{"cards_removed":["Defend_G"],"damage_healed":0.0,"max_hp_gain":0.0,"max_hp_loss":0.0,"gold_gain":0.0,"event_name":"Back to Basics","player_choice":"Elegance","floor":22.0,"gold_loss":0.0,"damage_taken":0.0},{"damage_healed":0.0,"max_hp_gain":0.0,"max_hp_loss":0.0,"gold_gain":0.0,"event_name":"Ghosts","player_choice":"Ignored","floor":29.0,"gold_loss":0.0,"damage_taken":0.0},{"cards_removed":["Survivor"],"damage_healed":0.0,"max_hp_gain":0.0,"max_hp_loss":0.0,"gold_gain":0.0,"event_name":"Falling","player_choice":"Removed Skill","floor":36.0,"gold_loss":0.0,"damage_taken":0.0},{"damage_healed":0.0,"max_hp_gain":0.0,"max_hp_loss":0.0,"gold_gain":0.0,"event_name":"SensoryStone","player_choice":"Memory 2","floor":38.0,"gold_loss":0.0,"damage_taken":5.0},{"damage_healed":0.0,"max_hp_gain":0.0,"max_hp_loss":4.0,"gold_gain":0.0,"event_name":"Winding Halls","player_choice":"Max HP","floor":39.0,"gold_loss":0.0,"damage_taken":0.0}],"is_beta":false,"boss_relics":[{"not_picked":["Ring of the Serpent","Fusion Hammer"],"picked":"Astrolabe"},{"not_picked":["SlaversCollar","Runic Dome"],"picked":"Busted Crown"}],"items_purged_floors":[5,31,37,48,53],"is_endless":false,"potions_floor_spawned":[1,7,14,18,23,25,30,40,41,46,54],"ascension_level":1}}