{"host":"17uzppmr1r5fe5jj","time":1610720667,"event":{"mods":["BaseMod","Minty Spire (QoL Compilation)","StSLib","TestMod","The Cursed","[IsaacMod]ÒÔÈö¼âËþ"],"gold_per_floor":[367,243,193,193,208,208,234,234,314,330,330,345,5,39,39,140,140,155,166,166,41,60,60,394,414,414,431,431,281,298,328,328,431,431,431,431],"floor_reached":35,"language":"ZHS","playtime":1489,"items_purged":["TheCursedMod:Strike_TheCursed","TheCursedMod:Strike_TheCursed","TheCursedMod:Defend_TheCursed","TheCursedMod:Defend_TheCursed"],"score":553,"play_id":"0afe7790-7b94-477b-bf48-a3aa550b4773","local_time":"20210115222427","is_ascension_mode":true,"campfire_choices":[{"data":"TheCursedMod:Stigma","floor":6.0,"key":"SMITH"},{"data":"TheCursedMod:UltimatePain","floor":8.0,"key":"SMITH"},{"data":"TheCursedMod:StingEye","floor":15.0,"key":"SMITH"},{"floor":23.0,"key":"REST"},{"floor":28.0,"key":"REST"},{"floor":32.0,"key":"REST"}],"circlet_count":0,"master_deck":["TheCursedMod:Strike_TheCursed","TheCursedMod:Strike_TheCursed","TheCursedMod:Defend_TheCursed","TheCursedMod:CursedWand","TheCursedMod:CleanUpWorkshop","TheCursedMod:Dregs","BloodyBrimstone","TheCursedMod:Stigma+1","Regret","TheCursedMod:StingEye+1","TheCursedMod:UltimatePain+1","TheCursedMod:OutForBlood","TheCursedMod:CircleOfBlood","TheCursedMod:CursedAmulet+1","TheCursedMod:Hemoplague","TheCursedMod:SoulReap","TheCursedMod:CircleOfFlame","TheCursedMod:Torture+1","TheCursedMod:SpreadPlague","TheCursedMod:SurpriseAttack","TheCursedMod:DemonicPact","TheCursedMod:ShockAndAwe"],"relics":["TheCursedMod:BlackMagic101","testmod-TestBox","HushsDoor","BelialBook","testmod-BlackFramedGlasses","testmod-Hope","TheCursedMod:Tack","DeathBook","Sundial","BookofShadows","GuppysPaw","Fusion Hammer","GuppysHead","Old Coin","testmod-IntensifyImprint","testmod-BatchProcessingSystem","GuppysTail","Fusion Hammer"],"acts_visited":["Exordium","TheCity","TheBeyond"],"potions_floor_usage":[],"damage_taken":[{"damage":2.0,"enemies":"2 Louse","floor":1.0,"turns":3.0},{"damage":10.0,"enemies":"Jaw Worm","floor":5.0,"turns":3.0},{"damage":34.0,"enemies":"Lagavulin","floor":7.0,"turns":4.0},{"damage":0.0,"enemies":"Small Slimes","floor":10.0,"turns":3.0},{"damage":0.0,"enemies":"Blue Slaver","floor":12.0,"turns":1.0},{"damage":0.0,"enemies":"3 Sentries","floor":14.0,"turns":1.0},{"damage":4.0,"enemies":"Hexaghost","floor":16.0,"turns":2.0},{"damage":17.0,"enemies":"Spheric Guardian","floor":18.0,"turns":4.0},{"damage":4.0,"enemies":"Chosen","floor":19.0,"turns":3.0},{"damage":20.0,"enemies":"Centurion and Healer","floor":22.0,"turns":6.0},{"damage":1.0,"enemies":"Book of Stabbing","floor":24.0,"turns":2.0},{"damage":14.0,"enemies":"Snake Plant","floor":25.0,"turns":3.0},{"damage":0.0,"enemies":"Chosen and Byrds","floor":27.0,"turns":3.0},{"damage":35.0,"enemies":"Shelled Parasite and Fungi","floor":30.0,"turns":4.0},{"damage":15.0,"enemies":"Gremlin Leader","floor":31.0,"turns":3.0},{"damage":19.0,"enemies":"Automaton","floor":33.0,"turns":4.0},{"damage":0,"enemies":"3 Darklings","floor":35,"turns":1}],"seed_played":"8963674958202943732","potions_obtained":[{"floor":1.0,"key":"SteroidPotion"},{"floor":16.0,"key":"Block Potion"},{"floor":24.0,"key":"GamblersBrew"},{"floor":27.0,"key":"PowerPotion"}],"is_trial":false,"path_per_floor":["M","$","?","?","M","R","E","R","T","M","T","M","$","E","R","B",null,"M","M","?","$","M","R","E","M","T","M","R","$","M","E","R","B",null,"M"],"character_chosen":"THE_CURSED","items_purchased":["TheCursedMod:Stigma","BookofShadows","GuppysHead","GuppysTail"],"campfire_rested":3,"item_purchase_floors":[2,13,17,34],"current_hp_per_floor":[68,68,68,68,60,60,30,30,30,33,33,34,34,35,35,33,43,28,31,31,31,27,39,43,31,31,34,43,43,18,25,37,41,33,33,33],"gold":431,"neow_bonus":"TWO_FIFTY_GOLD","is_daily":false,"chose_seed":false,"campfire_upgraded":3,"win_rate":0.0,"timestamp":1610720667,"path_taken":["M","$","?","?","M","R","E","R","T","M","?","M","$","E","R","BOSS","M","M","?","$","M","R","E","?","T","M","R","?","M","E","R","BOSS","M"],"items_purchased_type":["Card","Relic","Relic","Relic"],"build_version":"2020-12-22","purchased_purges":4,"victory":false,"max_hp_per_floor":[68,68,68,68,68,68,65,65,65,65,65,62,62,56,56,53,43,43,43,43,43,43,43,43,43,43,43,43,43,43,43,43,43,33,33,33],"card_choices":[{"not_picked":[],"picked":"BloodyBrimstone","floor":0.0},{"not_picked":["TheCursedMod:CursedMace","TheCursedMod:ManaBullet"],"picked":"Bomb","floor":1.0},{"not_picked":["TheCursedMod:TacticalStrike","TheCursedMod:CursedAmulet"],"picked":"TheCursedMod:StingEye","floor":5.0},{"not_picked":["TheCursedMod:FleshFromBone","TheCursedMod:Wield"],"picked":"TheCursedMod:UltimatePain","floor":7.0},{"not_picked":["TheCursedMod:RapidMovement","TheCursedMod:Evocation","TheCursedMod:HellfireBreathing"],"picked":"SKIP","floor":10.0},{"not_picked":["TheCursedMod:HellsGateOpen","TheCursedMod:FleshFromBone","TheCursedMod:SpitefulStrike"],"picked":"SKIP","floor":12.0},{"not_picked":["TheCursedMod:Grudge","TheCursedMod:RavingStaff","TheCursedMod:Wield"],"picked":"SKIP","floor":14.0},{"not_picked":["TheCursedMod:CircleOfAbyss","TheCursedMod:ManaCirculation"],"picked":"TheCursedMod:OutForBlood","floor":16.0},{"not_picked":["TheCursedMod:Stigma","TheCursedMod:Wield"],"picked":"TheCursedMod:CircleOfBlood","floor":18.0},{"not_picked":["TheCursedMod:FuryStrike+1","TheCursedMod:HellfireBreathing"],"picked":"TheCursedMod:CursedAmulet+1","floor":19.0},{"not_picked":["TheCursedMod:Stigma","TheCursedMod:CursedMace"],"picked":"TheCursedMod:SoulReap","floor":22.0},{"not_picked":["TheCursedMod:SpitefulPlan+1","TheCursedMod:CursedShiv"],"picked":"TheCursedMod:CircleOfFlame","floor":24.0},{"not_picked":["TheCursedMod:CollectTribute","TheCursedMod:Wield"],"picked":"TheCursedMod:Torture+1","floor":25.0},{"not_picked":["TheCursedMod:BloodBarrier","TheCursedMod:CircleOfFlame"],"picked":"TheCursedMod:SpreadPlague","floor":27.0},{"not_picked":["TheCursedMod:ManaBullet+1","TheCursedMod:TacticalStrike"],"picked":"TheCursedMod:SurpriseAttack","floor":30.0},{"not_picked":["TheCursedMod:Obscuration","TheCursedMod:SpreadPlague"],"picked":"TheCursedMod:DemonicPact","floor":31.0},{"not_picked":["TheCursedMod:DarkBarrier","TheCursedMod:ManaCirculation"],"picked":"TheCursedMod:ShockAndAwe","floor":33.0}],"player_experience":100891,"relics_obtained":[{"floor":7.0,"key":"TheCursedMod:Tack"},{"floor":9.0,"key":"DeathBook"},{"floor":11.0,"key":"Sundial"},{"floor":14.0,"key":"GuppysPaw"},{"floor":24.0,"key":"Old Coin"},{"floor":26.0,"key":"Diplopia"},{"floor":31.0,"key":"testmod-IntensifyImprint"}],"event_choices":[{"cards_removed":["TheCursedMod:Defend_TheCursed"],"damage_healed":0.0,"max_hp_gain":0.0,"max_hp_loss":0.0,"gold_gain":0.0,"event_name":"The Cleric","player_choice":"Card Removal","floor":3.0,"gold_loss":50.0,"damage_taken":0.0},{"damage_healed":0.0,"max_hp_gain":0.0,"max_hp_loss":0.0,"gold_gain":0.0,"event_name":"Big Fish","player_choice":"Box","floor":4.0,"gold_loss":0.0,"damage_taken":0.0,"relics_obtained":["testmod-Hope"],"cards_obtained":["Regret"]},{"damage_healed":0.0,"max_hp_gain":0.0,"max_hp_loss":0.0,"gold_gain":0.0,"event_name":"The Library","player_choice":"Read","floor":20.0,"gold_loss":0.0,"damage_taken":0.0,"cards_obtained":["TheCursedMod:Hemoplague"]}],"is_beta":false,"boss_relics":[{"not_picked":["testmod-DreamHouse","testmod-StringDisintegrator"],"picked":"Fusion Hammer"},{"not_picked":[]},{"not_picked":["Busted Crown","Empty Cage"],"picked":"testmod-BatchProcessingSystem"},{"not_picked":[]}],"items_purged_floors":[2,13,21,29],"is_endless":false,"potions_floor_spawned":[1,16,24,27,33],"killed_by":"3 Darklings","ascension_level":2}}