{"host":"xnrw1j8ho83czkv7","time":1610751613,"event":{"mods":["AchievementEnabler","BaseMod","Colored Map","Colored Powertips","Minty Spire (QoL Compilation)","Quick Restart","StSLib"],"gold_per_floor":[114,36,49,49,49,49,83,93,116,145,145,161,179,192,192,192,192],"floor_reached":16,"language":"ENG","playtime":704,"items_purged":[],"score":151,"play_id":"7fa1a4ad-2ad4-4643-a49d-23091333055d","local_time":"20210115230013","is_ascension_mode":true,"campfire_choices":[{"data":"Genetic Algorithm","floor":6,"key":"SMITH"},{"data":"Blizzard","floor":11,"key":"SMITH"},{"data":"Zap","floor":15,"key":"SMITH"}],"circlet_count":0,"master_deck":["Strike_B","Strike_B","Strike_B","Defend_B","Defend_B","Defend_B","Defend_B","Zap+1","Dualcast","Blizzard+1","Genetic Algorithm+1","Regret","Cold Snap","Gash","Heatsinks"],"relics":["Cracked Core","NeowsBlessing","Potion Belt","Boot","Lantern","Bird Faced Urn"],"acts_visited":["Exordium"],"potions_floor_usage":[10,16,16],"damage_taken":[{"damage":0,"enemies":"2 Louse","floor":1,"turns":1},{"damage":0,"enemies":"Jaw Worm","floor":3,"turns":1},{"damage":0,"enemies":"3 Sentries","floor":7,"turns":1},{"damage":2,"enemies":"Small Slimes","floor":8,"turns":3},{"damage":27,"enemies":"Gremlin Nob","floor":10,"turns":4},{"damage":4,"enemies":"Looter","floor":12,"turns":3},{"damage":2,"enemies":"Exordium Wildlife","floor":13,"turns":4},{"damage":14,"enemies":"Red Slaver","floor":14,"turns":3},{"damage":22,"enemies":"Hexaghost","floor":16,"turns":9}],"seed_played":"-888694130646040864","potions_obtained":[{"floor":7,"key":"CultistPotion"},{"floor":12,"key":"Dexterity Potion"},{"floor":14,"key":"SkillPotion"}],"is_trial":false,"path_per_floor":["M","$","M","?","?","R","E","M","T","E","R","M","M","M","R","B"],"character_chosen":"DEFECT","items_purchased":["Blizzard"],"campfire_rested":0,"item_purchase_floors":[2],"current_hp_per_floor":[75,75,75,68,68,68,68,66,66,39,39,35,33,19,19,0,0],"gold":192,"neow_bonus":"THREE_ENEMY_KILL","is_daily":false,"chose_seed":false,"campfire_upgraded":3,"win_rate":0.0,"timestamp":1610751613,"path_taken":["M","$","M","?","?","R","E","M","T","E","R","M","M","M","R","BOSS"],"items_purchased_type":["Card"],"build_version":"2020-12-22","purchased_purges":0,"victory":false,"max_hp_per_floor":[75,75,75,75,75,75,75,75,75,75,75,75,75,75,75,75,75],"card_choices":[{"not_picked":["Steam","Aggregate","Steam Power"],"picked":"SKIP","floor":1},{"not_picked":["Capacitor","Rebound"],"picked":"Genetic Algorithm","floor":3},{"not_picked":["Redo","Rip and Tear","Fusion"],"picked":"SKIP","floor":7},{"not_picked":["Gash","Sweeping Beam"],"picked":"Cold Snap","floor":8},{"not_picked":["Recycle","Tempest"],"picked":"Gash","floor":10},{"not_picked":["Sunder","Conserve Battery","Stack"],"picked":"SKIP","floor":12},{"not_picked":["Streamline","Capacitor","Conserve Battery"],"picked":"SKIP","floor":13},{"not_picked":["Reprogram","Steam Power"],"picked":"Heatsinks","floor":14}],"player_experience":44496,"relics_obtained":[{"floor":7,"key":"Boot"},{"floor":9,"key":"Lantern"},{"floor":10,"key":"Bird Faced Urn"}],"event_choices":[{"cards_removed":["Strike_B"],"damage_healed":0,"gold_gain":0,"player_choice":"Card Removal","damage_taken":7,"max_hp_gain":0,"max_hp_loss":0,"event_name":"Golden Wing","floor":4,"gold_loss":0},{"damage_healed":0,"gold_gain":0,"player_choice":"Box","damage_taken":0,"relics_obtained":["Potion Belt"],"max_hp_gain":0,"max_hp_loss":0,"event_name":"Big Fish","floor":5,"gold_loss":0,"cards_obtained":["Regret"]}],"is_beta":false,"boss_relics":[],"items_purged_floors":[],"is_endless":false,"potions_floor_spawned":[7,12,14],"killed_by":"Hexaghost","ascension_level":2}}