{"host":"ss2ocoam53r2lno0","time":1610718507,"event":{"mods":["Act Like it!","BaseMod","ChefMod","Clockwork Mod","Colored Powertips","Curses Come First","Displayed Cursed Tome","Downfall","Evolution","Googly Eyes","Hallownest","Highlight Path","Minty Spire (QoL Compilation)","Poor People Problems","Rare Cards Sparkle","Robot Space Explorer","Shade Mod","Shop Mod","Spicy Shops","StSLib","The Marked"],"gold_per_floor":[116,41,41,0,0,0,0,101,101,121,121,137,137,137],"floor_reached":13,"language":"ENG","playtime":1198,"items_purged":["Clockwork:Strike"],"score":92,"play_id":"7d306723-bc69-4d3a-b9a5-958d736a8245","local_time":"20210115144827","is_ascension_mode":true,"campfire_choices":[{"data":"Clockwork:Roundhouse","floor":6.0,"key":"SMITH"}],"circlet_count":0,"master_deck":["Clockwork:Roundhouse+1","Clockwork:Roundhouse+1","Clockwork:Strike","Clockwork:Shield","Clockwork:Shield","Clockwork:Shield","Clockwork:Shield","Clockwork:Tinker","Clockwork:WarmUp","Clockwork:AdaptiveShield","Clockwork:WoundupStrike","Clockwork:RevUp"],"relics":["Clockwork:MomentumEngine","EVO:Axolotl","Regal Pillow","Busted Crown"],"acts_visited":["Hallownest:Greenpath","Hallownest:CityofTears"],"potions_floor_usage":[],"damage_taken":[{"damage":23.0,"enemies":"Hallownest:2_Tiktiks_and_1_Crawlid","floor":1.0,"turns":6.0},{"damage":8.0,"enemies":"Hallownest:BossHornet","floor":8.0,"turns":27.0},{"damage":39,"enemies":"Hallownest:Guard_and_Sentry","floor":10,"turns":12},{"damage":27,"enemies":"Hallownest:Flukemon_and_Top","floor":12,"turns":8},{"damage":10,"enemies":"Hallownest:3_Mistakes","floor":13,"turns":2}],"seed_played":"-104640824028606563","potions_obtained":[],"is_trial":false,"path_per_floor":["M","$","?","?","$","R","?","B",null,"M","?","M","M"],"character_chosen":"CLOCKWORK","items_purchased":[],"campfire_rested":0,"item_purchase_floors":[],"current_hp_per_floor":[54,54,54,54,54,54,54,46,75,36,36,9,0,0],"gold":137,"neow_bonus":"ONE_RANDOM_RARE_CARD","is_daily":false,"chose_seed":false,"campfire_upgraded":1,"win_rate":0.0,"timestamp":1610718507,"path_taken":["M","?","?","?","$","R","?","BOSS","M","?","M","?"],"items_purchased_type":[],"build_version":"2020-12-22","purchased_purges":1,"victory":false,"max_hp_per_floor":[85,85,85,85,85,85,85,85,85,85,85,85,85,85],"card_choices":[{"not_picked":["Clockwork:RevUp","Clockwork:Improve"],"picked":"Clockwork:AdaptiveShield","floor":1.0},{"not_picked":["Clockwork:CraftQuicksilverHourglass","Clockwork:Halt"],"picked":"Clockwork:WindupStrike","floor":8.0},{"not_picked":[],"picked":"Clockwork:RevUp","floor":10},{"not_picked":["Clockwork:ReserveSystems"],"picked":"SKIP","floor":12}],"player_experience":728813,"relics_obtained":[],"event_choices":[],"is_beta":false,"boss_relics":[{"not_picked":["Philosopher\u0027s Stone","Ectoplasm"],"picked":"Busted Crown"}],"items_purged_floors":[2],"is_endless":false,"potions_floor_spawned":[],"killed_by":"Hallownest:3_Mistakes","ascension_level":6}}