{"host":"lg1avtpkuoyoubr4","time":1610737664,"event":{"mods":["Act Like it!","BaseMod","BetterRewards","Downfall","Friendly Minions","Gensokyo","Hallownest","Kiyohime（清?）","Marisa（霧雨　魔理沙）","Mimic Mod","Minty Spire (QoL Compilation)","MostiFishMod","Reimu（博??梦）","Remilia（蕾米莉?）","Replay The Spire","Shop Mod","StSLib","The Jungle","Waifu the Spire"],"gold_per_floor":[117,117,287,307,407,435,435,445,468,498,509,583,583,611,611,713,713,713],"floor_reached":17,"language":"ZHS","playtime":1273,"items_purged":["Defend_RM","Strike_RM"],"score":366,"play_id":"60395f12-8cb4-4f23-b0fe-6029350e0b7f","local_time":"20210116030744","is_ascension_mode":true,"campfire_choices":[{"data":"BloodHunter","floor":7,"key":"SMITH"},{"data":"Pot Of Greed","floor":13,"key":"SMITH"},{"data":"BloodySeventeenLaser","floor":15,"key":"SMITH"}],"circlet_count":0,"master_deck":["Strike_RM","Strike_RM","Strike_RM","Defend_RM","Defend_RM","Defend_RM","RedMoon","ScarletShoot","CharismaGuard","MastersStateliness","BloodHunter+1","Maim","Stigmanizer","HunterOfTheNight","CurseOfVladTepes","Pot Of Greed+1","Pot Of Greed","BloodySeventeenLaser+1","VampireKiss","ReplayTheSpireMod:Splinters","MastersStateliness","QueenOfMidnight"],"relics":["ScarletHat","DaveBox","Orichalcum","Replay:Towering Pillar of Hats","SynthV:C4","DianPoetry","SynthV:TestCard","Gensokyo:OccultBall","Potion Belt","Dream Catcher","Grinning Jar","RuthlessExorcism:ReiMu","Runic Dome"],"acts_visited":["Gensokyo:Gensokyo","Gensokyo:Gensokyo"],"potions_floor_usage":[6,6,16,16],"damage_taken":[{"damage":0,"enemies":"Gensokyo:2_Kodama","floor":1,"turns":2},{"damage":15,"enemies":"Gensokyo:Python","floor":3,"turns":2},{"damage":0,"enemies":"Gensokyo:Gryphon","floor":4,"turns":3},{"damage":0,"enemies":"Gensokyo:Cirno","floor":6,"turns":6},{"damage":0,"enemies":"Gensokyo:2_Rabbits","floor":8,"turns":3},{"damage":0,"enemies":"Gensokyo:Aya","floor":10,"turns":5},{"damage":0,"enemies":"Gensokyo:Kitsune","floor":11,"turns":2},{"damage":0,"enemies":"Gensokyo:Mamizou","floor":14,"turns":4},{"damage":10,"enemies":"Gensokyo:Yukari","floor":16,"turns":7}],"seed_played":"6900822773407147763","potions_obtained":[{"floor":1,"key":"ColorlessPotion"},{"floor":4,"key":"BlessingOfTheForge"},{"floor":11,"key":"Doom Potion"},{"floor":12,"key":"SmokeBomb"},{"floor":12,"key":"DistilledChaos"},{"floor":12,"key":"ColorlessPotion"},{"floor":16,"key":"BlessingOfTheForge"}],"is_trial":false,"path_per_floor":["M","?","M","M","?","E","R","M","T","E","M","?","R","E","R","B",null],"character_chosen":"REMILIA","items_purchased":["Orichalcum","SynthV:C4","CharismaGuard","DianPoetry","MastersStateliness","VampireClaw"],"campfire_rested":0,"item_purchase_floors":[0,0,0,0,0,0],"current_hp_per_floor":[30,30,16,16,16,16,16,16,16,16,16,16,16,16,16,19,75,75],"gold":713,"neow_bonus":"","is_daily":false,"chose_seed":false,"campfire_upgraded":3,"win_rate":0.0,"timestamp":1610737664,"path_taken":["M","?","M","M","?","E","R","M","T","E","M","?","R","E","R","BOSS"],"items_purchased_type":["Relic","Relic","Card","Relic","Card","Card"],"build_version":"2020-12-22","purchased_purges":2,"victory":false,"max_hp_per_floor":[75,75,75,75,75,75,75,75,75,75,75,75,75,75,75,75,75,75],"card_choices":[{"not_picked":["HunterOfTheNight","BombardNight"],"picked":"BloodHunter","floor":1},{"not_picked":["DiffusionOfMisfortune","BloodHunter","ScarletDevil","MiserableFate"],"picked":"Maim","floor":3},{"not_picked":["BloodHunter","EndlessAdversity","FavorOfDestiny","RedRainbow"],"picked":"Stigmanizer","floor":4},{"not_picked":["MiserableFate","Stigmanizer","BadLadyScramble","BloodAndWine"],"picked":"HunterOfTheNight","floor":6},{"not_picked":["RedRainbow","ScarletDevil","FavorOfDestiny","CharismaGuard"],"picked":"CurseOfVladTepes","floor":8},{"not_picked":["RedRainbow","BombardNight","RedMagic","MastersStateliness"],"picked":"BloodySeventeenLaser","floor":10},{"not_picked":["BloodyMagicSquare","ScarletDream","BloodHunter","StarOfDavid"],"picked":"VampireKiss","floor":11},{"not_picked":["CharismaGuard","BloodHunter","ScarletDevil","DiffusionOfMisfortune"],"picked":"MastersStateliness","floor":12},{"not_picked":["UnderTheZenith","ScarletDevil","VampireKiss","NightLord","ScarletImprint"],"picked":"SKIP","floor":14},{"not_picked":["ScarletMeister","BatForm","CeilingFear","BloodyCatastrophe"],"picked":"QueenOfMidnight","floor":16}],"player_experience":178781,"relics_obtained":[{"floor":1,"key":"SynthV:TestCard"},{"floor":6,"key":"Potion Belt"},{"floor":9,"key":"Dream Catcher"},{"floor":10,"key":"Grinning Jar"},{"floor":14,"key":"Gensokyo:OccultBall"},{"floor":14,"key":"RuthlessExorcism:ReiMu"},{"floor":16,"key":"Gensokyo:OccultBall"}],"event_choices":[],"is_beta":false,"boss_relics":[{"not_picked":["Replay:Ancient Bell","PatriotShield"],"picked":"Runic Dome"}],"items_purged_floors":[0,0],"is_endless":false,"potions_floor_spawned":[1,4,11,16],"ascension_level":1}}