{"host":"z4nt7tdd4gjrinn7","time":1610725267,"event":{"mods":["100% Spire Juice","BaseMod","Minty Spire (QoL Compilation)","StSLib"],"gold_per_floor":[113,113,133,146,166,166,195,195,195,210,54,104,122,122,122,222,272,288,288,288,18,37,37,50,63,89,129,152,164,75,102,114,126,126],"floor_reached":33,"language":"ENG","playtime":2015,"items_purged":[],"score":276,"play_id":"45f925a3-d34f-4c0a-ac41-cdbf4fed72c6","local_time":"20210115104107","is_ascension_mode":false,"campfire_choices":[{"data":"Moonworks:IndiscriminateFireSupport","floor":6,"key":"SMITH"},{"floor":8,"key":"REST"},{"floor":15,"key":"REST"},{"floor":23,"key":"REST"},{"floor":29,"key":"REST"},{"floor":32,"key":"REST"}],"circlet_count":0,"master_deck":["Moonworks:Strike","Moonworks:Strike","Moonworks:Strike","Moonworks:Strike","Moonworks:Defend","Moonworks:Defend","Moonworks:Defend","Moonworks:Defend","Moonworks:Ambush","Moonworks:LongDistanceShot","Moonworks:SweetBattle","Moonworks:IndiscriminateFireSupport+1","Moonworks:RedAndBlue","Moonworks:DeployBits","Moonworks:JonathanRush","Moonworks:IndiscriminateFireSupport","Moonworks:SakisCookie+1","Moonworks:ScrambledEve","Moonworks:EvilSpyWorkPreparation","Moonworks:LeapThroughSpace","Moonworks:Assault","Moonworks:SweetBattle","Moonworks:JonathanRush","Moonworks:AwakeningOfTalent","Moonworks:JonathanRush+1","Moonworks:IndiscriminateFireSupport+1","Moonworks:JonathanRush+1","Moonworks:BeyondHell+1","Moonworks:JonathanRush","Moonworks:DeployBits+1"],"relics":["Moonworks:BrokenBomb","Moonworks:Homemark","Moonworks:LittleGull","White Beast Statue","Blood Vial","Tiny House","HornCleat","MawBank","Red Mask"],"acts_visited":["Exordium","TheCity"],"potions_floor_usage":[16,16,16,25,25,28,30,31,33,33,33],"damage_taken":[{"damage":0,"enemies":"Cultist","floor":1,"turns":4},{"damage":0,"enemies":"Small Slimes","floor":3,"turns":2},{"damage":1,"enemies":"2 Louse","floor":4,"turns":3},{"damage":0,"enemies":"Large Slime","floor":5,"turns":4},{"damage":19,"enemies":"Gremlin Nob","floor":7,"turns":4},{"damage":0,"enemies":"2 Fungi Beasts","floor":10,"turns":1},{"damage":21,"enemies":"Exordium Thugs","floor":13,"turns":3},{"damage":38,"enemies":"The Guardian","floor":16,"turns":11},{"damage":23,"enemies":"Spheric Guardian","floor":18,"turns":4},{"damage":10,"enemies":"Chosen","floor":22,"turns":3},{"damage":37,"enemies":"Shelled Parasite and Fungi","floor":24,"turns":6},{"damage":28,"enemies":"Snake Plant","floor":25,"turns":3},{"damage":0,"enemies":"Masked Bandits","floor":27,"turns":2},{"damage":6,"enemies":"Cultist and Chosen","floor":28,"turns":3},{"damage":1,"enemies":"Snecko","floor":30,"turns":4},{"damage":23,"enemies":"Snake Plant","floor":31,"turns":4},{"damage":68,"enemies":"Champ","floor":33,"turns":11}],"seed_played":"-5086839990807665689","potions_obtained":[{"floor":0,"key":"Regen Potion"},{"floor":0,"key":"Strength Potion"},{"floor":0,"key":"Energy Potion"},{"floor":1,"key":"Ancient Potion"},{"floor":10,"key":"ColorlessPotion"},{"floor":16,"key":"LiquidBronze"},{"floor":17,"key":"Dexterity Potion"},{"floor":18,"key":"Ancient Potion"},{"floor":22,"key":"SkillPotion"},{"floor":25,"key":"Swift Potion"},{"floor":27,"key":"PowerPotion"},{"floor":28,"key":"ColorlessPotion"},{"floor":30,"key":"Regen Potion"},{"floor":31,"key":"SteroidPotion"}],"is_trial":false,"path_per_floor":["M","?","M","M","M","R","E","R","T","M","$","?","M","?","R","B",null,"M","?","?","$","M","R","M","M","T","?","M","R","M","M","R","B"],"character_chosen":"THE_STARBREAKER","items_purchased":["Blood Vial","HornCleat","Moonworks:JonathanRush"],"campfire_rested":5,"item_purchase_floors":[11,21,21],"current_hp_per_floor":[60,60,60,59,59,59,40,58,58,58,58,58,39,44,63,44,70,47,47,47,47,39,60,32,10,10,12,8,29,35,34,55,0,0],"gold":126,"neow_bonus":"THREE_SMALL_POTIONS","is_daily":false,"chose_seed":false,"campfire_upgraded":1,"win_rate":0.0,"timestamp":1610725267,"path_taken":["M","?","M","?","M","R","E","R","T","M","$","?","M","?","R","BOSS","M","?","?","$","M","R","M","?","T","?","M","R","M","M","R","BOSS"],"items_purchased_type":["Relic","Relic","Card"],"build_version":"2020-12-22","purchased_purges":0,"victory":false,"max_hp_per_floor":[60,60,60,60,60,60,60,60,60,60,60,60,60,65,65,65,70,70,70,70,70,70,70,70,70,70,70,70,70,70,70,70,70,70],"card_choices":[{"not_picked":["Moonworks:SakisCookie","Moonworks:Assault"],"picked":"Moonworks:SweetBattle","floor":1},{"not_picked":["Moonworks:TacticalRetreat","Moonworks:ImOnFire"],"picked":"Moonworks:DeployBits","floor":3},{"not_picked":["Moonworks:DeployBits","Moonworks:BigMagnum"],"picked":"Moonworks:JonathanRush","floor":4},{"not_picked":["Moonworks:Assault","Moonworks:NicePresent"],"picked":"Moonworks:IndiscriminateFireSupport","floor":5},{"not_picked":["Moonworks:BindingChains","Moonworks:ScrambledEve"],"picked":"Moonworks:SakisCookie","floor":7},{"not_picked":["Moonworks:SelfDestruct","Moonworks:AngelHand"],"picked":"Moonworks:ScrambledEve","floor":10},{"not_picked":["Moonworks:SakisCookie","Moonworks:Flamethrower"],"picked":"Moonworks:EvilSpyWorkPreparation","floor":13},{"not_picked":["Moonworks:AccelHyper","Moonworks:EvilMastermind"],"picked":"Moonworks:LeapThroughSpace","floor":16},{"not_picked":["Moonworks:Dinner","Moonworks:IntelligenceOfficer"],"picked":"Moonworks:Assault","floor":17},{"not_picked":["Moonworks:NicePresent","Moonworks:SelfDestruct"],"picked":"Moonworks:SweetBattle","floor":18},{"not_picked":["Moonworks:ReproductionOfRecords","Moonworks:Assault"],"picked":"Moonworks:AwakeningOfTalent","floor":22},{"not_picked":["Moonworks:RedAndBlue","Moonworks:Blazing"],"picked":"Moonworks:JonathanRush+1","floor":24},{"not_picked":["Moonworks:CloudOfSeagulls+1","Moonworks:BigMagnum"],"picked":"Moonworks:IndiscriminateFireSupport+1","floor":25},{"not_picked":["Moonworks:TacticalRetreat","Moonworks:IntelligenceOfficer"],"picked":"Moonworks:JonathanRush+1","floor":27},{"not_picked":["Moonworks:Assault+1","Moonworks:MeltingMemories"],"picked":"Moonworks:BeyondHell+1","floor":28},{"not_picked":["Moonworks:DeployBits","Moonworks:BeyondHell"],"picked":"Moonworks:JonathanRush","floor":30},{"not_picked":["Moonworks:MixPhenomenon","Moonworks:NicePresent"],"picked":"Moonworks:DeployBits+1","floor":31}],"player_experience":60705,"relics_obtained":[{"floor":7,"key":"Moonworks:LittleGull"},{"floor":9,"key":"White Beast Statue"},{"floor":26,"key":"MawBank"},{"floor":27,"key":"Red Mask"}],"event_choices":[{"damage_healed":0,"gold_gain":0,"player_choice":"2 cards matched","damage_taken":0,"max_hp_gain":0,"max_hp_loss":0,"event_name":"Match and Keep!","floor":2,"gold_loss":0,"cards_obtained":["Moonworks:IndiscriminateFireSupport","Moonworks:RedAndBlue"]},{"damage_healed":0,"gold_gain":50,"player_choice":"Gained Gold","damage_taken":0,"max_hp_gain":0,"max_hp_loss":0,"event_name":"Golden Wing","floor":12,"gold_loss":0},{"damage_healed":0,"gold_gain":0,"player_choice":"Donut","damage_taken":0,"max_hp_gain":5,"max_hp_loss":0,"event_name":"Big Fish","floor":14,"gold_loss":0},{"damage_healed":0,"gold_gain":0,"player_choice":"Ignored","damage_taken":0,"max_hp_gain":0,"max_hp_loss":0,"event_name":"Beggar","floor":19,"gold_loss":0},{"damage_healed":0,"gold_gain":0,"player_choice":"Ignored","damage_taken":0,"max_hp_gain":0,"max_hp_loss":0,"event_name":"Ghosts","floor":20,"gold_loss":0},{"damage_healed":0,"gold_gain":0,"player_choice":"Fought Bandits","damage_taken":0,"max_hp_gain":0,"max_hp_loss":0,"event_name":"Masked Bandits","floor":27,"gold_loss":0}],"is_beta":false,"boss_relics":[{"not_picked":["Snecko Eye","Runic Pyramid"],"picked":"Tiny House"}],"items_purged_floors":[],"is_endless":false,"potions_floor_spawned":[1,10,13,16,18,22,24,25,27,28,30,31],"killed_by":"Champ","ascension_level":0}}