{"host":"20zfc6q1fr6uo3nm","time":1610668807,"event":{"mods":["BaseMod","Minty Spire (QoL Compilation)"],"gold_per_floor":[116,116,135,149,149,189,189,225,273,18,32,32,55,70,70,196,196,214,227,227,227,227,227,142,160,160,173,173,173,36,49,49,180,180,193,14,37,57,17,17,17,17,17,17,17,350,87,107,107,107,107],"floor_reached":50,"language":"ENG","playtime":4415,"items_purged":["Strike_P","LessonLearned"],"score":477,"play_id":"33c4bb20-e040-4f42-9a5e-f917dc4485fe","local_time":"20210114180007","is_ascension_mode":false,"campfire_choices":[{"floor":7.0,"key":"REST"},{"floor":15.0,"key":"REST"},{"floor":23.0,"key":"REST"},{"floor":28.0,"key":"REST"},{"data":"Judgement","floor":32.0,"key":"SMITH"},{"data":"JustLucky","floor":40.0,"key":"SMITH"},{"data":"FlurryOfBlows","floor":42.0,"key":"SMITH"},{"floor":45.0,"key":"REST"},{"floor":49.0,"key":"REST"}],"circlet_count":0,"master_deck":["Strike_P+1","Strike_P+1","Defend_P","Eruption+1","Vigilance","FollowUp+1","Iron Wave","EmptyFist","CutThroughFate","BattleHymn+1","EmptyFist+1","Crescendo+1","Weave+1","CutThroughFate","FlurryOfBlows+1","Judgement+1","Nirvana+1","EmptyMind+1","WreathOfFlame+1","ForeignInfluence+1","Vengeance+1","Collect+1","FollowUp","JustLucky+1","PathToVictory+1","Halt+1","Good Instincts","Discovery","Dramatic Entrance","Flash of Steel","Deep Breath","EmptyBody"],"relics":["PureWater","NeowsBlessing","The Courier","Bag of Marbles","Whetstone","Astrolabe","Nilry\u0027s Codex","Meat on the Bone","Blood Vial","Cauldron","SlaversCollar","Bag of Preparation","Bottled Lightning"],"acts_visited":["Exordium","TheCity","TheBeyond"],"potions_floor_usage":[50],"damage_taken":[{"damage":0.0,"enemies":"Jaw Worm","floor":1.0,"turns":1.0},{"damage":0.0,"enemies":"Cultist","floor":3.0,"turns":1.0},{"damage":0.0,"enemies":"Small Slimes","floor":4.0,"turns":1.0},{"damage":0.0,"enemies":"Gremlin Nob","floor":6.0,"turns":2.0},{"damage":15.0,"enemies":"3 Sentries","floor":8.0,"turns":6.0},{"damage":2.0,"enemies":"Blue Slaver","floor":11.0,"turns":3.0},{"damage":7.0,"enemies":"Exordium Wildlife","floor":13.0,"turns":2.0},{"damage":0.0,"enemies":"Large Slime","floor":14.0,"turns":1.0},{"damage":29.0,"enemies":"Hexaghost","floor":16.0,"turns":6.0},{"damage":0.0,"enemies":"3 Byrds","floor":18.0,"turns":3.0},{"damage":0.0,"enemies":"Chosen","floor":19.0,"turns":3.0},{"damage":48.0,"enemies":"Shelled Parasite and Fungi","floor":22.0,"turns":4.0},{"damage":0.0,"enemies":"Sentry and Sphere","floor":25.0,"turns":2.0},{"damage":17.0,"enemies":"Snecko","floor":27.0,"turns":4.0},{"damage":9.0,"enemies":"Centurion and Healer","floor":31.0,"turns":4.0},{"damage":11.0,"enemies":"Automaton","floor":33.0,"turns":6.0},{"damage":12.0,"enemies":"3 Darklings","floor":35.0,"turns":3.0},{"damage":0.0,"enemies":"Orb Walker","floor":37.0,"turns":1.0},{"damage":8.0,"enemies":"Transient","floor":38.0,"turns":5.0},{"damage":11.0,"enemies":"Jaw Worm Horde","floor":48.0,"turns":3.0},{"damage":116,"enemies":"Time Eater","floor":50,"turns":5}],"seed_played":"-4361995821346867747","potions_obtained":[{"floor":3.0,"key":"BlessingOfTheForge"},{"floor":4.0,"key":"Swift Potion"},{"floor":13.0,"key":"SkillPotion"},{"floor":30.0,"key":"Ambrosia"},{"floor":30.0,"key":"FairyPotion"},{"floor":30.0,"key":"SkillPotion"},{"floor":33.0,"key":"DistilledChaos"},{"floor":35.0,"key":"Weak Potion"},{"floor":38.0,"key":"Explosive Potion"}],"is_trial":false,"path_per_floor":["M","?","M","M","?","E","R","E","T","$","M","?","M","M","R","B",null,"M","M","?","?","M","R","?","M","T","M","R","?","$","M","R","B",null,"M","$","M","M","$","R","?","R","T","?","R","?","$","M","R","B"],"character_chosen":"WATCHER","items_purchased":["LessonLearned","Crescendo","Weave","ColorlessPotion","Cauldron","JustLucky","Bag of Preparation","SkillPotion","BottledMiracle","Flash of Steel","Deep Breath"],"campfire_rested":6,"item_purchase_floors":[10,10,10,10,30,30,36,39,47,47,47],"current_hp_per_floor":[72,72,72,72,54,54,72,57,57,57,55,55,48,48,69,40,72,72,72,56,56,8,29,29,41,41,38,59,59,59,52,52,43,72,60,60,62,56,56,56,56,56,56,46,67,67,67,58,72,0,0],"gold":107,"neow_bonus":"THREE_ENEMY_KILL","is_daily":false,"chose_seed":false,"campfire_upgraded":3,"win_rate":0.0,"timestamp":1610668807,"path_taken":["M","?","?","M","?","E","R","E","T","$","M","?","M","?","R","BOSS","M","M","?","?","?","R","?","M","T","M","R","?","$","M","R","BOSS","M","$","M","M","$","R","?","R","T","?","R","?","$","M","R","BOSS"],"items_purchased_type":["Card","Card","Card","Potion","Relic","Card","Relic","Potion","Potion","Card","Card"],"build_version":"2020-12-22","purchased_purges":2,"victory":false,"max_hp_per_floor":[72,72,72,72,72,72,72,72,72,72,72,72,72,72,72,72,72,72,72,72,72,72,72,72,72,72,72,72,72,72,72,72,72,72,72,72,72,72,72,72,72,72,72,72,72,72,72,72,72,72,72],"card_choices":[{"not_picked":["Meditate","Fasting2"],"picked":"FollowUp","floor":1.0},{"not_picked":["BowlingBash","EmptyBody"],"picked":"EmptyFist","floor":3.0},{"not_picked":["ThirdEye","EmptyFist"],"picked":"CutThroughFate","floor":4.0},{"not_picked":["FollowUp","CutThroughFate"],"picked":"BattleHymn","floor":6.0},{"not_picked":["SandsOfTime","PathToVictory"],"picked":"EmptyFist","floor":8.0},{"not_picked":["SignatureMove","PathToVictory"],"picked":"CutThroughFate","floor":11.0},{"not_picked":["ThirdEye","FollowUp"],"picked":"FlurryOfBlows","floor":13.0},{"not_picked":["InnerPeace","PathToVictory"],"picked":"Judgement","floor":14.0},{"not_picked":["Vault","Omniscience"],"picked":"Alpha","floor":16.0},{"not_picked":["JustLucky","Evaluate"],"picked":"ForeignInfluence+1","floor":18.0},{"not_picked":["BowlingBash","CutThroughFate"],"picked":"Vengeance+1","floor":19.0},{"not_picked":["EmptyFist","Worship","ThirdEye"],"picked":"SKIP","floor":22.0},{"not_picked":["ThirdEye","CrushJoints"],"picked":"Collect+1","floor":25.0},{"not_picked":["Prostrate+1","Omniscience"],"picked":"FlurryOfBlows","floor":27.0},{"not_picked":["BowlingBash+1","ThirdEye","SashWhip+1"],"picked":"SKIP","floor":31.0},{"not_picked":["InnerPeace+1","Wallop+1"],"picked":"PathToVictory+1","floor":35.0},{"not_picked":["Crescendo","Swivel"],"picked":"Halt+1","floor":37.0},{"not_picked":["ClearTheMind","SashWhip+1","EmptyFist+1"],"picked":"SKIP","floor":38.0},{"not_picked":["Bandage Up","Sadistic Nature"],"picked":"Good Instincts","floor":44.0},{"not_picked":["Good Instincts","Thinking Ahead"],"picked":"Discovery","floor":44.0},{"not_picked":["PanicButton","Sadistic Nature"],"picked":"Dramatic Entrance","floor":44.0},{"not_picked":["FlurryOfBlows+1","Protect"],"picked":"EmptyBody","floor":48.0}],"player_experience":183952,"relics_obtained":[{"floor":6.0,"key":"The Courier"},{"floor":8.0,"key":"Bag of Marbles"},{"floor":9.0,"key":"Whetstone"},{"floor":20.0,"key":"Nilry\u0027s Codex"},{"floor":26.0,"key":"Blood Vial"},{"floor":43.0,"key":"Bottled Lightning"}],"event_choices":[{"cards_removed":["Defend_P"],"damage_healed":0.0,"max_hp_gain":0.0,"max_hp_loss":0.0,"gold_gain":0.0,"event_name":"NoteForYourself","player_choice":"Took Card","floor":2.0,"gold_loss":0.0,"damage_taken":0.0,"cards_obtained":["Iron Wave"]},{"damage_healed":0.0,"max_hp_gain":0.0,"max_hp_loss":0.0,"gold_gain":0.0,"event_name":"Golden Idol","player_choice":"Take Damage","floor":5.0,"gold_loss":0.0,"damage_taken":18.0,"relics_obtained":["Golden Idol"]},{"damage_healed":0.0,"max_hp_gain":0.0,"max_hp_loss":0.0,"gold_gain":0.0,"event_name":"Living Wall","player_choice":"Grow","floor":12.0,"gold_loss":0.0,"damage_taken":0.0,"cards_upgraded":["Crescendo"]},{"damage_healed":0.0,"max_hp_gain":0.0,"max_hp_loss":0.0,"gold_gain":0.0,"event_name":"Cursed Tome","player_choice":"Obtained Book","floor":20.0,"gold_loss":0.0,"damage_taken":16.0},{"cards_removed":["Alpha"],"damage_healed":0.0,"max_hp_gain":0.0,"max_hp_loss":0.0,"gold_gain":0.0,"event_name":"Back to Basics","player_choice":"Elegance","floor":21.0,"gold_loss":0.0,"damage_taken":0.0},{"damage_healed":0.0,"max_hp_gain":0.0,"max_hp_loss":0.0,"gold_gain":0.0,"event_name":"Addict","player_choice":"Obtained Relic","floor":24.0,"gold_loss":85.0,"damage_taken":0.0,"relics_obtained":["Meat on the Bone"]},{"damage_healed":0.0,"max_hp_gain":0.0,"max_hp_loss":0.0,"gold_gain":0.0,"event_name":"The Library","player_choice":"Read","floor":29.0,"gold_loss":0.0,"damage_taken":0.0,"cards_obtained":["FollowUp"]},{"cards_removed":["FlurryOfBlows"],"damage_healed":0.0,"max_hp_gain":0.0,"max_hp_loss":0.0,"gold_gain":0.0,"event_name":"Falling","player_choice":"Removed Attack","floor":41.0,"gold_loss":0.0,"damage_taken":0.0},{"damage_healed":0.0,"max_hp_gain":0.0,"max_hp_loss":0.0,"gold_gain":0.0,"event_name":"SensoryStone","player_choice":"Memory 3","floor":44.0,"gold_loss":0.0,"damage_taken":10.0},{"damage_healed":0.0,"max_hp_gain":0.0,"max_hp_loss":0.0,"gold_gain":333.0,"event_name":"The Moai Head","player_choice":"Gave Idol","floor":46.0,"relics_lost":["Golden Idol"],"gold_loss":0.0,"damage_taken":0.0}],"is_beta":false,"boss_relics":[{"not_picked":["Cursed Key","Snecko Eye"],"picked":"Astrolabe"},{"not_picked":["Runic Pyramid","Sozu"],"picked":"SlaversCollar"}],"items_purged_floors":[36,47],"is_endless":false,"potions_floor_spawned":[3,4,13,31,33,35,38],"killed_by":"Time Eater","ascension_level":0}}