{"host":"opg65mucj6ra7dr1","time":1610706466,"event":{"mods":["BaseMod","DeckTracker","Keyboard Shortcuts","Minty Spire (QoL Compilation)","Permanent Neow","Quick Restart","everything is the same but u backflip on backflip"],"gold_per_floor":[116,116,116,137,153,153,192,192,216,240,263,281,296,327,327,327,327],"floor_reached":16,"language":"KOR","playtime":362,"items_purged":[],"score":131,"play_id":"811ca65f-513a-478b-977a-e395ba766d37","local_time":"20210115192746","is_ascension_mode":true,"campfire_choices":[{"data":"Genetic Algorithm","floor":6,"key":"SMITH"},{"data":"Redo","floor":8,"key":"SMITH"},{"data":"Consume","floor":15,"key":"SMITH"}],"circlet_count":0,"master_deck":["Strike_B","Strike_B","Strike_B","Strike_B","Defend_B","Defend_B","Defend_B","Defend_B","Zap","Dualcast","Redo+1","Genetic Algorithm+1","Ball Lightning","Self Repair","Biased Cognition","Consume+1","BootSequence","Leap","Stack"],"relics":["Cracked Core","Golden Idol","Matryoshka","Dream Catcher","Nunchaku","Bag of Preparation","Pen Nib"],"acts_visited":["Exordium"],"potions_floor_usage":[7,16,16],"damage_taken":[{"damage":11,"enemies":"2 Louse","floor":1,"turns":2},{"damage":6,"enemies":"Jaw Worm","floor":4,"turns":3},{"damage":3,"enemies":"Cultist","floor":5,"turns":3},{"damage":13,"enemies":"Gremlin Nob","floor":7,"turns":3},{"damage":14,"enemies":"Looter","floor":10,"turns":3},{"damage":1,"enemies":"Exordium Thugs","floor":11,"turns":3},{"damage":8,"enemies":"Exordium Wildlife","floor":12,"turns":4},{"damage":0,"enemies":"2 Fungi Beasts","floor":13,"turns":3},{"damage":35,"enemies":"3 Sentries","floor":14,"turns":7},{"damage":30,"enemies":"Hexaghost","floor":16,"turns":10}],"seed_played":"1742903616416987467","potions_obtained":[{"floor":1,"key":"LiquidMemories"},{"floor":4,"key":"FocusPotion"},{"floor":7,"key":"FairyPotion"},{"floor":10,"key":"Dexterity Potion"}],"is_trial":false,"path_per_floor":["M","?","T","M","M","R","E","R","T","M","M","M","M","E","R","B"],"character_chosen":"DEFECT","items_purchased":[],"campfire_rested":0,"item_purchase_floors":[],"current_hp_per_floor":[64,46,46,40,37,37,31,31,31,24,30,29,36,8,8,2,2],"gold":327,"neow_bonus":"THREE_CARDS","is_daily":false,"chose_seed":false,"campfire_upgraded":3,"win_rate":0.0,"timestamp":1610706466,"path_taken":["M","?","?","M","M","R","E","R","T","M","M","?","M","E","R","BOSS"],"items_purchased_type":[],"build_version":"2020-12-22","purchased_purges":0,"victory":false,"max_hp_per_floor":[75,75,75,75,75,75,75,75,75,75,75,75,75,75,75,75,75],"card_choices":[{"not_picked":["Stack","Barrage"],"picked":"Redo","floor":0},{"not_picked":["Compile Driver","Go for the Eyes"],"picked":"Genetic Algorithm","floor":1},{"not_picked":["Barrage","Coolheaded"],"picked":"Ball Lightning","floor":4},{"not_picked":["Ball Lightning","White Noise"],"picked":"Self Repair","floor":5},{"not_picked":["Go for the Eyes","Beam Cell"],"picked":"Biased Cognition","floor":7},{"not_picked":["Aggregate","Steam","Fusion"],"picked":"SKIP","floor":10},{"not_picked":["Double Energy","Cold Snap"],"picked":"Consume","floor":11},{"not_picked":["Hello World","Skim"],"picked":"BootSequence","floor":12},{"not_picked":["Go for the Eyes","Barrage"],"picked":"Leap","floor":13},{"not_picked":["Creative AI","Hello World"],"picked":"Stack","floor":14}],"player_experience":120866,"relics_obtained":[{"floor":3,"key":"Matryoshka"},{"floor":7,"key":"Dream Catcher"},{"floor":9,"key":"Nunchaku"},{"floor":9,"key":"Bag of Preparation"},{"floor":14,"key":"Pen Nib"}],"event_choices":[{"damage_healed":0,"gold_gain":0,"player_choice":"Take Damage","damage_taken":18,"relics_obtained":["Golden Idol"],"max_hp_gain":0,"max_hp_loss":0,"event_name":"Golden Idol","floor":2,"gold_loss":0}],"is_beta":false,"boss_relics":[],"items_purged_floors":[],"is_endless":false,"potions_floor_spawned":[1,4,7,10],"killed_by":"Hexaghost","ascension_level":3}}