{"host":"m9b9nkcj1hzhp9h6","time":1610733835,"event":{"mods":["100% Spire Juice","AchievementEnabler","Act Like it!","AlwaysNeverKeys","Aspiration","BaseMod","Better Altar","Better Match","Better Note","Better Sensory Stone","Better Silent Start","Better Skull","Better Third Choice","Better Vampires","BetterRewards","Booster Modes","Colored Map","Colored Powertips","Colorless Booster Pack","Conspire","Custom Start","Dark Map","Defective Defect","Dio Mod","Displayed Cursed Tome","Dota2Spire","Downfall","Elementarium","Emptier Cage","Energized Spire","Fox Events","Friendly Minions","Gensokyo","GifTheSpireLib","Halation","HexUI Lib","Hubris","Infinite Spire","Ironclad Rager","Jedi Mod","Mari Mod (Legacy)","Mari\u0027s V1 Patch","Marked Mod","Menagerie","Mimic Mod","Minty Spire (QoL Compilation)","Pale of the Ancients","Permanent Neow","Poor People Problems","Prisma Mod","RRrroohrrRGHHhhh!!","Random Character Button","Random Character Mod","Relic Sorter","Relic Stats","Remilia??????","Replay The Spire","Reworked Bosses","Robot Space Explorer","RumiaBox-????????","SCP261 Mod","SacredBarkPlus","Small Relic Pack","Spikes Relics","StSLib","Stuff the Spire","The Animator","The Blue Laboratory","The Factory","The IronCluck","The Jungle","Trackpad","Transform Curses","Useless Jewels Mod","Virulent Crown","Waifu the Spire","Wandering Minibosses","Yohane!","Yuri Mod","egg","slay the spire mod where everything is the same but ironclad has a cowboy hat","thorton","vexMod"],"gold_per_floor":[110,110,34,34,45,76,76,87,87,118,118,132,158,139,139,244,244,258,268,268,268,268,302,302,335,335,335,112,126,154,19,19,116,116,127,127,144,184,108,135,162,190,190,220,240,260,260,260,260,267,267,267,460,460,460],"floor_reached":54,"language":"ENG","playtime":1867,"items_purged":["Defend_R","Strike_R","Strike_R"],"score":1394,"play_id":"e1cf2906-5948-4698-9d6e-0424e69bf67a","local_time":"20210115200355","is_ascension_mode":true,"campfire_choices":[{"data":"Heavy Blade","floor":7,"key":"SMITH"},{"data":"Dual Wield","floor":24,"key":"SMITH"},{"data":"Brutality","floor":27,"key":"SMITH"},{"data":"Rupture","floor":32,"key":"SMITH"},{"data":"Limit Break","floor":47,"key":"SMITH"},{"floor":49,"key":"RECALL"},{"data":"Inflame","floor":52,"key":"SMITH"}],"circlet_count":0,"master_deck":["Strike_R","Defend_R","Defend_R","Defend_R","Bash","Sword Boomerang","Inflame","Heavy Blade","Offering","Rupture","Dual Wield","Sword Boomerang","jedi:controlledanger","Brutality","Flex","Seeing Red","Rupture","Limit Break","Combust","Inflame","Rupture","rorgmod:Searing Blow+1","ReplayTheSpireMod:Stacked+1"],"relics":["animator:TheEgnaroPiece"],"acts_visited":["Exordium","Exordium","TheBeyond","TheEnding","EYB:TheUnnamedReign"],"potions_floor_usage":[13,13,46],"damage_taken":[{"damage":11,"enemies":"Jaw Worm","floor":1,"turns":5},{"damage":7,"enemies":"2 Louse","floor":5,"turns":3},{"damage":40,"enemies":"Lagavulin","floor":6,"turns":5},{"damage":0,"enemies":"Cultist","floor":8,"turns":2},{"damage":26,"enemies":"3 Sentries","floor":10,"turns":6},{"damage":6,"enemies":"Blue Slaver","floor":12,"turns":1},{"damage":16,"enemies":"Gremlin Nob","floor":13,"turns":3},{"damage":6,"enemies":"3 Louse","floor":14,"turns":6},{"damage":6,"enemies":"Slime Boss","floor":16,"turns":5},{"damage":10,"enemies":"Shell Parasite","floor":18,"turns":2},{"damage":6,"enemies":"theJungle:GiantWrat","floor":19,"turns":2},{"damage":18,"enemies":"theJungle:Cassacara","floor":23,"turns":3},{"damage":6,"enemies":"theJungle:MamaSnecko","floor":25,"turns":2},{"damage":6,"enemies":"theJungle:SlimyTreeVines","floor":29,"turns":1},{"damage":7,"enemies":"theJungle:Cassacara","floor":30,"turns":2},{"damage":2,"enemies":"theJungle:QueenSpyder","floor":33,"turns":3},{"damage":0,"enemies":"Orb Walker","floor":35,"turns":1},{"damage":7,"enemies":"3 Darklings","floor":37,"turns":2},{"damage":8,"enemies":"Maw","floor":38,"turns":2},{"damage":0,"enemies":"Nemesis","floor":40,"turns":1},{"damage":52,"enemies":"4 Shapes","floor":41,"turns":5},{"damage":8,"enemies":"R_Hoarder","floor":42,"turns":2},{"damage":6,"enemies":"Giant Head","floor":44,"turns":1},{"damage":7,"enemies":"Writhing Mass","floor":45,"turns":1},{"damage":8,"enemies":"Maw","floor":46,"turns":2},{"damage":20,"enemies":"bossMod:newAwakened","floor":50,"turns":3},{"damage":6,"enemies":"animator:UNNAMED_HAT","floor":54,"turns":3}],"seed_played":"2365656481185112234","potions_obtained":[{"floor":10,"key":"SkillPotion"},{"floor":12,"key":"blueLaboratory:PhilterOfMotion"},{"floor":14,"key":"Dota2Spire:HealingSalve"},{"floor":16,"key":"blueLaboratory:PhilterOfMotion"},{"floor":18,"key":"ElixirPotion"},{"floor":44,"key":"Adrenaline Potion"}],"is_trial":false,"path_per_floor":["M","?","$","?","M","E","R","M","T","E","?","M","E","M","R_BF","B",null,"M","M","?","AVR","?","E","R","E","T","R","$","M","E","$","R","B",null,"M","?","M","M","$","E","M","E","T","E","M","M","R","?","R","B",null,"R","??","M"],"character_chosen":"IRONCLAD","items_purchased":["Inflame","Replay:Baseball","Rupture","Inflame"],"campfire_rested":0,"item_purchase_floors":[3,28,31,39],"current_hp_per_floor":[67,67,67,67,66,32,32,38,38,18,18,18,8,14,38,38,70,69,69,69,69,69,57,57,57,57,57,57,57,59,59,59,63,76,80,80,79,78,78,80,46,44,44,44,43,44,44,44,44,36,69,69,107,101,101],"gold":460,"neow_bonus":"DSIX","is_daily":false,"chose_seed":false,"campfire_upgraded":6,"win_rate":0.0,"timestamp":1610733835,"path_taken":["M","?","$","?","M","E","R","M","T","E","?","M","E","M","R_BF","BOSS","M","?","?","AVR","?","E","R","E","T","R","$","M","E","$","R","BOSS","M","?","M","M","$","E","M","E","T","E","M","M","R","?","R","BOSS","R","??","M"],"items_purchased_type":["Card","Relic","Card","Card"],"build_version":"2020-12-22","purchased_purges":3,"victory":false,"max_hp_per_floor":[80,80,80,80,80,80,80,80,80,80,80,80,80,80,80,80,80,80,80,80,80,80,80,80,80,80,80,80,80,80,80,80,80,80,80,80,80,80,80,80,80,80,80,80,80,80,80,80,80,80,80,80,107,107,107],"relic_stats":{"counters":[27,74],"obtain_stats":[{"jedi:angrymask":6,"Replay:Accelerometer":25,"Vajra":40,"Rawhide":45,"relicPack:ShieldShield":41,"Burning Blood":0,"Pet Ghost":1,"Mummified Hand":41,"hubris:AstralHammer":45,"halation:VictoryRuler":43,"Replay:Lucky Slots":21,"trackpad:Compendium":44,"Dota2Spire:ArcaneBoots":1,"infinitespire:Eraser":10,"trackpad:CultistFigurine":23,"aspiration:DSix":0,"vexMod:NewClearReactor":17,"trackpad:BiPhaseBiplane":50,"ZombieArmy":30,"conspire:Dentures":44,"Dota2Spire:UrnOfShadows":13,"wanderingMiniBosses:ThiefScarf":38,"trackpad:HandOfMidas":40,"conspire:RunicOctahedron":34,"hubris:MedicalManual":42,"Akabeko":42,"SlaversCollar":44,"Replay:Baseball":28,"animator:TheEgnaroPiece":53,"Shuriken":40,"jedi:arcanewood":46,"StuffTheSpire:OldFever":42},{"jedi:angrymask":3,"Replay:Accelerometer":13,"Vajra":20,"Rawhide":23,"relicPack:ShieldShield":20,"Burning Blood":0,"Pet Ghost":1,"Mummified Hand":20,"hubris:AstralHammer":23,"halation:VictoryRuler":22,"Replay:Lucky Slots":11,"trackpad:Compendium":23,"Dota2Spire:ArcaneBoots":1,"infinitespire:Eraser":5,"trackpad:CultistFigurine":12,"aspiration:DSix":0,"vexMod:NewClearReactor":9,"trackpad:BiPhaseBiplane":25,"ZombieArmy":15,"conspire:Dentures":22,"Dota2Spire:UrnOfShadows":7,"wanderingMiniBosses:ThiefScarf":19,"trackpad:HandOfMidas":19,"conspire:RunicOctahedron":16,"hubris:MedicalManual":21,"Akabeko":22,"SlaversCollar":22,"Replay:Baseball":13,"animator:TheEgnaroPiece":26,"Shuriken":19,"jedi:arcanewood":24,"StuffTheSpire:OldFever":21},{"jedi:angrymask":13,"Replay:Accelerometer":45,"Vajra":57,"Rawhide":65,"relicPack:ShieldShield":57,"Burning Blood":0,"Pet Ghost":5,"Mummified Hand":57,"hubris:AstralHammer":65,"halation:VictoryRuler":64,"Replay:Lucky Slots":40,"trackpad:Compendium":65,"Dota2Spire:ArcaneBoots":5,"infinitespire:Eraser":21,"trackpad:CultistFigurine":43,"aspiration:DSix":0,"vexMod:NewClearReactor":36,"trackpad:BiPhaseBiplane":68,"ZombieArmy":48,"conspire:Dentures":64,"Dota2Spire:UrnOfShadows":25,"wanderingMiniBosses:ThiefScarf":56,"trackpad:HandOfMidas":56,"conspire:RunicOctahedron":51,"hubris:MedicalManual":62,"Akabeko":64,"SlaversCollar":64,"Replay:Baseball":45,"animator:TheEgnaroPiece":71,"Shuriken":56,"jedi:arcanewood":66,"StuffTheSpire:OldFever":62}]},"card_choices":[{"not_picked":["StuffTheSpire:BloodClot","Clash"],"picked":"Sword Boomerang","floor":1},{"not_picked":["Flex","jedi:collectorstrike"],"picked":"Heavy Blade","floor":5},{"not_picked":["conspire:Charge","Disarm"],"picked":"Offering","floor":6},{"not_picked":["Absolvement","Whirlwind","Sword Boomerang"],"picked":"SKIP","floor":8},{"not_picked":["ReplayTheSpireMod:Limb From Limb","StuffTheSpire:BloodClot","Perfected Strike"],"picked":"SKIP","floor":10},{"not_picked":["True Grit","ReplayTheSpireMod:Stacked"],"picked":"Rupture","floor":12},{"not_picked":["Absolvement","Replay:Undeath\u0027s Touch","Havoc"],"picked":"SKIP","floor":13},{"not_picked":["Flame Barrier","ReplayTheSpireMod:Strike From Hell"],"picked":"Dual Wield","floor":14},{"not_picked":["Reckless Charge+1","hubris:ReadiedAction+1"],"picked":"Sword Boomerang+1","floor":18},{"not_picked":["hubris:ReadiedAction","Uppercut","Shrug It Off+1"],"picked":"SKIP","floor":19},{"not_picked":["Bludgeon","Hemokinesis+1"],"picked":"jedi:controlledanger+1","floor":23},{"not_picked":["Sword Boomerang","Rage+1"],"picked":"Brutality","floor":25},{"not_picked":["Heavy Blade","Defy Death"],"picked":"Flex+1","floor":29},{"not_picked":["rorgmod:Sentinel","Uppercut"],"picked":"Seeing Red","floor":30},{"not_picked":["Feed","Bludgeon"],"picked":"Limit Break","floor":33},{"not_picked":["Clash","Fire Breathing+1","Headbutt"],"picked":"SKIP","floor":35},{"not_picked":["Body Slam+1","BarbarianYell+1"],"picked":"Combust+1","floor":37},{"not_picked":["ReplayTheSpireMod:LeadingStrike+1","Shockwave+1","Armaments+1"],"picked":"SKIP","floor":38},{"not_picked":["Cleave+1","True Grit+1","Dropkick"],"picked":"SKIP","floor":40},{"not_picked":["StuffTheSpire:Resist+1","Reckless Charge+1","Sword Boomerang+1"],"picked":"SKIP","floor":41},{"not_picked":["Shrug It Off","Demon Form"],"picked":"ReplayTheSpireMod:Muscle Training","floor":42},{"not_picked":["rorgmod:Searing Blow","Dark Embrace","Feel No Pain+1"],"picked":"SKIP","floor":44},{"not_picked":["Entrench+1","Abandon+1"],"picked":"ReplayTheSpireMod:LeadingStrike+1","floor":45},{"not_picked":["Heavy Blade","Twin Strike+1"],"picked":"Rupture+1","floor":46}],"player_experience":1409986,"relics_obtained":[{"floor":1,"key":"Dota2Spire:ArcaneBoots"},{"floor":1,"key":"Pet Ghost"},{"floor":6,"key":"jedi:angrymask"},{"floor":10,"key":"infinitespire:Eraser"},{"floor":13,"key":"Dota2Spire:UrnOfShadows"},{"floor":23,"key":"trackpad:CultistFigurine"},{"floor":25,"key":"Replay:Accelerometer"},{"floor":30,"key":"ZombieArmy"},{"floor":38,"key":"wanderingMiniBosses:ThiefScarf"},{"floor":38,"key":"infinitespire:Eraser"},{"floor":40,"key":"Vajra"},{"floor":42,"key":"Akabeko"},{"floor":43,"key":"halation:VictoryRuler"},{"floor":44,"key":"trackpad:Compendium"},{"floor":53,"key":"animator:TheEgnaroPiece"}],"event_choices":[{"damage_healed":0,"gold_gain":0,"player_choice":"Upgraded","damage_taken":0,"max_hp_gain":0,"max_hp_loss":0,"event_name":"Upgrade Shrine","floor":11,"gold_loss":0,"cards_upgraded":["Inflame"]},{"cards_removed":["Strike_R"],"damage_healed":0,"gold_gain":0,"player_choice":"Card Removal","damage_taken":0,"max_hp_gain":0,"max_hp_loss":0,"event_name":"Wheel of Change","floor":20,"gold_loss":0},{"damage_healed":0,"gold_gain":0,"player_choice":"Ignored","damage_taken":0,"max_hp_gain":0,"max_hp_loss":0,"event_name":"betterNote:BetterNote","floor":22,"gold_loss":0,"cards_obtained":["Yohane:Little_Demon_Ruby"]},{"damage_healed":0,"gold_gain":0,"player_choice":"Leave","damage_taken":0,"max_hp_gain":0,"max_hp_loss":0,"event_name":"conspire:Investor","floor":48,"gold_loss":0}],"is_beta":false,"boss_relics":[{"not_picked":["SacredBark","vexMod:TanglingVine"],"picked":"vexMod:NewClearReactor"},{"not_picked":["Snecko Eye","halation:CatFaceCupcake"],"picked":"conspire:RunicOctahedron"}],"items_purged_floors":[21,28,31],"is_endless":false,"potions_floor_spawned":[10,12,14,16,18,29,33,38,40,41,44],"killed_by":"animator:UNNAMED_HAT","ascension_level":6}}