{"host":"ci7cmvrwpmzqnw7e","time":1610750951,"event":{"mods":["BaseMod","BetterRewards","Colored Map","Downfall","Googly Eyes","GungeonMod","Highlight Path","Hubris","Infinite Spire","Minty Spire (QoL Compilation)","Random Character Button","Rare Cards Sparkle","Shop Mod","StSLib","The Cursed","The Disciple","The Hierophant"],"gold_per_floor":[96,96,96,114,112,137,312,317,344,344,344,308,308],"floor_reached":12,"language":"ENG","playtime":402,"items_purged":[],"score":78,"play_id":"5ad7a075-06d2-4879-8943-4f166a5adacc","local_time":"20210115154911","is_ascension_mode":false,"campfire_choices":[{"floor":10,"key":"REST"}],"circlet_count":0,"master_deck":["hierophant:Strike_Hierophant","hierophant:Strike_Hierophant","hierophant:Strike_Hierophant","hierophant:Strike_Hierophant","hierophant:Punish","hierophant:Defend_Hierophant","hierophant:Defend_Hierophant+1","hierophant:Defend_Hierophant","hierophant:Defend_Hierophant+1","hierophant:ChurchCoffers","hierophant:Shelter","hierophant:Cornucopia","Doubt","hierophant:TollTheBells","Pain","Doubt","infinitespire:Menacing"],"relics":["hubris:ScarierMask","Golden Idol","War Paint","Juzu Bracelet"],"acts_visited":["Exordium"],"potions_floor_usage":[6,12],"damage_taken":[{"damage":1,"enemies":"Cultist","floor":1,"turns":3},{"damage":0,"enemies":"2 Louse","floor":4,"turns":1},{"damage":0,"enemies":"Jaw Worm","floor":5,"turns":4},{"damage":42,"enemies":"Gremlin Nob","floor":6,"turns":5},{"damage":15,"enemies":"Large Slime","floor":8,"turns":10},{"damage":41,"enemies":"Lagavulin","floor":12,"turns":8}],"seed_played":"6147108958982096723","potions_obtained":[{"floor":4,"key":"SpeedPotion"},{"floor":5,"key":"Strength Potion"},{"floor":6,"key":"Weak Potion"}],"is_trial":false,"path_per_floor":["M","?","$","M","M","E","?","M","T","R","?","E"],"character_chosen":"HIEROPHANT","items_purchased":[],"campfire_rested":1,"item_purchase_floors":[],"current_hp_per_floor":[74,69,69,69,69,27,27,12,12,32,32,0,0],"gold":308,"neow_bonus":"BOSS_RELIC","is_daily":false,"chose_seed":false,"campfire_upgraded":0,"win_rate":0.0,"timestamp":1610750951,"path_taken":["M","?","$","M","M","E","?","M","T","R","?","E"],"items_purchased_type":[],"build_version":"2020-12-22","purchased_purges":0,"victory":false,"max_hp_per_floor":[75,69,69,69,69,69,69,69,69,69,69,69,69],"card_choices":[{"not_picked":["hierophant:DisplayOfPower","hierophant:ArchangelShield","hierophant:Blessing"],"picked":"SKIP","floor":1},{"not_picked":["hierophant:Martyrdom","hierophant:Encroach","hierophant:Remorse"],"picked":"SKIP","floor":4},{"not_picked":["hierophant:SolarFlare","hierophant:Doubloon"],"picked":"hierophant:Shelter","floor":5},{"not_picked":["hierophant:RepressedViolence","hierophant:PassingBell"],"picked":"hierophant:Cornucopia","floor":6},{"not_picked":["hierophant:CursedGold","hierophant:RustyCrate"],"picked":"hierophant:TollTheBells","floor":8},{"not_picked":["infinitespire:Oblivion","hubris:Rewind"],"picked":"infinitespire:Menacing","floor":11}],"player_experience":86110,"relics_obtained":[{"floor":6,"key":"War Paint"},{"floor":9,"key":"Juzu Bracelet"}],"event_choices":[{"damage_healed":0,"gold_gain":0,"player_choice":"Lose Max HP","damage_taken":0,"relics_obtained":["Golden Idol"],"max_hp_gain":0,"max_hp_loss":6,"event_name":"Golden Idol","floor":2,"gold_loss":0},{"damage_healed":0,"gold_gain":175,"player_choice":"AGREE","damage_taken":0,"max_hp_gain":0,"max_hp_loss":0,"event_name":"Liars Game","floor":7,"gold_loss":0,"cards_obtained":["Doubt"]}],"is_beta":false,"boss_relics":[],"items_purged_floors":[],"is_endless":false,"potions_floor_spawned":[4,5,6],"killed_by":"Lagavulin","ascension_level":0}}