{"host":"8kweeulvvasqx820","time":1610746996,"event":{"mods":["Aspiration","BaseMod","Better Altar","Better Match","Better Note","Better Sensory Stone","Better Skull","Better Third Choice","BetterRewards","Colored Map","Conspire","Displayed Cursed Tome","Downfall","Hubris","Infinite Spire","Jorbs\u0027s Wanderer Trilogy","Minty Spire (QoL Compilation)","Relic Stats","Replay The Spire","Spicy Shops","StSLib","SuperFastMode","Swap Starting Deck Mod","The Construct","The Marked","The Servant 0.9.4","everything is the same but u backflip on backflip","slay the spire mod where everything is the same but ironclad has a cowboy hat"],"gold_per_floor":[117,392,406,91,111,139,139,149,228,228,228,263,263,263,263,297,297,399,399,418,179,179,104,104,120,45,45,68,68,68],"floor_reached":29,"language":"ENG","playtime":1612,"items_purged":["Regret","Strike_P","Strike_P"],"score":237,"play_id":"087a5520-3d27-4e86-9f34-022cc91f0999","local_time":"20210115164316","is_ascension_mode":false,"campfire_choices":[{"data":"DevaForm","floor":7,"key":"SMITH"},{"data":"ThirdEye","floor":11,"key":"SMITH"},{"floor":13,"key":"REST"},{"data":"Eruption","floor":17,"key":"SMITH"},{"floor":27,"key":"REST"}],"circlet_count":0,"master_deck":["Strike_P","Defend_P","Defend_P","Defend_P","Eruption+1","Vigilance+1","ReachHeaven","BattleHymn","Flash of Steel","ThirdEye+1","DevaForm+1","CutThroughFate+1","LessonLearned","Fasting2+1","stsjorbsmod:MageArmor","ClearTheMind+1","EmptyMind+1"],"relics":["PureWater","Juzu Bracelet","aspiration:FrozenJewel","Vajra","Replay:Baseball","hubris:TerracottaHorce","Omamori"],"acts_visited":["Exordium","TheCity"],"potions_floor_usage":[12,18,29],"damage_taken":[{"damage":1,"enemies":"Jaw Worm","floor":1,"turns":3},{"damage":6,"enemies":"infinitespire:Voidling","floor":3,"turns":3},{"damage":0,"enemies":"Cultist","floor":5,"turns":3},{"damage":24,"enemies":"Lagavulin","floor":6,"turns":5},{"damage":9,"enemies":"Red Slaver","floor":8,"turns":3},{"damage":5,"enemies":"3 Sentries","floor":12,"turns":6},{"damage":12,"enemies":"Gremlin Nob","floor":16,"turns":4},{"damage":3,"enemies":"Hexaghost","floor":18,"turns":5},{"damage":19,"enemies":"Chosen","floor":20,"turns":5},{"damage":12,"enemies":"Shell Parasite","floor":25,"turns":5},{"damage":63,"enemies":"Nightmare","floor":29,"turns":5}],"seed_played":"-7820884081546677840","potions_obtained":[{"floor":6,"key":"BottledMiracle"},{"floor":8,"key":"Languid Potion"},{"floor":20,"key":"Adrenaline Potion"}],"is_trial":false,"path_per_floor":["M","?","M","$","M","E","R","M","T","T","R","E","R","PTL","PTL","E","R","B",null,"M","$","?","?","$","M","?","R","T","NM"],"character_chosen":"WATCHER","items_purchased":["Flash of Steel","ThirdEye","Fasting2+1"],"campfire_rested":2,"item_purchase_floors":[4,4,21],"current_hp_per_floor":[71,71,65,65,65,41,41,32,32,32,32,27,48,48,48,36,36,33,62,43,43,43,43,43,31,31,52,52,0,0],"gold":68,"neow_bonus":"RANDOM_EVENT","is_daily":false,"chose_seed":false,"campfire_upgraded":3,"win_rate":0.0,"timestamp":1610746996,"path_taken":["M","?","?","$","M","E","R","M","T","?","R","E","R","PTL","PTL","E","R","BOSS","M","?","?","?","$","M","?","R","T","NM"],"items_purchased_type":["Card","Card","Card"],"build_version":"2020-12-22","purchased_purges":3,"victory":false,"max_hp_per_floor":[72,72,72,72,72,72,72,72,72,72,72,72,72,72,72,72,72,72,72,72,72,72,72,72,72,72,72,72,72,72],"relic_stats":{"counters":[29,112],"Juzu Bracelet":0,"obtain_stats":[{"Ice Cream":21,"Lantern":25,"conspire:RoyalGoblet":20,"Quantum Egg":12,"Counterbalance":27,"infinitespire:EmptyRelic":17,"Vajra":12,"hubris:FruitBowl":17,"infinitespire:Beetle Shell":10,"infinitespire:FocusingShard":34,"Juzu Bracelet":6,"Omamori":28,"aspiration:FrozenJewel":9,"hubris:TerracottaHorce":19,"Peace Pipe":31,"Replay:Baseball":16,"hubris:Backtick":30,"Ring of Misfortune":17,"Replay:Bottled Flurry":17,"PureWater":0,"infinitespire:Chaos":17,"aspiration:DSix":30},{"Ice Cream":11,"Lantern":14,"conspire:RoyalGoblet":11,"Quantum Egg":6,"Counterbalance":14,"infinitespire:EmptyRelic":9,"Vajra":24,"hubris:FruitBowl":9,"infinitespire:Beetle Shell":5,"infinitespire:FocusingShard":16,"Juzu Bracelet":22,"Omamori":28,"aspiration:FrozenJewel":23,"hubris:TerracottaHorce":26,"Peace Pipe":14,"Replay:Baseball":25,"hubris:Backtick":14,"Ring of Misfortune":9,"Replay:Bottled Flurry":9,"PureWater":0,"infinitespire:Chaos":9,"aspiration:DSix":14},{"Ice Cream":36,"Lantern":52,"conspire:RoyalGoblet":36,"Quantum Egg":20,"Counterbalance":52,"infinitespire:EmptyRelic":27,"Vajra":88,"hubris:FruitBowl":27,"infinitespire:Beetle Shell":14,"infinitespire:FocusingShard":58,"Juzu Bracelet":79,"Omamori":107,"aspiration:FrozenJewel":82,"hubris:TerracottaHorce":97,"Peace Pipe":52,"Replay:Baseball":92,"hubris:Backtick":52,"Ring of Misfortune":27,"Replay:Bottled Flurry":27,"PureWater":0,"infinitespire:Chaos":27,"aspiration:DSix":52}]},"card_choices":[{"not_picked":["FollowUp","BowlingBash"],"picked":"ReachHeaven","floor":1},{"not_picked":["PathToVictory","LikeWater"],"picked":"BattleHymn","floor":3},{"not_picked":["EmptyFist","Evaluate","PathToVictory"],"picked":"SKIP","floor":5},{"not_picked":["Conclude","CrushJoints"],"picked":"DevaForm","floor":6},{"not_picked":["SignatureMove","Replay:AtTheReady"],"picked":"CutThroughFate","floor":8},{"not_picked":["BattleHymn","SandsOfTime","Swivel"],"picked":"SKIP","floor":12},{"not_picked":["Halt","CrushJoints","SignatureMove"],"picked":"SKIP","floor":16},{"not_picked":["Establishment","MasterReality"],"picked":"LessonLearned","floor":18},{"not_picked":["WreathOfFlame","Worship","Evaluate"],"picked":"SKIP","floor":20},{"not_picked":["Replay:ManipulateFuture+1","Crescendo+1"],"picked":"ClearTheMind+1","floor":23},{"not_picked":["BowlingBash","Fasting2+1"],"picked":"EmptyMind+1","floor":25}],"player_experience":91186,"relics_obtained":[{"floor":6,"key":"Juzu Bracelet"},{"floor":9,"key":"aspiration:FrozenJewel"},{"floor":12,"key":"Vajra"},{"floor":16,"key":"Replay:Baseball"},{"floor":28,"key":"Omamori"}],"event_choices":[{"damage_healed":0,"gold_gain":275,"player_choice":"Desecrate","damage_taken":0,"max_hp_gain":0,"max_hp_loss":0,"event_name":"Golden Shrine","floor":2,"gold_loss":0,"cards_obtained":["Regret"]},{"cards_removed":["LessonLearned"],"damage_healed":0,"gold_gain":0,"player_choice":"Take \u0026 Give","damage_taken":0,"max_hp_gain":0,"max_hp_loss":0,"event_name":"betterNote:BetterNote","floor":22,"gold_loss":0,"cards_obtained":["stsjorbsmod:MageArmor"]},{"damage_healed":0,"gold_gain":0,"player_choice":"2","damage_taken":0,"max_hp_gain":0,"max_hp_loss":0,"event_name":"betterMatch:BetterMatch","floor":23,"gold_loss":0,"cards_obtained":["betterMatch:CommonCard"]},{"cards_removed":["Strike_P"],"damage_healed":0,"gold_gain":0,"player_choice":"Gave Gold","damage_taken":0,"max_hp_gain":0,"max_hp_loss":0,"event_name":"Beggar","floor":26,"gold_loss":75}],"is_beta":false,"boss_relics":[{"not_picked":["Cursed Key","Tiny House"],"picked":"hubris:TerracottaHorce"}],"items_purged_floors":[4,4,21],"is_endless":false,"potions_floor_spawned":[6,8,20],"killed_by":"Nightmare","ascension_level":0}}