{"host":"0vlubjftylzdr3ny","time":1610751718,"event":{"mods":["Always Whale","BaseMod","Downfall","GifTheSpireLib","Minty Spire (QoL Compilation)","Relic Filter","Replay The Spire","StSLib","The Dragon Tamer"],"gold_per_floor":[109,109,128,53,72,72,97,97,97,132,142,142,152,52,52,156,156,169,180,279,291,491,491,76,111,111,136,136,161,178,195,195,292,292,304,304,304,350,350,376,396,396,396,396,412,106,106,118,118,118],"floor_reached":51,"language":"ENG","playtime":4462,"items_purged":["DTMod:TargetDefense","DTMod:Strike","DTMod:TargetDefense"],"score":1168,"play_id":"1c258208-97cc-4047-add5-e4ee84046c55","local_time":"20210116000158","is_ascension_mode":false,"metric_token":595,"campfire_choices":[{"data":"DTMod:SwitchingTactic","floor":6.0,"key":"SMITH"},{"data":"DTMod:Training","floor":8.0,"key":"SMITH"},{"floor":12.0,"key":"REST"},{"floor":15.0,"key":"REST"},{"floor":23.0,"key":"REST"},{"floor":28.0,"key":"REST"},{"data":"DTMod:ComboAttack","floor":32.0,"key":"SMITH"},{"floor":42.0,"key":"REST"},{"floor":44.0,"key":"REST"},{"data":"DTMod:DragonDance","floor":47.0,"key":"SMITH"}],"dtmod_dragon_data":[58,58,3,0,2,0],"circlet_count":0,"master_deck":["DTMod:Strike+1","DTMod:DoubleHit+1","DTMod:TargetDefense+1","DTMod:TargetDefense+1","DTMod:SwitchingTactic+1","DTMod:LightShield+1","DTMod:Training+1","DTMod:CrossStep","DTMod:ComboAttack+1","DTMod:TriAttack+1","DTMod:ComboAttack+1","DTMod:LightShield+1","DTMod:BlueScale+1","DTMod:ComboAttack+1","DTMod:WarmUp+1","DTMod:DragonDance+1","DTMod:Hide"],"relics":["DTMod:MagicStone","White Beast Statue","Gremlin Food","Bag of Marbles","Philosopher\u0027s Stone","Whetstone","War Paint","Nunchaku","PreservedInsect","Orichalcum","Replay:WaspNest","Calipers","DTMod:TacticalNote","Torii","Turnip"],"acts_visited":["Exordium","TheCity","TheBeyond"],"potions_floor_usage":[50,50],"damage_taken":[{"damage":0.0,"enemies":"Small Slimes","floor":1.0,"turns":5.0},{"damage":12.0,"enemies":"Cultist","floor":3.0,"turns":5.0},{"damage":0.0,"enemies":"2 Louse","floor":5.0,"turns":4.0},{"damage":0.0,"enemies":"3 Sentries","floor":7.0,"turns":11.0},{"damage":16.0,"enemies":"Lagavulin","floor":10.0,"turns":7.0},{"damage":4.0,"enemies":"Blue Slaver","floor":11.0,"turns":3.0},{"damage":1.0,"enemies":"Lots of Slimes","floor":13.0,"turns":5.0},{"damage":0.0,"enemies":"Hexaghost","floor":16.0,"turns":11.0},{"damage":0.0,"enemies":"Chosen","floor":18.0,"turns":3.0},{"damage":0.0,"enemies":"2 Thieves","floor":19.0,"turns":4.0},{"damage":0.0,"enemies":"3 Cultists","floor":21.0,"turns":5.0},{"damage":10.0,"enemies":"Slavers","floor":25.0,"turns":5.0},{"damage":0.0,"enemies":"Gremlin Leader","floor":27.0,"turns":4.0},{"damage":0.0,"enemies":"Replay:Snechameleon","floor":29.0,"turns":6.0},{"damage":0.0,"enemies":"Snake Plant","floor":30.0,"turns":3.0},{"damage":0.0,"enemies":"Centurion and Healer","floor":31.0,"turns":6.0},{"damage":0.0,"enemies":"Pondfish","floor":33.0,"turns":9.0},{"damage":0.0,"enemies":"3 Darklings","floor":35.0,"turns":4.0},{"damage":7.0,"enemies":"2 Orb Walkers","floor":38.0,"turns":5.0},{"damage":27.0,"enemies":"Reptomancer","floor":40.0,"turns":8.0},{"damage":3.0,"enemies":"Orb Walker","floor":41.0,"turns":4.0},{"damage":0.0,"enemies":"Sphere and 2 Shapes","floor":45.0,"turns":5.0},{"damage":1.0,"enemies":"Writhing Mass","floor":48.0,"turns":6.0},{"damage":0,"enemies":"Time Eater","floor":50,"turns":10}],"seed_played":"-3131299403449784855","potions_obtained":[{"floor":1.0,"key":"Dexterity Potion"},{"floor":2.0,"key":"Regen Potion"},{"floor":2.0,"key":"GamblersBrew"},{"floor":11.0,"key":"Fire Potion"},{"floor":16.0,"key":"Reflective Coating"},{"floor":21.0,"key":"Strength Potion"},{"floor":25.0,"key":"Toxic Potion"},{"floor":27.0,"key":"Milkshake"},{"floor":29.0,"key":"Weak Potion"},{"floor":38.0,"key":"GamblersBrew"},{"floor":40.0,"key":"sneckomod:MuddlingPotion"},{"floor":41.0,"key":"Guardian:BlockOnCardUsePotion"}],"is_trial":false,"path_per_floor":["M","?","M","$","M","R","E","R","T","E","M","R","M","$","R","B",null,"M","M","?","M","?","R","$","E","T","E","R","E","M","M","R","B",null,"M","?","?","?","?","E","M","R","T","R","M","$","R","M","R","B",null],"character_chosen":"THE_DT","items_purchased":["Whetstone","War Paint","Turnip"],"campfire_rested":6,"item_purchase_floors":[24,24,46],"current_hp_per_floor":[45,45,33,33,33,33,33,33,33,17,13,26,25,25,38,38,45,45,45,45,45,45,45,45,35,35,35,45,45,45,45,45,45,45,45,45,45,38,38,18,22,35,35,45,45,45,45,44,44,45],"gold":118,"neow_bonus":"TRANSFORM_CARD","is_daily":false,"chose_seed":false,"campfire_upgraded":4,"win_rate":0.0,"timestamp":1610751718,"path_taken":["M","?","M","?","M","R","E","R","T","E","M","R","M","$","R","BOSS","M","M","?","M","?","R","$","E","T","E","R","E","M","?","R","BOSS","M","?","?","?","?","E","M","R","T","R","?","$","R","M","R","BOSS"],"items_purchased_type":["Relic","Relic","Relic"],"build_version":"2020-12-22","purchased_purges":3,"victory":true,"max_hp_per_floor":[45,45,45,45,45,45,45,45,45,45,45,45,45,45,45,45,45,45,45,45,45,45,45,45,45,45,45,45,45,45,45,45,45,45,45,45,45,45,45,45,45,45,45,45,45,45,45,45,45,45],"card_choices":[{"not_picked":["DTMod:TagTeam","DTMod:RecklessFlurry"],"picked":"DTMod:Training","floor":1.0},{"not_picked":["DTMod:Threaten","DTMod:DeepFocus"],"picked":"DTMod:CrossStep","floor":3.0},{"not_picked":["DTMod:BizarreTactic","DTMod:MagiciansMark"],"picked":"DTMod:ComboAttack","floor":5.0},{"not_picked":["DTMod:HeatWave","DTMod:MagicField"],"picked":"DTMod:TriAttack","floor":7.0},{"not_picked":["DTMod:Haste","DTMod:Cover","DTMod:Punisher"],"picked":"SKIP","floor":10.0},{"not_picked":["DTMod:DragonDance","DTMod:BuildUp"],"picked":"DTMod:ComboAttack","floor":11.0},{"not_picked":["DTMod:BuildUp","DTMod:ComboAttack"],"picked":"DTMod:LightShield","floor":13.0},{"not_picked":["DTMod:BreakAttack","DTMod:QuickFly"],"picked":"DTMod:BlueScale+1","floor":18.0},{"not_picked":["DTMod:QuickFly","DTMod:BlazingStrike","DTMod:BreakAttack"],"picked":"SKIP","floor":19.0},{"not_picked":["DTMod:Weaken+1","DTMod:MagicField+1","DTMod:Haste+1"],"picked":"SKIP","floor":21.0},{"not_picked":["DTMod:TauntingStrike","DTMod:Threaten+1","DTMod:GhostSkin"],"picked":"SKIP","floor":25.0},{"not_picked":["DTMod:Outburst","DTMod:HeatWave"],"picked":"DTMod:ComboAttack","floor":27.0},{"not_picked":["DTMod:TauntingStrike+1","DTMod:MagicField+1","DTMod:BlazingStrike"],"picked":"SKIP","floor":29.0},{"not_picked":["DTMod:BurningEnergy","DTMod:Shift","DTMod:HeatWave+1"],"picked":"SKIP","floor":30.0},{"not_picked":["DTMod:Feint+1","DTMod:QuickFly","DTMod:BizarreTactic+1"],"picked":"SKIP","floor":31.0},{"not_picked":["DTMod:MagicField+1","DTMod:DeepFocus+1","DTMod:Shift+1"],"picked":"SKIP","floor":35.0},{"not_picked":["DTMod:BizarreTactic","DTMod:Haste+1"],"picked":"DTMod:WarmUp","floor":40.0},{"not_picked":["DTMod:Cover","DTMod:HeatWave+1"],"picked":"DTMod:DragonDance","floor":41.0},{"not_picked":["DTMod:BurningForce+1","DTMod:Punisher+1","DTMod:ComboAttack+1"],"picked":"SKIP","floor":45.0},{"not_picked":["DTMod:ComboAttack","DTMod:Dissolve","DTMod:HeatWave"],"picked":"SKIP","floor":48.0},{"not_picked":["DTMod:ComboAttack","DTMod:Dissolve","DTMod:HeatWave"],"picked":"SKIP","floor":48.0}],"player_experience":864304,"relics_obtained":[{"floor":7.0,"key":"White Beast Statue"},{"floor":9.0,"key":"Gremlin Food"},{"floor":10.0,"key":"Bag of Marbles"},{"floor":25.0,"key":"Nunchaku"},{"floor":26.0,"key":"PreservedInsect"},{"floor":27.0,"key":"Orichalcum"},{"floor":29.0,"key":"Replay:WaspNest"},{"floor":38.0,"key":"Calipers"},{"floor":40.0,"key":"DTMod:TacticalNote"},{"floor":43.0,"key":"Torii"}],"event_choices":[{"damage_healed":0.0,"max_hp_gain":0.0,"max_hp_loss":0.0,"gold_gain":0.0,"event_name":"Lab","player_choice":"Got Potions","floor":2.0,"gold_loss":0.0,"damage_taken":0.0},{"damage_healed":0.0,"max_hp_gain":0.0,"max_hp_loss":0.0,"gold_gain":99.0,"event_name":"Nest","player_choice":"Stole From Cult","floor":20.0,"gold_loss":0.0,"damage_taken":0.0},{"damage_healed":0.0,"max_hp_gain":0.0,"max_hp_loss":0.0,"gold_gain":200.0,"event_name":"Wheel of Change","player_choice":"Gold","floor":22.0,"gold_loss":0.0,"damage_taken":0.0},{"damage_healed":0.0,"max_hp_gain":0.0,"max_hp_loss":0.0,"gold_gain":0.0,"event_name":"Tomb of Lord Red Mask","player_choice":"Ignored","floor":36.0,"gold_loss":0.0,"damage_taken":0.0},{"damage_healed":0.0,"max_hp_gain":0.0,"max_hp_loss":0.0,"gold_gain":0.0,"event_name":"SensoryStone","player_choice":"Memory 1","floor":37.0,"gold_loss":0.0,"damage_taken":0.0},{"damage_healed":0.0,"max_hp_gain":0.0,"max_hp_loss":0.0,"gold_gain":0.0,"event_name":"Mysterious Sphere","player_choice":"Fight","floor":38.0,"gold_loss":0.0,"damage_taken":0.0},{"damage_healed":0.0,"max_hp_gain":0.0,"max_hp_loss":0.0,"gold_gain":0.0,"event_name":"Accursed Blacksmith","player_choice":"Forge","floor":39.0,"gold_loss":0.0,"damage_taken":0.0,"cards_upgraded":["DTMod:LightShield"]}],"is_beta":false,"boss_relics":[{"not_picked":["Honey Jar","Kintsugi"],"picked":"Philosopher\u0027s Stone"},{"not_picked":["Replay:Drink Me","Replay:Wanted Poster"],"picked":"DTMod:MagicStone"}],"items_purged_floors":[4,14,24],"is_endless":false,"potions_floor_spawned":[1,10,11,13,16,18,19,21,25,27,29,30,31,33,35,38,40,41,45,48],"ascension_level":0}}