{"host":"bb5r3ba2ig485dr2","time":1610726767,"event":{"mods":["Act Like it!","BaseMod","CapriCore","Chen","Curses Come First","Gensokyo","Hallownest","Koishi","Lobotomy","LobotomyExtend","Marisa（霧雨　魔理沙）","Minty Spire (QoL Compilation)","Random Character Button","Rare Cards Sparkle","Reimu（博??梦）","StSLib","Td1madao Mod","The Administrix","The Bug Knight","The Immortal","The Servant 0.9.4","The Wild Card"],"gold_per_floor":[111,131,131,131,231,259,274,274,274,42,42,42,42,57,57,154,154,168,168,186,196,196,196],"floor_reached":22,"language":"ENG","playtime":2061,"items_purged":[],"score":209,"play_id":"902df7cd-0fe1-432f-8cb3-efc6cdc4d668","local_time":"20210115170607","is_ascension_mode":false,"campfire_choices":[{"data":"Gathering:ReiMu","floor":8,"key":"SMITH"},{"data":"LovePray:ReiMu","floor":11,"key":"SMITH"},{"data":"The Bomb","floor":15,"key":"SMITH"}],"circlet_count":0,"master_deck":["Strike_Lin:ReiMu","Strike_Lin:ReiMu","Strike_Lin:ReiMu","Strike_Lin:ReiMu","Defend_Lin:ReiMu","Defend_Lin:ReiMu","Defend_Lin:ReiMu","Defend_Lin:ReiMu","NB:ReiMu","Stagnation:ReiMu","MikOfLucky:ReiMu+1","PassingAway:ReiMu","SubcavityInstant:ReiMu","SafetyPray:ReiMu","LovePray:ReiMu+1","Gathering:ReiMu+1","The Bomb+1","Enchanting:ReiMu","Determination:ReiMu","Conquer:ReiMu","Dash","SafetyPray:ReiMu"],"relics":["FlyPower:ReiMu","NeowsBlessing","LetterFromLob","Unceasing Top","FossilizedHelix","Black Star"],"acts_visited":["Gensokyo:Gensokyo","Gensokyo:Gensokyoer"],"potions_floor_usage":[18,20,20],"damage_taken":[{"damage":0,"enemies":"Gensokyo:3_Fairies","floor":1,"turns":2},{"damage":0,"enemies":"Gensokyo:Gryphon","floor":2,"turns":1},{"damage":0,"enemies":"Gensokyo:Mamizou","floor":6,"turns":4},{"damage":0,"enemies":"Gensokyo:2_Kodama","floor":7,"turns":5},{"damage":0,"enemies":"Gensokyo:VengefulSpirit","floor":14,"turns":5},{"damage":22,"enemies":"Gensokyo:Reimu","floor":16,"turns":9},{"damage":20,"enemies":"Gensokyo:2_Gloops","floor":18,"turns":9},{"damage":25,"enemies":"Gensokyo:3_Dogs","floor":20,"turns":4},{"damage":4,"enemies":"Gensokyo:Swordslinger","floor":21,"turns":3},{"damage":18,"enemies":"Gensokyo:Monolith_and_Dog","floor":22,"turns":6}],"seed_played":"-63061296942538615","potions_obtained":[{"floor":1,"key":"GrandPatriotsElixir:ReiMu"},{"floor":14,"key":"PinkPotion:ReiMu"},{"floor":18,"key":"ColorlessPotion"},{"floor":21,"key":"FearPotion"}],"is_trial":false,"path_per_floor":["M","M","?","?","?","E","M","R","T","$","R","M","$","M","R","B",null,"M","?","M","M","M"],"character_chosen":"REIMU","items_purchased":["The Bomb","ColorlessPotion"],"campfire_rested":0,"item_purchase_floors":[10,10],"current_hp_per_floor":[65,65,65,65,65,65,65,65,65,65,65,65,65,65,65,43,65,45,45,20,16,0,0],"gold":196,"neow_bonus":"THREE_ENEMY_KILL","is_daily":false,"chose_seed":false,"campfire_upgraded":3,"win_rate":0.0,"timestamp":1610726767,"path_taken":["M","M","?","?","?","E","?","R","T","$","R","M","?","M","R","BOSS","M","?","M","M","M"],"items_purchased_type":["Card","Potion"],"build_version":"2020-12-22","purchased_purges":0,"victory":false,"max_hp_per_floor":[65,65,65,65,65,65,65,65,65,65,65,65,65,65,65,65,65,65,65,65,65,65,65],"card_choices":[{"not_picked":["Conquer:ReiMu","CareerPray:ReiMu"],"picked":"MikOfLucky:ReiMu","floor":1},{"not_picked":["AirStrike:ReiMu","Revelation:ReiMu"],"picked":"PassingAway:ReiMu","floor":2},{"not_picked":["Conquer:ReiMu","NineCharacters:ReiMu"],"picked":"SubcavityInstant:ReiMu","floor":3},{"not_picked":["LearningPray:ReiMu","MountainWay:ReiMu"],"picked":"SafetyPray:ReiMu","floor":3},{"not_picked":["DoubleButterfly:ReiMu","AirManeuver:ReiMu"],"picked":"LovePray:ReiMu","floor":6},{"not_picked":["FoulBorder2:ReiMu","CleanRite:ReiMu"],"picked":"Gathering:ReiMu","floor":7},{"not_picked":["MikOfLucky:ReiMu","ManaGlint:ReiMu"],"picked":"Enchanting:ReiMu","floor":14},{"not_picked":["Free:ReiMu","CeremonyResonance:ReiMu"],"picked":"Determination:ReiMu","floor":16},{"not_picked":["AlertArray:ReiMu","RainPray2:ReiMu"],"picked":"Conquer:ReiMu","floor":18},{"not_picked":["Crusade:ReiMu","ForcedLanding:ReiMu"],"picked":"SafetyPray:ReiMu","floor":20},{"not_picked":["Amulet:ReiMu+1","Intuition:ReiMu","Enchanting:ReiMu"],"picked":"SKIP","floor":21}],"player_experience":214381,"relics_obtained":[{"floor":1,"key":"LetterFromLob"},{"floor":6,"key":"Unceasing Top"},{"floor":9,"key":"FossilizedHelix"}],"event_choices":[],"is_beta":false,"boss_relics":[{"not_picked":["Coffee Dripper","Velvet Choker"],"picked":"Black Star"}],"items_purged_floors":[],"is_endless":false,"potions_floor_spawned":[1,14,16,18,21],"killed_by":"Gensokyo:Monolith_and_Dog","ascension_level":0}}