{"host":"uy3vg6glkp8m6iit","time":1610685326,"event":{"mods":["AchievementEnabler","BaseMod","Colored Map","DeckTracker","Highlight Path","Keyboard Shortcuts","Minty Spire (QoL Compilation)","Quick Restart","Random Character Button","Rare Cards Sparkle","Relic Stats","StSLib","everything is the same but u backflip on backflip"],"gold_per_floor":[109,109,59,6,6,6,27,27,27,27,40,40,65,79,79,208,208,221,241,191,191,66,66,86,86,86,36,36,36,67,87,87,215,215,234,234,259,209,230,230,253,253,253,274,289,302,302,346,346,346],"floor_reached":51,"language":"KOR","playtime":1605,"items_purged":["Strike_G","Strike_G","Defend_G","Well Laid Plans+1"],"score":1109,"play_id":"8b3c3bf2-edf2-4861-9751-868e313abf91","local_time":"20210115133526","is_ascension_mode":true,"campfire_choices":[{"data":"Dagger Spray","floor":8.0,"key":"SMITH"},{"data":"Dagger Throw","floor":12.0,"key":"SMITH"},{"data":"Neutralize","floor":15.0,"key":"SMITH"},{"data":"Well Laid Plans","floor":23.0,"key":"SMITH"},{"data":"Tactician","floor":32.0,"key":"SMITH"},{"floor":40.0,"key":"REST"},{"data":"Calculated Gamble","floor":47,"key":"SMITH"},{"floor":49,"key":"REST"}],"circlet_count":0,"master_deck":["AscendersBane","Defend_G","Defend_G","Defend_G","Survivor","Neutralize+1","Dagger Spray+1","Dagger Throw+1","Reflex","Backflip","Grand Finale","Cloak And Dagger+1","Tactician+1","Terror","Wraith Form v2","Prepared","Grand Finale","Calculated Gamble+1"],"relics":["Ring of the Snake","Golden Idol","Mercury Hourglass","Smiling Mask","Philosopher\u0027s Stone","Mummified Hand","StoneCalendar","Runic Pyramid","Paper Crane"],"acts_visited":["Exordium","TheCity","TheBeyond"],"potions_floor_usage":[],"damage_taken":[{"damage":0.0,"enemies":"Jaw Worm","floor":1.0,"turns":5.0},{"damage":0.0,"enemies":"Small Slimes","floor":7.0,"turns":2.0},{"damage":1.0,"enemies":"Cultist","floor":11.0,"turns":3.0},{"damage":3.0,"enemies":"3 Louse","floor":13.0,"turns":2.0},{"damage":0.0,"enemies":"Looter","floor":14.0,"turns":3.0},{"damage":19.0,"enemies":"Slime Boss","floor":16.0,"turns":10.0},{"damage":10.0,"enemies":"2 Thieves","floor":18.0,"turns":4.0},{"damage":0.0,"enemies":"Shell Parasite","floor":19.0,"turns":2.0},{"damage":2.0,"enemies":"Cultist and Chosen","floor":24.0,"turns":4.0},{"damage":3.0,"enemies":"Gremlin Leader","floor":30.0,"turns":5.0},{"damage":0.0,"enemies":"Chosen and Byrds","floor":31.0,"turns":2.0},{"damage":41.0,"enemies":"Champ","floor":33.0,"turns":8.0},{"damage":19.0,"enemies":"3 Shapes","floor":35.0,"turns":3.0},{"damage":5.0,"enemies":"Orb Walker","floor":37.0,"turns":3.0},{"damage":12.0,"enemies":"Writhing Mass","floor":39.0,"turns":7.0},{"damage":6.0,"enemies":"Spire Growth","floor":41.0,"turns":4.0},{"damage":0,"enemies":"Sphere and 2 Shapes","floor":44,"turns":3},{"damage":0,"enemies":"Transient","floor":45,"turns":5},{"damage":0,"enemies":"4 Shapes","floor":46,"turns":2},{"damage":0,"enemies":"Nemesis","floor":48,"turns":5},{"damage":11,"enemies":"Time Eater","floor":50,"turns":8}],"seed_played":"-5437976086522921822","potions_obtained":[{"floor":13.0,"key":"Fruit Juice"},{"floor":19.0,"key":"Explosive Potion"},{"floor":24.0,"key":"DistilledChaos"},{"floor":39.0,"key":"Energy Potion"}],"is_trial":false,"path_per_floor":["M","?","?","$","?","$","M","R","T","?","M","R","M","M","R","B",null,"M","M","$","?","$","R","M","?","T","$","?","$","E","M","R","B",null,"M","?","M","$","M","R","M","?","T","M","M","M","R","E","R","B",null],"character_chosen":"THE_SILENT","items_purchased":["Dagger Throw","Well Laid Plans"],"campfire_rested":2,"item_purchase_floors":[4,22],"current_hp_per_floor":[63,63,63,63,48,48,48,48,48,41,40,40,37,37,37,18,52,42,42,42,42,42,42,45,45,45,45,45,45,42,42,42,1,51,32,32,27,27,15,35,29,29,29,29,29,29,29,29,49,38],"gold":346,"neow_bonus":"REMOVE_TWO","is_daily":false,"chose_seed":false,"campfire_upgraded":6,"win_rate":0.0,"timestamp":1610685326,"path_taken":["M","?","?","?","?","$","M","R","T","?","?","R","M","M","R","BOSS","M","M","$","?","$","R","M","?","T","$","?","?","E","M","R","BOSS","M","?","M","$","M","R","M","?","T","M","M","M","R","E","R","BOSS"],"items_purchased_type":["Card","Card"],"build_version":"2020-12-22","purchased_purges":4,"victory":true,"max_hp_per_floor":[63,63,63,63,63,63,63,63,63,63,63,63,63,63,63,63,63,63,63,63,63,63,63,68,68,68,68,68,68,68,68,68,68,68,68,68,68,68,68,68,68,68,68,68,68,68,68,68,68,68],"relic_stats":{"counters":[21,90],"Golden Idol":151,"Mummified Hand":[7],"StoneCalendar":[104],"Smiling Mask":250,"obtain_stats":[{"Golden Idol":5,"Mummified Hand":26,"Philosopher\u0027s Stone":17,"StoneCalendar":30,"Paper Crane":48,"Smiling Mask":10,"Ring of the Snake":0,"Mercury Hourglass":9,"Runic Pyramid":34},{"Golden Idol":1,"Mummified Hand":9,"Philosopher\u0027s Stone":6,"StoneCalendar":10,"Paper Crane":20,"Smiling Mask":2,"Ring of the Snake":0,"Mercury Hourglass":2,"Runic Pyramid":12},{"Golden Idol":5,"Mummified Hand":35,"Philosopher\u0027s Stone":25,"StoneCalendar":40,"Paper Crane":82,"Smiling Mask":7,"Ring of the Snake":0,"Mercury Hourglass":7,"Runic Pyramid":50}],"Ring of the Snake":[42],"Mercury Hourglass":[330]},"card_choices":[{"not_picked":["Flying Knee","Slice"],"picked":"Dagger Spray","floor":1.0},{"not_picked":["Backflip","Leg Sweep"],"picked":"Reflex","floor":7.0},{"not_picked":["Footwork","Bouncing Flask","Setup"],"picked":"SKIP","floor":11.0},{"not_picked":["Heel Hook","Endless Agony"],"picked":"Backflip","floor":13.0},{"not_picked":["Backflip","Deadly Poison"],"picked":"Poisoned Stab","floor":14.0},{"not_picked":["After Image","Burst"],"picked":"Grand Finale","floor":16.0},{"not_picked":["Poisoned Stab","Backstab"],"picked":"Cloak And Dagger+1","floor":18.0},{"not_picked":["Accuracy","Catalyst","Heel Hook+1"],"picked":"SKIP","floor":19.0},{"not_picked":["Dodge and Roll+1","Outmaneuver"],"picked":"Tactician","floor":24.0},{"not_picked":["Slice","All Out Attack","Eviscerate"],"picked":"SKIP","floor":30.0},{"not_picked":["Sucker Punch","Dodge and Roll"],"picked":"Terror","floor":31.0},{"not_picked":["Malaise","Tools of the Trade"],"picked":"Wraith Form v2","floor":33.0},{"not_picked":["Finisher","Slice+1","Well Laid Plans+1"],"picked":"SKIP","floor":35.0},{"not_picked":["Distraction","Bane","PiercingWail+1"],"picked":"SKIP","floor":37.0},{"not_picked":["Deflect+1","Outmaneuver","Reflex"],"picked":"SKIP","floor":39.0},{"not_picked":["Catalyst+1","Cloak And Dagger+1"],"picked":"Prepared","floor":41.0},{"not_picked":["Well Laid Plans","Bane+1"],"picked":"Grand Finale","floor":44},{"not_picked":["Bouncing Flask","Dagger Spray","Poisoned Stab"],"picked":"SKIP","floor":45},{"not_picked":["Quick Slash","Outmaneuver"],"picked":"Calculated Gamble","floor":46},{"not_picked":["Flechettes+1","Die Die Die","Quick Slash"],"picked":"SKIP","floor":48}],"player_experience":1474782,"relics_obtained":[{"floor":9.0,"key":"Mercury Hourglass"},{"floor":26.0,"key":"Mummified Hand"},{"floor":30.0,"key":"StoneCalendar"},{"floor":48,"key":"Paper Crane"}],"event_choices":[{"damage_healed":0.0,"max_hp_gain":0.0,"max_hp_loss":0.0,"gold_gain":0.0,"event_name":"Liars Game","player_choice":"Ignored","floor":2.0,"gold_loss":0.0,"damage_taken":0.0},{"cards_removed":["Strike_G"],"damage_healed":0.0,"max_hp_gain":0.0,"max_hp_loss":0.0,"gold_gain":0.0,"event_name":"The Cleric","player_choice":"Card Removal","floor":3.0,"gold_loss":50.0,"damage_taken":0.0},{"damage_healed":0.0,"max_hp_gain":0.0,"max_hp_loss":0.0,"gold_gain":0.0,"event_name":"Golden Idol","player_choice":"Take Damage","floor":5.0,"gold_loss":0.0,"damage_taken":15.0,"relics_obtained":["Golden Idol"]},{"damage_healed":0.0,"max_hp_gain":0.0,"max_hp_loss":0.0,"gold_gain":0.0,"event_name":"Scrap Ooze","player_choice":"Success","floor":10.0,"gold_loss":0.0,"damage_taken":7.0,"relics_obtained":["Smiling Mask"]},{"damage_healed":0.0,"max_hp_gain":0.0,"max_hp_loss":0.0,"gold_gain":0.0,"event_name":"Vampires","player_choice":"Ignored","floor":21.0,"gold_loss":0.0,"damage_taken":0.0},{"damage_healed":0.0,"max_hp_gain":0.0,"max_hp_loss":0.0,"gold_gain":0.0,"event_name":"Ghosts","player_choice":"Ignored","floor":25.0,"gold_loss":0.0,"damage_taken":0.0},{"cards_removed":["Strike_G"],"damage_healed":0.0,"max_hp_gain":0.0,"max_hp_loss":0.0,"gold_gain":0.0,"event_name":"Back to Basics","player_choice":"Elegance","floor":28.0,"gold_loss":0.0,"damage_taken":0.0},{"damage_healed":0.0,"max_hp_gain":0.0,"max_hp_loss":0.0,"gold_gain":0.0,"event_name":"Mysterious Sphere","player_choice":"Ignored","floor":36.0,"gold_loss":0.0,"damage_taken":0.0},{"cards_removed":["Poisoned Stab"],"damage_healed":0.0,"max_hp_gain":0.0,"max_hp_loss":0.0,"gold_gain":0.0,"event_name":"Wheel of Change","player_choice":"Card Removal","floor":42.0,"gold_loss":0.0,"damage_taken":0.0}],"is_beta":false,"boss_relics":[{"not_picked":["Ring of the Serpent","Astrolabe"],"picked":"Philosopher\u0027s Stone"},{"not_picked":["Busted Crown","Velvet Choker"],"picked":"Runic Pyramid"}],"items_purged_floors":[20,22,27,38],"is_endless":false,"potions_floor_spawned":[13,19,24,39,41,44],"ascension_level":12}}