{"host":"wbdly04l9mkn9nrc","time":1610689511,"event":{"mods":["AchievementEnabler","BaseMod","BetterRewards","Minty Spire (QoL Compilation)","Replay The Spire","StSLib","[IsaacMod]ÒÔÈö¼âËþ"],"gold_per_floor":[110,110,210,229,12,45,59,72,99,118,118,133,133,164,164,266,266,280,300,325,345,345,345,345,406,406,170,95,117,130,130,130,244,253,273,47,63,172,181,225,225,225,225,293,150,172,201,216,216,216],"floor_reached":51,"language":"ZHS","playtime":2444,"items_purged":["Strike_P","Strike_P","Shame","Replay:Hysterical Blindness"],"score":1894,"play_id":"8ec2d994-d8bd-44d7-862e-9ea2e3849c29","local_time":"20210115134511","is_ascension_mode":true,"campfire_choices":[{"floor":11.0,"key":"REST"},{"floor":15.0,"key":"DIG"},{"data":"EpicFetus","floor":23.0,"key":"SMITH"},{"floor":32.0,"key":"DIG"},{"data":"BattleHymn","floor":41,"key":"SMITH"},{"data":"DevaForm","floor":49,"key":"SMITH"}],"circlet_count":0,"master_deck":["AscendersBane","Strike_P","Defend_P","Defend_P","Defend_P","Eruption","Vigilance","EpicFetus+1","Brilliance","Brilliance","ClearTheMind","InnerPeace","FearNoEvil","Replay:DivineShield+1","CarveReality","EmptyBody","Wallop","TalkToTheHand","Collect","Vengeance","Replay:LoomingThreat","Tantrum","CutThroughFate+1","CrushJoints+1","Replay:Battleflow","FlurryOfBlows","DevaForm+1","Devotion","BattleHymn+1","Replay:Hum+1","Mind Blast","Replay:Vibes","SandsOfTime+1"],"relics":["PureWater","HushsDoor","BookofShadows","Prayer Wheel","TheBattery","Bag of Marbles","Membership Card","BookOfRevelations","Leech","Ice Cream","HandDrill","Bronze Scales","Tiny Chest","MealTicket","Damaru","MagicMushroom","Red Mask","Onion Ring","Regal Pillow","Strawberry","ReplayTheSpireMod:TigerMarble","CeramicFish","Replay:Mystery Machine","Matryoshka","Gremlin Food","Runic Pyramid","BelialBook","Lee\u0027s Waffle","GnawedLeaf","BranchBurnRelic","Gremlin Horn","GuppysTail","Happy Flower","Singing Bowl","ReplayTheSpireMod:CursedCoin","Replay:Baseball","Replay:Multitool","Kunai"],"acts_visited":["Exordium","TheCity","TheBeyond"],"potions_floor_usage":[],"damage_taken":[{"damage":0.0,"enemies":"Jaw Worm","floor":1.0,"turns":1.0},{"damage":0.0,"enemies":"Cultist","floor":4.0,"turns":1.0},{"damage":0.0,"enemies":"Replay:BlueRogue","floor":6.0,"turns":3.0},{"damage":0.0,"enemies":"Small Slimes","floor":7.0,"turns":2.0},{"damage":0.0,"enemies":"Red Slaver","floor":8.0,"turns":2.0},{"damage":0.0,"enemies":"Looter","floor":10.0,"turns":1.0},{"damage":0.0,"enemies":"2 Fungi Beasts","floor":12.0,"turns":1.0},{"damage":0.0,"enemies":"Lagavulin","floor":14.0,"turns":2.0},{"damage":0.0,"enemies":"Fading Forest","floor":16.0,"turns":11.0},{"damage":13.0,"enemies":"2 Thieves","floor":18.0,"turns":3.0},{"damage":7.0,"enemies":"3 Byrds","floor":19.0,"turns":2.0},{"damage":5.0,"enemies":"Masked Bandits","floor":20.0,"turns":3.0},{"damage":4.0,"enemies":"Snake Plant","floor":21.0,"turns":2.0},{"damage":0.0,"enemies":"3 Cultists","floor":29.0,"turns":2.0},{"damage":8.0,"enemies":"Centurion and Healer","floor":30.0,"turns":3.0},{"damage":0.0,"enemies":"Champ","floor":33.0,"turns":5.0},{"damage":0,"enemies":"Orb Walker","floor":35,"turns":2},{"damage":0,"enemies":"3 Darklings","floor":37,"turns":1},{"damage":0,"enemies":"Nemesis","floor":40,"turns":3},{"damage":24,"enemies":"Maw","floor":46,"turns":5},{"damage":0,"enemies":"Giant Head","floor":47,"turns":5},{"damage":0,"enemies":"Writhing Mass","floor":48,"turns":2},{"damage":16,"enemies":"Time Eater","floor":50,"turns":4}],"seed_played":"7623203843794085159","potions_obtained":[{"floor":4.0,"key":"Energy Potion"},{"floor":7.0,"key":"Milkshake"},{"floor":12.0,"key":"BlessingOfTheForge"},{"floor":16.0,"key":"Flashbang"},{"floor":21.0,"key":"DistilledChaos"},{"floor":42,"key":"FairyPotion"}],"is_trial":false,"path_per_floor":["M","?","?","M","$","E","M","M","T","M","R","M","?","E","R","B",null,"M","M","?","M","T","R","?","?","T","$","?","M","M","T","R","B",null,"M","$","M","?","?","E","R","?","T","T","$","M","E","M","R","B",null],"character_chosen":"WATCHER","items_purchased":["Prayer Wheel","TheBattery","Brilliance","ClearTheMind","Bag of Marbles","Membership Card","InnerPeace","FearNoEvil","Replay:DivineShield+1","BookOfRevelations","Ice Cream","HandDrill","Tantrum","CeramicFish","Replay:Mystery Machine","Replay:Battleflow","BelialBook","Devotion","Dead Branch","Lee\u0027s Waffle","ReplayTheSpireMod:CursedCoin","Replay:Baseball","Replay:Multitool"],"campfire_rested":1,"item_purchase_floors":[0,0,0,0,0,0,0,0,0,0,5,5,17,27,27,27,34,34,36,36,45,45,45],"current_hp_per_floor":[23,23,23,24,24,26,27,28,28,29,50,51,51,52,52,58,73,63,58,56,54,54,54,54,61,61,76,76,78,73,73,73,78,66,66,73,73,73,73,73,73,73,73,73,73,60,67,73,73,67],"gold":216,"neow_bonus":"","is_daily":false,"chose_seed":false,"campfire_upgraded":3,"win_rate":0.0,"timestamp":1610689511,"path_taken":["M","?","?","M","$","E","?","M","T","M","R","M","?","E","R","BOSS","M","M","?","?","?","R","?","?","T","$","?","M","M","?","R","BOSS","M","$","M","?","?","E","R","?","T","?","$","M","E","M","R","BOSS"],"items_purchased_type":["Relic","Relic","Card","Card","Relic","Relic","Card","Card","Card","Relic","Relic","Relic","Card","Relic","Relic","Card","Relic","Card","Relic","Relic","Relic","Relic","Relic"],"build_version":"2020-12-22","purchased_purges":4,"victory":true,"max_hp_per_floor":[72,72,72,72,72,72,72,72,72,72,72,72,72,72,72,72,76,76,76,76,76,76,76,76,83,83,83,83,83,83,83,83,80,66,66,73,73,73,73,73,73,73,73,73,73,75,77,78,78,78],"card_choices":[{"not_picked":[],"picked":"EpicFetus","floor":0.0},{"not_picked":["Omniscience","InnerPeace"],"picked":"CarveReality","floor":1.0},{"not_picked":["Evaluate","Halt"],"picked":"EmptyBody","floor":1.0},{"not_picked":["EmptyFist","ClearTheMind"],"picked":"Bomb","floor":4.0},{"not_picked":["ReachHeaven","FollowUp"],"picked":"Wallop","floor":4.0},{"not_picked":["Vengeance","FearNoEvil","Replay:BluntJabs"],"picked":"SKIP","floor":6.0},{"not_picked":["Weave","Replay:DivineShield","Swivel"],"picked":"SKIP","floor":7.0},{"not_picked":["BowlingBash","Meditate","Replay:Cycle"],"picked":"SKIP","floor":7.0},{"not_picked":["Replay:Hum","BowlingBash","Swivel"],"picked":"SKIP","floor":8.0},{"not_picked":["Replay:BluntJabs","Replay:Anticipation","Omniscience"],"picked":"SKIP","floor":8.0},{"not_picked":["Wallop","FollowUp","EmptyBody"],"picked":"SKIP","floor":10.0},{"not_picked":["Fasting2","Consecrate","Bomb"],"picked":"SKIP","floor":10.0},{"not_picked":["Establishment","FlyingSleeves"],"picked":"TalkToTheHand","floor":12.0},{"not_picked":["Worship","Prostrate"],"picked":"Collect","floor":12.0},{"not_picked":["ThirdEye","FlurryOfBlows"],"picked":"Vengeance","floor":14.0},{"not_picked":["Brilliance","Alpha"],"picked":"Replay:LoomingThreat","floor":16.0},{"not_picked":["Evaluate","Indignation","SashWhip"],"picked":"SKIP","floor":18.0},{"not_picked":["Sanctity","Swivel","SashWhip"],"picked":"SKIP","floor":18.0},{"not_picked":["ThirdEye","CrushJoints"],"picked":"CutThroughFate+1","floor":19.0},{"not_picked":["ThirdEye","EmptyFist","Tantrum"],"picked":"SKIP","floor":19.0},{"not_picked":["Pray","Replay:Cycle","Collect"],"picked":"SKIP","floor":21.0},{"not_picked":["CutThroughFate","PathToVictory","Establishment"],"picked":"SKIP","floor":21.0},{"not_picked":["Evaluate","Halt"],"picked":"CrushJoints+1","floor":25.0},{"not_picked":["DeceiveReality","Replay:BluntJabs+1"],"picked":"FlurryOfBlows","floor":29.0},{"not_picked":["SashWhip","ClearTheMind","Evaluate"],"picked":"SKIP","floor":29.0},{"not_picked":["BowlingBash","Sanctity","Collect"],"picked":"SKIP","floor":30.0},{"not_picked":["EmptyBody","Wireheading","ClearTheMind"],"picked":"SKIP","floor":30.0},{"not_picked":["Vault","Ragnarok"],"picked":"DevaForm","floor":33.0},{"not_picked":["CrushJoints+1","Sanctity+1"],"picked":"BattleHymn","floor":35},{"not_picked":["Halt","FollowUp","Conclude"],"picked":"SKIP","floor":35},{"not_picked":["Sanctity","EmptyFist","Evaluate"],"picked":"SKIP","floor":37},{"not_picked":["Replay:AtTheReady+1","LikeWater","EmptyFist"],"picked":"SKIP","floor":37},{"not_picked":["BowlingBash","Wireheading"],"picked":"Replay:Hum+1","floor":38},{"not_picked":["Metamorphosis","Enlightenment"],"picked":"Mind Blast","floor":39},{"not_picked":["ThirdEye","Meditate"],"picked":"Replay:Vibes","floor":40},{"not_picked":["Prostrate+1","FollowUp","BowlingBash"],"picked":"Singing Bowl","floor":46},{"not_picked":["JustLucky","Replay:AllIn"],"picked":"SandsOfTime+1","floor":46},{"not_picked":["CrushJoints+1","EmptyFist","Consecrate"],"picked":"Singing Bowl","floor":47},{"not_picked":["CrushJoints","Replay:DivineShield","Weave"],"picked":"Singing Bowl","floor":48},{"not_picked":["Conclude","FlyingSleeves+1","FollowUp"],"picked":"Singing Bowl","floor":48}],"player_experience":244015,"relics_obtained":[{"floor":6.0,"key":"Bronze Scales"},{"floor":9.0,"key":"Tiny Chest"},{"floor":14.0,"key":"MealTicket"},{"floor":15.0,"key":"Damaru"},{"floor":20.0,"key":"Red Mask"},{"floor":22.0,"key":"Onion Ring"},{"floor":25.0,"key":"Strawberry"},{"floor":26.0,"key":"ReplayTheSpireMod:TigerMarble"},{"floor":31.0,"key":"Matryoshka"},{"floor":32.0,"key":"Gremlin Food"},{"floor":40,"key":"GnawedLeaf"},{"floor":43,"key":"Gremlin Horn"},{"floor":43,"key":"GuppysTail"},{"floor":44,"key":"Happy Flower"},{"floor":44,"key":"Singing Bowl"},{"floor":47,"key":"Kunai"}],"event_choices":[{"damage_healed":0.0,"max_hp_gain":0.0,"max_hp_loss":0.0,"gold_gain":0.0,"event_name":"The Woman in Blue","player_choice":"Bought 0 Potions","floor":2.0,"gold_loss":0.0,"damage_taken":0.0},{"cards_removed":["Defend_P"],"damage_healed":0.0,"max_hp_gain":0.0,"max_hp_loss":0.0,"gold_gain":0.0,"event_name":"Bonfire Elementals","player_choice":"Offered Basic","floor":13.0,"gold_loss":0.0,"damage_taken":0.0},{"damage_healed":0.0,"max_hp_gain":0.0,"max_hp_loss":0.0,"gold_gain":0.0,"event_name":"Masked Bandits","player_choice":"Fought Bandits","floor":20.0,"gold_loss":0.0,"damage_taken":0.0},{"damage_healed":0.0,"max_hp_gain":0.0,"max_hp_loss":0.0,"gold_gain":0.0,"event_name":"Addict","player_choice":"Stole Relic","floor":24.0,"gold_loss":0.0,"damage_taken":0.0,"relics_obtained":["Regal Pillow"],"cards_obtained":["Shame"]},{"cards_removed":["Strike_P"],"damage_healed":0.0,"max_hp_gain":0.0,"max_hp_loss":0.0,"gold_gain":0.0,"event_name":"Beggar","player_choice":"Gave Gold","floor":28.0,"gold_loss":75.0,"damage_taken":0.0},{"damage_healed":0,"gold_gain":0,"player_choice":"Memory 1","damage_taken":0,"max_hp_gain":0,"max_hp_loss":0,"event_name":"SensoryStone","floor":39,"gold_loss":0},{"damage_healed":0,"gold_gain":0,"player_choice":"Got Potions","damage_taken":0,"max_hp_gain":0,"max_hp_loss":0,"event_name":"Lab","floor":42,"gold_loss":0}],"is_beta":false,"boss_relics":[{"not_picked":["Philosopher\u0027s Stone","Replay:Drink Me"],"picked":"MagicMushroom"},{"not_picked":[]},{"not_picked":["Replay:Ancient Bell","Kintsugi"],"picked":"Runic Pyramid"},{"not_picked":[]}],"items_purged_floors":[0,0,27,45],"is_endless":false,"potions_floor_spawned":[4,7,12,16,20,21,30,35,37],"ascension_level":12}}