{"host":"i1h39d0gfh5c6uxl","time":1610683203,"event":{"mods":["AchievementEnabler","BaseMod","Colored Map","Colored Powertips","Highlight Path","Minty Spire (QoL Compilation)"],"gold_per_floor":[118,130,130,59,59,87,87,104,104,130,150,165,2,13,13,113,113,129,129,129,149,182,182,212,212,212,239,239,239,239,239],"floor_reached":30,"language":"ENG","playtime":1201,"items_purged":[],"score":301,"play_id":"e6dff5c5-b4c1-4b79-8f60-c8cceaa27d37","local_time":"20210115120003","is_ascension_mode":false,"campfire_choices":[{"floor":15,"key":"REST"},{"data":"Ragnarok","floor":23,"key":"SMITH"},{"floor":25,"key":"REST"}],"circlet_count":0,"master_deck":["Defend_P","Defend_P+1","Eruption","Vigilance","EmptyBody","LessonLearned","FollowUp","WheelKick+1","SashWhip","Judgement","Blasphemy","Ragnarok+1","Bite","Bite","Bite","Bite","Bite","Evaluate+1","Protect+1","WheelKick","Wallop"],"relics":["Cursed Key"],"acts_visited":["Exordium","TheCity"],"potions_floor_usage":[6,10,10,18,22,24,27],"damage_taken":[{"damage":2,"enemies":"2 Louse","floor":1,"turns":4},{"damage":0,"enemies":"Cultist","floor":2,"turns":2},{"damage":35,"enemies":"Gremlin Nob","floor":6,"turns":6},{"damage":5,"enemies":"Small Slimes","floor":8,"turns":2},{"damage":23,"enemies":"3 Sentries","floor":10,"turns":9},{"damage":0,"enemies":"Blue Slaver","floor":11,"turns":3},{"damage":0,"enemies":"Large Slime","floor":12,"turns":2},{"damage":0,"enemies":"Looter","floor":14,"turns":1},{"damage":33,"enemies":"The Guardian","floor":16,"turns":14},{"damage":4,"enemies":"2 Thieves","floor":18,"turns":3},{"damage":0,"enemies":"Chosen","floor":21,"turns":1},{"damage":16,"enemies":"Masked Bandits","floor":22,"turns":3},{"damage":28,"enemies":"Gremlin Leader","floor":24,"turns":6},{"damage":44,"enemies":"Slavers","floor":27,"turns":10},{"damage":8,"enemies":"3 Cultists","floor":30,"turns":4}],"seed_played":"4130965370362405196","potions_obtained":[{"floor":1,"key":"Block Potion"},{"floor":3,"key":"LiquidBronze"},{"floor":3,"key":"LiquidMemories"},{"floor":10,"key":"CultistPotion"},{"floor":14,"key":"Explosive Potion"},{"floor":16,"key":"FearPotion"},{"floor":21,"key":"Fire Potion"},{"floor":22,"key":"FearPotion"}],"is_trial":false,"path_per_floor":["M","M","?","$","?","E","?","M","T","E","M","M","$","M","R","B",null,"M","?","?","M","?","R","E","R","T","E","?","T","M"],"character_chosen":"WATCHER","items_purchased":["LessonLearned","Blasphemy"],"campfire_rested":2,"item_purchase_floors":[4,13],"current_hp_per_floor":[70,70,70,70,70,35,59,54,54,31,31,31,31,31,52,19,72,68,55,53,53,39,39,21,36,36,6,6,6,0,0],"gold":239,"neow_bonus":"BOSS_RELIC","is_daily":false,"chose_seed":false,"campfire_upgraded":1,"win_rate":0.0,"timestamp":1610683203,"path_taken":["M","M","?","$","?","E","?","M","T","E","M","M","?","M","R","BOSS","M","?","?","M","?","R","E","R","T","E","?","?","M"],"items_purchased_type":["Card","Card"],"build_version":"2020-12-22","purchased_purges":0,"victory":false,"max_hp_per_floor":[72,72,72,72,72,72,72,72,72,72,72,72,72,72,72,72,72,72,77,53,53,53,53,53,53,53,53,53,53,53,53],"card_choices":[{"not_picked":["PathToVictory","Prostrate","Evaluate"],"picked":"SKIP","floor":1},{"not_picked":["JustLucky","Prostrate"],"picked":"EmptyBody","floor":2},{"not_picked":["ThirdEye","LikeWater"],"picked":"FollowUp","floor":6},{"not_picked":["FollowUp","Wireheading"],"picked":"WheelKick","floor":8},{"not_picked":["Fasting2","PathToVictory","Evaluate"],"picked":"SKIP","floor":10},{"not_picked":["EmptyBody","PathToVictory"],"picked":"SashWhip","floor":11},{"not_picked":["BattleHymn","EmptyBody"],"picked":"Judgement","floor":12},{"not_picked":["Protect","ThirdEye","Halt"],"picked":"SKIP","floor":14},{"not_picked":["LessonLearned","ConjureBlade"],"picked":"Ragnarok","floor":16},{"not_picked":["Halt","ClearTheMind","MentalFortress"],"picked":"SKIP","floor":18},{"not_picked":["SandsOfTime","Collect","Adaptation+1"],"picked":"SKIP","floor":21},{"not_picked":["Crescendo","ThirdEye"],"picked":"Evaluate+1","floor":24},{"not_picked":["Ragnarok","Pray"],"picked":"Protect+1","floor":27}],"player_experience":1372130,"relics_obtained":[],"event_choices":[{"damage_healed":0,"gold_gain":0,"player_choice":"Got Potions","damage_taken":0,"max_hp_gain":0,"max_hp_loss":0,"event_name":"Lab","floor":3,"gold_loss":0},{"damage_healed":0,"gold_gain":0,"player_choice":"Fled","damage_taken":0,"max_hp_gain":0,"max_hp_loss":0,"event_name":"Scrap Ooze","floor":5,"gold_loss":0},{"damage_healed":24,"gold_gain":0,"player_choice":"Banana","damage_taken":0,"max_hp_gain":0,"max_hp_loss":0,"event_name":"Big Fish","floor":7,"gold_loss":0},{"damage_healed":0,"gold_gain":0,"player_choice":"Shed Blood","damage_taken":18,"max_hp_gain":5,"max_hp_loss":0,"event_name":"Forgotten Altar","floor":19,"gold_loss":0},{"damage_healed":0,"gold_gain":0,"player_choice":"Became a vampire","damage_taken":0,"max_hp_gain":0,"max_hp_loss":24,"event_name":"Vampires","floor":20,"gold_loss":0,"cards_obtained":["Bite","Bite","Bite","Bite","Bite"]},{"damage_healed":0,"gold_gain":0,"player_choice":"Fought Bandits","damage_taken":0,"max_hp_gain":0,"max_hp_loss":0,"event_name":"Masked Bandits","floor":22,"gold_loss":0},{"damage_healed":0,"gold_gain":0,"cards_transformed":["Defend_P","Defend_P"],"player_choice":"Became Test Subject","damage_taken":0,"max_hp_gain":0,"max_hp_loss":0,"event_name":"Drug Dealer","floor":28,"gold_loss":0,"cards_obtained":["WheelKick","Wallop"]}],"is_beta":false,"boss_relics":[{"not_picked":["Tiny House","Runic Pyramid","SacredBark"]}],"items_purged_floors":[],"is_endless":false,"potions_floor_spawned":[1,10,14,16,21,22],"killed_by":"3 Cultists","ascension_level":0}}