{"host":"lg1avtpkuoyoubr4","time":1610741066,"event":{"mods":["Act Like it!","BaseMod","BetterRewards","Downfall","Friendly Minions","Gensokyo","Hallownest","Kiyohime（清?）","Marisa（霧雨　魔理沙）","Mimic Mod","Minty Spire (QoL Compilation)","MostiFishMod","Reimu（博??梦）","Remilia（蕾米莉?）","Replay The Spire","Shop Mod","StSLib","The Jungle","Waifu the Spire"],"gold_per_floor":[113,0,0,0,0,0,29,42,42,42,60,394,414,430,430,534,534,550,197,197,210,210,210,245,257,297,317,317,334,334,184,184,288,288,300,300,317,335,335,365,380,49,73,105,105,125,158,169,169,169,169,169,24,56,56],"floor_reached":56,"language":"ZHS","playtime":3303,"items_purged":["Hallownest:curseDreamersLament"],"score":1387,"play_id":"18c870b6-e410-48a0-8b39-fe8216ce6daa","local_time":"20210116040426","is_ascension_mode":true,"campfire_choices":[{"data":"KiyohimeMod:FlameKiss","floor":6.0,"key":"SMITH"},{"data":"KiyohimeMod:Servant_Osakabehime","floor":15.0,"key":"SMITH"},{"data":"MostiFishMod:MusicBox","floor":23.0,"key":"SMITH"},{"data":"KiyohimeMod:ImaginaryNumberMagecraft","floor":28.0,"key":"SMITH"},{"data":"KiyohimeMod:DragonVein","floor":30.0,"key":"SMITH"},{"floor":32.0,"key":"RECALL"},{"data":"KiyohimeMod:Servant_TamamoNoMae","floor":49,"key":"SMITH"},{"data":"KiyohimeMod:FiringTheFirstArrow","floor":52,"key":"SMITH"}],"circlet_count":0,"master_deck":["KiyohimeMod:Strike","KiyohimeMod:Strike","KiyohimeMod:Strike","KiyohimeMod:Defend","KiyohimeMod:Defend","KiyohimeMod:Defend","KiyohimeMod:Track+1","KiyohimeMod:FlameKiss+1","KiyohimeMod:Shapeshift","KiyohimeMod:GreenBlackKey","KiyohimeMod:RedBlackKey","KiyohimeMod:GreenBlackKey","KiyohimeMod:HydraDagger","KiyohimeMod:Servant_Osakabehime+1","KiyohimeMod:AndSoTheShipConquers","KiyohimeMod:ExSpicyMapoTofu","KiyohimeMod:ImaginaryNumberMagecraft+1","KiyohimeMod:Fragarach","MostiFishMod:MusicBox+1","KiyohimeMod:SteelTraining+1","Shame","KiyohimeMod:Servant_TamamoNoMae+1","KiyohimeMod:ExSpicyMapoTofu","KiyohimeMod:DragonVein+1","KiyohimeMod:FiringTheFirstArrow+1","Burn","Burn"],"relics":["KiyohimeMod:FireDragon","DaveBox","NeowsBlessing","SynthV:TestCard","Mastiff:ReiMu","RuthlessExorcism:ReiMu","Strawberry","Old Coin","Snecko Heart","Strange Spoon","theJungle:PaperFaux","OriginationStaff","MostiFishMod:AdaptiveDefenses","HereWithMe","Hallownest:BeastSealRelic","ReplayTheSpireMod:Ring of Sloth","ReplayTheSpireMod:Ring of Exchange","Oddly Smooth Stone","Replay:WaspNest","Blood Vial","Replay:Multitool","Vajra","Bronze Scales","Replay:Bottled Steam"],"acts_visited":["Hallownest:Greenpath","Hallownest:Greenpath","Hallownest:KingdomsEdge","TheEnding"],"potions_floor_usage":[40,44,55,55,55],"damage_taken":[{"damage":0.0,"enemies":"Hallownest:monsterHuskGuard","floor":1.0,"turns":1.0},{"damage":0.0,"enemies":"Hallownest:eliteVengeflyKing","floor":7.0,"turns":1.0},{"damage":0.0,"enemies":"2_ Uuma","floor":8.0,"turns":1.0},{"damage":6.0,"enemies":"Hallownest:monsterMarmu","floor":10.0,"turns":3.0},{"damage":0.0,"enemies":"Hallownest:2_Tiktiks_and_1_Crawlid","floor":11.0,"turns":2.0},{"damage":3.0,"enemies":"Hallownest:eliteMossKnight","floor":12.0,"turns":3.0},{"damage":0.0,"enemies":"Hallownest:monsterAspidMother","floor":13.0,"turns":2.0},{"damage":1.0,"enemies":"Hallownest:monsterFoolEater","floor":14.0,"turns":3.0},{"damage":2.0,"enemies":"Hallownest:BossBrokenVessel","floor":16.0,"turns":8.0},{"damage":5.0,"enemies":"theJungle:GiantWrat","floor":18.0,"turns":4.0},{"damage":1.0,"enemies":"theJungle:MUSHROOMGANG","floor":21.0,"turns":4.0},{"damage":17.0,"enemies":"theJungle:2_Phrogs","floor":24.0,"turns":7.0},{"damage":10.0,"enemies":"theJungle:JungleHuntersEncounter","floor":25.0,"turns":7.0},{"damage":0.0,"enemies":"theJungle:SlimyTreeVines","floor":26.0,"turns":5.0},{"damage":0.0,"enemies":"theJungle:SlimyTreeVines","floor":27.0,"turns":3.0},{"damage":0.0,"enemies":"theJungle:2_Snecko_Cultists","floor":29.0,"turns":2.0},{"damage":0.0,"enemies":"theJungle:FunGuy","floor":33.0,"turns":4.0},{"damage":8.0,"enemies":"Hallownest:2_Littles","floor":35.0,"turns":3.0},{"damage":20.0,"enemies":"Hallownest:Shield_Heavy","floor":37.0,"turns":5.0},{"damage":17.0,"enemies":"Hallownest:Slobbering_and_Violent","floor":38.0,"turns":5.0},{"damage":13,"enemies":"Hallownest:eliteHiveKnight","floor":40,"turns":7},{"damage":19,"enemies":"Hallownest:2_Wing_and_1_Kings","floor":41,"turns":7},{"damage":1,"enemies":"Hallownest:StalkingDevout","floor":44,"turns":7},{"damage":16,"enemies":"Hallownest:Shield_Sturdy","floor":46,"turns":4},{"damage":23,"enemies":"Hallownest:eliteHiveKnight","floor":47,"turns":5},{"damage":19,"enemies":"Hallownest:Xero_Hu_Marmu","floor":48,"turns":6},{"damage":15,"enemies":"Hallownest:BossGreyPrinceZote","floor":50,"turns":4},{"damage":65,"enemies":"Shield and Spear","floor":54,"turns":8},{"damage":35,"enemies":"The Heart","floor":55,"turns":6}],"seed_played":"-4465826402053632874","potions_obtained":[{"floor":1.0,"key":"LiquidBronze"},{"floor":7.0,"key":"FearPotion"},{"floor":14.0,"key":"Toxic Potion"},{"floor":24.0,"key":"SneckoOil"},{"floor":27.0,"key":"CultistPotion"},{"floor":29.0,"key":"Elixir"},{"floor":40,"key":"FearPotion"},{"floor":44,"key":"Toxic Potion"},{"floor":47,"key":"Elixir"}],"is_trial":false,"path_per_floor":["M","?","?","?","?","R","E","M","T","?","M","E","M","M","R","B",null,"M","$","?","M","?","R","E","M","MIM","M","R","M","R","$","R","B",null,"M","?","M","M","?","E","M","$","T","E","?","M","E","M","R","B",null,"R","$","E","B",null],"character_chosen":"Kiyohime","items_purchased":["MostiFishMod:MusicBox","Strange Spoon","MostiFishMod:AdaptiveDefenses","Replay:WaspNest","Bronze Scales"],"campfire_rested":0,"item_purchase_floors":[19,19,31,42,53],"current_hp_per_floor":[60,60,51,51,51,51,51,51,58,52,52,49,49,48,48,49,67,65,65,65,64,64,64,53,63,66,67,67,67,67,67,67,67,67,65,65,50,69,69,69,88,88,88,89,89,75,72,82,82,77,89,89,89,33,37],"gold":56,"neow_bonus":"THREE_ENEMY_KILL","is_daily":false,"chose_seed":false,"campfire_upgraded":7,"win_rate":0.0,"timestamp":1610741066,"path_taken":["M","?","?","?","?","R","E","M","T","?","M","E","M","M","R","BOSS","M","$","?","M","?","R","E","M","MIM","?","R","M","R","$","R","BOSS","M","?","M","?","?","E","?","$","T","E","?","M","E","M","R","BOSS","R","$","E","BOSS"],"items_purchased_type":["Card","Relic","Relic","Relic","Relic"],"build_version":"2020-12-22","purchased_purges":1,"victory":true,"max_hp_per_floor":[60,60,60,60,60,60,60,60,67,67,67,67,67,67,67,67,67,67,67,67,67,67,67,67,67,67,67,67,67,67,67,67,67,67,67,67,67,78,78,78,89,89,89,89,89,89,89,89,89,89,89,89,89,89,89],"card_choices":[{"not_picked":["KiyohimeMod:RealityMarble","KiyohimeMod:Fragarach"],"picked":"KiyohimeMod:GreenBlackKey","floor":1.0},{"not_picked":["KiyohimeMod:BlueBlackKey","KiyohimeMod:DragonVein","KiyohimeMod:AndSoTheShipConquers","KiyohimeMod:WaterTurn"],"picked":"KiyohimeMod:RedBlackKey","floor":7.0},{"not_picked":["KiyohimeMod:AndSoTheShipConquers","KiyohimeMod:RedBlackKey","KiyohimeMod:Berserker","KiyohimeMod:BlueBlackKey"],"picked":"KiyohimeMod:GreenBlackKey","floor":8.0},{"not_picked":["KiyohimeMod:AndSoTheShipConquers","KiyohimeMod:SteelTraining","KiyohimeMod:LimitedZeroOver","KiyohimeMod:RedBlackKey"],"picked":"KiyohimeMod:HydraDagger","floor":11.0},{"not_picked":["KiyohimeMod:LimitedZeroOver","KiyohimeMod:Preemptive","KiyohimeMod:GreenBlackKey","KiyohimeMod:Berserker"],"picked":"KiyohimeMod:Servant_Osakabehime","floor":12.0},{"not_picked":["KiyohimeMod:AgainstMagic","KiyohimeMod:GreenBlackKey","KiyohimeMod:Projection","KiyohimeMod:HydraDagger"],"picked":"KiyohimeMod:AndSoTheShipConquers","floor":13.0},{"not_picked":["KiyohimeMod:WaterTurn","KiyohimeMod:BlueBlackKey","KiyohimeMod:CelestialInvertedMoon","KiyohimeMod:EatSoul"],"picked":"KiyohimeMod:ExSpicyMapoTofu","floor":14.0},{"not_picked":["KiyohimeMod:GoldenCarpFigure","KiyohimeMod:MagicCrystal","KiyohimeMod:HeroCreation","KiyohimeMod:Destruction"],"picked":"KiyohimeMod:ImaginaryNumberMagecraft","floor":16.0},{"not_picked":["KiyohimeMod:AndSoTheShipConquers","KiyohimeMod:RedBlackKey","KiyohimeMod:WaterTurn","KiyohimeMod:CastleOfTheSun"],"picked":"KiyohimeMod:Fragarach","floor":18.0},{"not_picked":["KiyohimeMod:Berserker","KiyohimeMod:BlueBlackKey","KiyohimeMod:ImaginaryAround+1","KiyohimeMod:Preemptive+1"],"picked":"KiyohimeMod:SteelTraining+1","floor":21.0},{"not_picked":["KiyohimeMod:Grimoire","KiyohimeMod:SteelTraining+1","KiyohimeMod:Preemptive","KiyohimeMod:EatSoul","KiyohimeMod:Projection"],"picked":"SKIP","floor":24.0},{"not_picked":["KiyohimeMod:Servant_Osakabehime","KiyohimeMod:Tenacious+1","KiyohimeMod:BlueBlackKey","KiyohimeMod:WaterTurn","KiyohimeMod:CommandCard_Arts"],"picked":"SKIP","floor":25.0},{"not_picked":["KiyohimeMod:Projection","KiyohimeMod:Berserker+1","KiyohimeMod:BeElegant+1","KiyohimeMod:Preemptive"],"picked":"KiyohimeMod:Servant_TamamoNoMae","floor":26.0},{"not_picked":["KiyohimeMod:SteelTraining","KiyohimeMod:GreenBlackKey","KiyohimeMod:Preemptive","KiyohimeMod:Berserker"],"picked":"KiyohimeMod:ExSpicyMapoTofu","floor":27.0},{"not_picked":["KiyohimeMod:WaterTurn","KiyohimeMod:GreenBlackKey+1","KiyohimeMod:SteelTraining","KiyohimeMod:Berserker"],"picked":"KiyohimeMod:DragonVein","floor":29.0},{"not_picked":["KiyohimeMod:Destruction","KiyohimeMod:ImaginaryNumberMagecraft","KiyohimeMod:CastleOfTheSun","KiyohimeMod:Servant_TamamoNoMae"],"picked":"KiyohimeMod:FiringTheFirstArrow","floor":33.0},{"not_picked":["KiyohimeMod:DivineConstruct","KiyohimeMod:BlueBlackKey+1","KiyohimeMod:Grimoire+1","KiyohimeMod:Fragarach","KiyohimeMod:EatSoul+1"],"picked":"SKIP","floor":35.0},{"not_picked":["KiyohimeMod:RealityMarble+1","KiyohimeMod:CommandCard_Quick","KiyohimeMod:EatSoul","KiyohimeMod:BlueBlackKey","KiyohimeMod:AndSoTheShipConquers+1"],"picked":"SKIP","floor":37.0},{"not_picked":["KiyohimeMod:LimitedZeroOver","KiyohimeMod:Preemptive","KiyohimeMod:EatSoul","KiyohimeMod:RedBlackKey+1","KiyohimeMod:WaterTurn+1"],"picked":"SKIP","floor":38.0},{"not_picked":["KiyohimeMod:SteelTraining","KiyohimeMod:CommandCard_Quick+1","KiyohimeMod:BeElegant+1","KiyohimeMod:FiringTheFirstArrow","KiyohimeMod:ImaginaryAround"],"picked":"SKIP","floor":40},{"not_picked":["KiyohimeMod:GreenBlackKey","KiyohimeMod:BlueBlackKey+1","KiyohimeMod:CommandCard_Buster+1","KiyohimeMod:RedBlackKey+1","KiyohimeMod:AndSoTheShipConquers+1"],"picked":"SKIP","floor":41},{"not_picked":["KiyohimeMod:Tenacious+1","KiyohimeMod:Berserker","KiyohimeMod:CommandCard_Arts","KiyohimeMod:CommandCard_Quick+1","KiyohimeMod:HydraDagger"],"picked":"SKIP","floor":44},{"not_picked":["KiyohimeMod:Berserker","KiyohimeMod:RealityMarble","KiyohimeMod:GreenBlackKey+1","KiyohimeMod:EatSoul+1","KiyohimeMod:BeastOfBillows"],"picked":"SKIP","floor":46},{"not_picked":["KiyohimeMod:GreenBlackKey+1","KiyohimeMod:CommandCard_Quick+1","KiyohimeMod:EatSoul","KiyohimeMod:ExSpicyMapoTofu","KiyohimeMod:BlueBlackKey"],"picked":"SKIP","floor":47},{"not_picked":["KiyohimeMod:SteelTraining+1","KiyohimeMod:BlueBlackKey","KiyohimeMod:HotSpringOfTheMoon","KiyohimeMod:WaterTurn+1","KiyohimeMod:CommandCard_Arts"],"picked":"SKIP","floor":48},{"not_picked":["KiyohimeMod:WaterTurn+1","KiyohimeMod:EatSoul","KiyohimeMod:LimitedZeroOver+1","KiyohimeMod:Fragarach+1","KiyohimeMod:AVerseOfBurningLoveStory"],"picked":"SKIP","floor":54}],"player_experience":180063,"relics_obtained":[{"floor":1.0,"key":"SynthV:TestCard"},{"floor":7.0,"key":"RuthlessExorcism:ReiMu"},{"floor":9.0,"key":"Strawberry"},{"floor":12.0,"key":"Old Coin"},{"floor":24.0,"key":"OriginationStaff"},{"floor":39.0,"key":"ReplayTheSpireMod:Ring of Sloth"},{"floor":39.0,"key":"ReplayTheSpireMod:Ring of Exchange"},{"floor":40,"key":"Oddly Smooth Stone"},{"floor":43,"key":"Blood Vial"},{"floor":44,"key":"Replay:Multitool"},{"floor":47,"key":"Vajra"},{"floor":54,"key":"Replay:Bottled Steam"}],"event_choices":[],"is_beta":false,"boss_relics":[{"not_picked":["TakeMeEscape","Replay:Grab Bag"],"picked":"Snecko Heart"},{"not_picked":["xbg","Painkiller Herb"],"picked":"HereWithMe"}],"items_purged_floors":[42],"is_endless":false,"potions_floor_spawned":[1,7,12,14,21,24,27,29,37,40,44,47,48],"ascension_level":1}}