{"host":"px2oznrenyeljk7o","time":1610745744,"event":{"mods":["A Magickal Journey","AchievementEnabler","Arknights The Spire","BaseMod","Better Altar","Better Match","Better Note","Better Sensory Stone","Better Third Choice","Conspire","Curses Come First","GifTheSpireLib","GungeonMod","Hermit","Koishi","Lobotomy","LobotomyExtend","Minty Spire (QoL Compilation)","Nova Terra(??·??)","Potionbrewer","Reimu??????","Replay The Spire","Robot Space Explorer","Small Relic Pack","Somnambulant","Spicy Shops","StSLib","Stuff the Spire","The Administrix","The Alterego","The Blackbeard","The Blue Laboratory","The Bug Knight","The Construct","The Cursed","The Disciple","The Gatherer","The Hayseed","The Hierophant","The Jungle","The Marked","The Poker Player","The Runesmith","Yakumo Yukari mod","Yuri Mod","everything is the same but u backflip on backflip","slay the spire mod where everything is the same but ironclad has a cowboy hat"],"gold_per_floor":[110,110,110,110,122,122,141,141,141,156,173,186,198,215,215,318,318,303,303,303,303],"floor_reached":20,"language":"ENG","playtime":2243,"items_purged":[],"score":168,"play_id":"0884fae7-8c62-43a3-8724-dd30f8033beb","local_time":"20210115222224","is_ascension_mode":false,"campfire_choices":[{"floor":6,"key":"REST"},{"floor":8,"key":"REST"},{"floor":15,"key":"REST"}],"circlet_count":0,"master_deck":["Strike_G","Strike_G","Strike_G","Strike_G","Strike_G","Defend_G","Defend_G","Defend_G","Defend_G","Defend_G","Survivor","Neutralize","MHz","StuffTheSpire:Incantation","Mayhem","Deflect","Eviscerate","Poisoned Stab","Finisher","Hidden Blade","Backflip","UniverseFragment","Crippling Poison","Cloak And Dagger","Escape Plan","After Image","Murderer","Deadly Poison","Blade Dance","After Image","Replay:Poison Smokescreen","Auto Shields"],"relics":["Ring of the Snake","CogitoBucket","LetterFromLob","Garlic","ChangeAnything","StuffTheSpire:Kangaroo"],"acts_visited":["Exordium","TheCity"],"potions_floor_usage":[12,16,20],"damage_taken":[{"damage":0,"enemies":"Jaw Worm","floor":1,"turns":5},{"damage":5,"enemies":"2 Louse","floor":5,"turns":4},{"damage":8,"enemies":"Cultist","floor":7,"turns":6},{"damage":8,"enemies":"Exordium Thugs","floor":10,"turns":3},{"damage":0,"enemies":"Blue Slaver","floor":11,"turns":4},{"damage":15,"enemies":"Looter","floor":12,"turns":3},{"damage":12,"enemies":"Red Slaver","floor":13,"turns":5},{"damage":9,"enemies":"Exordium Thugs","floor":14,"turns":7},{"damage":6,"enemies":"Hexaghost","floor":16,"turns":12},{"damage":0,"enemies":"2 Thieves","floor":18,"turns":5},{"damage":72,"enemies":"3 Byrds","floor":20,"turns":7}],"seed_played":"-8322253056150336344","potions_obtained":[{"floor":11,"key":"blueLaboratory:NinjaPotion"},{"floor":13,"key":"Elixir"},{"floor":18,"key":"blueLaboratory:BottleOfVodka"}],"is_trial":false,"path_per_floor":["M","?","?","?","M","R","M","R","T","M","M","M","M","M","R","B",null,"M","?","M"],"character_chosen":"THE_SILENT","items_purchased":[],"campfire_rested":3,"item_purchase_floors":[],"current_hp_per_floor":[70,70,70,70,65,70,62,70,70,62,62,47,35,26,47,41,70,70,70,0,0],"gold":303,"neow_bonus":"","is_daily":false,"chose_seed":false,"campfire_upgraded":0,"win_rate":0.0,"timestamp":1610745744,"path_taken":["M","?","?","?","M","R","M","R","T","?","M","M","M","M","R","BOSS","M","?","M"],"items_purchased_type":[],"build_version":"2020-12-22","purchased_purges":0,"victory":false,"max_hp_per_floor":[70,70,70,70,70,70,70,70,70,70,70,70,70,70,70,70,70,70,70,70,70],"card_choices":[{"not_picked":["SilentOrchestra","VoidDream"],"picked":"MHz","floor":1},{"not_picked":["Underhanded Strike","Dodge and Roll"],"picked":"StuffTheSpire:Incantation","floor":1},{"not_picked":["PanicButton","Enlightenment"],"picked":"Mayhem","floor":2},{"not_picked":["Bouncing Flask","Bane"],"picked":"Backflip","floor":5},{"not_picked":["Scorched","OSAHOGD"],"picked":"UniverseFragment","floor":5},{"not_picked":["Choke","Slice"],"picked":"Crippling Poison","floor":7},{"not_picked":["Backflip","ReplayTheSpireMod:Tripwire"],"picked":"Cloak And Dagger","floor":10},{"not_picked":["Quick Slash","Outmaneuver"],"picked":"Escape Plan","floor":11},{"not_picked":["Deadly Poison","Quick Slash"],"picked":"After Image","floor":12},{"not_picked":["Bloodbath","RedShoes"],"picked":"Murderer","floor":12},{"not_picked":["Blade Dance","Dodge and Roll"],"picked":"Deadly Poison","floor":13},{"not_picked":["Well Laid Plans","StuffTheSpire:BumpUp"],"picked":"Blade Dance","floor":14},{"not_picked":["Corpse Explosion","Venomology"],"picked":"After Image","floor":16},{"not_picked":["StuffTheSpire:Python+1","Quick Slash"],"picked":"Replay:Poison Smokescreen","floor":18}],"player_experience":467383,"relics_obtained":[{"floor":1,"key":"LetterFromLob"},{"floor":9,"key":"Garlic"}],"event_choices":[{"damage_healed":0,"gold_gain":1,"player_choice":"1","damage_taken":0,"max_hp_gain":0,"max_hp_loss":0,"event_name":"betterStone:BetterStone","floor":2,"gold_loss":0},{"cards_removed":["After Image"],"damage_healed":0,"gold_gain":0,"player_choice":"Take \u0026 Give","damage_taken":0,"max_hp_gain":0,"max_hp_loss":0,"event_name":"betterNote:BetterNote","floor":19,"gold_loss":0,"cards_obtained":["Auto Shields"]}],"is_beta":false,"boss_relics":[{"not_picked":["Runic Dome","RedLine:ReiMu"],"picked":"StuffTheSpire:Kangaroo"}],"items_purged_floors":[],"is_endless":false,"potions_floor_spawned":[5,11,13,18],"killed_by":"3 Byrds","ascension_level":0}}