{"host":"m1ntkrf87179kmo6","time":1610672904,"event":{"mods":["BaseMod","Better Third Choice","Minty Spire (QoL Compilation)","Shade Mod","StSLib"],"gold_per_floor":[119,119,119,133,133,133,58,76,102,102,76,76,105,115,115,213,263,275,275,200,216,0,0,28,28,28,28,28,28,28,63,63,159,159,179,179,179,26,26,26,40,58,82,82,82],"floor_reached":44,"language":"ENG","playtime":2906,"items_purged":[],"score":490,"play_id":"6ef0ab27-c210-4465-8269-83302934a521","local_time":"20210114200824","is_ascension_mode":false,"campfire_choices":[{"floor":6.0,"key":"RECALL"},{"data":"Shade:GreyBargain","floor":10.0,"key":"SMITH"},{"data":"Shade:ExtraLimbs","floor":12.0,"key":"SMITH"},{"data":"Shade:FuneraryArmor","floor":15.0,"key":"SMITH"},{"floor":23.0,"key":"REST"},{"floor":25.0,"key":"REST"},{"floor":28.0,"key":"REST"},{"floor":32.0,"key":"REST"},{"data":"Shade:GreyBargain","floor":40,"key":"SMITH"}],"circlet_count":0,"master_deck":["Shade:Strike_Shade+1","Shade:Strike_Shade","Shade:Defend_Shade","Shade:Defend_Shade","Shade:Defend_Shade","Shade:Defend_Shade","Shade:AnimateDead+1","Shade:CarefulCut","Shade:ExtraLimbs+1","Shade:GreyBargain+1","Shade:FuneraryArmor+1","Shade:ExtraLimbs","Shade:GreyBargain+1","Shade:ClawBack","Shade:OpenGraves+1","Shade:ClawBack","CurseOfTheBell","Shade:FleshLikeOak+1","Shade:Excise"],"relics":["Shade:YorickSkull","Bag of Preparation","Anchor","Sundial","Tiny House","Happy Flower","FossilizedHelix","Matryoshka","Strawberry","Calling Bell","PreservedInsect","Ornamental Fan","Thread and Needle","Lee\u0027s Waffle","Pen Nib","Bronze Scales"],"acts_visited":["Exordium","TheCity","TheBeyond"],"potions_floor_usage":[41,42],"damage_taken":[{"damage":0.0,"enemies":"Jaw Worm","floor":1.0,"turns":4.0},{"damage":0.0,"enemies":"2 Louse","floor":4.0,"turns":2.0},{"damage":0.0,"enemies":"Small Slimes","floor":8.0,"turns":2.0},{"damage":0.0,"enemies":"Gremlin Nob","floor":13.0,"turns":2.0},{"damage":0.0,"enemies":"Blue Slaver","floor":14.0,"turns":2.0},{"damage":16.0,"enemies":"Hexaghost","floor":16.0,"turns":10.0},{"damage":18.0,"enemies":"Shell Parasite","floor":18.0,"turns":4.0},{"damage":0.0,"enemies":"Spheric Guardian","floor":21.0,"turns":3.0},{"damage":63.0,"enemies":"Slavers","floor":24.0,"turns":6.0},{"damage":0.0,"enemies":"Cultist and Chosen","floor":29.0,"turns":4.0},{"damage":13.0,"enemies":"Book of Stabbing","floor":31.0,"turns":5.0},{"damage":30,"enemies":"Champ","floor":33,"turns":14},{"damage":34,"enemies":"3 Darklings","floor":35,"turns":7},{"damage":0,"enemies":"Orb Walker","floor":41,"turns":4},{"damage":73,"enemies":"Maw","floor":42,"turns":10},{"damage":9,"enemies":"Spire Growth","floor":44,"turns":5}],"seed_played":"8129352849306490315","potions_obtained":[{"floor":8.0,"key":"Explosive Potion"},{"floor":17.0,"key":"SmokeBomb"},{"floor":21.0,"key":"Swift Potion"},{"floor":33,"key":"FearPotion"},{"floor":41,"key":"SkillPotion"}],"is_trial":false,"path_per_floor":["M","?","?","M","?","R","$","M","T","R","$","R","E","M","R","B",null,"M","?","?","M","?","R","E","R","T","$","R","M","$","E","R","B",null,"M","$","?","$","?","R","M","M","T","M"],"character_chosen":"SHADE","items_purchased":["Shade:FuneraryArmor","PowerPotion","Shade:ExtraLimbs","Lee\u0027s Waffle"],"campfire_rested":4,"item_purchase_floors":[7,7,11,38],"current_hp_per_floor":[65,62,62,62,55,55,55,55,55,55,55,55,55,55,55,39,70,52,52,52,52,52,70,7,28,28,28,49,49,49,43,66,36,77,43,43,43,84,78,78,78,5,5,0,0],"gold":82,"neow_bonus":"RANDOM_COMMON_RELIC","is_daily":false,"chose_seed":false,"campfire_upgraded":4,"win_rate":0.0,"timestamp":1610672904,"path_taken":["M","?","?","M","?","R","?","M","T","R","?","R","E","M","R","BOSS","M","?","?","M","?","R","E","R","T","?","R","M","$","E","R","BOSS","M","$","?","$","?","R","?","M","T","M"],"items_purchased_type":["Card","Potion","Card","Relic"],"build_version":"2020-12-22","purchased_purges":0,"victory":false,"max_hp_per_floor":[65,65,65,65,65,65,65,65,65,65,65,65,65,65,65,65,70,70,70,70,70,70,70,70,70,70,70,70,70,70,77,77,77,77,77,77,77,84,84,84,84,84,84,84,84],"card_choices":[{"not_picked":["Shade:FeralStrike","Shade:GraveStillness"],"picked":"Shade:ExtraLimbs","floor":1.0},{"not_picked":["Shade:WallOfFlesh","Shade:SensePrey"],"picked":"Shade:GreyBargain","floor":4.0},{"not_picked":["Shade:SkeletonHug","Shade:Haruspicy","Shade:Trample"],"picked":"SKIP","floor":8.0},{"not_picked":["Shade:Doomsay","Shade:LyeBath"],"picked":"Shade:GreyBargain","floor":13.0},{"not_picked":["Shade:SelfBurial","Shade:FeralStrike","Shade:PressTheAttack"],"picked":"SKIP","floor":14.0},{"not_picked":["Shade:Premonition","Shade:PotionOfRestlessness"],"picked":"Shade:ClawBack","floor":17.0},{"not_picked":["Shade:SkeletonHug+1","Shade:FleshToFlesh"],"picked":"Shade:OpenGraves+1","floor":18.0},{"not_picked":["Shade:BoneShards","Shade:FeralStrike","Shade:Bonestorm+1"],"picked":"SKIP","floor":21.0},{"not_picked":["Shade:DarkOfNight","Shade:StitchTogether+1"],"picked":"Shade:ClawBack","floor":24.0},{"not_picked":["Shade:GreyBargain","Shade:BoneShards","Shade:FreshBones"],"picked":"SKIP","floor":31.0},{"not_picked":["Shade:SpontaneousRitual+1","Shade:Brains+1"],"picked":"Shade:FleshLikeOak+1","floor":35},{"not_picked":["Shade:RavenousHorde","Shade:CommandSoldier"],"picked":"Shade:Excise","floor":41},{"not_picked":["Shade:SoulPierce","Shade:ScuttlingHand","Shade:AuraOfUnlife"],"picked":"SKIP","floor":42}],"player_experience":1164020,"relics_obtained":[{"floor":13.0,"key":"Sundial"},{"floor":24.0,"key":"FossilizedHelix"},{"floor":26.0,"key":"Matryoshka"},{"floor":31.0,"key":"Strawberry"},{"floor":34,"key":"PreservedInsect"},{"floor":34,"key":"Ornamental Fan"},{"floor":34,"key":"Thread and Needle"},{"floor":43,"key":"Pen Nib"},{"floor":43,"key":"Bronze Scales"}],"event_choices":[{"damage_healed":0.0,"max_hp_gain":0.0,"max_hp_loss":0.0,"gold_gain":0.0,"event_name":"betterThird:BetterScrap","player_choice":"Relic ","floor":2.0,"gold_loss":0.0,"damage_taken":3.0,"cards_obtained":["Brutality"]},{"damage_healed":0.0,"max_hp_gain":0.0,"max_hp_loss":0.0,"gold_gain":0.0,"event_name":"Living Wall","player_choice":"Grow","floor":3.0,"gold_loss":0.0,"damage_taken":0.0,"cards_upgraded":["Shade:AnimateDead"]},{"cards_removed":["Shade:Strike_Shade"],"damage_healed":0.0,"max_hp_gain":0.0,"max_hp_loss":0.0,"gold_gain":0.0,"event_name":"Golden Wing","player_choice":"Card Removal","floor":5.0,"gold_loss":0.0,"damage_taken":7.0},{"damage_healed":0.0,"max_hp_gain":0.0,"max_hp_loss":0.0,"gold_gain":0.0,"event_name":"The Mausoleum","player_choice":"Opened","floor":19.0,"gold_loss":0.0,"damage_taken":0.0,"relics_obtained":["Happy Flower"]},{"cards_removed":["Shade:Strike_Shade"],"damage_healed":0.0,"max_hp_gain":0.0,"max_hp_loss":0.0,"gold_gain":0.0,"event_name":"Beggar","player_choice":"Gave Gold","floor":20.0,"gold_loss":75.0,"damage_taken":0.0},{"damage_healed":0.0,"max_hp_gain":0.0,"max_hp_loss":0.0,"gold_gain":0.0,"event_name":"Masked Bandits","player_choice":"Paid Fearfully","floor":22.0,"gold_loss":216.0,"damage_taken":0.0},{"damage_healed":0,"gold_gain":0,"player_choice":"Ignored","damage_taken":0,"max_hp_gain":0,"max_hp_loss":0,"event_name":"Mysterious Sphere","floor":37,"gold_loss":0},{"damage_healed":0,"gold_gain":0,"player_choice":"Random: Green","damage_taken":0,"max_hp_gain":0,"max_hp_loss":0,"event_name":"betterThird:BetterPortal","floor":39,"gold_loss":0},{"damage_healed":0,"gold_gain":0,"player_choice":"","damage_taken":6,"max_hp_gain":0,"max_hp_loss":0,"event_name":"Knowing Skull","floor":39,"potions_obtained":[],"gold_loss":0,"cards_obtained":[]}],"is_beta":false,"boss_relics":[{"not_picked":["Pandora\u0027s Box","Runic Pyramid"],"picked":"Tiny House"},{"not_picked":["Busted Crown","Runic Dome"],"picked":"Calling Bell"}],"items_purged_floors":[],"is_endless":false,"potions_floor_spawned":[8,21,29,33,41],"killed_by":"Spire Growth","ascension_level":0}}