{"host":"9kesdg97wkrx2bva","time":1610741246,"event":{"mods":["AchievementEnabler","BaseMod","Colored Map","Downfall","GifTheSpireLib","Infinite Spire","Minty Spire (QoL Compilation)","Replay The Spire","StSLib"],"gold_per_floor":[118,129,6,19,19,19,51,68,95,127,127,140,140,158,158,158,158],"floor_reached":16,"language":"ENG","playtime":454,"items_purged":[],"score":207,"play_id":"4c2a1fea-b406-47bf-ad10-d77b828bf819","local_time":"20210115150726","is_ascension_mode":true,"campfire_choices":[{"data":"White Noise","floor":6,"key":"SMITH"},{"data":"Chaos","floor":13,"key":"SMITH"}],"circlet_count":0,"master_deck":["AscendersBane","Strike_B","Strike_B","Strike_B","Strike_B","Defend_B","Defend_B","Defend_B","Defend_B","Zap+1","Dualcast","Glacier","Beam Cell","ReplayGash","White Noise+1","Gash","Rainbow+1","Self Repair","Genetic Algorithm+1","Chaos+1"],"relics":["Cracked Core","Replay:Antivirus Software","Akabeko","infinitespire:PuzzleCube","infinitespire:Joker Card"],"acts_visited":["Exordium"],"potions_floor_usage":[10,16],"damage_taken":[{"damage":1,"enemies":"Cultist","floor":1,"turns":3},{"damage":8,"enemies":"Small Slimes","floor":2,"turns":3},{"damage":0,"enemies":"Jaw Worm","floor":4,"turns":3},{"damage":26,"enemies":"Gremlin Nob","floor":7,"turns":5},{"damage":1,"enemies":"2 Fungi Beasts","floor":8,"turns":3},{"damage":11,"enemies":"3 Sentries","floor":10,"turns":7},{"damage":0,"enemies":"Exordium Wildlife","floor":12,"turns":2},{"damage":3,"enemies":"Blue Slaver","floor":14,"turns":3},{"damage":45,"enemies":"Slime Boss","floor":16,"turns":8}],"seed_played":"-5836633114915084406","potions_obtained":[{"floor":2,"key":"Explosive Potion"},{"floor":4,"key":"Ancient Potion"},{"floor":10,"key":"Doom Potion"}],"is_trial":false,"path_per_floor":["M","M","$","M","?","R","E","M","T","E","?","M","R","M","R_BF","B"],"character_chosen":"DEFECT","items_purchased":["ReplayGash","White Noise"],"campfire_rested":0,"item_purchase_floors":[3,3],"current_hp_per_floor":[63,55,55,55,44,44,18,17,17,13,13,20,20,24,45,0,0],"gold":158,"neow_bonus":"UPGRADE_CARD","is_daily":false,"chose_seed":false,"campfire_upgraded":2,"win_rate":0.0,"timestamp":1610741246,"path_taken":["M","M","$","?","?","R","E","M","T","E","?","M","R","?","R_BF","BOSS"],"items_purchased_type":["Card","Card"],"build_version":"2020-12-22","purchased_purges":0,"victory":false,"max_hp_per_floor":[71,71,71,71,71,71,71,71,71,71,71,71,71,71,71,71,71],"card_choices":[{"not_picked":["Sweeping Beam","Steam"],"picked":"Glacier","floor":1},{"not_picked":["Cold Snap","Chaos"],"picked":"Beam Cell","floor":2},{"not_picked":["Coolheaded","Chaos"],"picked":"Gash","floor":4},{"not_picked":["Coolheaded","Cold Snap"],"picked":"Rainbow","floor":7},{"not_picked":["FIFO Queue","Coolheaded"],"picked":"Self Repair","floor":8},{"not_picked":["Redo","Glacier"],"picked":"Genetic Algorithm","floor":10},{"not_picked":["Panic Button","Hologram"],"picked":"Chaos","floor":12},{"not_picked":["Recycle","Sweeping Beam","Redo"],"picked":"SKIP","floor":14}],"player_experience":949248,"relics_obtained":[{"floor":7,"key":"Akabeko"},{"floor":9,"key":"infinitespire:PuzzleCube"},{"floor":10,"key":"infinitespire:Joker Card"}],"event_choices":[{"damage_healed":0,"gold_gain":0,"player_choice":"Success","damage_taken":11,"relics_obtained":["Replay:Antivirus Software"],"max_hp_gain":0,"max_hp_loss":0,"event_name":"Scrap Ooze","floor":5,"gold_loss":0},{"damage_healed":0,"gold_gain":0,"player_choice":"Forge","damage_taken":0,"max_hp_gain":0,"max_hp_loss":0,"event_name":"Accursed Blacksmith","floor":11,"gold_loss":0,"cards_upgraded":["Rainbow"]}],"is_beta":false,"boss_relics":[],"items_purged_floors":[],"is_endless":false,"potions_floor_spawned":[2,4,7,10],"killed_by":"Slime Boss","ascension_level":17}}