{"host":"9j9ju8r45kuhshxi","time":1610714933,"event":{"mods":["BaseMod","Colored Map","Colored Powertips","Highlight Path","Marisa（F雨　魔理沙）","Minty Spire (QoL Compilation)","Replay The Spire","Ryuuou龙王","StSLib","[功能]功能增强和修复MOD"],"gold_per_floor":[130,162,174,151,162,194,207,207,207,219,219,254,254,254,254,266,266,370,370,383,358,298,298,310,339,339,371,398,425,453,462,462,498,498,611,611,630,651,641,641,650,691,691,734,807,836,853,890,890,890,890,890,890,890,921,950,950],"floor_reached":58,"language":"ZHS","playtime":7640,"items_purged":["Strike_R","Strike_R","Defend_R","Defend_R","Regret","Strike_R","Heavy Blade","Defend_R","Strike_R","Defend_R","Strike_R","Replay:Many Hands","Perfected Strike","Power Through+1","Run Through"],"score":2206,"play_id":"597ec623-372b-460b-b411-7f035f53ba46","local_time":"20210115204853","is_ascension_mode":true,"campfire_choices":[{"floor":8,"key":"RECALL"},{"data":"Heavy Blade","floor":11,"key":"SMITH"},{"data":"Massacre","floor":17,"key":"SMITH"},{"data":"RitualDagger","floor":32,"key":"SMITH"},{"data":"Brutality","floor":34,"key":"SMITH"},{"data":"ReplayUltimateDefense","floor":51,"key":"SMITH"},{"data":"Offering","floor":54,"key":"SMITH"}],"circlet_count":0,"master_deck":["Bash","Sword Boomerang","Heavy Blade+1","Feel No Pain","Carnage","ReplayReversal","Shrug It Off","Armaments","Massacre+1","Barricade","ReplayTheSpireMod:Muscle Training+1","Whirlwind","ReplayUltimateDefense+1","Trip","Infernal Blade","ReplayTheSpireMod:Muscle Training+1","Dual Wield+1","Intimidate+1","Power Through+1","Clothesline+1","RitualDagger+1","Brutality+1","Offering+1","Flex+1","Pommel Strike+1","Twin Strike+1","Sever Soul+1","Replay:Undeath\u0027s Touch+1","Replay:Undeath\u0027s Touch+1","Life Link","Apotheosis","Flash of Steel","Midas Touch"],"relics":["Burning Blood","MawBank","Iron Hammer","Brimstone","Replay:Rubber Ducky","PreservedInsect","StrikeDummy","Replay:Bottled Snecko","Honey Jar","Strange Spoon","King of Hearts","Lizard Tail","Omamori","Pet Ghost","DollysMirror","CaptainsWheel","Replay:Bottled Eggs","Replay:WaspNest","CeramicFish","Bird Faced Urn","Ring of Chaos","Toolbox","InkBottle","FossilizedHelix","TheAbacus","Darkstone Periapt","Replay:PocketPolymizer","Magic Flower","Eternal Feather","Replay:Wax Seal","Orichalcum","Replay:Arrowhead","ReplayTheSpireMod:ShopPack","Pantograph","ReplayTheSpireMod:Spearhead"],"acts_visited":["Exordium","TheCity","TheBeyond","TheEnding"],"potions_floor_usage":[6,7,12,12,18,18,20,20,32,37,57,57,57],"damage_taken":[{"damage":2,"enemies":"2 Louse","floor":1,"turns":3},{"damage":0,"enemies":"Small Slimes","floor":2,"turns":2},{"damage":0,"enemies":"Cultist","floor":5,"turns":2},{"damage":0,"enemies":"Gremlin Nob","floor":6,"turns":1},{"damage":0,"enemies":"Exordium Wildlife","floor":7,"turns":2},{"damage":0,"enemies":"Large Slime","floor":10,"turns":2},{"damage":0,"enemies":"3 Sentries","floor":12,"turns":2},{"damage":0,"enemies":"Blue Slaver","floor":16,"turns":1},{"damage":0,"enemies":"Slime Boss","floor":18,"turns":2},{"damage":0,"enemies":"3 Byrds","floor":20,"turns":2},{"damage":0,"enemies":"Spheric Guardian","floor":24,"turns":1},{"damage":0,"enemies":"Slavers","floor":25,"turns":1},{"damage":17,"enemies":"Gremlin Leader","floor":27,"turns":2},{"damage":0,"enemies":"Centurion and Healer","floor":29,"turns":2},{"damage":1,"enemies":"3 Cultists","floor":30,"turns":2},{"damage":0,"enemies":"Slavers","floor":33,"turns":2},{"damage":2,"enemies":"Collector","floor":35,"turns":3},{"damage":1,"enemies":"3 Shapes","floor":37,"turns":2},{"damage":7,"enemies":"Orb Walker","floor":38,"turns":2},{"damage":6,"enemies":"Reptomancer","floor":42,"turns":2},{"damage":0,"enemies":"R_Hoarder","floor":44,"turns":1},{"damage":0,"enemies":"Giant Head","floor":46,"turns":2},{"damage":1,"enemies":"Maw","floor":47,"turns":1},{"damage":0,"enemies":"Reptomancer","floor":48,"turns":2},{"damage":7,"enemies":"Awakened One","floor":52,"turns":3},{"damage":0,"enemies":"Shield and Spear","floor":56,"turns":1},{"damage":9,"enemies":"The Heart","floor":57,"turns":3}],"seed_played":"-636816404843638389","potions_obtained":[{"floor":1,"key":"Explosive Potion"},{"floor":2,"key":"BloodPotion"},{"floor":2,"key":"FearPotion"},{"floor":5,"key":"Strength Potion"},{"floor":6,"key":"Strength Potion"},{"floor":7,"key":"ElixirPotion"},{"floor":16,"key":"Explosive Potion"},{"floor":18,"key":"DuplicationPotion"},{"floor":18,"key":"ColorlessPotion"},{"floor":20,"key":"Swift Potion"},{"floor":24,"key":"BlessingOfTheForge"},{"floor":25,"key":"Ancient Potion"},{"floor":27,"key":"BlessingOfTheForge"},{"floor":27,"key":"Explosive Potion"},{"floor":27,"key":"Elixir"},{"floor":29,"key":"Energy Potion"},{"floor":30,"key":"BloodPotion"},{"floor":33,"key":"Block Potion"},{"floor":35,"key":"PowerPotion"},{"floor":35,"key":"GamblersBrew"},{"floor":35,"key":"BloodPotion"},{"floor":37,"key":"SteroidPotion"},{"floor":37,"key":"Adrenaline Potion"},{"floor":38,"key":"BlessingOfTheForge"},{"floor":46,"key":"AttackPotion"},{"floor":46,"key":"FairyPotion"}],"is_trial":false,"path_per_floor":["M","M","?","$","M","E","M","R","T","M","R","E","?","PTL","PTL","M","R","B",null,"M","$","?","$","M","E","T","E","T","M","M","?","R","E","R","B",null,"M","M","$","?","$","E","?","E","T","E","M","E","?","?","R","B",null,"R","$","E","B",null],"character_chosen":"IRONCLAD","items_purchased":["Brimstone","Replay:Rubber Ducky","PreservedInsect","Heavy Blade","Feel No Pain","Strange Spoon","King of Hearts","Lizard Tail","Whirlwind","ReplayUltimateDefense","Trip","Omamori","Pet Ghost","Power Through+1","Infernal Blade","DollysMirror","Elixir","Strength Potion","Toolbox","InkBottle","FossilizedHelix","TheAbacus","Darkstone Periapt","Twin Strike+1","Replay:Arrowhead","ReplayTheSpireMod:ShopPack","Pantograph","Life Link"],"campfire_rested":0,"item_purchase_floors":[4,4,4,4,4,21,21,21,21,21,21,23,23,23,23,23,23,23,39,39,39,41,41,41,55,55,55,55],"current_hp_per_floor":[76,80,80,80,80,80,80,80,80,80,80,80,80,80,80,80,80,80,80,80,80,80,80,80,80,80,69,69,75,80,74,80,80,80,80,80,80,80,80,76,76,76,76,76,76,76,76,76,76,76,76,76,76,76,76,76,76],"gold":950,"neow_bonus":"RANDOM_COMMON_RELIC","is_daily":false,"chose_seed":false,"campfire_upgraded":6,"win_rate":0.0,"timestamp":1610714933,"path_taken":["M","M","?","$","M","E","M","R","T","M","R","E","?","PTL","PTL","M","R","BOSS","M","$","?","$","M","E","?","E","T","M","M","?","R","E","R","BOSS","M","M","$","?","$","E","?","E","T","E","?","E","?","?","R","BOSS","R","$","E","BOSS"],"items_purchased_type":["Relic","Relic","Relic","Card","Card","Relic","Relic","Relic","Card","Card","Card","Relic","Relic","Card","Card","Relic","Potion","Potion","Relic","Relic","Relic","Relic","Relic","Card","Relic","Relic","Relic","Card"],"build_version":"2020-12-22","purchased_purges":15,"victory":true,"max_hp_per_floor":[80,80,80,80,80,80,80,80,80,80,80,80,80,80,80,80,80,80,80,80,80,80,80,80,80,80,80,80,80,80,80,80,80,80,80,80,80,80,80,76,76,76,76,76,76,76,76,76,76,76,76,76,76,76,76,76,76],"card_choices":[{"not_picked":["ReplayTheSpireMod:Strike From Hell","ReplayTheSpireMod:LeadingStrike"],"picked":"Rampage","floor":1},{"not_picked":["Havoc","Wild Strike"],"picked":"Sword Boomerang","floor":2},{"not_picked":["Clash","Twin Strike"],"picked":"Carnage","floor":5},{"not_picked":["Clash","Eclipse"],"picked":"ReplayReversal","floor":6},{"not_picked":["Body Slam","Thunderclap"],"picked":"Shrug It Off","floor":7},{"not_picked":["Run Through","Clash"],"picked":"Perfected Strike","floor":10},{"not_picked":["Wild Strike","Sword Boomerang","Shrug It Off"],"picked":"SKIP","floor":12},{"not_picked":["Heavy Blade","Twin Strike"],"picked":"Massacre","floor":16},{"not_picked":["Exhume","Eclipse"],"picked":"Barricade","floor":18},{"not_picked":["Pommel Strike","Havoc","Life Link"],"picked":"ReplayTheSpireMod:Muscle Training+1","floor":20},{"not_picked":["Anger","Wild Strike","Hemokinesis"],"picked":"Dual Wield","floor":24},{"not_picked":["Warcry+1","Armaments+1","Defy Death+1"],"picked":"Intimidate+1","floor":25},{"not_picked":["True Grit","Feel No Pain","Pommel Strike"],"picked":"Power Through+1","floor":27},{"not_picked":["Headbutt","Dark Embrace","Entrench"],"picked":"Run Through","floor":29},{"not_picked":["Rupture+1","Evolve","Anger"],"picked":"Clothesline+1","floor":30},{"not_picked":["Shockwave","Warcry","ReplayTheSpireMod:Strike From Hell"],"picked":"Brutality","floor":33},{"not_picked":["Brutality","Replay:Many Hands","Corruption"],"picked":"Offering","floor":35},{"not_picked":["Rage","Clash","Armaments"],"picked":"Flex","floor":37},{"not_picked":["Hemokinesis+1","Heavy Blade","Perfected Strike+1"],"picked":"Pommel Strike+1","floor":38},{"not_picked":["Armaments","Headbutt+1","ReplayTheSpireMod:Strike From Hell+1"],"picked":"Sever Soul+1","floor":42},{"not_picked":["Brutality","Feed","Pummel"],"picked":"Replay:Undeath\u0027s Touch+1","floor":44},{"not_picked":["Shrug It Off","Life Link","Flex","True Grit"],"picked":"SKIP","floor":46},{"not_picked":["Clash","Disarm+1","Body Slam","Anger+1"],"picked":"SKIP","floor":47},{"not_picked":["Flame Barrier+1","Exhume","True Grit"],"picked":"Replay:Undeath\u0027s Touch+1","floor":48},{"not_picked":["Sadistic Nature","ReplayTheSpireMod:Brewmster","Secret Weapon"],"picked":"Apotheosis","floor":55},{"not_picked":["Forethought","HandOfGreedLower","Replay:Parry"],"picked":"Flash of Steel","floor":55},{"not_picked":["Replay:Bootleg Shield Generator","PanicButton","HandOfGreed"],"picked":"Midas Touch","floor":55},{"not_picked":["Abandon","Combust+1","Thunderclap+1","ReplayTheSpireMod:Strike From Hell+1"],"picked":"SKIP","floor":56}],"player_experience":134458,"relics_obtained":[{"floor":6,"key":"StrikeDummy"},{"floor":12,"key":"Replay:Bottled Snecko"},{"floor":25,"key":"CaptainsWheel"},{"floor":26,"key":"Replay:Bottled Eggs"},{"floor":27,"key":"Replay:WaspNest"},{"floor":28,"key":"CeramicFish"},{"floor":33,"key":"Bird Faced Urn"},{"floor":42,"key":"Replay:PocketPolymizer"},{"floor":44,"key":"Magic Flower"},{"floor":45,"key":"Eternal Feather"},{"floor":46,"key":"Replay:Wax Seal"},{"floor":48,"key":"Orichalcum"},{"floor":56,"key":"ReplayTheSpireMod:Spearhead"}],"event_choices":[{"damage_healed":0,"gold_gain":0,"player_choice":"Box","damage_taken":0,"relics_obtained":["Iron Hammer"],"max_hp_gain":0,"max_hp_loss":0,"event_name":"Big Fish","floor":3,"gold_loss":0,"cards_obtained":["Regret"]},{"damage_healed":0,"gold_gain":0,"player_choice":"2 cards matched","damage_taken":0,"max_hp_gain":0,"max_hp_loss":0,"event_name":"Match and Keep!","floor":13,"gold_loss":0,"cards_obtained":["Armaments","Replay:Many Hands"]},{"damage_healed":0,"gold_gain":0,"player_choice":"Joined the Cult","damage_taken":6,"max_hp_gain":0,"max_hp_loss":0,"event_name":"Nest","floor":31,"gold_loss":0,"cards_obtained":["RitualDagger"]},{"damage_healed":0,"gold_gain":0,"player_choice":"Max HP","damage_taken":0,"max_hp_gain":0,"max_hp_loss":4,"event_name":"Winding Halls","floor":40,"gold_loss":0},{"damage_healed":0,"gold_gain":0,"player_choice":"Bought 0 Potions","damage_taken":0,"max_hp_gain":0,"max_hp_loss":0,"event_name":"The Woman in Blue","floor":43,"gold_loss":0},{"cards_removed":["Rampage"],"damage_healed":0,"gold_gain":0,"player_choice":"Removed Attack","damage_taken":0,"max_hp_gain":0,"max_hp_loss":0,"event_name":"Falling","floor":49,"gold_loss":0},{"damage_healed":0,"gold_gain":0,"player_choice":"Upgraded","damage_taken":0,"max_hp_gain":0,"max_hp_loss":0,"event_name":"Upgrade Shrine","floor":50,"gold_loss":0,"cards_upgraded":["Flex"]}],"is_beta":false,"boss_relics":[{"not_picked":["Abe\u0027s Treasure","Kintsugi"],"picked":"Honey Jar"},{"not_picked":["Replay:Ancient Bell","Runic Pyramid"],"picked":"Ring of Chaos"}],"items_purged_floors":[4,4,4,4,4,4,4,21,21,21,21,21,39,39,55],"is_endless":false,"potions_floor_spawned":[1,2,2,5,5,6,7,10,10,16,18,18,20,24,25,27,27,27,29,30,33,35,35,35,37,37,38,42,44,44,46,46,47,47,48,48,56],"ascension_level":6}}