{"host":"msmkw03x1o7nq45i","time":1610707374,"event":{"mods":["AchievementEnabler","BaseMod","Bestiary","Colored Powertips","GifTheSpireLib","Highlight Path","Minty Spire (QoL Compilation)","Random Character Button","StSLib","everything is the same but u backflip on backflip"],"gold_per_floor":[114,154,154,329,329,359,359,389,389,419,434,449,504,519,519,619,619,634,699,289,269,0,80,155,194,194,343,418,567,701,731,731,831,831,901,130,157,172,196,235,253,253,278,317,667,706,706,745,745,745],"floor_reached":51,"language":"ENG","playtime":3578,"items_purged":["Doubt","Multi-Cast","Fission"],"score":1416,"play_id":"552eba01-d7a5-4492-82ff-62ba466becb6","local_time":"20210115124254","daily_mods":["Shiny","Blue Cards","Elite Swarm"],"is_ascension_mode":false,"campfire_choices":[{"data":"Hyperbeam","floor":7,"key":"SMITH"},{"data":"Scrawl","floor":15,"key":"SMITH"},{"data":"Buffer","floor":32,"key":"SMITH"},{"data":"Recycle","floor":42,"key":"SMITH"},{"data":"SpiritShield","floor":47,"key":"SMITH"},{"data":"Hyperbeam","floor":49,"key":"SMITH"}],"circlet_count":0,"master_deck":["Hyperbeam+1","Thunder Strike","Biased Cognition+1","Machine Learning","Electrodynamics","Buffer","Rainbow","Seek","Meteor Strike+1","Echo Form","All For One","Reboot","Amplify","Creative AI","Core Surge","Judgement","ConjureBlade","MasterReality","Brilliance","Devotion+1","Blasphemy","Ragnarok","LessonLearned+1","Scrawl+1","Vault","Alpha","Wish","Omniscience","Establishment","SpiritShield+1","DevaForm","DeusExMachina","Double Energy","Recycle+1","Judgement","Hyperbeam+1","Genetic Algorithm+1","Hologram+1","Buffer+1","Stack+1","Vault+1","Mayhem","Master of Strategy+1","Wish+1","Omniscience+1","Alpha+1","SpiritShield+1","Auto Shields+1","Finesse+1","Chrysalis+1","Thinking Ahead+1","Trip+1","PanicButton+1","Sanctity+1","Reboot+1","Madness+1","Madness+1","Vault+1","Brilliance","Hyperbeam+1"],"relics":["PureWater","PreservedInsect","Pear","Bag of Preparation","Toxic Egg 2","Pantograph","Toy Ornithopter","Coffee Dripper","Toolbox","FossilizedHelix","CeramicFish","Dream Catcher","Ginger","Regal Pillow","Thread and Needle","Black Star","Potion Belt","Blue Candle","InkBottle","Whetstone","Happy Flower","Damaru","Shuriken","Old Coin","Vajra","HornCleat","Lantern","Orichalcum"],"acts_visited":["Exordium","TheCity","TheBeyond"],"potions_floor_usage":[16,21,24,27,30,48,50,50,50],"damage_taken":[{"damage":9,"enemies":"Cultist","floor":1,"turns":4},{"damage":0,"enemies":"Jaw Worm","floor":2,"turns":2},{"damage":0,"enemies":"Gremlin Nob","floor":6,"turns":1},{"damage":0,"enemies":"3 Sentries","floor":8,"turns":1},{"damage":0,"enemies":"Gremlin Nob","floor":10,"turns":1},{"damage":5,"enemies":"Small Slimes","floor":11,"turns":2},{"damage":0,"enemies":"Exordium Wildlife","floor":12,"turns":1},{"damage":0,"enemies":"3 Sentries","floor":13,"turns":2},{"damage":0,"enemies":"Lots of Slimes","floor":14,"turns":1},{"damage":39,"enemies":"Hexaghost","floor":16,"turns":6},{"damage":0,"enemies":"2 Thieves","floor":18,"turns":1},{"damage":26,"enemies":"Shell Parasite","floor":19,"turns":7},{"damage":0,"enemies":"Gremlin Leader","floor":23,"turns":6},{"damage":0,"enemies":"Snake Plant","floor":24,"turns":1},{"damage":13,"enemies":"Slavers","floor":25,"turns":2},{"damage":9,"enemies":"Gremlin Leader","floor":27,"turns":6},{"damage":11,"enemies":"Centurion and Healer","floor":28,"turns":6},{"damage":12,"enemies":"Book of Stabbing","floor":29,"turns":3},{"damage":20,"enemies":"Chosen and Byrds","floor":30,"turns":5},{"damage":0,"enemies":"Slavers","floor":31,"turns":3},{"damage":0,"enemies":"Collector","floor":33,"turns":4},{"damage":7,"enemies":"3 Shapes","floor":35,"turns":6},{"damage":0,"enemies":"3 Darklings","floor":38,"turns":1},{"damage":0,"enemies":"Maw","floor":39,"turns":3},{"damage":0,"enemies":"Giant Head","floor":40,"turns":2},{"damage":0,"enemies":"Reptomancer","floor":44,"turns":1},{"damage":0,"enemies":"Mind Bloom Boss Battle","floor":45,"turns":4},{"damage":0,"enemies":"Nemesis","floor":46,"turns":3},{"damage":0,"enemies":"Reptomancer","floor":48,"turns":1},{"damage":0,"enemies":"Awakened One","floor":50,"turns":5}],"seed_played":"5830580211590973081","potions_obtained":[{"floor":6,"key":"BottledMiracle"},{"floor":8,"key":"Swift Potion"},{"floor":11,"key":"GamblersBrew"},{"floor":19,"key":"Fruit Juice"},{"floor":21,"key":"Fruit Juice"},{"floor":27,"key":"Energy Potion"},{"floor":29,"key":"Ambrosia"},{"floor":31,"key":"BlessingOfTheForge"},{"floor":38,"key":"ColorlessPotion"},{"floor":45,"key":"SteroidPotion"},{"floor":48,"key":"CultistPotion"}],"is_trial":false,"path_per_floor":["M","M","?","?","?","E","R","E","T","E","M","M","E","M","R","B",null,"M","M","$","?","$","E","M","E","T","E","M","E","M","E","R","B",null,"M","$","?","M","M","E","?","R","T","E","?","E","R","E","R","B",null],"character_chosen":"WATCHER","items_purchased":["Mayhem","Toolbox","Master of Strategy+1","Potion Belt","Blue Candle","Finesse+1","Chrysalis+1"],"campfire_rested":0,"item_purchase_floors":[20,20,22,36,36,36,36],"current_hp_per_floor":[63,63,56,56,61,71,71,71,71,71,66,66,66,66,66,48,87,87,61,61,71,71,71,76,63,63,59,48,36,21,21,21,46,92,85,85,75,75,75,75,63,63,63,63,88,88,88,97,97,97],"gold":745,"neow_bonus":"","is_daily":true,"chose_seed":false,"campfire_upgraded":6,"win_rate":0.0,"timestamp":1610707374,"path_taken":["M","M","?","?","?","E","R","E","T","E","M","M","E","M","R","BOSS","M","M","$","?","$","E","?","E","T","E","M","E","M","E","R","BOSS","M","$","?","M","M","E","?","R","T","E","?","E","R","E","R","BOSS"],"items_purchased_type":["Card","Relic","Card","Relic","Relic","Card","Card"],"build_version":"2020-12-22","purchased_purges":3,"victory":true,"max_hp_per_floor":[72,72,72,72,77,87,87,87,87,87,87,87,87,87,87,87,87,87,87,87,92,92,92,92,92,92,92,92,92,92,92,92,92,92,92,92,92,92,92,92,92,92,92,92,92,92,92,97,97,97],"card_choices":[{"not_picked":["Consecrate","Static Discharge"],"picked":"Double Energy","floor":1},{"not_picked":["Barrage","Capacitor"],"picked":"Recycle","floor":2},{"not_picked":["Wish","MasterReality"],"picked":"Judgement","floor":6},{"not_picked":["Core Surge","MasterReality"],"picked":"Hyperbeam","floor":8},{"not_picked":["LessonLearned","Rainbow+1","Meteor Strike"],"picked":"SKIP","floor":10},{"not_picked":["ClearTheMind+1","Gash"],"picked":"Genetic Algorithm+1","floor":11},{"not_picked":["Go for the Eyes","Compile Driver"],"picked":"Hologram+1","floor":12},{"not_picked":["Meteor Strike","MasterReality"],"picked":"Buffer","floor":13},{"not_picked":["Go for the Eyes","Static Discharge"],"picked":"Stack+1","floor":14},{"not_picked":["Core Surge","Devotion"],"picked":"Vault+1","floor":16},{"not_picked":["Reinforced Body+1","SignatureMove+1","Turbo+1"],"picked":"SKIP","floor":18},{"not_picked":["Wireheading","Barrage","Swivel+1"],"picked":"SKIP","floor":19},{"not_picked":["DevaForm","Thunder Strike"],"picked":"Wish+1","floor":23},{"not_picked":["CutThroughFate+1","ThirdEye+1","DeceiveReality+1"],"picked":"SKIP","floor":24},{"not_picked":["Wish+1","Establishment"],"picked":"Omniscience+1","floor":25},{"not_picked":["DeusExMachina+1","Judgement+1"],"picked":"Alpha+1","floor":27},{"not_picked":["WreathOfFlame+1","Genetic Algorithm+1","SashWhip"],"picked":"SKIP","floor":28},{"not_picked":["Meteor Strike","All For One"],"picked":"SpiritShield+1","floor":29},{"not_picked":["Consecrate","Evaluate+1"],"picked":"Auto Shields+1","floor":30},{"not_picked":["Establishment","Rainbow+1","DevaForm"],"picked":"SKIP","floor":31},{"not_picked":["Reinforced Body+1","Sweeping Beam","Ball Lightning+1"],"picked":"SKIP","floor":35},{"not_picked":["Chrysalis+1","Trip+1"],"picked":"Thinking Ahead+1","floor":37},{"not_picked":["Mayhem","Panacea+1"],"picked":"Trip+1","floor":37},{"not_picked":["Panache","Transmutation+1"],"picked":"PanicButton+1","floor":37},{"not_picked":["Genetic Algorithm+1","Beam Cell+1","Undo+1"],"picked":"SKIP","floor":38},{"not_picked":["Evaluate+1","Go for the Eyes+1"],"picked":"Sanctity+1","floor":39},{"not_picked":["All For One","Fission+1"],"picked":"Reboot+1","floor":40},{"not_picked":["Alpha+1","Brilliance"],"picked":"Vault+1","floor":44},{"not_picked":["Rainbow+1","Brilliance","Ragnarok"],"picked":"SKIP","floor":46},{"not_picked":["Rainbow+1","Ragnarok"],"picked":"Brilliance","floor":46},{"not_picked":["Brilliance","Core Surge"],"picked":"Hyperbeam","floor":48}],"player_experience":376125,"relics_obtained":[{"floor":6,"key":"Pear"},{"floor":8,"key":"Bag of Preparation"},{"floor":9,"key":"Toxic Egg 2"},{"floor":10,"key":"Pantograph"},{"floor":13,"key":"Toy Ornithopter"},{"floor":23,"key":"FossilizedHelix"},{"floor":25,"key":"CeramicFish"},{"floor":26,"key":"Dream Catcher"},{"floor":27,"key":"Ginger"},{"floor":29,"key":"Regal Pillow"},{"floor":31,"key":"Thread and Needle"},{"floor":40,"key":"InkBottle"},{"floor":40,"key":"Whetstone"},{"floor":43,"key":"Happy Flower"},{"floor":44,"key":"Damaru"},{"floor":44,"key":"Shuriken"},{"floor":45,"key":"Old Coin"},{"floor":46,"key":"Vajra"},{"floor":46,"key":"HornCleat"},{"floor":48,"key":"Lantern"},{"floor":48,"key":"Orichalcum"}],"event_choices":[{"damage_healed":0,"gold_gain":0,"player_choice":"Success","damage_taken":7,"relics_obtained":["PreservedInsect"],"max_hp_gain":0,"max_hp_loss":0,"event_name":"Scrap Ooze","floor":3,"gold_loss":0},{"damage_healed":0,"gold_gain":175,"player_choice":"AGREE","damage_taken":0,"max_hp_gain":0,"max_hp_loss":0,"event_name":"Liars Game","floor":4,"gold_loss":0,"cards_obtained":["Doubt"]},{"damage_healed":0,"gold_gain":0,"player_choice":"Donut","damage_taken":0,"max_hp_gain":5,"max_hp_loss":0,"event_name":"Big Fish","floor":5,"gold_loss":0},{"damage_healed":0,"gold_gain":0,"player_choice":"Bought 1 Potion","damage_taken":0,"max_hp_gain":0,"max_hp_loss":0,"event_name":"The Woman in Blue","floor":21,"gold_loss":0},{"damage_healed":0,"gold_gain":0,"player_choice":"Memory 3","damage_taken":10,"max_hp_gain":0,"max_hp_loss":0,"event_name":"SensoryStone","floor":37,"gold_loss":0},{"damage_healed":0,"gold_gain":0,"player_choice":"Embrace Madness","damage_taken":12,"max_hp_gain":0,"max_hp_loss":0,"event_name":"Winding Halls","floor":41,"gold_loss":0,"cards_obtained":["Madness","Madness"]},{"damage_healed":0,"gold_gain":0,"player_choice":"Fight","damage_taken":0,"max_hp_gain":0,"max_hp_loss":0,"event_name":"MindBloom","floor":45,"gold_loss":0}],"is_beta":false,"boss_relics":[{"not_picked":["Cursed Key","Sozu"],"picked":"Coffee Dripper"},{"not_picked":["Busted Crown","SlaversCollar"],"picked":"Black Star"}],"items_purged_floors":[20,22,36],"is_endless":false,"potions_floor_spawned":[6,8,11,13,14,19,27,29,31,38,45,48],"ascension_level":0}}