{"host":"sav7uxregyirlf69","time":1610722224,"event":{"mods":["AchievementEnabler","BaseMod","Colored Map","DeckTracker","Keyboard Shortcuts","Minty Spire (QoL Compilation)","READ ME - Guardian Mod","StSLib","SuperFastMode"],"gold_per_floor":[110,121,121,121,2,51,51,76,103,135,135,159,183,183,183,281,281,264,291,300,40,53,53,53,53,53],"floor_reached":25,"language":"KOR","playtime":417,"items_purged":["Strike_B","Strike_B"],"score":452,"play_id":"df32688c-b6f7-4fd5-af3a-9d709c8e4ce4","local_time":"20210115235024","is_ascension_mode":true,"campfire_choices":[{"data":"Zap","floor":7,"key":"SMITH"},{"data":"Dualcast","floor":11,"key":"SMITH"},{"floor":15,"key":"RECALL"},{"data":"Ghostly","floor":23,"key":"SMITH"}],"circlet_count":0,"master_deck":["AscendersBane","Defend_B","Defend_B","Defend_B","Defend_B","Zap+1","Dualcast+1","Rebound","Compile Driver","Rip and Tear","Biased Cognition","Auto Shields","Self Repair","Cold Snap","Echo Form","Seek","White Noise","Ghostly","Ghostly","Ghostly+1","Turbo"],"relics":["Cracked Core","NeowsBlessing","Golden Idol","CeramicFish","Art of War","Cursed Key","Runic Capacitor"],"acts_visited":["Exordium","TheCity"],"potions_floor_usage":[16,16,25],"damage_taken":[{"damage":0,"enemies":"Small Slimes","floor":1,"turns":1},{"damage":0,"enemies":"Jaw Worm","floor":2,"turns":1},{"damage":0,"enemies":"Gremlin Nob","floor":6,"turns":1},{"damage":0,"enemies":"Cultist","floor":8,"turns":2},{"damage":6,"enemies":"Looter","floor":10,"turns":2},{"damage":0,"enemies":"2 Fungi Beasts","floor":12,"turns":3},{"damage":9,"enemies":"Exordium Thugs","floor":13,"turns":4},{"damage":36,"enemies":"Hexaghost","floor":16,"turns":7},{"damage":29,"enemies":"2 Thieves","floor":18,"turns":4},{"damage":19,"enemies":"Shell Parasite","floor":22,"turns":6},{"damage":16,"enemies":"Gremlin Leader","floor":25,"turns":9}],"seed_played":"8767850321744845682","potions_obtained":[{"floor":10,"key":"DuplicationPotion"},{"floor":12,"key":"Strength Potion"},{"floor":16,"key":"PowerPotion"}],"is_trial":false,"path_per_floor":["M","M","?","?","$","E","R","M","T","M","R","M","M","?","R","B",null,"M","?","?","$","M","R","?","E"],"character_chosen":"DEFECT","items_purchased":["Rip and Tear","Runic Capacitor"],"campfire_rested":0,"item_purchase_floors":[5,21],"current_hp_per_floor":[64,64,64,64,64,64,64,64,64,58,58,64,55,55,55,26,55,33,32,32,32,13,13,13,0,0],"gold":53,"neow_bonus":"THREE_ENEMY_KILL","is_daily":false,"chose_seed":false,"campfire_upgraded":3,"win_rate":0.0,"timestamp":1610722224,"path_taken":["M","M","?","?","$","E","R","?","T","M","R","M","M","?","R","BOSS","M","?","?","$","M","R","?","E"],"items_purchased_type":["Card","Relic"],"build_version":"2020-12-22","purchased_purges":2,"victory":false,"max_hp_per_floor":[71,71,64,64,64,64,64,64,64,64,64,64,64,64,64,64,64,64,32,32,32,32,32,32,32,32],"card_choices":[{"not_picked":["Steam","Blizzard"],"picked":"Rebound","floor":1},{"not_picked":["Rebound","Stack"],"picked":"Compile Driver","floor":2},{"not_picked":["Chill","Auto Shields"],"picked":"Biased Cognition","floor":6},{"not_picked":["Rebound","Stack"],"picked":"Auto Shields","floor":8},{"not_picked":["Fusion","Rebound"],"picked":"Self Repair","floor":10},{"not_picked":["Auto Shields","Gash"],"picked":"Cold Snap","floor":12},{"not_picked":["Hologram","Auto Shields"],"picked":"Echo Form","floor":13},{"not_picked":["Fission","All For One"],"picked":"Seek","floor":16},{"not_picked":["Genetic Algorithm","Compile Driver"],"picked":"White Noise","floor":18},{"not_picked":["Ball Lightning","Steam","Force Field"],"picked":"SKIP","floor":22}],"player_experience":1286672,"relics_obtained":[{"floor":6,"key":"CeramicFish"},{"floor":9,"key":"Art of War"}],"event_choices":[{"damage_healed":0,"gold_gain":0,"player_choice":"Lose Max HP","damage_taken":0,"relics_obtained":["Golden Idol"],"max_hp_gain":0,"max_hp_loss":7,"event_name":"Golden Idol","floor":3,"gold_loss":0},{"cards_removed":["Strike_B"],"damage_healed":0,"gold_gain":0,"player_choice":"Offered Basic","damage_taken":0,"max_hp_gain":0,"max_hp_loss":0,"event_name":"Bonfire Elementals","floor":4,"gold_loss":0},{"damage_healed":0,"gold_gain":0,"player_choice":"Ignored","damage_taken":0,"max_hp_gain":0,"max_hp_loss":0,"event_name":"Liars Game","floor":14,"gold_loss":0},{"damage_healed":0,"gold_gain":0,"player_choice":"Became a Ghost","damage_taken":0,"max_hp_gain":0,"max_hp_loss":32,"event_name":"Ghosts","floor":19,"gold_loss":0,"cards_obtained":["Ghostly","Ghostly","Ghostly"]},{"damage_healed":0,"gold_gain":0,"player_choice":"Read","damage_taken":0,"max_hp_gain":0,"max_hp_loss":0,"event_name":"The Library","floor":20,"gold_loss":0,"cards_obtained":["Turbo"]},{"cards_removed":["Strike_B"],"damage_healed":0,"gold_gain":0,"player_choice":"Elegance","damage_taken":0,"max_hp_gain":0,"max_hp_loss":0,"event_name":"Back to Basics","floor":24,"gold_loss":0}],"is_beta":false,"boss_relics":[{"not_picked":["Astrolabe","SacredBark"],"picked":"Cursed Key"}],"items_purged_floors":[5,21],"is_endless":false,"potions_floor_spawned":[10,12,13,16],"killed_by":"Gremlin Leader","ascension_level":20}}