{"host":"wshh0nphwn6jv7vj","time":1610703034,"event":{"mods":["BaseMod","Bestiary","Minty Spire (QoL Compilation)","Relic Stats"],"gold_per_floor":[12,28,41,57,0,33,33,33,33,52,65,65,115,131,131,131,131],"floor_reached":16,"language":"ENG","playtime":582,"items_purged":[],"score":192,"play_id":"2daae6d0-fa5f-4752-b0a6-a2964ed7c89a","local_time":"20210115043034","is_ascension_mode":true,"campfire_choices":[{"data":"Reinforced Body","floor":7,"key":"SMITH"},{"floor":12,"key":"REST"},{"data":"Redo","floor":15,"key":"SMITH"}],"circlet_count":0,"master_deck":["AscendersBane","Strike_B","Strike_B","Strike_B","Defend_B","Defend_B+1","Defend_B","Defend_B","Zap+1","Capacitor","Reinforced Body+1","Streamline","All For One","Streamline","Ball Lightning","Hologram","Redo+1","Rebound"],"relics":["Cracked Core","Mango","Symbiotic Virus"],"acts_visited":["Exordium"],"potions_floor_usage":[6,10,11],"damage_taken":[{"damage":16,"enemies":"2 Louse","floor":1,"turns":4},{"damage":4,"enemies":"Small Slimes","floor":2,"turns":4},{"damage":0,"enemies":"Cultist","floor":3,"turns":4},{"damage":7,"enemies":"2 Fungi Beasts","floor":4,"turns":4},{"damage":15,"enemies":"Gremlin Nob","floor":6,"turns":5},{"damage":1,"enemies":"Red Slaver","floor":10,"turns":3},{"damage":4,"enemies":"Lots of Slimes","floor":11,"turns":3},{"damage":1,"enemies":"2 Fungi Beasts","floor":14,"turns":3},{"damage":30,"enemies":"Slime Boss","floor":16,"turns":8}],"seed_played":"-6422582006824592971","potions_obtained":[{"floor":1,"key":"Block Potion"},{"floor":2,"key":"SpeedPotion"},{"floor":6,"key":"PowerPotion"},{"floor":14,"key":"Strength Potion"}],"is_trial":false,"path_per_floor":["M","M","M","M","$","E","R","?","T","M","M","R","?","M","R","B"],"character_chosen":"DEFECT","items_purchased":["Streamline"],"campfire_rested":1,"item_purchase_floors":[5],"current_hp_per_floor":[48,44,44,37,37,36,36,10,10,9,5,30,30,29,29,0,0],"gold":131,"neow_bonus":"REMOVE_TWO","is_daily":false,"chose_seed":false,"campfire_upgraded":2,"win_rate":0.0,"timestamp":1610703034,"path_taken":["M","M","M","M","$","E","R","?","T","M","M","R","?","M","R","BOSS"],"items_purchased_type":["Card"],"build_version":"2020-12-22","purchased_purges":0,"victory":false,"max_hp_per_floor":[71,71,71,71,71,85,85,85,85,85,85,85,85,85,85,85,85],"relic_stats":{"counters":[9,38],"obtain_stats":[{"Mango":6,"Cracked Core":0,"Symbiotic Virus":9},{"Mango":5,"Cracked Core":0,"Symbiotic Virus":5},{"Mango":21,"Cracked Core":0,"Symbiotic Virus":21}]},"card_choices":[{"not_picked":["Self Repair","Loop"],"picked":"Capacitor","floor":1},{"not_picked":["Conserve Battery","Reprogram"],"picked":"Reinforced Body","floor":2},{"not_picked":["Steam","Beam Cell"],"picked":"Streamline","floor":3},{"not_picked":["Scrape","Go for the Eyes"],"picked":"All For One","floor":4},{"not_picked":["Rebound","Chill"],"picked":"Ball Lightning","floor":6},{"not_picked":["Tempest","Static Discharge"],"picked":"Hologram","floor":10},{"not_picked":["Hello World","Barrage"],"picked":"Redo","floor":11},{"not_picked":["Hologram","Ball Lightning"],"picked":"Rebound","floor":14}],"player_experience":1577336,"relics_obtained":[{"floor":6,"key":"Mango"},{"floor":9,"key":"Symbiotic Virus"}],"event_choices":[{"damage_healed":0,"gold_gain":0,"player_choice":"Entered Light","damage_taken":26,"max_hp_gain":0,"max_hp_loss":0,"event_name":"Shining Light","floor":8,"gold_loss":0,"cards_upgraded":["Zap","Defend_B"]},{"damage_healed":0,"gold_gain":50,"player_choice":"Pray","damage_taken":0,"max_hp_gain":0,"max_hp_loss":0,"event_name":"Golden Shrine","floor":13,"gold_loss":0}],"is_beta":false,"boss_relics":[],"items_purged_floors":[],"is_endless":false,"potions_floor_spawned":[1,2,6,14],"killed_by":"Slime Boss","ascension_level":17}}