{"host":"17xjy7b7ubl548g2","time":1610677651,"event":{"mods":["2.2 Compatiblity","Act Like it!","Aspiration","Astrologer","Bard","BaseMod","Bestiary","Challenge The Spire","ChefMod","Colored Map","Conspire","Elementarium","Energized Spire","Gensokyo","GifTheSpireLib","Halation","Hallownest","Hubris","Infinite Spire","Jedi Mod","Jorbs\u0027s Wanderer Trilogy","Marisa（霧雨　魔理沙）","Marked Mod","Menagerie","Minty Spire (QoL Compilation)","Pale of the Ancients","Permanent Neow","Puzzle Mod","Replay The Spire","Robot Space Explorer","Spicy Shops","StSLib","Stuff the Spire","The Blue Laboratory","The Bug Knight","The Construct","The Disciple","The Factory","The Hayseed","The Hierophant","The Marked","The Runesmith","The Sage","TheFirefly"],"gold_per_floor":[110,121,121,35,35,35,35,35,35,35,35,35,35,35,35,35,35,35,35,35,35,35,35,35,35,35,35,35,35,35,35,35,140,152,181,205,217,229,261,273,314,371,407,435,722,734,224,251,251,251,251,251,26,53,53],"floor_reached":56,"language":"ENG","playtime":7504,"items_purged":["RobotSpaceExplorer:Strike","Regret","RobotSpaceExplorer:Strike","RobotSpaceExplorer:Strike"],"score":1923,"play_id":"d8409198-405c-4368-9cc2-48c809132dfb","local_time":"20210114212731","is_ascension_mode":true,"campfire_choices":[{"data":"RobotSpaceExplorer:Blitz","floor":7.0,"key":"SMITH"},{"data":"RobotSpaceExplorer:MiniLasers","floor":11.0,"key":"SMITH"},{"data":"RobotSpaceExplorer:MiniDrones","floor":13.0,"key":"SMITH"},{"floor":15,"key":"REST"},{"data":"RobotSpaceExplorer:ChargingLaser","floor":24,"key":"SMITH"},{"data":"RobotSpaceExplorer:Jetpack","floor":28,"key":"SMITH"},{"data":"RobotSpaceExplorer:Pulsar","floor":32,"key":"SMITH"},{"floor":40,"key":"RECALL"},{"data":"RobotSpaceExplorer:TurboDodge","floor":46,"key":"SMITH"},{"data":"RobotSpaceExplorer:StarDust","floor":49,"key":"SMITH"},{"data":"RobotSpaceExplorer:StarLightning","floor":52,"key":"SMITH"}],"circlet_count":0,"master_deck":["AscendersBane","RobotSpaceExplorer:Defend","RobotSpaceExplorer:Defend","RobotSpaceExplorer:Defend","RobotSpaceExplorer:Defend","RobotSpaceExplorer:Scan","RobotSpaceExplorer:MiniLasers+1","RobotSpaceExplorer:MetalStrike","RobotSpaceExplorer:SurgingShield","RobotSpaceExplorer:Blitz+1","RobotSpaceExplorer:Counterblock","RobotSpaceExplorer:Jetpack+1","RobotSpaceExplorer:MiniDrones+1","RobotSpaceExplorer:Smokescreen","RobotSpaceExplorer:ChargingLaser+1","RobotSpaceExplorer:JunkDive+1","RobotSpaceExplorer:MetalStrike+1","RobotSpaceExplorer:ScrapToss+1","RobotSpaceExplorer:Smokescreen+1","RobotSpaceExplorer:Calculate+1","RobotSpaceExplorer:SlimeMissile+1","RobotSpaceExplorer:SurgingStrike+1","RobotSpaceExplorer:Pulsar+1","RobotSpaceExplorer:TrailblazerForm","RobotSpaceExplorer:Pulsar+1","RobotSpaceExplorer:SurgingStrike+1","infinitespire:SevenWalls+1","RobotSpaceExplorer:Counterblock+1","RobotSpaceExplorer:TurboDodge+1","RobotSpaceExplorer:SurgingShield+1","RobotSpaceExplorer:StarLightning+1","RobotSpaceExplorer:StarDust+1","RobotSpaceExplorer:FranticSearch+1"],"relics":["RobotSpaceExplorer:RoboCore","hubris:Potato","jedi:ominousloannote","Bird Faced Urn","jedi:heavyjacket","aspiration:TomeofQuesting","hubris:CrystalStatue","aspiration:HummingbirdHeart","hubris:BottledRain","energizedSpire:DeadBattery","aspiration:SeaSaltIceCream","Torii","Nunchaku","MawBank","RobotSpaceExplorer:FoglandsKnife","Strawberry","Elementarium:ElementariumTrophy","jedi:hotpepper","jedi:arcanewood","Replay:Towering Pillar of Hats","aspiration:FrozenJewel","InkBottle","Thread and Needle","hubris:SlimyHat"],"acts_visited":["Exordium","Menagerie:Menagerie","TheBeyond","TheEnding"],"potions_floor_usage":[16,23,33,55,55],"damage_taken":[{"damage":0.0,"enemies":"Menagerie:2_RABBITS","floor":1.0,"turns":5.0},{"damage":8.0,"enemies":"Menagerie:MonstrousExperiment","floor":2.0,"turns":7.0},{"damage":9.0,"enemies":"Menagerie:Hydra","floor":6.0,"turns":6.0},{"damage":36.0,"enemies":"Menagerie:MaskedSummoner","floor":8.0,"turns":22.0},{"damage":0.0,"enemies":"Menagerie:StygianBoar","floor":10.0,"turns":3.0},{"damage":0.0,"enemies":"Menagerie:3_RABBITS","floor":12.0,"turns":5.0},{"damage":0.0,"enemies":"Menagerie:Hydra","floor":14.0,"turns":5.0},{"damage":3,"enemies":"Menagerie:Suneater","floor":16,"turns":13},{"damage":0,"enemies":"Elementarium:VoidCorruption","floor":18,"turns":6},{"damage":0,"enemies":"Elementarium:Cyclone","floor":19,"turns":7},{"damage":0,"enemies":"Elementarium:3_ELEMENTALS","floor":21,"turns":5},{"damage":1,"enemies":"Elementarium:VOID_CORRUPTION_AND_ORB_OF_FIRE","floor":22,"turns":9},{"damage":1,"enemies":"Nightmare","floor":23,"turns":7},{"damage":0,"enemies":"Elementarium:RubyGolem","floor":27,"turns":4},{"damage":0,"enemies":"Elementarium:Hydrostalker","floor":29,"turns":5},{"damage":0,"enemies":"Elementarium:WarGolem","floor":31,"turns":2},{"damage":38,"enemies":"Elementarium:GolemEmperor","floor":33,"turns":15},{"damage":0,"enemies":"3 Shapes","floor":35,"turns":4},{"damage":0,"enemies":"3 Darklings","floor":36,"turns":5},{"damage":0,"enemies":"Jaw Worm Horde","floor":39,"turns":6},{"damage":0,"enemies":"R_Hoarder","floor":41,"turns":8},{"damage":9,"enemies":"2 Orb Walkers","floor":42,"turns":6},{"damage":0,"enemies":"Writhing Mass","floor":44,"turns":7},{"damage":0,"enemies":"Giant Head","floor":48,"turns":10},{"damage":0,"enemies":"conspire:OrnateMirror","floor":50,"turns":10},{"damage":10,"enemies":"Shield and Spear","floor":54,"turns":8},{"damage":10,"enemies":"The Heart","floor":55,"turns":10}],"seed_played":"-1911685907476921116","potions_obtained":[{"floor":8.0,"key":"Explosive Potion"},{"floor":10.0,"key":"PowerPotion"},{"floor":14.0,"key":"LiquidMemories"},{"floor":21,"key":"FearPotion"},{"floor":23,"key":"blueLaboratory:ForbiddenFruitJuice"},{"floor":31,"key":"Explosive Potion"},{"floor":33,"key":"RobotSpaceExplorer:PlasmaFlask"},{"floor":42,"key":"LiquidBronze"}],"is_trial":false,"path_per_floor":["M","M","T","$","?","E","R","E","T","M","R","M","R","E","R","B",null,"M","M","?","M","M","NM","R","?","T","M","R","M","?","E","R","B",null,"M","M","AVR","?","M","R","E","?","T","M","?","R","$","E","R","B",null,"R","$","E","B",null],"character_chosen":"RobotSpaceExplorer","items_purchased":["jedi:ominousloannote","Bird Faced Urn","jedi:heavyjacket","RobotSpaceExplorer:Blitz","aspiration:FrozenJewel","InkBottle","RobotSpaceExplorer:StarLightning"],"campfire_rested":1,"item_purchase_floors":[4,4,4,4,47,47,47],"current_hp_per_floor":[68,60,60,60,65,56,56,20,20,20,20,20,20,22,46,43,71,71,71,71,71,70,69,69,69,69,69,69,69,54,61,61,23,55,57,59,59,59,61,61,63,56,56,58,58,58,58,60,60,64,65,65,65,55,49],"gold":53,"neow_bonus":"REMOVE_CARD","is_daily":false,"chose_seed":false,"campfire_upgraded":9,"win_rate":0.0,"timestamp":1610677651,"path_taken":["M","M","?","$","?","E","R","E","T","M","R","?","R","E","R","BOSS","M","M","?","M","M","NM","R","?","T","?","R","M","?","E","R","BOSS","M","?","AVR","?","?","R","E","?","T","M","?","R","$","E","R","BOSS","R","$","E","BOSS"],"items_purchased_type":["Relic","Relic","Relic","Card","Relic","Relic","Card"],"build_version":"2020-12-22","purchased_purges":4,"victory":true,"max_hp_per_floor":[75,75,75,75,80,80,80,80,80,80,80,80,80,80,80,80,80,80,80,80,80,80,80,80,80,80,80,80,80,80,87,87,87,65,65,65,65,65,65,65,65,65,65,65,65,65,65,65,65,65,65,65,65,65,65],"card_choices":[{"not_picked":["RobotSpaceExplorer:PowerCollector","RobotSpaceExplorer:Ammunition"],"picked":"RobotSpaceExplorer:MetalStrike","floor":1.0},{"not_picked":["RobotSpaceExplorer:JunkDive","RobotSpaceExplorer:PowerCollector"],"picked":"RobotSpaceExplorer:SurgingShield","floor":2.0},{"not_picked":["RobotSpaceExplorer:GlueShot","RobotSpaceExplorer:FrostMissile"],"picked":"RobotSpaceExplorer:Counterblock","floor":6.0},{"not_picked":["RobotSpaceExplorer:StunGrenade","RobotSpaceExplorer:Electroshield"],"picked":"RobotSpaceExplorer:Jetpack","floor":8.0},{"not_picked":["RobotSpaceExplorer:ScrapMissile","RobotSpaceExplorer:FreezingShield"],"picked":"RobotSpaceExplorer:MiniDrones","floor":10.0},{"not_picked":["RobotSpaceExplorer:GlueShot","RobotSpaceExplorer:SlimeMissile","RobotSpaceExplorer:ShockKick"],"picked":"SKIP","floor":12.0},{"not_picked":["RobotSpaceExplorer:ExhaustFan","RobotSpaceExplorer:JunkDive"],"picked":"RobotSpaceExplorer:Smokescreen","floor":14.0},{"not_picked":["RobotSpaceExplorer:ShockMissile","RobotSpaceExplorer:DroneSwarm"],"picked":"RobotSpaceExplorer:ChargingLaser","floor":16},{"not_picked":["RobotSpaceExplorer:FreezingShield+1","RobotSpaceExplorer:ScrapToss"],"picked":"RobotSpaceExplorer:JunkDive+1","floor":18},{"not_picked":["RobotSpaceExplorer:JunkDive","RobotSpaceExplorer:ScrapMissile"],"picked":"RobotSpaceExplorer:MetalStrike+1","floor":19},{"not_picked":["RobotSpaceExplorer:SelfCleaning","RobotSpaceExplorer:MiniDrones"],"picked":"RobotSpaceExplorer:ScrapToss+1","floor":21},{"not_picked":["RobotSpaceExplorer:DualCore","RobotSpaceExplorer:BigMissile"],"picked":"RobotSpaceExplorer:Smokescreen+1","floor":22},{"not_picked":["RobotSpaceExplorer:ShockKick","RobotSpaceExplorer:ScrapMissile"],"picked":"RobotSpaceExplorer:Calculate+1","floor":23},{"not_picked":["RobotSpaceExplorer:FranticSearch","RobotSpaceExplorer:Arsenal"],"picked":"RobotSpaceExplorer:SlimeMissile+1","floor":27},{"not_picked":["RobotSpaceExplorer:IronShell+1","RobotSpaceExplorer:MakeshiftVolley"],"picked":"RobotSpaceExplorer:SurgingStrike+1","floor":29},{"not_picked":["RobotSpaceExplorer:Ammunition","RobotSpaceExplorer:Discharger"],"picked":"RobotSpaceExplorer:Pulsar","floor":31},{"not_picked":["RobotSpaceExplorer:Explosion","RobotSpaceExplorer:Autoloader"],"picked":"RobotSpaceExplorer:TrailblazerForm","floor":33},{"not_picked":["RobotSpaceExplorer:GlueSpray+1","RobotSpaceExplorer:StunGrenade+1"],"picked":"RobotSpaceExplorer:Pulsar+1","floor":35},{"not_picked":["RobotSpaceExplorer:SlimeMissile","RobotSpaceExplorer:GlueSpray"],"picked":"RobotSpaceExplorer:SurgingStrike+1","floor":36},{"not_picked":["RobotSpaceExplorer:SurgingShield","RobotSpaceExplorer:ShockKick+1"],"picked":"RobotSpaceExplorer:Counterblock+1","floor":39},{"not_picked":["RobotSpaceExplorer:SlimeMissile+1","RobotSpaceExplorer:Wormhole","RobotSpaceExplorer:SurgingStrike"],"picked":"SKIP","floor":41},{"not_picked":["RobotSpaceExplorer:Reload+1","RobotSpaceExplorer:SlimeMissile"],"picked":"RobotSpaceExplorer:TurboDodge","floor":42},{"not_picked":["RobotSpaceExplorer:Pulsar","RobotSpaceExplorer:SurgingStrike+1"],"picked":"RobotSpaceExplorer:SurgingShield+1","floor":44},{"not_picked":["RobotSpaceExplorer:MetalStrike","RobotSpaceExplorer:GlueSpray"],"picked":"RobotSpaceExplorer:StarDust","floor":48},{"not_picked":["RobotSpaceExplorer:PowerGlove","RobotSpaceExplorer:Calculate"],"picked":"RobotSpaceExplorer:FranticSearch+1","floor":54}],"player_experience":1792616,"relics_obtained":[{"floor":3.0,"key":"hubris:Potato"},{"floor":6.0,"key":"aspiration:TomeofQuesting"},{"floor":8.0,"key":"hubris:CrystalStatue"},{"floor":9.0,"key":"aspiration:HummingbirdHeart"},{"floor":14.0,"key":"hubris:BottledRain"},{"floor":23,"key":"Nunchaku"},{"floor":26,"key":"MawBank"},{"floor":31,"key":"Strawberry"},{"floor":41,"key":"jedi:arcanewood"},{"floor":42,"key":"Replay:Towering Pillar of Hats"},{"floor":48,"key":"Thread and Needle"},{"floor":54,"key":"hubris:SlimyHat"}],"event_choices":[{"damage_healed":0.0,"max_hp_gain":5.0,"max_hp_loss":0.0,"gold_gain":0.0,"event_name":"Menagerie:HarrowingRitual","player_choice":"Shield","floor":5.0,"gold_loss":0.0,"damage_taken":0.0},{"damage_healed":0,"gold_gain":0,"player_choice":"Open","damage_taken":0,"relics_obtained":["aspiration:SeaSaltIceCream"],"max_hp_gain":0,"max_hp_loss":0,"event_name":"Elementarium:TarCoveredCasket","floor":20,"gold_loss":0,"cards_obtained":["Elementarium:StickyTar"]},{"damage_healed":0,"gold_gain":0,"player_choice":"Upgraded","damage_taken":0,"max_hp_gain":0,"max_hp_loss":0,"event_name":"Upgrade Shrine","floor":38,"gold_loss":0,"cards_upgraded":["infinitespire:SevenWalls"]},{"damage_healed":0,"gold_gain":0,"player_choice":"Fight","damage_taken":0,"max_hp_gain":0,"max_hp_loss":0,"event_name":"Mysterious Sphere","floor":42,"gold_loss":0},{"damage_healed":0,"gold_gain":275,"player_choice":"Desecrate","damage_taken":0,"max_hp_gain":0,"max_hp_loss":0,"event_name":"Golden Shrine","floor":45,"gold_loss":0,"cards_obtained":["Regret"]}],"is_beta":false,"boss_relics":[{"not_picked":["Abe\u0027s Treasure","sagemod:Falmels_Amulet"],"picked":"energizedSpire:DeadBattery"},{"not_picked":["halation:Yufonium","halation:Risk"],"picked":"jedi:hotpepper"}],"items_purged_floors":[37,47,53,53],"is_endless":false,"potions_floor_spawned":[8,10,14,21,23,31,33,36,42,48],"ascension_level":11}}