{"host":"y2kfqdipa4rrljwb","time":1610701963,"event":{"mods":["ATMod(∞¢Ë™Mod)","AchievementEnabler","Act Like it!","Aspiration","BaseMod","Downfall","Friendly Minions","Gensokyo","GungeonMod","GungeonMod Extend","Hallownest","Infinite Spire","LazyManMod","Library of Ruina","Marisa£®ÏF”Í°°ƒß¿Ì…≥£©","Minty Spire (QoL Compilation)","Random Character Button","Random Character Mod","Reimu£®≤©¿ˆ¡È√Œ£©","Relic Stats","Remilia£®¿Ÿ√◊¿Ú—«£©","Replay The Spire","RumiaBox-¬∂√◊Ê´µƒ…Ò√ÿ∫–◊”","StSLib","TestMod","The Administrix","The Blackbeard","The Bug Knight","The Cursed","The Gatherer","The Invoker Mod","The Marked","The Servant 0.9.4","vexMod","°æπ¶ƒ‹Mod°øªÏ„Á÷Æª∑–ﬁ∏¥≤π∂°","°æ“≈ŒÔMod°øÀ¿¡È∑® ¶NEW","°æ“≈ŒÔø®≈∆°øREMEMod","ƒßΩ‰"],"gold_per_floor":[119,119,135,135,155,185,202,227,281,13,13,13,13,31,31,136,136,153,166,166,166,186,186,156,20,20,20,37,53,69,84,102,102,102,202,202,216,91,111,127,127,154,172,183,183,212,212,212,212,62,97,97],"floor_reached":53,"language":"ZHS","playtime":6209,"items_purged":["Doubt","Unload","dwlrmod:CascadingDisaster","Dash","RingOfDestiny:RapidFire+1"],"score":996,"play_id":"efb2a8ae-21fd-43bb-9f3c-736bbcf6bba0","local_time":"20210115171243","is_ascension_mode":false,"campfire_choices":[{"data":"RingOfDestiny:Enchantment","floor":11.0,"key":"SMITH"},{"data":"RingOfDestiny:RestraintRing","floor":13.0,"key":"SMITH"},{"data":"dwlrmod:Chameleos","floor":15.0,"key":"SMITH"},{"data":"RingOfDestiny:DeathLeakage","floor":27.0,"key":"SMITH"},{"floor":33.0,"key":"RECALL"},{"floor":49.0,"key":"RECALL"}],"circlet_count":0,"master_deck":["RingOfDestiny:DeathLeakage+1","RingOfDestiny:DeathLeakage+1","RingOfDestiny:DarkShield+1","RingOfDestiny:GrowBullet+1","RingOfDestiny:RestraintRing+1","RingOfDestiny:InnerFocus+1","RingOfDestiny:Enchantment+1","RingOfDestiny:DanceOfDeath+1","Replay:Bag of Tricks+1","RingOfDestiny:Crimson+1","RingOfDestiny:MoonCurtain+1","RingOfDestiny:EtchReflection+1","RingOfDestiny:Nightmare+1","dwlrmod:Chameleos+1","RingOfDestiny:LoomingDeath+1","RingOfDestiny:Determination+1","dwlrmod:Awakening","RingOfDestiny:Residual+1","RingOfDestiny:EtchSpirit+1","RingOfDestiny:TimingBreath+1","RingOfDestiny:BlackFuneral+1","RingOfDestiny:Apoptosis+1"],"relics":["RingOfDestiny:Flintlock","REME_ComplimentaryCards","AT_ATBox","testmod-TestBox","Ring of Fury","Ring of Hypnosis","dwlrmod:ProjectRecorder","DemoMod:DecoyRelic","Quantum Egg","War Paint","testmod-BloodSacrificeSpiritualization","Red Mask","Replay:Rubber Ducky","Painkiller Herb","infinitespire:Broken Mirror","DemoMod:RatBoots","DemoMod:ResourcefulSack","DemoMod:PartiallyEatenCheese","RedLine:ReiMu","aspiration:SecretTechniqueScroll","Gensokyo:EmptyGrave","testmod-Hope","ScarletDevilRocket","Replay:Arrowhead"],"acts_visited":["Gensokyo:Gensokyo","Hallownest:CityofTears","Hallownest:CityofTears","Gensokyo:Gensokyoest","RingOfDestiny:BlackNoah"],"potions_floor_usage":[],"damage_taken":[{"damage":0.0,"enemies":"Gensokyo:2_Kodama","floor":1.0,"turns":5.0},{"damage":0.0,"enemies":"Gensokyo:3_Fairies","floor":3.0,"turns":4.0},{"damage":0.0,"enemies":"Gensokyo:Gryphon","floor":5.0,"turns":2.0},{"damage":3.0,"enemies":"Gensokyo:Aya","floor":6.0,"turns":6.0},{"damage":8.0,"enemies":"Gensokyo:CorruptedTreant","floor":7.0,"turns":4.0},{"damage":9.0,"enemies":"Gensokyo:Mamizou","floor":8.0,"turns":8.0},{"damage":0.0,"enemies":"Gensokyo:Kitsune","floor":14.0,"turns":1.0},{"damage":16.0,"enemies":"Gensokyo:Kokoro","floor":16.0,"turns":11.0},{"damage":17.0,"enemies":"Hallownest:2_Mistakes","floor":18.0,"turns":4.0},{"damage":17.0,"enemies":"Hallownest:Flukemon_and_Top","floor":19.0,"turns":6.0},{"damage":10.0,"enemies":"Hallownest:3_Mistakes","floor":22.0,"turns":11.0},{"damage":9.0,"enemies":"DemoMod:4_Bullet_Kins","floor":28.0,"turns":1.0},{"damage":9.0,"enemies":"DemoMod:4_Bullet_Kins_with_one_veteran","floor":29.0,"turns":5.0},{"damage":9.0,"enemies":"DemoMod:2_Mousers","floor":30.0,"turns":5.0},{"damage":11.0,"enemies":"DemoMod:Red_and_blue_shotgun_kin_with_gunsinger","floor":31.0,"turns":2.0},{"damage":9.0,"enemies":"DemoMod:Veteran_shot_gun_kin_and_blue_shotgun_kin_with_gunsinger","floor":32.0,"turns":4.0},{"damage":9.0,"enemies":"DemoMod:ResourcefulRat","floor":35.0,"turns":9.0},{"damage":9.0,"enemies":"Gensokyo:3_Bats","floor":37.0,"turns":3.0},{"damage":9.0,"enemies":"Gensokyo:AncientGuardian","floor":39.0,"turns":2.0},{"damage":9.0,"enemies":"Gensokyo:Dusk_and_Dawn","floor":40.0,"turns":2.0},{"damage":2.0,"enemies":"Gensokyo:Dusk_and_Dawn","floor":42.0,"turns":8.0},{"damage":9.0,"enemies":"Gensokyo:4_Bats","floor":43.0,"turns":1.0},{"damage":9.0,"enemies":"Gensokyo:AtlasGolem","floor":44.0,"turns":2.0},{"damage":9.0,"enemies":"Gensokyo:AtlasGolem","floor":46.0,"turns":6.0},{"damage":9.0,"enemies":"Gensokyo:Shinki","floor":47.0,"turns":4.0},{"damage":11.0,"enemies":"","floor":51.0,"turns":4.0},{"damage":9,"enemies":"RingOfDestiny:Rita","floor":52,"turns":1}],"seed_played":"7515174408263178773","potions_obtained":[{"floor":1.0,"key":"Ancient Potion"},{"floor":5.0,"key":"Milkshake"},{"floor":6.0,"key":"Languid Potion"},{"floor":14.0,"key":"Block Potion"},{"floor":22.0,"key":"DistilledChaos"},{"floor":35.0,"key":"testmod-TestPotion"},{"floor":37.0,"key":"Adrenaline Potion"}],"is_trial":false,"path_per_floor":["M","?","M","?","M","E","M","E","T","$","R","?","R","M","R","B",null,"M","M","?","?","M","AVR","?","T","T","T","?","?","?","?","?","T","B","B",null,"?","T","?","?","?","E","?","?","T","E","B",null,"T","T","E","B",null],"character_chosen":"MagicBullet","items_purchased":["DemoMod:GnawedKey","RingOfDestiny:Nightmare","RingOfDestiny:Residual"],"campfire_rested":0,"item_purchase_floors":[10,10,25],"current_hp_per_floor":[98,98,98,98,98,95,87,78,78,78,78,87,87,87,87,71,98,81,64,64,64,54,54,54,54,98,98,89,80,71,60,51,51,42,33,98,89,89,80,71,71,69,60,82,82,73,74,91,91,91,90,91],"gold":97,"neow_bonus":"REMOVE_CARD","is_daily":false,"chose_seed":false,"campfire_upgraded":4,"win_rate":0.0,"timestamp":1610701963,"path_taken":["M","?","M","?","?","E","M","E","T","$","R","?","R","M","R","BOSS","M","M","?","?","M","AVR","?","T","T","T","?","?","?","?","?","T","BOSS","BOSS","?","T","?","?","?","E","?","?","T","E","BOSS","T","T","E","BOSS"],"items_purchased_type":["Relic","Card","Card"],"build_version":"2020-12-22","purchased_purges":5,"victory":true,"max_hp_per_floor":[98,98,98,98,98,98,98,98,98,98,98,98,98,98,98,98,98,98,98,98,98,98,98,98,98,98,98,98,98,98,98,98,98,98,98,98,98,98,98,98,91,91,91,91,91,91,91,91,91,91,91,91],"relic_stats":{"counters":[28,126],"War Paint":["RingOfDestiny:EtchReflection","Replay:Bag of Tricks"],"obtain_stats":[{"dwlrmod:ProjectRecorder":5,"AT_ATBox":0,"ScarletDevilRocket":46,"RingOfDestiny:Flintlock":0,"Painkiller Herb":23,"DemoMod:GlassGuonStoneRelic":1,"testmod-BloodSacrificeSpiritualization":17,"Replay:Rubber Ducky":21,"RedLine:ReiMu":36,"DemoMod:GnawedKey":10,"Red Mask":20,"testmod-TestBox":0,"Ring of Hypnosis":2,"Quantum Egg":8,"DemoMod:PartiallyEatenCheese":36,"DemoMod:RatBoots":36,"aspiration:SecretTechniqueScroll":36,"War Paint":9,"Replay:Arrowhead":51,"Gensokyo:EmptyGrave":41,"infinitespire:Broken Mirror":23,"DemoMod:DecoyRelic":6,"testmod-Hope":42,"Ring of Fury":2,"DemoMod:ResourcefulSack":36,"REME_ComplimentaryCards":0},{"dwlrmod:ProjectRecorder":3,"AT_ATBox":0,"ScarletDevilRocket":25,"RingOfDestiny:Flintlock":0,"Painkiller Herb":11,"DemoMod:GlassGuonStoneRelic":1,"testmod-BloodSacrificeSpiritualization":8,"Replay:Rubber Ducky":10,"RedLine:ReiMu":18,"DemoMod:GnawedKey":6,"Red Mask":10,"testmod-TestBox":0,"Ring of Hypnosis":1,"Quantum Egg":6,"DemoMod:PartiallyEatenCheese":18,"DemoMod:RatBoots":18,"aspiration:SecretTechniqueScroll":18,"War Paint":6,"Replay:Arrowhead":27,"Gensokyo:EmptyGrave":21,"infinitespire:Broken Mirror":11,"DemoMod:DecoyRelic":4,"testmod-Hope":22,"Ring of Fury":1,"DemoMod:ResourcefulSack":18,"REME_ComplimentaryCards":0},{"dwlrmod:ProjectRecorder":11,"AT_ATBox":0,"ScarletDevilRocket":117,"RingOfDestiny:Flintlock":0,"Painkiller Herb":62,"DemoMod:GlassGuonStoneRelic":5,"testmod-BloodSacrificeSpiritualization":41,"Replay:Rubber Ducky":51,"RedLine:ReiMu":93,"DemoMod:GnawedKey":29,"Red Mask":51,"testmod-TestBox":0,"Ring of Hypnosis":5,"Quantum Egg":29,"DemoMod:PartiallyEatenCheese":93,"DemoMod:RatBoots":93,"aspiration:SecretTechniqueScroll":93,"War Paint":29,"Replay:Arrowhead":125,"Gensokyo:EmptyGrave":100,"infinitespire:Broken Mirror":62,"DemoMod:DecoyRelic":17,"testmod-Hope":108,"Ring of Fury":5,"DemoMod:ResourcefulSack":93,"REME_ComplimentaryCards":0}]},"card_choices":[{"not_picked":["RingOfDestiny:BlackLight","RingOfDestiny:InitialBullet"],"picked":"RingOfDestiny:Enchantment","floor":1.0},{"not_picked":["RingOfDestiny:DeathTrack","RingOfDestiny:OathOfBlood"],"picked":"RingOfDestiny:DanceOfDeath","floor":3.0},{"not_picked":["RingOfDestiny:GrowBullet","RingOfDestiny:EtchPhantom"],"picked":"RingOfDestiny:Crimson","floor":5.0},{"not_picked":["RingOfDestiny:Nightmare","RingOfDestiny:SleepingBullet"],"picked":"RingOfDestiny:MoonCurtain","floor":6.0},{"not_picked":["RingOfDestiny:SleepingBullet","RingOfDestiny:DoomsdayMark"],"picked":"RingOfDestiny:EtchReflection","floor":7.0},{"not_picked":["dwlrmod:ChillingDream","dwlrmod:Hym"],"picked":"dwlrmod:CascadingDisaster","floor":7.0},{"not_picked":["RingOfDestiny:Crimson","RingOfDestiny:Flash","RingOfDestiny:BreakBullet"],"picked":"SKIP","floor":8.0},{"not_picked":["dwlrmod:CroneWhispess","dwlrmod:Kazakus"],"picked":"dwlrmod:Chameleos","floor":14.0},{"not_picked":["RingOfDestiny:DanceOfDeath","RingOfDestiny:QuickDraw","RingOfDestiny:DeathTrack"],"picked":"SKIP","floor":14.0},{"not_picked":["RingOfDestiny:VolleyBullet","RingOfDestiny:Demise"],"picked":"RingOfDestiny:LoomingDeath","floor":16.0},{"not_picked":["RingOfDestiny:BulletZero","RingOfDestiny:OriginBullet+1"],"picked":"RingOfDestiny:Determination","floor":18.0},{"not_picked":["RingOfDestiny:AmmoRain","RingOfDestiny:DanceOfDeath+1","RingOfDestiny:OathOfBlood"],"picked":"SKIP","floor":19.0},{"not_picked":["dwlrmod:LunarEclipse","dwlrmod:CroneBrewess","dwlrmod:BigBadVoodoo"],"picked":"dwlrmod:Awakening","floor":22.0},{"not_picked":["RingOfDestiny:OriginBullet+1","RingOfDestiny:TrackingBullet+1","RingOfDestiny:DevilKiss"],"picked":"SKIP","floor":22.0},{"not_picked":["RingOfDestiny:OriginBullet+1","RingOfDestiny:TrackingBullet+1","RingOfDestiny:DevilKiss"],"picked":"SKIP","floor":22.0},{"not_picked":["RingOfDestiny:QuickDraw","RingOfDestiny:Potential+1"],"picked":"RingOfDestiny:RapidFire","floor":28.0},{"not_picked":["RingOfDestiny:TestBullet","RingOfDestiny:EtchPhantom"],"picked":"RingOfDestiny:EtchSpirit+1","floor":29.0},{"not_picked":["RingOfDestiny:DarkShield+1","RingOfDestiny:DeathLeakage+1"],"picked":"RingOfDestiny:TimingBreath","floor":30.0},{"not_picked":["RingOfDestiny:PhantasmalAssailants","RingOfDestiny:Underhand"],"picked":"RingOfDestiny:BlackFuneral","floor":31.0},{"not_picked":["RingOfDestiny:DoomsdayMark","RingOfDestiny:EtchReflection","RingOfDestiny:PhantasmalAssailants"],"picked":"SKIP","floor":32.0},{"not_picked":["RingOfDestiny:RestraintRing+1","RingOfDestiny:EtchPhantom","RingOfDestiny:Prelude+1"],"picked":"SKIP","floor":37.0},{"not_picked":["RingOfDestiny:Reload","RingOfDestiny:DeathTrack","RingOfDestiny:BlastBullet+1"],"picked":"SKIP","floor":39.0},{"not_picked":["RingOfDestiny:Elegance","RingOfDestiny:Underhand+1","RingOfDestiny:BulletZero"],"picked":"SKIP","floor":40.0},{"not_picked":["RingOfDestiny:Prelude","RingOfDestiny:BlackLight+1","RingOfDestiny:RapidFire"],"picked":"SKIP","floor":42.0},{"not_picked":["RingOfDestiny:DoomsdayMark+1","RingOfDestiny:RapidFire","RingOfDestiny:DeathTrack"],"picked":"SKIP","floor":43.0},{"not_picked":["RingOfDestiny:Determination+1","RingOfDestiny:Prelude+1","RingOfDestiny:TestBullet"],"picked":"SKIP","floor":44.0},{"not_picked":["RingOfDestiny:DanceOfDeath+1","RingOfDestiny:Underhand"],"picked":"RingOfDestiny:Apoptosis+1","floor":46.0},{"not_picked":["RingOfDestiny:BlackLight","RingOfDestiny:GrowBullet","RingOfDestiny:BlastBullet+1"],"picked":"SKIP","floor":51.0}],"player_experience":329227,"relics_obtained":[{"floor":2.0,"key":"Ring of Fury"},{"floor":2.0,"key":"Ring of Hypnosis"},{"floor":5.0,"key":"dwlrmod:ProjectRecorder"},{"floor":6.0,"key":"DemoMod:DecoyRelic"},{"floor":8.0,"key":"Quantum Egg"},{"floor":9.0,"key":"War Paint"},{"floor":36.0,"key":"DemoMod:RatBoots"},{"floor":36.0,"key":"DemoMod:ResourcefulSack"},{"floor":36.0,"key":"DemoMod:PartiallyEatenCheese"},{"floor":36.0,"key":"RedLine:ReiMu"},{"floor":36.0,"key":"aspiration:SecretTechniqueScroll"},{"floor":42.0,"key":"testmod-Hope"},{"floor":46.0,"key":"ScarletDevilRocket"},{"floor":51.0,"key":"Replay:Arrowhead"}],"event_choices":[],"is_beta":false,"boss_relics":[{"not_picked":["Kintsugi","vexMod:MegatonBomb"],"picked":"testmod-BloodSacrificeSpiritualization"},{"not_picked":[]}],"items_purged_floors":[10,23,25,38,50],"is_endless":false,"potions_floor_spawned":[1,5,6,14,19,22,28,29,35,37,42,43],"ascension_level":0}}