{"host":"xm0tf1maiknh0fp9","time":1610685765,"event":{"mods":["BaseMod","Colored Map","Colored Powertips","Googly Eyes","Minty Spire (QoL Compilation)","Replay The Spire","StSLib"],"gold_per_floor":[119,47,66,66,81,81,81,81,81,81,100,134,152,152,152],"floor_reached":14,"language":"ENG","playtime":380,"items_purged":[],"score":104,"play_id":"b0de1fd1-4184-4864-8ae6-d49c5d7b0be2","local_time":"20210114234245","is_ascension_mode":true,"campfire_choices":[{"data":"Calculated Gamble","floor":6.0,"key":"SMITH"},{"data":"Concentrate","floor":8,"key":"SMITH"},{"data":"Neutralize","floor":10,"key":"SMITH"}],"circlet_count":0,"master_deck":["Strike_G","Strike_G","Strike_G","Strike_G","Defend_G","Defend_G","Defend_G","Defend_G","Defend_G","Survivor","Neutralize+1","Concentrate+1","Calculated Gamble+1","Tactician","Hidden Blade","Dagger Throw"],"relics":["Ring of the Snake","NeowsBlessing","Happy Flower","Anchor"],"acts_visited":["Exordium"],"potions_floor_usage":[11,14],"damage_taken":[{"damage":0.0,"enemies":"2 Louse","floor":1.0,"turns":1.0},{"damage":0.0,"enemies":"Cultist","floor":3.0,"turns":1.0},{"damage":0.0,"enemies":"Jaw Worm","floor":5.0,"turns":1.0},{"damage":10,"enemies":"Gremlin Gang","floor":11,"turns":8},{"damage":42,"enemies":"Replay:BlueRogue","floor":12,"turns":10},{"damage":0,"enemies":"Red Slaver","floor":13,"turns":4},{"damage":25,"enemies":"3 Sentries","floor":14,"turns":8}],"seed_played":"8888247780974853725","potions_obtained":[{"floor":5.0,"key":"Poison Potion"},{"floor":12,"key":"SneckoOil"}],"is_trial":false,"path_per_floor":["M","$","M","?","M","R","?","R","T","R","M","E","M","E"],"character_chosen":"THE_SILENT","items_purchased":["Concentrate"],"campfire_rested":0,"item_purchase_floors":[2],"current_hp_per_floor":[70,70,70,70,70,70,70,70,70,70,60,18,18,0,0],"gold":152,"neow_bonus":"THREE_ENEMY_KILL","is_daily":false,"chose_seed":false,"campfire_upgraded":3,"win_rate":0.0,"timestamp":1610685765,"path_taken":["M","$","M","?","?","R","?","R","T","R","?","E","M","E"],"items_purchased_type":["Card"],"build_version":"2020-12-22","purchased_purges":0,"victory":false,"max_hp_per_floor":[70,70,70,70,70,70,70,70,70,70,70,70,70,70,70],"card_choices":[{"not_picked":["Poisoned Stab","Outmaneuver","Quick Slash"],"picked":"SKIP","floor":1.0},{"not_picked":["PiercingWail","Prepared","Bane"],"picked":"SKIP","floor":3.0},{"not_picked":["Blur","Blade Dance"],"picked":"Calculated Gamble","floor":5.0},{"not_picked":["A Thousand Cuts","ReplayTheSpireMod:Shiv Toss"],"picked":"Tactician","floor":11},{"not_picked":["Deflect","Cloak And Dagger"],"picked":"Hidden Blade","floor":12},{"not_picked":["PiercingWail","Blade Dance"],"picked":"Dagger Throw","floor":13}],"player_experience":119635,"relics_obtained":[{"floor":9,"key":"Happy Flower"},{"floor":12,"key":"Anchor"}],"event_choices":[{"damage_healed":0.0,"max_hp_gain":0.0,"max_hp_loss":0.0,"gold_gain":0.0,"event_name":"Wheel of Change","player_choice":"Full Heal","floor":4.0,"gold_loss":0.0,"damage_taken":0.0},{"cards_removed":["Strike_G"],"damage_healed":0,"gold_gain":0,"player_choice":"Purged","damage_taken":0,"max_hp_gain":0,"max_hp_loss":0,"event_name":"Purifier","floor":7,"gold_loss":0}],"is_beta":false,"boss_relics":[],"items_purged_floors":[],"is_endless":false,"potions_floor_spawned":[5,12],"killed_by":"3 Sentries","ascension_level":3}}