{"host":"kjehzzhcyp0nyrrl","time":1610695718,"event":{"mods":["AchievementEnabler","BaseMod","Custom Start","Hermit","Keyboard Shortcuts","Koishi","Minty Spire (QoL Compilation)","StSLib","SuperFastMode","The Dragon Tamer","The Hierophant","everything is the same but u backflip on backflip"],"gold_per_floor":[111,127,12,29,204,204,214,227,227,227,227,238,252,252,252,351,351,364,289,189,205,218,218,218],"floor_reached":23,"language":"KOR","playtime":529,"items_purged":["Defend_R","Corruption"],"score":250,"play_id":"2b475d1b-fd26-4306-b252-89bc718906ab","local_time":"20210115162838","is_ascension_mode":true,"campfire_choices":[{"data":"Fire Breathing","floor":6,"key":"SMITH"},{"data":"Pommel Strike","floor":10,"key":"SMITH"},{"data":"Wild Strike","floor":15,"key":"SMITH"}],"circlet_count":0,"master_deck":["Strike_R","Strike_R","Strike_R","Defend_R","Defend_R","Defend_R","Bash","Dark Embrace","Wild Strike+1","Fire Breathing+1","Pommel Strike+1","Doubt","Feel No Pain","Second Wind+1","Burning Pact+1","Body Slam"],"relics":["Burning Blood","Matryoshka","WarpedTongs","Bag of Marbles","Sozu"],"acts_visited":["Exordium","TheCity"],"potions_floor_usage":[12,16],"damage_taken":[{"damage":15,"enemies":"Small Slimes","floor":1,"turns":5},{"damage":15,"enemies":"Cultist","floor":2,"turns":5},{"damage":11,"enemies":"2 Louse","floor":4,"turns":4},{"damage":2,"enemies":"2 Fungi Beasts","floor":7,"turns":3},{"damage":19,"enemies":"Blue Slaver","floor":8,"turns":4},{"damage":5,"enemies":"Gremlin Gang","floor":12,"turns":2},{"damage":2,"enemies":"Large Slime","floor":13,"turns":4},{"damage":49,"enemies":"Hexaghost","floor":16,"turns":8},{"damage":20,"enemies":"3 Byrds","floor":18,"turns":4},{"damage":19,"enemies":"2 Thieves","floor":21,"turns":4},{"damage":10,"enemies":"Snake Plant","floor":22,"turns":4},{"damage":33,"enemies":"Slavers","floor":23,"turns":2}],"seed_played":"3104842777896056182","potions_obtained":[{"floor":2,"key":"Energy Potion"},{"floor":7,"key":"SteroidPotion"},{"floor":8,"key":"Dexterity Potion"},{"floor":13,"key":"Regen Potion"}],"is_trial":false,"path_per_floor":["M","M","$","M","?","R","M","M","T","R","?","M","M","?","R","B",null,"M","?","$","M","M","E"],"character_chosen":"IRONCLAD","items_purchased":["Fire Breathing"],"campfire_rested":0,"item_purchase_floors":[3],"current_hp_per_floor":[63,54,54,49,49,49,53,40,40,40,40,41,45,42,42,14,58,44,44,44,31,27,0,0],"gold":218,"neow_bonus":"REMOVE_TWO","is_daily":false,"chose_seed":false,"campfire_upgraded":3,"win_rate":0.0,"timestamp":1610695718,"path_taken":["M","M","$","M","?","R","M","M","T","R","?","M","?","?","R","BOSS","M","?","$","M","M","E"],"items_purchased_type":["Card"],"build_version":"2020-12-22","purchased_purges":2,"victory":false,"max_hp_per_floor":[72,72,72,72,72,72,72,72,72,72,72,72,72,72,72,72,72,72,72,72,72,72,72,72],"card_choices":[{"not_picked":["Twin Strike","Clothesline"],"picked":"Dark Embrace","floor":1},{"not_picked":["Sword Boomerang","Thunderclap"],"picked":"Wild Strike","floor":2},{"not_picked":["Rupture","Anger"],"picked":"Pommel Strike","floor":4},{"not_picked":["Limit Break","Heavy Blade"],"picked":"Feel No Pain","floor":7},{"not_picked":["Flex","Pommel Strike","Iron Wave"],"picked":"SKIP","floor":8},{"not_picked":["Headbutt","Cleave","Sword Boomerang"],"picked":"SKIP","floor":12},{"not_picked":["Headbutt","Cleave","Sword Boomerang"],"picked":"SKIP","floor":12},{"not_picked":["Bloodletting","Whirlwind","Rupture"],"picked":"SKIP","floor":13},{"not_picked":["Impervious","Exhume"],"picked":"Corruption","floor":16},{"not_picked":["Headbutt+1","Body Slam+1"],"picked":"Second Wind+1","floor":18},{"not_picked":["Cleave+1","Bloodletting"],"picked":"Burning Pact+1","floor":21},{"not_picked":["Wild Strike+1","Carnage+1"],"picked":"Body Slam","floor":22}],"player_experience":395765,"relics_obtained":[{"floor":9,"key":"Matryoshka"}],"event_choices":[{"damage_healed":0,"gold_gain":175,"player_choice":"AGREE","damage_taken":0,"max_hp_gain":0,"max_hp_loss":0,"event_name":"Liars Game","floor":5,"gold_loss":0,"cards_obtained":["Doubt"]},{"damage_healed":0,"gold_gain":0,"player_choice":"Rummage","damage_taken":0,"relics_obtained":["WarpedTongs"],"max_hp_gain":0,"max_hp_loss":0,"event_name":"Accursed Blacksmith","floor":11,"gold_loss":0,"cards_obtained":["Pain"]},{"damage_healed":0,"gold_gain":0,"player_choice":"Success","damage_taken":3,"relics_obtained":["Bag of Marbles"],"max_hp_gain":0,"max_hp_loss":0,"event_name":"Scrap Ooze","floor":14,"gold_loss":0},{"cards_removed":["Pain"],"damage_healed":0,"gold_gain":0,"player_choice":"Gave Gold","damage_taken":0,"max_hp_gain":0,"max_hp_loss":0,"event_name":"Beggar","floor":19,"gold_loss":75}],"is_beta":false,"boss_relics":[{"not_picked":["Tiny House","Black Star"],"picked":"Sozu"}],"items_purged_floors":[3,20],"is_endless":false,"potions_floor_spawned":[2,7,8,13,18,21],"killed_by":"Slavers","ascension_level":7}}