{"host":"vyjryxuuuxkt43k4","time":1610729028,"event":{"mods":["AchievementEnabler","BaseMod","Colored Map","DeckTracker","Minty Spire (QoL Compilation)","Permanent Neow","Quick Restart","StSLib","SuperFastMode","everything is the same but u backflip on backflip"],"gold_per_floor":[113,125,142,21,21,21,32,58,58,88,98,113,74,24,24,121,121,138,152,165,165,165],"floor_reached":21,"language":"KOR","playtime":962,"items_purged":["Strike_B"],"score":212,"play_id":"27d1fda9-8b57-403b-a831-ebeaff75bdb8","local_time":"20210116014348","is_ascension_mode":true,"campfire_choices":[{"data":"Zap","floor":6,"key":"SMITH"},{"data":"Chill","floor":15,"key":"SMITH"}],"circlet_count":0,"master_deck":["Strike_B","Strike_B","Defend_B","Defend_B","Zap+1","Dualcast","Coolheaded","Rebound","Steam","Go for the Eyes","Sweeping Beam","Streamline","Conserve Battery","Chill+1","Seek","Self Repair"],"relics":["Cracked Core","Pantograph","FossilizedHelix","Incense Burner","Inserter"],"acts_visited":["Exordium","TheCity"],"potions_floor_usage":[8,16,20,21],"damage_taken":[{"damage":2,"enemies":"Jaw Worm","floor":1,"turns":4},{"damage":1,"enemies":"Cultist","floor":2,"turns":3},{"damage":5,"enemies":"Small Slimes","floor":3,"turns":3},{"damage":4,"enemies":"Blue Slaver","floor":7,"turns":3},{"damage":15,"enemies":"3 Sentries","floor":8,"turns":9},{"damage":12,"enemies":"Lagavulin","floor":10,"turns":8},{"damage":0,"enemies":"3 Louse","floor":11,"turns":3},{"damage":0,"enemies":"Large Slime","floor":12,"turns":5},{"damage":21,"enemies":"Hexaghost","floor":16,"turns":12},{"damage":18,"enemies":"2 Thieves","floor":18,"turns":4},{"damage":7,"enemies":"Shell Parasite","floor":19,"turns":5},{"damage":15,"enemies":"3 Cultists","floor":20,"turns":7},{"damage":47,"enemies":"Masked Bandits","floor":21,"turns":3}],"seed_played":"-6310246197598650871","potions_obtained":[{"floor":2,"key":"EssenceOfSteel"},{"floor":8,"key":"Explosive Potion"},{"floor":10,"key":"EssenceOfSteel"},{"floor":20,"key":"SkillPotion"}],"is_trial":false,"path_per_floor":["M","M","M","$","?","R","M","E","T","E","M","M","$","?","R","B",null,"M","M","M","?"],"character_chosen":"DEFECT","items_purchased":["Sweeping Beam","Chill"],"campfire_rested":0,"item_purchase_floors":[4,13],"current_hp_per_floor":[66,65,60,60,68,68,64,49,49,37,37,37,37,37,37,41,68,50,50,42,0,0],"gold":165,"neow_bonus":"TRANSFORM_TWO_CARDS","is_daily":false,"chose_seed":false,"campfire_upgraded":2,"win_rate":0.0,"timestamp":1610729028,"path_taken":["M","M","M","$","?","R","M","E","T","E","?","M","$","?","R","BOSS","M","M","M","?"],"items_purchased_type":["Card","Card"],"build_version":"2020-12-22","purchased_purges":1,"victory":false,"max_hp_per_floor":[68,68,68,68,68,68,68,68,68,68,68,68,68,68,68,68,68,68,68,68,68,68],"card_choices":[{"not_picked":["Beam Cell","Steam"],"picked":"Rebound","floor":1},{"not_picked":["Rebound","Darkness"],"picked":"Steam","floor":2},{"not_picked":["Compile Driver","Melter"],"picked":"Go for the Eyes","floor":3},{"not_picked":["Turbo","Leap"],"picked":"Streamline","floor":7},{"not_picked":["Seek","Skim"],"picked":"Conserve Battery","floor":8},{"not_picked":["Fission","Darkness","Go for the Eyes"],"picked":"SKIP","floor":10},{"not_picked":["Streamline","Gash","Steam Power"],"picked":"SKIP","floor":11},{"not_picked":["Redo","Auto Shields","Streamline"],"picked":"SKIP","floor":12},{"not_picked":["Multi-Cast","Fission"],"picked":"Seek","floor":16},{"not_picked":["Conserve Battery","Turbo"],"picked":"Self Repair","floor":18},{"not_picked":["Loop","Leap","Cold Snap"],"picked":"SKIP","floor":19},{"not_picked":["Leap","Reinforced Body","Recycle+1"],"picked":"SKIP","floor":20}],"player_experience":341841,"relics_obtained":[{"floor":8,"key":"Pantograph"},{"floor":9,"key":"FossilizedHelix"},{"floor":10,"key":"Incense Burner"}],"event_choices":[{"cards_removed":["White Noise"],"damage_healed":8,"gold_gain":0,"player_choice":"Offered Uncommon","damage_taken":0,"max_hp_gain":0,"max_hp_loss":0,"event_name":"Bonfire Elementals","floor":5,"gold_loss":0},{"cards_removed":["Defend_B"],"damage_healed":0,"gold_gain":0,"player_choice":"Card Removal","damage_taken":0,"max_hp_gain":0,"max_hp_loss":0,"event_name":"The Cleric","floor":14,"gold_loss":50},{"damage_healed":0,"gold_gain":0,"player_choice":"Fought Bandits","damage_taken":0,"max_hp_gain":0,"max_hp_loss":0,"event_name":"Masked Bandits","floor":21,"gold_loss":0}],"is_beta":false,"boss_relics":[{"not_picked":["FrozenCore","Ectoplasm"],"picked":"Inserter"}],"items_purged_floors":[4],"is_endless":false,"potions_floor_spawned":[2,8,10,20],"killed_by":"Masked Bandits","ascension_level":2}}