{"host":"y193d0agu1dp5x1y","time":1610734792,"event":{"mods":["AchievementEnabler","BaseMod","Googly Eyes","Minty Spire (QoL Compilation)"],"gold_per_floor":[115,132,132,144,157,157,177,177,200,200,24,24,36,50,50,151,151,168,182,107,121,121,121],"floor_reached":22,"language":"ENG","playtime":1060,"items_purged":["Strike_B"],"score":180,"play_id":"0b51aa78-25b7-433e-abd7-3b2f639fcd86","local_time":"20210115121952","is_ascension_mode":false,"campfire_choices":[{"data":"Zap","floor":6.0,"key":"SMITH"},{"data":"Redo","floor":8.0,"key":"SMITH"},{"data":"Go for the Eyes","floor":10.0,"key":"SMITH"},{"data":"Steam","floor":12.0,"key":"SMITH"},{"floor":15.0,"key":"REST"}],"circlet_count":0,"master_deck":["Strike_B","Strike_B","Strike_B","Defend_B","Defend_B","Defend_B","Defend_B","Zap+1","Dualcast","Go for the Eyes","Redo+1","Go for the Eyes+1","Zap+1","Steam+1","Buffer","Beam Cell","Conserve Battery"],"relics":["Nuclear Battery","DataDisk","DollysMirror","Runic Pyramid"],"acts_visited":["Exordium","TheCity"],"potions_floor_usage":[],"damage_taken":[{"damage":1.0,"enemies":"Cultist","floor":1.0,"turns":3.0},{"damage":0.0,"enemies":"2 Louse","floor":2.0,"turns":2.0},{"damage":0.0,"enemies":"Small Slimes","floor":4.0,"turns":4.0},{"damage":4.0,"enemies":"Red Slaver","floor":5.0,"turns":4.0},{"damage":4.0,"enemies":"2 Fungi Beasts","floor":7.0,"turns":4.0},{"damage":4.0,"enemies":"Large Slime","floor":13.0,"turns":6.0},{"damage":12.0,"enemies":"Lots of Slimes","floor":14.0,"turns":4.0},{"damage":31.0,"enemies":"The Guardian","floor":16.0,"turns":12.0},{"damage":20,"enemies":"Chosen","floor":18,"turns":6},{"damage":14,"enemies":"Spheric Guardian","floor":19,"turns":5},{"damage":30,"enemies":"Snake Plant","floor":21,"turns":6},{"damage":0,"enemies":"3 Cultists","floor":22,"turns":1}],"seed_played":"161295532217454211","potions_obtained":[{"floor":1.0,"key":"DuplicationPotion"},{"floor":3.0,"key":"Weak Potion"},{"floor":3.0,"key":"Ancient Potion"},{"floor":3.0,"key":"Dexterity Potion"},{"floor":5.0,"key":"ColorlessPotion"},{"floor":16.0,"key":"PowerPotion"},{"floor":18,"key":"AttackPotion"}],"is_trial":false,"path_per_floor":["M","M","?","M","M","R","M","R","T","R","$","R","M","M","R","B",null,"M","M","$","M","M"],"character_chosen":"DEFECT","items_purchased":["DollysMirror","Steam"],"campfire_rested":1,"item_purchase_floors":[11,11],"current_hp_per_floor":[74,74,74,74,70,70,66,66,66,66,66,66,62,50,72,41,75,55,41,41,11,11,11],"gold":121,"neow_bonus":"BOSS_RELIC","is_daily":false,"chose_seed":false,"campfire_upgraded":4,"win_rate":0.0,"timestamp":1610734792,"path_taken":["M","?","?","M","M","R","M","R","T","R","?","R","M","M","R","BOSS","M","M","$","?","M"],"items_purchased_type":["Relic","Card"],"build_version":"2020-12-22","purchased_purges":1,"victory":false,"max_hp_per_floor":[75,75,75,75,75,75,75,75,75,75,75,75,75,75,75,75,75,75,75,75,75,75,75],"card_choices":[{"not_picked":["Blizzard","Sweeping Beam","Aggregate"],"picked":"SKIP","floor":1.0},{"not_picked":["Sweeping Beam","Turbo"],"picked":"Go for the Eyes","floor":2.0},{"not_picked":["Reprogram","Skim","Coolheaded"],"picked":"SKIP","floor":4.0},{"not_picked":["Consume","Turbo"],"picked":"Redo","floor":5.0},{"not_picked":["Hologram","Coolheaded"],"picked":"Go for the Eyes","floor":7.0},{"not_picked":["Darkness","Hologram","Leap"],"picked":"SKIP","floor":13.0},{"not_picked":["Barrage","Streamline","Echo Form"],"picked":"SKIP","floor":14.0},{"not_picked":["Amplify","Hyperbeam"],"picked":"Buffer","floor":16.0},{"not_picked":["Coolheaded+1","Skim","Turbo"],"picked":"SKIP","floor":18},{"not_picked":["Sweeping Beam","Cold Snap"],"picked":"Beam Cell","floor":19},{"not_picked":["Sunder+1","Beam Cell"],"picked":"Conserve Battery","floor":21}],"player_experience":95453,"relics_obtained":[{"floor":9.0,"key":"DataDisk"}],"event_choices":[{"damage_healed":0.0,"max_hp_gain":0.0,"max_hp_loss":0.0,"gold_gain":0.0,"event_name":"Lab","player_choice":"Got Potions","floor":3.0,"gold_loss":0.0,"damage_taken":0.0}],"is_beta":false,"boss_relics":[{"not_picked":["Inserter","Cursed Key"],"picked":"Runic Pyramid"}],"items_purged_floors":[20],"is_endless":false,"potions_floor_spawned":[1,5,16,18,19],"killed_by":"3 Cultists","ascension_level":0}}