{"host":"ss2ocoam53r2lno0","time":1610706856,"event":{"mods":["Act Like it!","BaseMod","ChefMod","Clockwork Mod","Colored Powertips","Curses Come First","Displayed Cursed Tome","Downfall","Evolution","Googly Eyes","Hallownest","Highlight Path","Minty Spire (QoL Compilation)","Poor People Problems","Rare Cards Sparkle","Robot Space Explorer","Shade Mod","Shop Mod","Spicy Shops","StSLib","The Marked"],"gold_per_floor":[116,116,116,127,127,127,52,70,70,70,80,93,113,113,113,214,214,231,246,246,262,281,281,299,299,324,324,335,335,335,348,348,449,449,463,463,480,495,192,192,212,37,63,76,94,128,128,128,128,128],"floor_reached":51,"language":"ENG","playtime":5888,"items_purged":["Clockwork:Strike","Clockwork:AeonShield","Clockwork:PerfectForm"],"score":904,"play_id":"f7a6c7c0-a6f6-43b8-badb-8192cbfc7bc0","local_time":"20210115113416","is_ascension_mode":true,"campfire_choices":[{"data":"Clockwork:ReactiveNanites","floor":6.0,"key":"SMITH"},{"floor":15.0,"key":"REST"},{"data":"Clockwork:CraftCopperScales","floor":23,"key":"SMITH"},{"data":"Clockwork:CraftMomentumEngine","floor":25,"key":"SMITH"},{"floor":30,"key":"DIG"},{"floor":32,"key":"REST"},{"floor":40,"key":"DIG"},{"data":"Clockwork:ChargingShield","floor":47,"key":"SMITH"},{"floor":49,"key":"DIG"}],"circlet_count":0,"master_deck":["Clockwork:Tinker+1","Clockwork:WarmUp","Clockwork:ReactiveNanites+1","Clockwork:ChargingShield+1","Clockwork:ChargingBlade","Clockwork:Selectivity","Clockwork:AssemblyLine","Clockwork:ChargingShield+1"],"relics":["Clockwork:MomentumEngine","EVO:Axolotl","Shovel","Kunai","sneckomod:SneckoTalon","Clockwork:CopperScales","Omamori","Nunchaku","Busted Crown","MealTicket","Happy Flower","Juzu Bracelet","Sundial","Akabeko"],"acts_visited":["Exordium","TheCity","TheBeyond"],"potions_floor_usage":[33,33],"damage_taken":[{"damage":3.0,"enemies":"Small Slimes","floor":1.0,"turns":8.0},{"damage":1.0,"enemies":"Jaw Worm","floor":4.0,"turns":7.0},{"damage":2.0,"enemies":"Cultist","floor":8.0,"turns":8.0},{"damage":11.0,"enemies":"Large Slime","floor":11.0,"turns":11.0},{"damage":0.0,"enemies":"Red Slaver","floor":12.0,"turns":7.0},{"damage":25.0,"enemies":"Gremlin Gang","floor":13.0,"turns":8.0},{"damage":30.0,"enemies":"Slime Boss","floor":16.0,"turns":15.0},{"damage":12.0,"enemies":"Chosen","floor":18.0,"turns":9.0},{"damage":3,"enemies":"3 Byrds","floor":19,"turns":6},{"damage":14,"enemies":"Shelled Parasite and Fungi","floor":21,"turns":9},{"damage":6,"enemies":"Centurion and Healer","floor":22,"turns":8},{"damage":0,"enemies":"Snake Plant","floor":24,"turns":5},{"damage":25,"enemies":"Snecko","floor":28,"turns":9},{"damage":0,"enemies":"Cultist and Chosen","floor":31,"turns":9},{"damage":2,"enemies":"Automaton","floor":33,"turns":10},{"damage":4,"enemies":"Orb Walker","floor":35,"turns":7},{"damage":10,"enemies":"3 Darklings","floor":37,"turns":6},{"damage":7,"enemies":"Sphere and 2 Shapes","floor":38,"turns":7},{"damage":0,"enemies":"Maw","floor":41,"turns":10},{"damage":2,"enemies":"Writhing Mass","floor":44,"turns":9},{"damage":0,"enemies":"3 Darklings","floor":45,"turns":5},{"damage":0,"enemies":"Reptomancer","floor":46,"turns":9},{"damage":0,"enemies":"Donu and Deca","floor":50,"turns":12}],"seed_played":"-7965261198657153672","potions_obtained":[{"floor":1.0,"key":"GamblersBrew"},{"floor":8.0,"key":"BlessingOfTheForge"},{"floor":12.0,"key":"PowerPotion"},{"floor":16.0,"key":"ColorlessPotion"},{"floor":24,"key":"Explosive Potion"},{"floor":38,"key":"sneckomod:MuddlingPotion"},{"floor":44,"key":"Swift Potion"},{"floor":46,"key":"champ:CounterPotion"}],"is_trial":false,"path_per_floor":["M","?","?","M","?","R","$","M","T","$","M","M","M","?","R","B",null,"M","M","?","M","M","R","M","R","T","?","M","?","R","M","R","B",null,"M","?","M","M","$","R","M","$","T","M","M","E","R","$","R","B",null],"character_chosen":"CLOCKWORK","items_purchased":["MealTicket","Clockwork:AssemblyLine","Clockwork:ChargingShield"],"campfire_rested":2,"item_purchase_floors":[39,42,42],"current_hp_per_floor":[82,79,72,71,71,71,71,69,69,69,58,58,33,16,41,11,67,55,52,52,38,32,32,32,32,32,32,7,7,7,7,32,30,71,67,67,57,50,50,50,50,65,65,63,63,63,63,78,78,78],"gold":128,"neow_bonus":"ONE_RANDOM_RARE_CARD","is_daily":false,"chose_seed":false,"campfire_upgraded":4,"win_rate":0.0,"timestamp":1610706856,"path_taken":["M","?","?","M","?","R","$","M","T","$","M","M","M","?","R","BOSS","M","M","?","?","M","R","M","R","T","?","?","?","R","?","R","BOSS","M","?","M","M","$","R","M","?","T","M","M","E","R","?","R","BOSS"],"items_purchased_type":["Relic","Card","Card"],"build_version":"2020-12-22","purchased_purges":3,"victory":true,"max_hp_per_floor":[85,85,85,85,85,85,85,85,85,85,85,85,85,85,85,85,85,85,85,85,85,85,85,85,85,85,85,85,85,85,85,85,85,85,85,85,85,85,85,85,85,85,85,85,85,85,85,85,85,85],"card_choices":[{"not_picked":["Clockwork:QuantumStrike","Clockwork:CraftVarja","Clockwork:ChargingBlade"],"picked":"SKIP","floor":1.0},{"not_picked":["Clockwork:Roundhouse","Clockwork:Selectivity"],"picked":"Clockwork:Downsize","floor":4.0},{"not_picked":["Clockwork:ChargingBlade","Clockwork:Minimalism","Clockwork:Friction"],"picked":"SKIP","floor":8.0},{"not_picked":["Clockwork:PerfectForm","Clockwork:ForgeStrike"],"picked":"Clockwork:ChargingShield","floor":11.0},{"not_picked":["Clockwork:Minimalism","Clockwork:Pluck"],"picked":"Clockwork:ChargingBlade","floor":12.0},{"not_picked":["Clockwork:AdaptiveCannon","Clockwork:SystemScan","Clockwork:Downsize"],"picked":"SKIP","floor":13.0},{"not_picked":["Clockwork:AeonShield","Clockwork:CraftQuicksilverHourglass"],"picked":"Clockwork:CraftMomentumEngine","floor":16.0},{"not_picked":["Clockwork:CogShield","Clockwork:Pluck","Clockwork:MechanicalBulk+1"],"picked":"SKIP","floor":18.0},{"not_picked":["Clockwork:MechanicalMass+1","Clockwork:Friction","Clockwork:CogBarrier"],"picked":"SKIP","floor":19},{"not_picked":["Clockwork:Friction","Clockwork:SearchingStrike","Clockwork:CogToss"],"picked":"SKIP","floor":21},{"not_picked":["Clockwork:Friction+1","Clockwork:ChargingBlade"],"picked":"Clockwork:CraftCopperScales","floor":22},{"not_picked":["Clockwork:Pluck","Clockwork:TimeOut"],"picked":"Clockwork:CraftMomentumEngine","floor":24},{"not_picked":["Clockwork:ElasticNanites","Clockwork:SearingStrike+1","Clockwork:MechanicalMass"],"picked":"SKIP","floor":28},{"not_picked":["Clockwork:CogToss","Clockwork:Selectivity","Clockwork:SearingStrike"],"picked":"SKIP","floor":31},{"not_picked":["Clockwork:Halt","Clockwork:UnlimitedCogworks"],"picked":"Clockwork:PerfectForm","floor":33},{"not_picked":["Clockwork:StasisBreak"],"picked":"SKIP","floor":35},{"not_picked":["Clockwork:Clone"],"picked":"SKIP","floor":37},{"not_picked":["Clockwork:CogBarrier"],"picked":"SKIP","floor":38},{"not_picked":["Clockwork:ForgeStrike"],"picked":"SKIP","floor":41},{"not_picked":["Clockwork:CraftVarja+1"],"picked":"SKIP","floor":44},{"not_picked":["Clockwork:SnapKeep+1"],"picked":"SKIP","floor":45},{"not_picked":["Clockwork:Redundancy"],"picked":"SKIP","floor":46}],"player_experience":713652,"relics_obtained":[{"floor":9.0,"key":"Kunai"},{"floor":26,"key":"Omamori"},{"floor":30,"key":"Nunchaku"},{"floor":40,"key":"Happy Flower"},{"floor":43,"key":"Juzu Bracelet"},{"floor":46,"key":"Sundial"},{"floor":49,"key":"Akabeko"}],"event_choices":[{"damage_healed":0.0,"max_hp_gain":0.0,"max_hp_loss":0.0,"gold_gain":0.0,"event_name":"Scrap Ooze","player_choice":"Success","floor":2.0,"gold_loss":0.0,"damage_taken":3.0,"relics_obtained":["Shovel"]},{"cards_removed":["Clockwork:Shield"],"damage_healed":0.0,"max_hp_gain":0.0,"max_hp_loss":0.0,"gold_gain":0.0,"event_name":"Golden Wing","player_choice":"Card Removal","floor":3.0,"gold_loss":0.0,"damage_taken":7.0},{"cards_removed":["Clockwork:Strike"],"damage_healed":0.0,"max_hp_gain":0.0,"max_hp_loss":0.0,"gold_gain":0.0,"event_name":"Living Wall","player_choice":"Forget","floor":5.0,"gold_loss":0.0,"damage_taken":0.0},{"damage_healed":0.0,"max_hp_gain":0.0,"max_hp_loss":0.0,"gold_gain":0.0,"event_name":"Shining Light","player_choice":"Entered Light","floor":14.0,"gold_loss":0.0,"damage_taken":17.0,"cards_upgraded":["Clockwork:Shield","Clockwork:Tinker"]},{"damage_healed":0,"gold_gain":0,"player_choice":"0 cards matched","damage_taken":0,"max_hp_gain":0,"max_hp_loss":0,"event_name":"Match and Keep!","floor":20,"gold_loss":0,"cards_obtained":[]},{"damage_healed":0,"gold_gain":0,"cards_transformed":["Clockwork:Strike"],"player_choice":"Transformed","damage_taken":0,"max_hp_gain":0,"max_hp_loss":0,"event_name":"Transmorgrifier","floor":27,"gold_loss":0,"cards_obtained":["Clockwork:AeonShield"]},{"damage_healed":0,"gold_gain":0,"player_choice":"Upgraded","damage_taken":0,"max_hp_gain":0,"max_hp_loss":0,"event_name":"Upgrade Shrine","floor":29,"gold_loss":0,"cards_upgraded":["Clockwork:ChargingShield"]},{"damage_healed":0,"gold_gain":0,"cards_transformed":["Clockwork:Shield"],"player_choice":"Transformed","damage_taken":0,"max_hp_gain":0,"max_hp_loss":0,"event_name":"Transmorgrifier","floor":36,"gold_loss":0,"cards_obtained":["Clockwork:Selectivity"]}],"is_beta":false,"boss_relics":[{"not_picked":["Velvet Choker","Astrolabe"],"picked":"sneckomod:SneckoTalon"},{"not_picked":["Clockwork:PerpetualMotionMachine","Tiny House"],"picked":"Busted Crown"}],"items_purged_floors":[7,39,39],"is_endless":false,"potions_floor_spawned":[1,8,12,16,24,28,31,38,44,46],"ascension_level":5}}