{"host":"8kweeulvvasqx820","time":1610689225,"event":{"mods":["Aspiration","BaseMod","Better Altar","Better Match","Better Note","Better Sensory Stone","Better Skull","Better Third Choice","BetterRewards","Colored Map","Conspire","Displayed Cursed Tome","Downfall","Hubris","Infinite Spire","Jorbs\u0027s Wanderer Trilogy","Minty Spire (QoL Compilation)","Relic Stats","Replay The Spire","Spicy Shops","StSLib","SuperFastMode","Swap Starting Deck Mod","The Construct","The Marked","The Servant 0.9.4","everything is the same but u backflip on backflip","slay the spire mod where everything is the same but ironclad has a cowboy hat"],"gold_per_floor":[114,214,229,117,128,453,453,483,483,68,0,30,30,44,44,139,239,258,168,390,408,408,408,438,450,462,507,519,531,562,591,603,713,725,752,778,833,861,798,810,840,852,864,895,907,937,233,243,243,243],"floor_reached":51,"language":"ENG","playtime":4346,"items_purged":["Strike_B","Strike_B","Strike_B"],"score":780,"play_id":"7b982f03-a671-47e9-a7bf-ee3519632129","local_time":"20210115004025","is_ascension_mode":false,"campfire_choices":[{"data":"Capacitor","floor":7,"key":"SMITH"},{"data":"Loop","floor":13,"key":"SMITH"},{"floor":15,"key":"REST"},{"floor":23,"key":"REST"},{"data":"BasicCrystalCard","floor":28,"key":"SMITH"},{"data":"Protect","floor":32,"key":"SMITH"},{"data":"ThirdEye","floor":40,"key":"SMITH"},{"data":"Steam Power","floor":42,"key":"SMITH"},{"data":"Amplify","floor":49,"key":"SMITH"}],"circlet_count":0,"master_deck":["Strike_B","Defend_B","Defend_B","Defend_B","Defend_B","Zap","Dualcast","Beam Cell","Coolheaded","Capacitor+1","Ball Lightning","Machine Learning","Electrodynamics","Loop+1","Hologram+1","Multi-Cast","Cold Snap","Coolheaded","Conserve Battery","Aggregate+1","BasicCrystalCard+1","Glacier+1","Crystallizer","Genetic Algorithm","Loop+1","White Noise","Protect+1","ThirdEye+1","Biased Cognition","Steam Power+1","Steam Power+1","SashWhip+1","Compile Driver","Go for the Eyes","FTL","Self Repair","Mayhem+1","Crystallizer+1","ReplayRNGCard+1","Coolheaded+1","FlyingSleeves+1","Rebound+1","SignatureMove+1","Aggregate+1","Capacitor","Aggregate+1","Double Energy+1","Amplify+1"],"relics":["Cracked Core","NeowsBlessing","Old Coin","Thread and Needle","hubris:MedicalManual","Orrery","ClockworkSouvenir","Nunchaku","Replay:Wanted Poster","Prayer Wheel","infinitespire:Satchel","MawBank","Replay:Bottled Flurry","Replay:Bottled Eggs","aspiration:WatcherSkillbook","OrangePellets","hubris:VirtuousBlindfold","infinitespire:Lucky Rock","Gambling Chip","DollysMirror","ReplayTheSpireMod:Lightbulb","infinitespire:SolderingIron"],"acts_visited":["Exordium","TheCity","TheBeyond"],"potions_floor_usage":[21,31,33,38,41,50,50,50,50,50,50],"damage_taken":[{"damage":0,"enemies":"Jaw Worm","floor":1,"turns":1},{"damage":0,"enemies":"Cultist","floor":3,"turns":1},{"damage":0,"enemies":"2 Louse","floor":5,"turns":1},{"damage":22,"enemies":"Lagavulin","floor":6,"turns":6},{"damage":30,"enemies":"3 Sentries","floor":8,"turns":7},{"damage":9,"enemies":"Replay:BlueRogue","floor":12,"turns":4},{"damage":0,"enemies":"Blue Slaver","floor":14,"turns":2},{"damage":12,"enemies":"Fading Forest","floor":16,"turns":11},{"damage":6,"enemies":"Chosen","floor":18,"turns":6},{"damage":14,"enemies":"3 Byrds","floor":21,"turns":5},{"damage":1,"enemies":"Book of Stabbing","floor":24,"turns":7},{"damage":0,"enemies":"Replay:Snechameleon","floor":27,"turns":6},{"damage":0,"enemies":"conspire:HollyBat","floor":30,"turns":9},{"damage":0,"enemies":"3 Cultists","floor":31,"turns":5},{"damage":26,"enemies":"Champ","floor":33,"turns":16},{"damage":0,"enemies":"Orb Walker","floor":35,"turns":4},{"damage":0,"enemies":"3 Shapes","floor":36,"turns":5},{"damage":7,"enemies":"conspire:MimicChest","floor":37,"turns":7},{"damage":9,"enemies":"Jaw Worm Horde","floor":38,"turns":4},{"damage":0,"enemies":"Transient","floor":41,"turns":5},{"damage":0,"enemies":"Writhing Mass","floor":44,"turns":5},{"damage":11,"enemies":"4 Shapes","floor":46,"turns":4},{"damage":0,"enemies":"3 Darklings","floor":48,"turns":2},{"damage":27,"enemies":"infinitespire:MassOfShapes","floor":50,"turns":8}],"seed_played":"-7762564439857185915","potions_obtained":[{"floor":3,"key":"BlessingOfTheForge"},{"floor":6,"key":"sneckomod:MuddlingPotion"},{"floor":14,"key":"EssenceOfSteel"},{"floor":24,"key":"Strength Potion"},{"floor":27,"key":"Swift Potion"},{"floor":33,"key":"EssenceOfSteel"},{"floor":35,"key":"Elixir"},{"floor":37,"key":"Swift Potion"},{"floor":38,"key":"SneckoOil"},{"floor":44,"key":"sneckomod:MuddlingPotion"}],"is_trial":false,"path_per_floor":["M","?","M","$","M","E","R","E","T","$","?","E","R","M","R","B",null,"M","?","?","M","?","R","E","$","T","E","R","AVR","M","M","R","B",null,"M","M","?","M","?","R","M","R","T","M","?","M","$","M","R","B",null],"character_chosen":"DEFECT","items_purchased":["Capacitor","Loop","Hologram","Orrery","ClockworkSouvenir","DollysMirror","EntropicBrew","ReplayTheSpireMod:Lightbulb","infinitespire:SolderingIron"],"campfire_rested":2,"item_purchase_floors":[4,10,10,10,10,47,47,47,47],"current_hp_per_floor":[75,75,75,75,75,53,53,23,23,23,29,20,20,20,44,58,81,75,75,28,14,14,38,37,37,37,37,37,37,37,37,37,11,81,81,81,74,65,65,65,65,65,65,72,72,68,68,68,68,48],"gold":243,"neow_bonus":"THREE_ENEMY_KILL","is_daily":false,"chose_seed":false,"campfire_upgraded":7,"win_rate":0.0,"timestamp":1610689225,"path_taken":["M","?","?","$","M","E","R","E","T","?","?","E","R","M","R","BOSS","M","?","?","M","?","R","E","?","T","E","R","AVR","M","M","R","BOSS","M","M","?","M","?","R","M","R","T","M","?","M","$","M","R","BOSS"],"items_purchased_type":["Card","Card","Card","Relic","Relic","Relic","Potion","Relic","Relic"],"build_version":"2020-12-22","purchased_purges":3,"victory":true,"max_hp_per_floor":[75,75,75,75,75,75,75,75,75,75,81,81,81,81,81,81,81,81,81,81,81,81,81,81,81,81,81,81,81,81,81,81,81,81,81,81,81,81,81,81,81,81,81,81,81,81,81,81,81,81],"relic_stats":{"OrangePellets":[11],"Nunchaku":[17],"counters":[30,155],"Gambling Chip":[4],"Prayer Wheel":11,"MawBank":276,"obtain_stats":[{"hubris:VirtuousBlindfold":34,"Old Coin":6,"ClockworkSouvenir":10,"Replay:Wanted Poster":17,"Nunchaku":12,"infinitespire:SolderingIron":47,"DollysMirror":47,"Gambling Chip":43,"Prayer Wheel":18,"Replay:Bottled Flurry":26,"Replay:Bottled Eggs":27,"Cracked Core":0,"NeowsBlessing":0,"Golden Idol":5,"Quantum Egg":9,"Thread and Needle":8,"hubris:MedicalManual":9,"infinitespire:Lucky Rock":37,"MawBank":24,"OrangePellets":29,"Orrery":10,"infinitespire:Satchel":20,"aspiration:WatcherSkillbook":29,"hubris:CrackedHourglass":0,"ReplayTheSpireMod:Lightbulb":47,"hubris:Reverence":7},{"hubris:VirtuousBlindfold":21,"Old Coin":10,"ClockworkSouvenir":11,"Replay:Wanted Poster":14,"Nunchaku":12,"infinitespire:SolderingIron":28,"DollysMirror":28,"Gambling Chip":26,"Prayer Wheel":15,"Replay:Bottled Flurry":17,"Replay:Bottled Eggs":18,"Cracked Core":0,"NeowsBlessing":6,"Golden Idol":2,"Quantum Egg":3,"Thread and Needle":11,"hubris:MedicalManual":11,"infinitespire:Lucky Rock":24,"MawBank":17,"OrangePellets":18,"Orrery":11,"infinitespire:Satchel":15,"aspiration:WatcherSkillbook":18,"hubris:CrackedHourglass":0,"ReplayTheSpireMod:Lightbulb":28,"hubris:Reverence":2},{"hubris:VirtuousBlindfold":111,"Old Coin":33,"ClockworkSouvenir":40,"Replay:Wanted Poster":57,"Nunchaku":44,"infinitespire:SolderingIron":145,"DollysMirror":145,"Gambling Chip":136,"Prayer Wheel":61,"Replay:Bottled Flurry":75,"Replay:Bottled Eggs":81,"Cracked Core":0,"NeowsBlessing":24,"Golden Idol":6,"Quantum Egg":14,"Thread and Needle":40,"hubris:MedicalManual":40,"infinitespire:Lucky Rock":127,"MawBank":75,"OrangePellets":81,"Orrery":40,"infinitespire:Satchel":63,"aspiration:WatcherSkillbook":81,"hubris:CrackedHourglass":0,"ReplayTheSpireMod:Lightbulb":145,"hubris:Reverence":6}]},"card_choices":[{"not_picked":["Redo","Streamline"],"picked":"Beam Cell","floor":1},{"not_picked":["Sweeping Beam","Stack"],"picked":"Coolheaded","floor":3},{"not_picked":["Steam","Conserve Battery"],"picked":"Ball Lightning","floor":5},{"not_picked":["Melter","Double Energy"],"picked":"Machine Learning","floor":6},{"not_picked":["Go for the Eyes","Panic Button"],"picked":"Electrodynamics","floor":8},{"not_picked":["Ball Lightning","Tempest"],"picked":"Multi-Cast","floor":10},{"not_picked":["ReplayTheSpireMod:GoodbyeWorld","Ball Lightning"],"picked":"Cold Snap","floor":10},{"not_picked":["Conserve Battery","Streamline"],"picked":"Coolheaded","floor":10},{"not_picked":["Panic Button","Steam"],"picked":"Conserve Battery","floor":10},{"not_picked":["ReplayGash","ReplaySolidLightProjector","Consume"],"picked":"SKIP","floor":12},{"not_picked":["conspire:SharedLibrary","Panic Button"],"picked":"Aggregate","floor":14},{"not_picked":["Electrodynamics","Seek"],"picked":"ReplayTheSpireMod:Fabricate Wheel","floor":16},{"not_picked":["Cold Snap","Streamline"],"picked":"BasicCrystalCard","floor":18},{"not_picked":["Barrage","Redo"],"picked":"Glacier","floor":18},{"not_picked":["Rebound+1","ReplayTheSpireMod:Reroute Power"],"picked":"Crystallizer","floor":21},{"not_picked":["Leap","conspire:Rain","Cold Snap"],"picked":"SKIP","floor":21},{"not_picked":["Leap","Hologram"],"picked":"Genetic Algorithm","floor":24},{"not_picked":["ReplaySolidLightProjector","Consume"],"picked":"Loop","floor":27},{"not_picked":["Evaluate","Glacier","Gash"],"picked":"White Noise","floor":30},{"not_picked":["Stack","Replay:AllIn","FollowUp"],"picked":"Protect","floor":30},{"not_picked":["BasicCrystalCard","Replay:AtTheReady","Prostrate"],"picked":"ThirdEye","floor":31},{"not_picked":["Rebound","EmptyFist","Protect","ReplayTheSpireMod:Reroute Power+1"],"picked":"SKIP","floor":31},{"not_picked":["Multi-Cast","Wish","Seek"],"picked":"Biased Cognition","floor":33},{"not_picked":["Conserve Battery","ForeignInfluence","Steam+1"],"picked":"Steam Power+1","floor":35},{"not_picked":["Halt+1","Rebound","Skim"],"picked":"Steam Power","floor":35},{"not_picked":["FlurryOfBlows+1","Glacier","Self Repair+1"],"picked":"SashWhip+1","floor":36},{"not_picked":["EmptyBody+1","Steam","Protect","Compile Driver"],"picked":"SKIP","floor":36},{"not_picked":["EmptyBody+1","Steam","Protect"],"picked":"Compile Driver","floor":36},{"not_picked":["Ragnarok","Streamline","PathToVictory+1"],"picked":"Go for the Eyes","floor":37},{"not_picked":["Go for the Eyes","hubris:SpecializedCircuitry","BowlingBash"],"picked":"FTL","floor":38},{"not_picked":["aspiration:Polymerization+1","Perseverance+1","Compile Driver"],"picked":"Self Repair","floor":38},{"not_picked":["Replay:Dark Deal+1","Thinking Ahead+1","Poisoned Strike+1"],"picked":"Mayhem+1","floor":39},{"not_picked":["Nirvana+1","Glacier+1","InnerPeace+1"],"picked":"Crystallizer+1","floor":39},{"not_picked":["Ragnarok+1","Establishment+1","Buffer+1"],"picked":"ReplayRNGCard+1","floor":39},{"not_picked":["Steam","Gash","EmptyFist+1"],"picked":"Coolheaded+1","floor":41},{"not_picked":["Leap+1","EmptyMind+1","MentalFortress"],"picked":"FlyingSleeves+1","floor":41},{"not_picked":["PathToVictory+1","Replay:BluntJabs+1","Replay:AtTheReady+1"],"picked":"Rebound+1","floor":44},{"not_picked":["ReplayTheSpireMod:Reroute Power","Judgement","ClearTheMind"],"picked":"SignatureMove+1","floor":44},{"not_picked":["Undo","Ball Lightning","Replay:Battleflow+1"],"picked":"Aggregate+1","floor":46},{"not_picked":["Crescendo","Leap+1","Beam Cell+1"],"picked":"Capacitor","floor":46},{"not_picked":["Gash+1","Meditate+1","Rebound+1"],"picked":"Double Energy+1","floor":48},{"not_picked":["Cold Snap","Pray+1","Perseverance+1"],"picked":"Amplify","floor":48}],"player_experience":86840,"relics_obtained":[{"floor":6,"key":"Old Coin"},{"floor":8,"key":"Thread and Needle"},{"floor":9,"key":"hubris:MedicalManual"},{"floor":12,"key":"Nunchaku"},{"floor":24,"key":"MawBank"},{"floor":26,"key":"Replay:Bottled Flurry"},{"floor":27,"key":"Replay:Bottled Eggs"},{"floor":37,"key":"infinitespire:Lucky Rock"},{"floor":43,"key":"Gambling Chip"}],"event_choices":[{"damage_healed":0,"gold_gain":100,"player_choice":"Gold","damage_taken":0,"max_hp_gain":0,"max_hp_loss":0,"event_name":"Wheel of Change","floor":2,"gold_loss":0},{"damage_healed":0,"gold_gain":0,"player_choice":"RENOUNCE","damage_taken":68,"max_hp_gain":0,"max_hp_loss":0,"event_name":"betterThird:BetterSerpent","floor":11,"gold_loss":68,"cards_obtained":["Enlightenment"]},{"cards_removed":["Enlightenment"],"damage_healed":0,"gold_gain":0,"player_choice":"Upgrade and Remove","damage_taken":0,"max_hp_gain":0,"max_hp_loss":0,"event_name":"Designer","floor":19,"gold_loss":90,"cards_upgraded":["Hologram"]},{"damage_healed":0,"gold_gain":222,"player_choice":"UP RE GO GO ","damage_taken":53,"relics_obtained":["infinitespire:Satchel"],"max_hp_gain":0,"max_hp_loss":0,"event_name":"betterSkull:BetterSkull","floor":20,"gold_loss":0,"cards_upgraded":["Glacier"]},{"damage_healed":0,"gold_gain":0,"player_choice":"Forge","damage_taken":0,"max_hp_gain":0,"max_hp_loss":0,"event_name":"Accursed Blacksmith","floor":22,"gold_loss":0,"cards_upgraded":["Aggregate"]},{"damage_healed":0,"gold_gain":0,"player_choice":"2","damage_taken":0,"max_hp_gain":0,"max_hp_loss":0,"event_name":"betterMatch:BetterMatch","floor":39,"gold_loss":0,"cards_obtained":["betterMatch:ColorlessRareCard","betterMatch:UncommonCard","betterMatch:RareCard"]},{"damage_healed":0,"gold_gain":0,"player_choice":"Leave","damage_taken":0,"max_hp_gain":0,"max_hp_loss":0,"event_name":"conspire:Investor","floor":45,"gold_loss":0}],"is_beta":false,"boss_relics":[{"not_picked":["aspiration:Stellarator","hubris:Backtick"],"picked":"Replay:Wanted Poster"},{"not_picked":["Runic Pyramid","infinitespire:Cupcake"],"picked":"hubris:VirtuousBlindfold"}],"items_purged_floors":[4,29,47],"is_endless":false,"potions_floor_spawned":[3,6,14,24,27,33,35,37,38,44],"ascension_level":0}}