{"host":"vzugls1u57eppbds","time":1610736703,"event":{"mods":["AchievementEnabler","BaseMod","Better Third Choice","Minty Spire (QoL Compilation)","Relic Stats","Shop Mod","StSLib","The IronCluck"],"gold_per_floor":[109,109,284,284,294,328,328,328,328,344,49,79,103,117,117,117,117],"floor_reached":16,"language":"ENG","playtime":309,"items_purged":[],"score":181,"play_id":"8727a909-143f-42c7-8daf-9ff92a43a2dc","local_time":"20210115195143","is_ascension_mode":true,"campfire_choices":[{"data":"Whirlwind","floor":7,"key":"SMITH"},{"floor":15,"key":"REST"}],"circlet_count":0,"master_deck":["Strike_R","Strike_R","Strike_R","Strike_R","Strike_R","Defend_R","Defend_R","Defend_R","Defend_R","Bash","Whirlwind+1","Doubt","Wild Strike","Shrug It Off","Pommel Strike","Thunderclap","Brutality","Body Slam"],"relics":["Burning Blood","NeowsBlessing","Akabeko","Ancient Tea Set","Golden Idol","Self Forming Clay","Sling","Potion Belt","Odd Mushroom"],"acts_visited":["Exordium"],"potions_floor_usage":[16,16],"damage_taken":[{"damage":0,"enemies":"Small Slimes","floor":1,"turns":1},{"damage":0,"enemies":"Cultist","floor":5,"turns":1},{"damage":0,"enemies":"3 Sentries","floor":6,"turns":2},{"damage":0,"enemies":"2 Louse","floor":10,"turns":1},{"damage":14,"enemies":"The Mushroom Lair","floor":12,"turns":5},{"damage":24,"enemies":"Exordium Wildlife","floor":13,"turns":4},{"damage":14,"enemies":"Exordium Thugs","floor":14,"turns":4},{"damage":59,"enemies":"Hexaghost","floor":16,"turns":9}],"seed_played":"-6562465677602617882","potions_obtained":[{"floor":1,"key":"Swift Potion"},{"floor":5,"key":"Ancient Potion"},{"floor":6,"key":"ColorlessPotion"},{"floor":13,"key":"AttackPotion"}],"is_trial":false,"path_per_floor":["M","?","?","?","M","E","R","?","T","M","$","?","M","M","R","B"],"character_chosen":"IRONCLAD","items_purchased":["Sling","Potion Belt"],"campfire_rested":1,"item_purchase_floors":[11,11],"current_hp_per_floor":[78,83,83,83,85,85,85,64,64,70,70,62,44,36,61,2,2],"gold":117,"neow_bonus":"THREE_ENEMY_KILL","is_daily":false,"chose_seed":false,"campfire_upgraded":1,"win_rate":0.0,"timestamp":1610736703,"path_taken":["M","?","?","?","?","E","R","?","T","M","$","?","?","M","R","BOSS"],"items_purchased_type":["Relic","Relic"],"build_version":"2020-12-22","purchased_purges":0,"victory":false,"max_hp_per_floor":[80,85,85,85,85,85,85,85,85,85,85,85,85,85,85,85,85],"relic_stats":{"counters":[8,27],"Golden Idol":17,"Self Forming Clay":[78],"obtain_stats":[{"Potion Belt":11,"NeowsBlessing":0,"Golden Idol":8,"Self Forming Clay":9,"Odd Mushroom":12,"Ancient Tea Set":6,"Sling":11,"Burning Blood":0,"Akabeko":4},{"Potion Belt":4,"NeowsBlessing":0,"Golden Idol":3,"Self Forming Clay":3,"Odd Mushroom":5,"Ancient Tea Set":3,"Sling":4,"Burning Blood":0,"Akabeko":1},{"Potion Belt":5,"NeowsBlessing":0,"Golden Idol":4,"Self Forming Clay":4,"Odd Mushroom":10,"Ancient Tea Set":4,"Sling":5,"Burning Blood":0,"Akabeko":1}],"Burning Blood":32},"card_choices":[{"not_picked":["Uppercut","Clash"],"picked":"Whirlwind","floor":1},{"not_picked":["Inflame","Intimidate"],"picked":"Wild Strike","floor":5},{"not_picked":["True Grit","Armaments"],"picked":"Shrug It Off","floor":6},{"not_picked":["Searing Blow","Dual Wield"],"picked":"Pommel Strike","floor":10},{"not_picked":["Twin Strike","Clash"],"picked":"Thunderclap","floor":12},{"not_picked":["Iron Wave","Wild Strike"],"picked":"Brutality","floor":13},{"not_picked":["Havoc","Disarm"],"picked":"Body Slam","floor":14}],"player_experience":230360,"relics_obtained":[{"floor":6,"key":"Ancient Tea Set"},{"floor":9,"key":"Self Forming Clay"},{"floor":12,"key":"Odd Mushroom"}],"event_choices":[{"damage_healed":0,"gold_gain":0,"player_choice":"Donut","damage_taken":0,"max_hp_gain":5,"max_hp_loss":0,"event_name":"Big Fish","floor":2,"gold_loss":0},{"damage_healed":0,"gold_gain":175,"player_choice":"AGREE","damage_taken":109,"max_hp_gain":0,"max_hp_loss":0,"event_name":"betterThird:BetterSerpent","floor":3,"gold_loss":0},{"damage_healed":0,"gold_gain":0,"player_choice":"Gave Potion","damage_taken":0,"relics_obtained":["Akabeko"],"max_hp_gain":0,"max_hp_loss":0,"event_name":"WeMeetAgain","floor":4,"gold_loss":0},{"damage_healed":0,"gold_gain":0,"player_choice":"Take Damage","damage_taken":21,"relics_obtained":["Golden Idol"],"max_hp_gain":0,"max_hp_loss":0,"event_name":"Golden Idol","floor":8,"gold_loss":0},{"damage_healed":0,"gold_gain":0,"player_choice":"Fought Mushrooms","damage_taken":0,"max_hp_gain":0,"max_hp_loss":0,"event_name":"Mushrooms","floor":12,"gold_loss":0}],"is_beta":false,"boss_relics":[],"items_purged_floors":[],"is_endless":false,"potions_floor_spawned":[1,5,6,13],"killed_by":"Hexaghost","ascension_level":9}}