{"host":"2c1pg2m9wpz3w4c0","time":1610676726,"event":{"mods":["AchievementEnabler","Act Like it!","Aspiration","BaseMod","Better Note","BetterRewards","Curses Come First","Disable Question Mark Monsters","Halation","Hubris","Infinite Spire","Lotus Mark","Marisa????????","Minty Spire (QoL Compilation)","Replay The Spire","StSLib","SuperFastMode","The Clintock","The Jungle","The Marked","The Runesmith","Transform Curses"],"gold_per_floor":[118,128,228,228,228,263,273,273,273,273,293,293,293,305,399,499,499,512,612,631,631,631,631,643,643,643,643,659,677,697,717,717,812,812,825,825,825,825,836,836,836,855,855,872,872,882,581,595,595,595],"floor_reached":51,"language":"ENG","playtime":1952,"items_purged":["Wraith"],"score":826,"play_id":"1a5008a6-81f0-4786-97df-b91f7fe37907","local_time":"20210114191206","is_ascension_mode":false,"campfire_choices":[{"floor":10,"key":"REST"},{"floor":13,"key":"REST"},{"data":"Genetic Algorithm","floor":23,"key":"SMITH"},{"data":"infinitespire:Collect","floor":25,"key":"SMITH"},{"floor":49,"key":"REST"}],"circlet_count":0,"master_deck":["Strike_B","Strike_B+1","Strike_B","Strike_B","Defend_B","Defend_B","Defend_B","Defend_B","Zap+1","Dualcast","Fusion","Ball Lightning","Conserve Battery","Genetic Algorithm+1","Melter","hubris:PowerSurge","Stack","Rainbow+1","FTL","Gash","infinitespire:SevenWalls","infinitespire:Collect+1","infinitespire:Starlight","Apotheosis+1","Auto Shields+1","Hello World","Go for the Eyes+1","Redo","Undo+1","Reboot+1","ReplayGash+1","Sunder","Sweeping Beam","Loop+1","FIFO Queue+1","Self Repair+1","Steam+1"],"relics":["Cracked Core","Golden Egg","halation:LettersToHer","Runesmith:Nanobots","Chameleon Ring","Counterbalance","Philosopher\u0027s Stone","hubris:Towel","halation:EternalFortune","halation:PinkSoulGem","Iron Hammer","Strawberry"],"acts_visited":["Exordium","theJungle:Jungle","TheBeyond"],"potions_floor_usage":[6,16,31,33,33,33,42,42,46,46],"damage_taken":[{"damage":7,"enemies":"Small Slimes","floor":1,"turns":4},{"damage":4,"enemies":"Cultist","floor":2,"turns":4},{"damage":10,"enemies":"Gremlin Nob","floor":6,"turns":3},{"damage":13,"enemies":"infinitespire:Voidling","floor":7,"turns":3},{"damage":5,"enemies":"3 Louse","floor":11,"turns":3},{"damage":0,"enemies":"Red Slaver","floor":14,"turns":1},{"damage":25,"enemies":"Fading Forest","floor":16,"turns":11},{"damage":2,"enemies":"theJungle:Flameango_and_Byrd","floor":18,"turns":6},{"damage":0,"enemies":"theJungle:5_Spyders","floor":20,"turns":6},{"damage":7,"enemies":"theJungle:Lyon","floor":24,"turns":4},{"damage":12,"enemies":"Snake Plant","floor":28,"turns":5},{"damage":0,"enemies":"theJungle:SlimyTreeVines","floor":29,"turns":6},{"damage":0,"enemies":"theJungle:JungleHuntersEncounter","floor":30,"turns":5},{"damage":5,"enemies":"theJungle:2_Flameangoes","floor":31,"turns":7},{"damage":3,"enemies":"theJungle:FunGuy","floor":33,"turns":9},{"damage":52,"enemies":"3 Darklings","floor":35,"turns":8},{"damage":0,"enemies":"Orb Walker","floor":39,"turns":3},{"damage":0,"enemies":"Sphere and 2 Shapes","floor":42,"turns":2},{"damage":0,"enemies":"3 Darklings","floor":44,"turns":5},{"damage":40,"enemies":"Jaw Worm Horde","floor":46,"turns":4},{"damage":0,"enemies":"Sphere and 2 Shapes","floor":48,"turns":4},{"damage":71,"enemies":"Time Eater","floor":50,"turns":12}],"seed_played":"-1444813711835564986","potions_obtained":[{"floor":1,"key":"FocusPotion"},{"floor":14,"key":"ColorlessPotion"},{"floor":24,"key":"Fire Potion"},{"floor":27,"key":"Strength Potion"},{"floor":27,"key":"Block Potion"},{"floor":31,"key":"DuplicationPotion"},{"floor":35,"key":"PowerPotion"},{"floor":39,"key":"LiquidBronze"},{"floor":44,"key":"Elixir"},{"floor":45,"key":"AttackPotion"},{"floor":45,"key":"Cursed Concoction"}],"is_trial":false,"path_per_floor":["M","M","?","$","?","E","M","?","T","R","M","?","R","M","R","B",null,"M","?","M","AVR","?","R","M","R","T","?","M","M","M","M","R","B",null,"M","?","?","?","M","?","AVR","M","T","M","R","M","$","M","R","B",null],"character_chosen":"DEFECT","items_purchased":["Fusion","Golden Egg","Self Repair","Strawberry"],"campfire_rested":3,"item_purchase_floors":[0,4,47,47],"current_hp_per_floor":[68,64,64,47,47,37,24,24,24,46,41,41,63,63,63,38,75,73,73,73,73,73,73,66,66,66,66,54,75,75,75,75,72,75,38,38,38,41,56,56,56,56,56,71,71,41,48,48,73,27],"gold":595,"neow_bonus":"","is_daily":false,"chose_seed":false,"campfire_upgraded":2,"win_rate":0.0,"timestamp":1610676726,"path_taken":["M","M","?","?","?","E","?","?","T","R","M","?","R","?","R","BOSS","M","?","?","AVR","?","R","M","R","T","?","?","M","M","M","R","BOSS","M","?","?","?","M","?","AVR","M","T","?","R","M","?","M","R","BOSS"],"items_purchased_type":["Card","Relic","Card","Relic"],"build_version":"2020-12-22","purchased_purges":1,"victory":true,"max_hp_per_floor":[75,75,75,75,75,75,75,75,75,75,75,75,75,75,75,75,75,75,75,75,75,75,75,75,75,75,75,75,75,75,75,75,75,75,75,75,75,78,78,78,78,78,78,78,78,78,85,85,85,85],"card_choices":[{"not_picked":["Lockon","Sweeping Beam"],"picked":"Ball Lightning","floor":1},{"not_picked":["Fusion","Coolheaded"],"picked":"Conserve Battery","floor":2},{"not_picked":["Sweeping Beam","Sunder"],"picked":"Genetic Algorithm","floor":6},{"not_picked":["Steam","Turbo"],"picked":"Melter","floor":7},{"not_picked":["Steam","ReplayTheSpireMod:System Scan"],"picked":"hubris:PowerSurge","floor":11},{"not_picked":["Go for the Eyes","Coolheaded"],"picked":"Stack","floor":14},{"not_picked":["Meteor Strike","Biased Cognition"],"picked":"Rainbow","floor":16},{"not_picked":["Barrage","Panic Button"],"picked":"FTL","floor":18},{"not_picked":["Blizzard","Skim"],"picked":"Gash","floor":20},{"not_picked":["Stack+1","Compile Driver"],"picked":"Auto Shields+1","floor":24},{"not_picked":["Panic Button","Ball Lightning"],"picked":"Hello World","floor":28},{"not_picked":["Sweeping Beam","Redo"],"picked":"Go for the Eyes+1","floor":29},{"not_picked":["Stack","Gash"],"picked":"Redo","floor":30},{"not_picked":["Conserve Battery+1","Beam Cell"],"picked":"Undo+1","floor":31},{"not_picked":["All For One","hubris:SpecializedCircuitry"],"picked":"Reboot","floor":33},{"not_picked":["Gash+1","Recycle+1"],"picked":"ReplayGash+1","floor":35},{"not_picked":["Hologram+1","ReplayTheSpireMod:GoodbyeWorld"],"picked":"Sunder","floor":39},{"not_picked":["Gash","Turbo+1"],"picked":"Sweeping Beam","floor":42},{"not_picked":["Turbo","Chill"],"picked":"Loop+1","floor":44},{"not_picked":["Sweeping Beam","BasicCrystalCard"],"picked":"FIFO Queue+1","floor":46},{"not_picked":["BasicCrystalCard","Barrage"],"picked":"Steam+1","floor":48}],"player_experience":1182206,"relics_obtained":[{"floor":6,"key":"halation:LettersToHer"},{"floor":9,"key":"halation:LettersToHer"},{"floor":9,"key":"Runesmith:Nanobots"},{"floor":26,"key":"halation:LettersToHer"},{"floor":26,"key":"Counterbalance"},{"floor":43,"key":"halation:LettersToHer"},{"floor":43,"key":"Iron Hammer"}],"event_choices":[{"damage_healed":0,"gold_gain":100,"player_choice":"Gold","damage_taken":0,"max_hp_gain":0,"max_hp_loss":0,"event_name":"Wheel of Change","floor":3,"gold_loss":0},{"damage_healed":0,"gold_gain":0,"player_choice":"Upgraded","damage_taken":0,"max_hp_gain":0,"max_hp_loss":0,"event_name":"Upgrade Shrine","floor":5,"gold_loss":0,"cards_upgraded":["Zap"]},{"damage_healed":0,"gold_gain":0,"player_choice":"Ignored","damage_taken":0,"max_hp_gain":0,"max_hp_loss":0,"event_name":"Purifier","floor":12,"gold_loss":0},{"damage_healed":0,"gold_gain":100,"player_choice":"Pray","damage_taken":0,"max_hp_gain":0,"max_hp_loss":0,"event_name":"Golden Shrine","floor":19,"gold_loss":0},{"cards_removed":["infinitespire:Collect"],"damage_healed":0,"gold_gain":0,"player_choice":"Take \u0026 Give","damage_taken":0,"max_hp_gain":0,"max_hp_loss":0,"event_name":"betterNote:BetterNote","floor":22,"gold_loss":0,"cards_obtained":["Apotheosis"]},{"damage_healed":0,"gold_gain":0,"player_choice":"Got Potions","damage_taken":0,"max_hp_gain":0,"max_hp_loss":0,"event_name":"Lab","floor":27,"gold_loss":0},{"damage_healed":0,"gold_gain":0,"player_choice":"Ignored","damage_taken":0,"max_hp_gain":0,"max_hp_loss":0,"event_name":"OrinTheCat","floor":36,"gold_loss":0}],"is_beta":false,"boss_relics":[{"not_picked":["halation:CatFaceCupcake","Fusion Hammer","halation:ForbiddenBikini"]},{"not_picked":["hubris:HollowSoul","halation:PlatinumPhoenix"],"picked":"Philosopher\u0027s Stone"}],"items_purged_floors":[47],"is_endless":false,"potions_floor_spawned":[1,14,24,30,31,35,39,44],"ascension_level":0}}