{"host":"s6mlqkqtr3ey2mm2","time":1610719504,"event":{"mods":["100% Spire Juice","2.2 Compatiblity","AchievementEnabler","Aspiration","BaseMod","Beaked The Cultist","Better Note","Better Vampires","BetterRewards","Challenge The Spire","Colored Map","Colored Powertips","Conspire","Curses Come First","Downfall","Emptier Cage","Energized Spire","GifTheSpireLib","GungeonMod","Halation","Hermit","Hubris","Infinite Spire","Ironclad Rager","Magitek Elite","Marked Mod","Minty Spire (QoL Compilation)","Poor People Problems","Quick Restart","RatMod","Replay The Spire","Retaliation","Robot Space Explorer","Shade Mod","Somnambulant","Spicy Shops","StSLib","Stuff the Spire","The Blue Laboratory","The Construct","The Druid","The Hierophant","The IronCluck","The Necromancer","The Poker Player","The Runesmith","The Servant 0.9.4","The Valiant","vexMod"],"gold_per_floor":[109,1,13,13,28,28,45,45,45,45,79,94,94,108,108,205,205,223,223],"floor_reached":18,"language":"ENG","playtime":3950,"items_purged":[],"score":164,"play_id":"bba337bd-cb9a-4738-9eb6-28b408f51afd","local_time":"20210115090504","is_ascension_mode":false,"campfire_choices":[{"data":"Beam Cell","floor":6.0,"key":"SMITH"},{"floor":13,"key":"REST"},{"data":"Zap","floor":15,"key":"SMITH"}],"circlet_count":0,"master_deck":["Strike_B","Strike_B","Strike_B","Strike_B","Defend_B","Defend_B","Defend_B","Zap+1","Dualcast","Storm","hubris:PowerSurge+1","Leap","Beam Cell+1","ReplayTheSpireMod:GoodbyeWorld","Sweeping Beam","ReplaySolidLightProjector","Machine Learning","CurseOfTheBell","Panic Button+1"],"relics":["Cracked Core","Tintinnabulum","hubris:Towel","infinitespire:Lucky Rock","Ornamental Fan","StuffTheSpire:RubySignet","Calling Bell","infinitespire:Beetle Shell","Onion Ring","conspire:GlowingRock"],"acts_visited":["Exordium","TheCity"],"potions_floor_usage":[16,16],"damage_taken":[{"damage":8.0,"enemies":"Small Slimes","floor":1.0,"turns":3.0},{"damage":0.0,"enemies":"Cultist","floor":3.0,"turns":3.0},{"damage":0.0,"enemies":"2 Louse","floor":5.0,"turns":2.0},{"damage":8.0,"enemies":"conspire:2 RoseBushes","floor":7.0,"turns":4.0},{"damage":32.0,"enemies":"Gremlin Nob","floor":11.0,"turns":4.0},{"damage":10,"enemies":"Lots of Slimes","floor":12,"turns":3},{"damage":4,"enemies":"Red Slaver","floor":14,"turns":3},{"damage":48,"enemies":"Fading Forest","floor":16,"turns":11},{"damage":35,"enemies":"Shell Parasite","floor":18,"turns":5}],"seed_played":"1670766354982243500","potions_obtained":[{"floor":1.0,"key":"blueLaboratory:RememoryPotion"},{"floor":5.0,"key":"blueLaboratory:PhilterOfMotion"},{"floor":11.0,"key":"ColorlessPotion"},{"floor":14,"key":"Weak Potion"},{"floor":16,"key":"blueLaboratory:HummingbirdPotion"}],"is_trial":false,"path_per_floor":["M","$","M","?","M","R","M","?","T","T","E","M","R","M","R","B",null,"M"],"character_chosen":"DEFECT","items_purchased":["hubris:PowerSurge+1","Leap"],"campfire_rested":1,"item_purchase_floors":[2,2],"current_hp_per_floor":[67,68,69,70,71,72,65,66,67,68,37,28,51,48,49,14,75,40,40],"gold":223,"neow_bonus":"RANDOM_COMMON_RELIC","is_daily":false,"chose_seed":false,"campfire_upgraded":2,"win_rate":0.0,"timestamp":1610719504,"path_taken":["M","$","M","?","?","R","M","?","T","?","E","?","R","M","R","BOSS","M"],"items_purchased_type":["Card","Card"],"build_version":"2020-12-22","purchased_purges":0,"victory":false,"max_hp_per_floor":[75,75,75,75,75,75,75,75,75,75,75,75,75,75,75,75,75,75,75],"card_choices":[{"not_picked":["Scrape","Turbo"],"picked":"Storm","floor":1.0},{"not_picked":["StuffTheSpire:NuclearReactor","Stack","Compile Driver"],"picked":"SKIP","floor":3.0},{"not_picked":["Barrage","Redo"],"picked":"Beam Cell","floor":5.0},{"not_picked":["StuffTheSpire:Plugnplay","Stack","StuffTheSpire:Rend"],"picked":"SKIP","floor":7.0},{"not_picked":["Beam Cell","Hologram"],"picked":"ReplayTheSpireMod:GoodbyeWorld","floor":11.0},{"not_picked":["Force Field","Go for the Eyes"],"picked":"Sweeping Beam","floor":12},{"not_picked":["Barrage","Meteor Strike"],"picked":"ReplaySolidLightProjector","floor":14},{"not_picked":["hubris:Prefetch","Buffer"],"picked":"Machine Learning","floor":16},{"not_picked":["Barrage","Turbo"],"picked":"Panic Button+1","floor":18}],"player_experience":108820,"relics_obtained":[{"floor":9.0,"key":"infinitespire:Lucky Rock"},{"floor":10.0,"key":"Ornamental Fan"},{"floor":11.0,"key":"StuffTheSpire:RubySignet"},{"floor":17,"key":"infinitespire:Beetle Shell"},{"floor":17,"key":"Onion Ring"},{"floor":17,"key":"conspire:GlowingRock"}],"event_choices":[{"cards_removed":["Defend_B"],"damage_healed":0.0,"max_hp_gain":0.0,"max_hp_loss":0.0,"gold_gain":0.0,"event_name":"Purifier","player_choice":"Purged","floor":4.0,"gold_loss":0.0,"damage_taken":0.0}],"is_beta":false,"boss_relics":[{"not_picked":["StuffTheSpire:ModemDavis","Replay:Bronze Core"],"picked":"Calling Bell"}],"items_purged_floors":[],"is_endless":false,"potions_floor_spawned":[1,5,11,14,16],"killed_by":"Shell Parasite","ascension_level":0}}