{"host":"pvf7uj918he10jir","time":1610686359,"event":{"mods":["AchievementEnabler","BaseMod","Colored Map","Colored Powertips","Highlight Path","Minty Spire (QoL Compilation)","Relic Stats","Slay the Relics Exporter","everything is the same but u backflip on backflip"],"gold_per_floor":[210,57,73,93,106,106,139,139,164,175,32,32,32,61,61,158,158,176,275,11,0,0,0,11,11,11],"floor_reached":25,"language":"ENG","playtime":1711,"items_purged":["Strike_B","Strike_B"],"score":251,"play_id":"356d095f-0ea8-4295-9112-da6f1c12c145","local_time":"20210114235239","is_ascension_mode":true,"campfire_choices":[{"floor":6,"key":"REST"},{"data":"Defragment","floor":12,"key":"SMITH"},{"floor":15,"key":"REST"},{"floor":23,"key":"REST"}],"circlet_count":0,"master_deck":["Strike_B+1","Defend_B","Defend_B","Defend_B","Defend_B","Zap","Dualcast","Conserve Battery","Capacitor","Echo Form","Defragment+1","Creative AI","Tempest","Amplify","Mayhem","Turbo","FTL"],"relics":["Cracked Core","MealTicket","Bronze Scales","Potion Belt","Fusion Hammer"],"acts_visited":["Exordium","TheCity"],"potions_floor_usage":[10,14,16],"damage_taken":[{"damage":10,"enemies":"2 Louse","floor":1,"turns":3},{"damage":6,"enemies":"Jaw Worm","floor":3,"turns":5},{"damage":1,"enemies":"Small Slimes","floor":4,"turns":4},{"damage":30,"enemies":"Gremlin Gang","floor":5,"turns":6},{"damage":22,"enemies":"3 Sentries","floor":7,"turns":9},{"damage":0,"enemies":"Looter","floor":10,"turns":2},{"damage":26,"enemies":"Gremlin Nob","floor":14,"turns":5},{"damage":37,"enemies":"Hexaghost","floor":16,"turns":6},{"damage":59,"enemies":"2 Thieves","floor":18,"turns":5},{"damage":11,"enemies":"Spheric Guardian","floor":24,"turns":3},{"damage":45,"enemies":"Book of Stabbing","floor":25,"turns":4}],"seed_played":"-1396579886219417587","potions_obtained":[{"floor":1,"key":"PowerPotion"},{"floor":3,"key":"Explosive Potion"},{"floor":14,"key":"Regen Potion"},{"floor":24,"key":"SteroidPotion"}],"is_trial":false,"path_per_floor":["M","$","M","M","M","R","E","?","T","M","$","R","$","E","R","B",null,"M","?","$","?","?","R","M","E"],"character_chosen":"DEFECT","items_purchased":["Capacitor","Creative AI","Mayhem"],"campfire_rested":3,"item_purchase_floors":[2,11,20],"current_hp_per_floor":[65,65,59,58,28,50,28,13,13,13,28,28,43,17,39,16,75,16,16,31,31,31,53,42,0,0],"gold":11,"neow_bonus":"HUNDRED_GOLD","is_daily":false,"chose_seed":false,"campfire_upgraded":1,"win_rate":0.0,"timestamp":1610686359,"path_taken":["M","$","M","M","M","R","E","?","T","M","$","R","$","E","R","BOSS","M","?","$","?","?","R","M","E"],"items_purchased_type":["Card","Card","Card"],"build_version":"2020-12-22","purchased_purges":2,"victory":false,"max_hp_per_floor":[75,75,75,75,75,75,75,75,75,75,75,75,75,75,75,75,75,75,75,75,75,75,75,75,75,75],"relic_stats":{"counters":[11,52],"Bronze Scales":[87],"MealTicket":45,"obtain_stats":[{"Potion Belt":14,"Bronze Scales":9,"MealTicket":7,"Fusion Hammer":17,"Cracked Core":0},{"Potion Belt":7,"Bronze Scales":5,"MealTicket":5,"Fusion Hammer":8,"Cracked Core":0},{"Potion Belt":34,"Bronze Scales":27,"MealTicket":27,"Fusion Hammer":40,"Cracked Core":0}]},"card_choices":[{"not_picked":["Reinforced Body","Beam Cell"],"picked":"Conserve Battery","floor":1},{"not_picked":["Cold Snap","Go for the Eyes"],"picked":"Hologram","floor":3},{"not_picked":["Stack","Scrape","Compile Driver"],"picked":"SKIP","floor":4},{"not_picked":["Redo","Reinforced Body"],"picked":"Echo Form","floor":5},{"not_picked":["Barrage","Beam Cell"],"picked":"Defragment","floor":7},{"not_picked":["Leap","Go for the Eyes","Coolheaded"],"picked":"SKIP","floor":10},{"not_picked":["Auto Shields","Capacitor"],"picked":"Tempest","floor":14},{"not_picked":["Hyperbeam","Core Surge"],"picked":"Amplify","floor":16},{"not_picked":["Steam","Force Field+1","Coolheaded"],"picked":"SKIP","floor":18},{"not_picked":["Hologram","Conserve Battery","Steam"],"picked":"SKIP","floor":24}],"player_experience":147165,"relics_obtained":[{"floor":7,"key":"MealTicket"},{"floor":9,"key":"Bronze Scales"},{"floor":14,"key":"Potion Belt"}],"event_choices":[{"damage_healed":0,"gold_gain":0,"player_choice":"Entered Light","damage_taken":15,"max_hp_gain":0,"max_hp_loss":0,"event_name":"Shining Light","floor":8,"gold_loss":0,"cards_upgraded":["Hologram","Strike_B"]},{"damage_healed":0,"gold_gain":99,"player_choice":"Stole From Cult","damage_taken":0,"max_hp_gain":0,"max_hp_loss":0,"event_name":"Nest","floor":19,"gold_loss":0},{"damage_healed":0,"gold_gain":0,"player_choice":"Paid Fearfully","damage_taken":0,"max_hp_gain":0,"max_hp_loss":0,"event_name":"Masked Bandits","floor":21,"gold_loss":11},{"damage_healed":0,"gold_gain":0,"cards_transformed":["Hologram","Strike_B"],"player_choice":"Became Test Subject","damage_taken":0,"max_hp_gain":0,"max_hp_loss":0,"event_name":"Drug Dealer","floor":22,"gold_loss":0,"cards_obtained":["Turbo","FTL"]}],"is_beta":false,"boss_relics":[{"not_picked":["Tiny House","Runic Pyramid"],"picked":"Fusion Hammer"}],"items_purged_floors":[2,20],"is_endless":false,"potions_floor_spawned":[1,3,14,24],"killed_by":"Book of Stabbing","ascension_level":4}}