{"host":"pa65g39v0cwbmgvo","time":1610719081,"event":{"mods":["2.2 Compatiblity","ATMod(°¢èªMod)","BaseMod","Better Skull","Better Third Choice","BetterRewards","Dota2Spire","Minty Spire (QoL Compilation)","Quick Restart","Replay The Spire","Spicy Shops","StSLib","SuperFastMode","¡¾ÒÅÎï¿¨ÅÆ¡¿REMEMod"],"gold_per_floor":[187,272,470,107,207,260,260,299,299,401,401,492,550,620,620,745,745,843,891,75,119,156,156,71,122,174,174,279,345,411,479,479,653,653,743,878,992,206,327,387,532,607,607,607,749,749,819,869,869,919,919,919,4,127,173],"floor_reached":56,"language":"ZHS","playtime":1671,"items_purged":["Strike_R","Strike_R","Strike_R","Strike_R","Strike_R","Defend_R"],"score":2541,"play_id":"109c8c83-cd99-4f39-90bc-ed4ee8471b75","local_time":"20210115215801","is_ascension_mode":true,"campfire_choices":[{"data":"Body Slam","floor":7.0,"key":"SMITH"},{"floor":15.0,"key":"RECALL"},{"data":"AT_ShrugMaster","floor":23,"key":"SMITH"},{"data":"Bash","floor":27,"key":"SMITH"},{"data":"Defend_R","floor":32,"key":"SMITH"},{"data":"Inflame","floor":44,"key":"SMITH"},{"floor":49,"key":"DIG"},{"data":"Inflame","floor":52,"key":"SMITH"}],"circlet_count":0,"master_deck":["Defend_R+2","Defend_R+2","Defend_R+1","Bash+1","AT_BodySlamDance+1","AT_ManFootWork+1","Limit Break+1","Body Slam+1","AT_BodySlamDance+1","REME_TheoryOfElimination+1","AT_ShrugMaster+1","REME_Fury+1","Apotheosis+1","Inflame+1","Inflame+1"],"relics":["Burning Blood","REME_ComplimentaryCards","AT_ATBox","Membership Card","AT_BellDemon","Dota2Spire:Dagon","Bird Faced Urn","Iron Hammer","ClockworkSouvenir","Thread and Needle","Art of War","AT_MibuBalloonWealth","Toolbox","REME_LimitBreaker","Blood Vial","Akabeko","Toxic Egg 2","ReplayFunnel","InkBottle","Chemical X","REME_HandOfSuture","StrikeDummy","AT_RedTearstoneRing","Dota2Spire:ArcaneBoots","Dota2Spire:BladeMail","Another Sword","War Paint","Singing Bowl","Mercury Hourglass","Replay:Grab Bag","ChewingGum","Sozu","REME_LowDesire","MawBank","Dota2Spire:EchoSabre","Blue Doll","Matryoshka","Dota2Spire:OctarineCore","REME_CardOfGreed","TheAbacus","Letter Opener","Replay:Accelerometer","Bronze Scales","Dream Catcher","Anchor","CeramicFish","AT_EbonyIvory","AT_SunfireAegis","Tiny Chest","Blue Candle","AT_TrinityForce","The Courier","Orichalcum","AT_DeathDance","Dota2Spire:HandOfMidas","Lantern","Happy Flower","Dota2Spire:Satanic","Dota2Spire:ShivaGuard","BargainBundle","Replay:Wax Seal","Medical Kit","AT_ForceNature","Vajra","Dota2Spire:LinkenSphere","Nunchaku","Whetstone","King of Hearts","AT_GoldPhoenixTree","Smiling Mask","REME_ArchaeologicalTools","PreservedInsect","Gremlin Food","Omamori","Dota2Spire:PhaseBoots","Mirror","AT_SilvercatRing","Unceasing Top","Lee\u0027s Waffle","Lizard Tail","Dota2Spire:MonkeyKingBar","Shuriken","ReplayTheSpireMod:TigerMarble","Simple Rune","Replay:Baseball","Dota2Spire:HeartOfTarrasque","Strange Spoon","Golden Egg","Red Skull","AT_ArchangelStaff"],"acts_visited":["Exordium","TheCity","TheBeyond","TheEnding"],"potions_floor_usage":[16,18],"damage_taken":[{"damage":8.0,"enemies":"Small Slimes","floor":1.0,"turns":3.0},{"damage":0.0,"enemies":"2 Louse","floor":2.0,"turns":1.0},{"damage":5.0,"enemies":"Replay:BlueRogue","floor":6.0,"turns":3.0},{"damage":0.0,"enemies":"Cultist","floor":8.0,"turns":1.0},{"damage":6.0,"enemies":"3 Sentries","floor":10.0,"turns":3.0},{"damage":0.0,"enemies":"3 Louse","floor":12.0,"turns":3.0},{"damage":0.0,"enemies":"Gremlin Nob","floor":13.0,"turns":2.0},{"damage":0.0,"enemies":"2 Fungi Beasts","floor":14.0,"turns":2.0},{"damage":31,"enemies":"Hexaghost","floor":16,"turns":3},{"damage":0,"enemies":"3 Byrds","floor":18,"turns":2},{"damage":0,"enemies":"Spheric Guardian","floor":19,"turns":1},{"damage":0,"enemies":"Snecko","floor":21,"turns":1},{"damage":30,"enemies":"Snake Plant","floor":22,"turns":2},{"damage":0,"enemies":"Book of Stabbing","floor":25,"turns":2},{"damage":0,"enemies":"Slavers","floor":28,"turns":1},{"damage":0,"enemies":"Cultist and Chosen","floor":29,"turns":2},{"damage":0,"enemies":"Shelled Parasite and Fungi","floor":30,"turns":1},{"damage":0,"enemies":"Sentry and Sphere","floor":31,"turns":1},{"damage":0,"enemies":"Automaton","floor":33,"turns":2},{"damage":0,"enemies":"3 Shapes","floor":35,"turns":1},{"damage":0,"enemies":"3 Darklings","floor":36,"turns":1},{"damage":0,"enemies":"4 Shapes","floor":37,"turns":1},{"damage":0,"enemies":"Jaw Worm Horde","floor":39,"turns":1},{"damage":0,"enemies":"R_Hoarder","floor":40,"turns":2},{"damage":0,"enemies":"3 Darklings","floor":41,"turns":1},{"damage":0,"enemies":"Writhing Mass","floor":42,"turns":2},{"damage":0,"enemies":"Reptomancer","floor":45,"turns":1},{"damage":0,"enemies":"R_Hoarder","floor":47,"turns":1},{"damage":0,"enemies":"Spire Growth","floor":48,"turns":1},{"damage":0,"enemies":"Donu and Deca","floor":50,"turns":1},{"damage":0,"enemies":"Shield and Spear","floor":54,"turns":1},{"damage":0,"enemies":"The Heart","floor":55,"turns":3}],"seed_played":"2047039105133846559","potions_obtained":[{"floor":6.0,"key":"Milkshake"},{"floor":16,"key":"Adrenaline Potion"}],"is_trial":false,"path_per_floor":["M","M","?","$","?","E","R","M","T","E","?","M","E","M","R","B",null,"M","M","$","M","M","R","?","E","T","R","E","M","M","M","R","B",null,"M","M","M","$","M","E","M","M","T","R","E","?","E","M","R","B",null,"R","$","E","B",null],"character_chosen":"IRONCLAD","items_purchased":["Membership Card","AT_BellDemon","Dota2Spire:Dagon","Bird Faced Urn","Iron Hammer","ClockworkSouvenir","Art of War","AT_MibuBalloonWealth","Toolbox","REME_LimitBreaker","Blood Vial","ReplayFunnel","Limit Break+1","InkBottle","Strength Potion","Strength Potion","Chemical X","Dota2Spire:OctarineCore","REME_CardOfGreed","AT_ShrugMaster","TheAbacus","Letter Opener","Dota2Spire:HandOfMidas","Lantern","Happy Flower","Dota2Spire:Satanic","Dota2Spire:ShivaGuard","BargainBundle","Apotheosis+1","Inflame","Replay:Wax Seal","Medical Kit","AT_ForceNature","Vajra","Unceasing Top","Lee\u0027s Waffle","Lizard Tail","Dota2Spire:MonkeyKingBar","Shuriken","ReplayTheSpireMod:TigerMarble","Simple Rune","Replay:Baseball","Dota2Spire:HeartOfTarrasque","Strange Spoon","Golden Egg"],"campfire_rested":0,"item_purchase_floors":[0,0,0,0,0,0,0,0,0,0,0,4,4,4,4,4,4,20,20,20,20,20,38,38,38,38,38,38,38,38,38,38,38,38,53,53,53,53,53,53,53,53,53,53,53],"current_hp_per_floor":[78,80,60,60,60,63,63,71,71,75,75,80,82,84,84,61,80,86,88,88,88,66,66,66,80,80,80,92,96,98,100,100,102,102,104,106,108,108,110,112,114,116,116,116,118,118,120,122,122,122,122,122,137,139,139],"gold":173,"neow_bonus":"","is_daily":false,"chose_seed":false,"campfire_upgraded":6,"win_rate":0.0,"timestamp":1610719081,"path_taken":["M","M","?","$","?","E","R","?","T","E","?","M","E","M","R","BOSS","M","M","$","M","M","R","?","E","T","R","E","M","M","M","R","BOSS","M","M","M","$","M","E","M","M","T","R","E","?","E","M","R","BOSS","R","$","E","BOSS"],"items_purchased_type":["Relic","Relic","Relic","Relic","Relic","Relic","Relic","Relic","Relic","Relic","Relic","Relic","Card","Relic","Potion","Potion","Relic","Relic","Relic","Card","Relic","Relic","Relic","Relic","Relic","Relic","Relic","Relic","Card","Card","Relic","Relic","Relic","Relic","Relic","Relic","Relic","Relic","Relic","Relic","Relic","Relic","Relic","Relic","Relic"],"build_version":"2020-12-22","purchased_purges":6,"victory":true,"max_hp_per_floor":[80,80,80,80,80,80,80,80,80,80,80,80,82,84,84,86,86,86,88,88,88,90,90,90,92,92,92,94,96,98,100,100,102,102,104,106,108,108,110,112,114,116,116,116,118,118,120,122,122,122,122,122,137,139,139],"card_choices":[{"not_picked":["Perfected Strike","Anger","Pommel Strike"],"picked":"SKIP","floor":1.0},{"not_picked":["Evolve","Sever Soul"],"picked":"AT_ManFootWork+1","floor":2.0},{"not_picked":["Evolve","AT_IchimonjiDouble"],"picked":"Body Slam","floor":6.0},{"not_picked":["Anger","Double Tap+1","ReplayTheSpireMod:Strike From Hell"],"picked":"SKIP","floor":8.0},{"not_picked":["Searing Blow","Ghostly Armor+1","Brutality"],"picked":"SKIP","floor":10.0},{"not_picked":["Anger","Clothesline"],"picked":"AT_BodySlamDance+1","floor":12.0},{"not_picked":["Heavy Blade","Clash","Evolve"],"picked":"Singing Bowl","floor":13.0},{"not_picked":["Armaments+1","Heavy Blade","Warcry+1"],"picked":"Singing Bowl","floor":14.0},{"not_picked":["Bludgeon","Juggernaut","Double Tap+1"],"picked":"Singing Bowl","floor":16},{"not_picked":["Havoc+1","Clash","Armaments+1"],"picked":"REME_TheoryOfElimination+1","floor":18},{"not_picked":["Cleave+1","Shockwave+1","Wild Strike+1","AT_Homeward+1"],"picked":"Singing Bowl","floor":19},{"not_picked":["Warcry+1","Clash","Flash of Steel"],"picked":"REME_Fury+1","floor":21},{"not_picked":["AT_DrawKnifeCut","AT_GerminateFire+1","Sever Soul","Violence+1"],"picked":"Singing Bowl","floor":22},{"not_picked":["Anger","Defy Death+1","Metallicize","HandOfGreed"],"picked":"Singing Bowl","floor":25},{"not_picked":["Replay:Undeath\u0027s Touch","Rage+1","Anger","REME_EyeOfCthun"],"picked":"Singing Bowl","floor":28},{"not_picked":["Shrug It Off+1","Feel No Pain","Replay:Undeath\u0027s Touch+1","ReplayTheSpireMod:Necrogeddon"],"picked":"Singing Bowl","floor":29},{"not_picked":["Thunderclap","Shrug It Off+1","AT_ManFootWork+1","REME_ShortnessOfBreath+1"],"picked":"Singing Bowl","floor":30},{"not_picked":["Pummel","ReplayTheSpireMod:LeadingStrike","Dark Embrace","Madness+1"],"picked":"Singing Bowl","floor":31},{"not_picked":["Corruption","Bludgeon","Juggernaut","AT_CelerityRune"],"picked":"Singing Bowl","floor":33},{"not_picked":["Headbutt+1","Second Wind+1","Abandon+1","Poisoned Strike"],"picked":"Singing Bowl","floor":35},{"not_picked":["AT_IchimonjiDouble","Iron Wave","Body Slam+1","REME_ProfessionalPlagiarism+1"],"picked":"Singing Bowl","floor":36},{"not_picked":["Anger","Battle Trance+1","AT_DiedThrough+1","Bandage Up+1"],"picked":"Singing Bowl","floor":37},{"not_picked":["Clothesline+1","Armaments+1","Sever Soul+1","REME_HeartOfCthun"],"picked":"Singing Bowl","floor":39},{"not_picked":["Clash+1","Heavy Blade+1","Replay:Undeath\u0027s Touch","REME_WheelOfFate+1"],"picked":"Singing Bowl","floor":40},{"not_picked":["Run Through","AT_ManFootWork+1","Flex+1","REME_HeartOfCthun"],"picked":"Singing Bowl","floor":41},{"not_picked":["Thunderclap","Body Slam+1","ReplayTheSpireMod:Muscle Training+1","ReplayTheSpireMod:Uncanny Aura+1"],"picked":"Singing Bowl","floor":42},{"not_picked":["Wild Strike+1","Shockwave+1","Impervious+1","PanicButton+1"],"picked":"Singing Bowl","floor":45},{"not_picked":["Perfected Strike","Inflame","Life Link+1","ReplayTheSpireMod:Brewmster"],"picked":"Singing Bowl","floor":47},{"not_picked":["Pommel Strike","Clash","Burning Pact+1","REME_MawOfCthun+1"],"picked":"Singing Bowl","floor":48},{"not_picked":["Bloodletting+1","Heavy Blade+1","Flame Barrier+1","Replay:Parry+1"],"picked":"Singing Bowl","floor":54}],"player_experience":78442,"relics_obtained":[{"floor":1.0,"key":"Akabeko"},{"floor":2.0,"key":"Toxic Egg 2"},{"floor":6.0,"key":"REME_HandOfSuture"},{"floor":6.0,"key":"StrikeDummy"},{"floor":8.0,"key":"AT_RedTearstoneRing"},{"floor":10.0,"key":"Dota2Spire:ArcaneBoots"},{"floor":10.0,"key":"Dota2Spire:BladeMail"},{"floor":12.0,"key":"Another Sword"},{"floor":13.0,"key":"War Paint"},{"floor":13.0,"key":"Singing Bowl"},{"floor":14.0,"key":"Mercury Hourglass"},{"floor":17,"key":"MawBank"},{"floor":17,"key":"Dota2Spire:EchoSabre"},{"floor":18,"key":"Blue Doll"},{"floor":19,"key":"Matryoshka"},{"floor":21,"key":"Replay:Accelerometer"},{"floor":22,"key":"Bronze Scales"},{"floor":25,"key":"Anchor"},{"floor":26,"key":"CeramicFish"},{"floor":26,"key":"AT_EbonyIvory"},{"floor":28,"key":"AT_SunfireAegis"},{"floor":30,"key":"Tiny Chest"},{"floor":31,"key":"Blue Candle"},{"floor":35,"key":"The Courier"},{"floor":36,"key":"Orichalcum"},{"floor":37,"key":"AT_DeathDance"},{"floor":39,"key":"Dota2Spire:LinkenSphere"},{"floor":40,"key":"Nunchaku"},{"floor":40,"key":"Whetstone"},{"floor":41,"key":"King of Hearts"},{"floor":42,"key":"AT_GoldPhoenixTree"},{"floor":43,"key":"Smiling Mask"},{"floor":43,"key":"REME_ArchaeologicalTools"},{"floor":45,"key":"PreservedInsect"},{"floor":45,"key":"Gremlin Food"},{"floor":47,"key":"Omamori"},{"floor":47,"key":"Dota2Spire:PhaseBoots"},{"floor":48,"key":"Mirror"},{"floor":49,"key":"AT_SilvercatRing"},{"floor":54,"key":"Red Skull"},{"floor":54,"key":"AT_ArchangelStaff"}],"event_choices":[{"damage_healed":0.0,"max_hp_gain":0.0,"max_hp_loss":0.0,"gold_gain":100.0,"event_name":"Golden Shrine","player_choice":"Pray","floor":5.0,"gold_loss":0.0,"damage_taken":0.0},{"damage_healed":0,"gold_gain":0,"player_choice":"Obtained Relic","damage_taken":0,"relics_obtained":["Dream Catcher"],"max_hp_gain":0,"max_hp_loss":0,"event_name":"Addict","floor":24,"gold_loss":85},{"damage_healed":0,"gold_gain":0,"player_choice":"Ignored","damage_taken":0,"max_hp_gain":0,"max_hp_loss":0,"event_name":"Tomb of Lord Red Mask","floor":46,"gold_loss":0}],"is_beta":false,"boss_relics":[{"not_picked":["Fusion Hammer","SlaversCollar"],"picked":"Replay:Grab Bag"},{"not_picked":["Runic Dome","Velvet Choker"],"picked":"ChewingGum"},{"not_picked":["Ooze Armor","Philosopher\u0027s Stone"],"picked":"Sozu"},{"not_picked":["Ring of Chaos","Tiny House"],"picked":"REME_LowDesire"},{"not_picked":["Dota2Spire:RefresherOrb","Replay:Ancient Bell"],"picked":"AT_TrinityForce"}],"items_purged_floors":[0,0,20,38,38,53],"is_endless":false,"potions_floor_spawned":[6,8,16,25,28,29,33,35,36,40,41,45,48],"ascension_level":5}}