{"host":"3qkmyeoym75lj4wn","time":1610733159,"event":{"mods":["2.2 Compatiblity","BaseMod","Block Reminder","Colored Powertips","Highlight Path","Minty Spire (QoL Compilation)","Permanent Neow","Potion Indicator Mod","Rare Cards Sparkle","Relic Stats","StSLib","Unceasing Turn Reminder"],"gold_per_floor":[116,116,23,23,23,53,53,87,155,165,8,8,8,18,18,95,95,110,130,141,141,141,160,160,160],"floor_reached":24,"language":"ENG","playtime":792,"items_purged":[],"score":508,"play_id":"1159fa48-9ceb-485d-98e7-40e74d3f4187","local_time":"20210115175239","is_ascension_mode":true,"campfire_choices":[{"data":"Zap","floor":7.0,"key":"SMITH"},{"data":"Consume","floor":12.0,"key":"SMITH"},{"data":"Capacitor","floor":15,"key":"SMITH"}],"circlet_count":0,"master_deck":["AscendersBane","Strike_B","Strike_B","Strike_B","Strike_B","Defend_B","Defend_B","Defend_B","Defend_B","Zap+1","Dualcast","Glacier","Capacitor+1","Go for the Eyes","Consume+1","Zap","Echo Form+1","Gash","Cold Snap","Biased Cognition+1","Genetic Algorithm"],"relics":["Cracked Core","NeowsBlessing","Pantograph","Frozen Egg 2","Medical Kit","Nuclear Battery","CultistMask"],"acts_visited":["Exordium","TheCity"],"potions_floor_usage":[16,20,24,24],"damage_taken":[{"damage":0.0,"enemies":"Jaw Worm","floor":1.0,"turns":1.0},{"damage":0.0,"enemies":"Lagavulin","floor":6.0,"turns":1.0},{"damage":0.0,"enemies":"3 Sentries","floor":8.0,"turns":1.0},{"damage":0.0,"enemies":"Cultist","floor":10.0,"turns":4.0},{"damage":0,"enemies":"2 Louse","floor":14,"turns":3},{"damage":13,"enemies":"Hexaghost","floor":16,"turns":11},{"damage":19,"enemies":"3 Byrds","floor":18,"turns":5},{"damage":0,"enemies":"Spheric Guardian","floor":19,"turns":5},{"damage":12,"enemies":"Snake Plant","floor":20,"turns":5},{"damage":33,"enemies":"Centurion and Healer","floor":23,"turns":12},{"damage":17,"enemies":"Slavers","floor":24,"turns":1}],"seed_played":"6198526610396734988","potions_obtained":[{"floor":1.0,"key":"Swift Potion"},{"floor":10.0,"key":"EssenceOfSteel"},{"floor":19,"key":"ColorlessPotion"},{"floor":20,"key":"PowerPotion"}],"is_trial":false,"path_per_floor":["M","?","$","?","$","E","R","E","T","M","$","R","?","M","R","B",null,"M","M","M","?","?","M","E"],"character_chosen":"DEFECT","items_purchased":["Capacitor","Go for the Eyes","Medical Kit"],"campfire_rested":0,"item_purchase_floors":[3,3,11],"current_hp_per_floor":[64,69,69,69,69,69,69,69,69,69,69,69,69,69,69,63,73,54,54,42,42,42,9,0,0],"gold":160,"neow_bonus":"THREE_ENEMY_KILL","is_daily":false,"chose_seed":false,"campfire_upgraded":3,"win_rate":0.0,"timestamp":1610733159,"path_taken":["M","?","$","?","?","E","R","E","T","?","$","R","?","M","R","BOSS","M","M","?","?","?","M","E"],"items_purchased_type":["Card","Card","Relic"],"build_version":"2020-12-22","purchased_purges":0,"victory":false,"max_hp_per_floor":[71,76,76,76,76,76,76,76,76,76,76,76,76,76,76,76,76,76,76,76,76,76,76,76,76],"relic_stats":{"counters":[11,49],"Pantograph":7,"Medical Kit":[4],"obtain_stats":[{"NeowsBlessing":0,"Pantograph":6,"CultistMask":22,"Frozen Egg 2":8,"Cracked Core":0,"Medical Kit":11,"Nuclear Battery":17},{"NeowsBlessing":0,"Pantograph":2,"CultistMask":9,"Frozen Egg 2":3,"Cracked Core":0,"Medical Kit":4,"Nuclear Battery":6},{"NeowsBlessing":0,"Pantograph":2,"CultistMask":36,"Frozen Egg 2":3,"Cracked Core":0,"Medical Kit":7,"Nuclear Battery":21}]},"card_choices":[{"not_picked":["Stack","Conserve Battery"],"picked":"Glacier","floor":1.0},{"not_picked":["Double Energy","Blizzard","Scrape"],"picked":"SKIP","floor":6.0},{"not_picked":["Rebound","Darkness"],"picked":"Consume","floor":8.0},{"not_picked":["Steam","Gash","Redo"],"picked":"SKIP","floor":10.0},{"not_picked":["Leap","Coolheaded"],"picked":"Cold Snap","floor":14},{"not_picked":["Machine Learning+1","Hyperbeam"],"picked":"Biased Cognition+1","floor":16},{"not_picked":["Steam","Steam Power","Sweeping Beam"],"picked":"SKIP","floor":18},{"not_picked":["Turbo","Leap","Blizzard"],"picked":"SKIP","floor":19},{"not_picked":["Conserve Battery","Tempest","Scrape"],"picked":"SKIP","floor":20},{"not_picked":["Aggregate+1","Leap"],"picked":"Genetic Algorithm","floor":23}],"player_experience":1680216,"relics_obtained":[{"floor":6.0,"key":"Pantograph"},{"floor":8.0,"key":"Frozen Egg 2"}],"event_choices":[{"damage_healed":0.0,"max_hp_gain":5.0,"max_hp_loss":0.0,"gold_gain":0.0,"event_name":"Big Fish","player_choice":"Donut","floor":2.0,"gold_loss":0.0,"damage_taken":0.0},{"damage_healed":0.0,"max_hp_gain":0.0,"max_hp_loss":0.0,"gold_gain":0.0,"event_name":"Shining Light","player_choice":"Ignored","floor":4.0,"gold_loss":0.0,"damage_taken":0.0},{"damage_healed":0,"gold_gain":0,"player_choice":"3 cards matched","damage_taken":0,"max_hp_gain":0,"max_hp_loss":0,"event_name":"Match and Keep!","floor":13,"gold_loss":0,"cards_obtained":["Zap","Echo Form","Gash"]},{"damage_healed":0,"gold_gain":0,"player_choice":"Ignored","damage_taken":0,"max_hp_gain":0,"max_hp_loss":0,"event_name":"Cursed Tome","floor":21,"gold_loss":0},{"damage_healed":0,"gold_gain":0,"player_choice":"Trade","damage_taken":0,"relics_obtained":["CultistMask"],"max_hp_gain":0,"max_hp_loss":0,"event_name":"FaceTrader","floor":22,"gold_loss":0}],"is_beta":false,"boss_relics":[{"not_picked":["Sozu","Ectoplasm"],"picked":"Nuclear Battery"}],"items_purged_floors":[],"is_endless":false,"potions_floor_spawned":[1,10,19,20],"killed_by":"Slavers","ascension_level":20}}