{"host":"lsq35p0sdkx2xifo","time":1610688149,"event":{"mods":["AchievementEnabler","BaseMod","Highlight Path","Minty Spire (QoL Compilation)","StSLib","The Senshi"],"gold_per_floor":[114,132,145,162,178,206,206,206,206,219,235,235,270,270,270,348,348,368,383,48,67,87,87,87,87],"floor_reached":24,"language":"ENG","playtime":1286,"items_purged":["Strike_G"],"score":371,"play_id":"14e611f5-def3-44fa-8ca8-713c855aaac0","local_time":"20210114212229","is_ascension_mode":true,"campfire_choices":[{"floor":8,"key":"REST"},{"floor":12,"key":"REST"},{"data":"Well Laid Plans","floor":15,"key":"SMITH"},{"floor":23,"key":"REST"}],"circlet_count":0,"master_deck":["AscendersBane","Strike_G","Strike_G","Strike_G","Strike_G","Defend_G","Defend_G","Defend_G","Defend_G","Defend_G","Survivor","Neutralize+1","Poisoned Stab","Bane","Unload","Poisoned Stab","Deflect","Riddle With Holes","Well Laid Plans+1","Dodge and Roll","Flechettes","Envenom","Crippling Poison","Blade Dance","Flying Knee","Poisoned Stab"],"relics":["Ring of the Snake","theSenshi:SpiralHeartMoonRodRelic","Anchor","Incense Burner","Mercury Hourglass","Busted Crown","StrikeDummy"],"acts_visited":["Exordium","TheCity"],"potions_floor_usage":[4,16,16,18],"damage_taken":[{"damage":1,"enemies":"Small Slimes","floor":1,"turns":5},{"damage":8,"enemies":"Cultist","floor":2,"turns":4},{"damage":4,"enemies":"2 Louse","floor":3,"turns":3},{"damage":1,"enemies":"Blue Slaver","floor":4,"turns":3},{"damage":6,"enemies":"Looter","floor":5,"turns":3},{"damage":40,"enemies":"3 Sentries","floor":6,"turns":12},{"damage":0,"enemies":"Gremlin Gang","floor":10,"turns":5},{"damage":2,"enemies":"2 Fungi Beasts","floor":11,"turns":4},{"damage":13,"enemies":"Lagavulin","floor":13,"turns":6},{"damage":27,"enemies":"Slime Boss","floor":16,"turns":12},{"damage":3,"enemies":"2 Thieves","floor":18,"turns":4},{"damage":0,"enemies":"Chosen","floor":19,"turns":4},{"damage":17,"enemies":"3 Cultists","floor":21,"turns":5},{"damage":18,"enemies":"Snake Plant","floor":22,"turns":4},{"damage":50,"enemies":"Gremlin Leader","floor":24,"turns":5}],"seed_played":"754233382110176266","potions_obtained":[{"floor":3,"key":"Block Potion"},{"floor":6,"key":"Weak Potion"},{"floor":11,"key":"Weak Potion"},{"floor":16,"key":"Block Potion"},{"floor":19,"key":"Dexterity Potion"}],"is_trial":false,"path_per_floor":["M","M","M","M","M","E","?","R","T","M","M","R","E","?","R","B",null,"M","M","$","M","M","R","E"],"character_chosen":"THE_SILENT","items_purchased":["StrikeDummy"],"campfire_rested":3,"item_purchase_floors":[20],"current_hp_per_floor":[60,54,54,55,51,17,17,35,35,43,45,60,49,49,49,30,53,54,56,56,45,29,47,0,0],"gold":87,"neow_bonus":"ONE_RARE_RELIC","is_daily":false,"chose_seed":false,"campfire_upgraded":1,"win_rate":0.0,"timestamp":1610688149,"path_taken":["M","M","M","M","M","E","?","R","T","M","?","R","E","?","R","BOSS","M","M","$","M","M","R","E"],"items_purchased_type":["Relic"],"build_version":"2020-12-22","purchased_purges":1,"victory":false,"max_hp_per_floor":[60,60,60,60,60,60,60,60,60,60,60,60,60,60,60,60,60,60,60,60,60,60,60,60,60],"card_choices":[{"not_picked":["Dodge and Roll","Slice"],"picked":"Poisoned Stab","floor":1},{"not_picked":["Cloak And Dagger","Masterful Stab"],"picked":"Bane","floor":2},{"not_picked":["Endless Agony","Sucker Punch"],"picked":"Unload","floor":3},{"not_picked":["Dagger Spray","Bane"],"picked":"Poisoned Stab","floor":4},{"not_picked":["Dash","Acrobatics"],"picked":"Deflect","floor":5},{"not_picked":["Prepared","Underhanded Strike"],"picked":"Riddle With Holes","floor":6},{"not_picked":["Quick Slash","Deflect"],"picked":"Well Laid Plans","floor":10},{"not_picked":["Backflip","Quick Slash"],"picked":"Dodge and Roll","floor":11},{"not_picked":["Well Laid Plans","Prepared"],"picked":"Flechettes","floor":13},{"not_picked":["Tools of the Trade","Malaise"],"picked":"Envenom","floor":16},{"not_picked":[],"picked":"Crippling Poison","floor":18},{"not_picked":[],"picked":"Blade Dance","floor":19},{"not_picked":[],"picked":"Flying Knee","floor":21},{"not_picked":[],"picked":"Poisoned Stab","floor":22}],"player_experience":1348588,"relics_obtained":[{"floor":6,"key":"Anchor"},{"floor":9,"key":"Incense Burner"},{"floor":13,"key":"Mercury Hourglass"}],"event_choices":[{"damage_healed":0,"gold_gain":0,"player_choice":"Upgraded","damage_taken":0,"max_hp_gain":0,"max_hp_loss":0,"event_name":"Upgrade Shrine","floor":7,"gold_loss":0,"cards_upgraded":["Neutralize"]},{"damage_healed":0,"gold_gain":0,"player_choice":"Ignored","damage_taken":0,"max_hp_gain":0,"max_hp_loss":0,"event_name":"Liars Game","floor":14,"gold_loss":0}],"is_beta":false,"boss_relics":[{"not_picked":["Runic Pyramid","Pandora\u0027s Box"],"picked":"Busted Crown"}],"items_purged_floors":[20],"is_endless":false,"potions_floor_spawned":[3,6,11,16,19],"killed_by":"Gremlin Leader","ascension_level":15}}