{"host":"51mqhfpmwwd4kxyt","time":1610726576,"event":{"mods":["BaseMod","Downfall","Highlight Path","Minty Spire (QoL Compilation)","READ ME - Guardian Mod","StSLib","The Cursed","The Servant 0.9.4"],"gold_per_floor":[113,127,202,215,231,231,249,262,286,310,330,330,430,458,458,570,570,598,20,304,324,324,324],"floor_reached":22,"language":"ENG","playtime":807,"items_purged":["Strike_G"],"score":246,"play_id":"5e13f35a-7d17-44e8-91af-ea18e76a9e4b","local_time":"20210115110256","is_ascension_mode":true,"campfire_choices":[{"floor":6,"key":"REST"},{"floor":12,"key":"REST"},{"floor":15,"key":"REST"}],"circlet_count":0,"master_deck":["Strike_G","Strike_G","Strike_G","Strike_G","Defend_G","Defend_G","Defend_G","Defend_G","Defend_G","Survivor","Neutralize","Riddle With Holes","Crippling Poison","Flying Knee","Outmaneuver","Crippling Poison","Backflip","Noxious Fumes","Terror","Night Terror","All Out Attack","Reflex","Prepared","Regret"],"relics":["Ring of the Snake","NeowsBlessing","CeramicFish","Cursed Key","Question Card","Happy Flower"],"acts_visited":["Exordium","TheCity"],"potions_floor_usage":[7,11,16,18,21],"damage_taken":[{"damage":0,"enemies":"2 Louse","floor":1,"turns":1},{"damage":0,"enemies":"Cultist","floor":2,"turns":1},{"damage":0,"enemies":"Jaw Worm","floor":4,"turns":1},{"damage":14,"enemies":"Lots of Slimes","floor":5,"turns":4},{"damage":0,"enemies":"3 Louse","floor":7,"turns":2},{"damage":2,"enemies":"2 Fungi Beasts","floor":8,"turns":4},{"damage":4,"enemies":"Exordium Wildlife","floor":10,"turns":3},{"damage":25,"enemies":"Large Slime","floor":11,"turns":7},{"damage":12,"enemies":"Exordium Thugs","floor":14,"turns":5},{"damage":47,"enemies":"Slime Boss","floor":16,"turns":12},{"damage":31,"enemies":"Chosen","floor":18,"turns":6},{"damage":23,"enemies":"Spheric Guardian","floor":21,"turns":5}],"seed_played":"465149982630367669","potions_obtained":[{"floor":2,"key":"Energy Potion"},{"floor":4,"key":"FearPotion"},{"floor":5,"key":"Explosive Potion"},{"floor":8,"key":"Strength Potion"},{"floor":16,"key":"champ:CounterPotion"}],"is_trial":false,"path_per_floor":["M","M","?","M","M","R","M","M","T","M","M","R","?","M","R","B",null,"M","$","?","M","?"],"character_chosen":"THE_SILENT","items_purchased":["Question Card","Happy Flower","Reflex","Prepared"],"campfire_rested":3,"item_purchase_floors":[19,19,19,19],"current_hp_per_floor":[63,63,52,52,38,59,59,57,57,53,28,49,49,37,58,11,55,24,24,24,1,0,0],"gold":324,"neow_bonus":"THREE_ENEMY_KILL","is_daily":false,"chose_seed":false,"campfire_upgraded":0,"win_rate":0.0,"timestamp":1610726576,"path_taken":["M","M","?","M","M","R","M","M","T","M","M","R","?","?","R","BOSS","M","$","?","?","?"],"items_purchased_type":["Relic","Relic","Card","Card"],"build_version":"2020-12-22","purchased_purges":1,"victory":false,"max_hp_per_floor":[70,70,70,70,70,70,70,70,70,70,70,70,70,70,70,70,70,70,70,70,70,70,70],"card_choices":[{"not_picked":["Dagger Spray","Dodge and Roll"],"picked":"Riddle With Holes","floor":1},{"not_picked":["Poisoned Stab","Cloak And Dagger"],"picked":"Crippling Poison","floor":2},{"not_picked":["Backstab","Dodge and Roll"],"picked":"Flying Knee","floor":4},{"not_picked":["Sucker Punch","All Out Attack"],"picked":"Outmaneuver","floor":5},{"not_picked":["Deflect","Underhanded Strike","Dagger Spray"],"picked":"SKIP","floor":7},{"not_picked":["Underhanded Strike","Deflect"],"picked":"Crippling Poison","floor":8},{"not_picked":["Quick Slash","Terror"],"picked":"Backflip","floor":10},{"not_picked":["Endless Agony","Finisher"],"picked":"Noxious Fumes","floor":11},{"not_picked":["Poisoned Stab","Deflect"],"picked":"Terror","floor":14},{"not_picked":["Wraith Form v2","Venomology"],"picked":"Night Terror","floor":16},{"not_picked":["Crippling Poison+1","Deadly Poison"],"picked":"All Out Attack","floor":18},{"not_picked":["Dagger Spray+1","Flying Knee","Poisoned Stab","Bane"],"picked":"SKIP","floor":21}],"player_experience":393394,"relics_obtained":[{"floor":9,"key":"CeramicFish"}],"event_choices":[{"damage_healed":0,"gold_gain":75,"player_choice":"Gather Gold","damage_taken":11,"max_hp_gain":0,"max_hp_loss":0,"event_name":"World of Goop","floor":3,"gold_loss":0},{"damage_healed":0,"gold_gain":100,"player_choice":"Pray","damage_taken":0,"max_hp_gain":0,"max_hp_loss":0,"event_name":"Golden Shrine","floor":13,"gold_loss":0},{"damage_healed":0,"gold_gain":275,"player_choice":"Desecrate","damage_taken":0,"max_hp_gain":0,"max_hp_loss":0,"event_name":"Golden Shrine","floor":20,"gold_loss":0,"cards_obtained":["Regret"]},{"damage_healed":0,"gold_gain":0,"player_choice":"Punched","damage_taken":3,"max_hp_gain":0,"max_hp_loss":0,"event_name":"Designer","floor":22,"gold_loss":0}],"is_beta":false,"boss_relics":[{"not_picked":["SlaversCollar","Runic Dome"],"picked":"Cursed Key"}],"items_purged_floors":[19],"is_endless":false,"potions_floor_spawned":[2,4,5,8,10,16],"ascension_level":7}}