{"host":"d7fiu2yjkssjxoz6","time":1610702481,"event":{"mods":["AchievementEnabler","BaseMod","Duelist Mod","GifTheSpireLib","Minty Spire (QoL Compilation)","StSLib"],"gold_per_floor":[136,311,155,155,55,84,84,96,144,174,174,187,222,238,238,342,342,361,375,375,386,400,400,435,435,459,471,471,471,471],"floor_reached":29,"language":"ENG","playtime":4554,"items_purged":["Doubt","theDuelist:CurseAnubis"],"score":314,"play_id":"771f4db5-7ebb-4b4f-aa13-b3ac0b5f010d","local_time":"20210115012121","is_ascension_mode":true,"campfire_choices":[{"data":"theDuelist:ToonAncientGear","floor":7,"key":"SMITH"},{"floor":15,"key":"REST"},{"data":"theDuelist:ToonDarkMagician","floor":23,"key":"SMITH"}],"circlet_count":0,"master_deck":["theDuelist:CastleWalls+1","theDuelist:CastleWalls","theDuelist:MangaRyuRan","theDuelist:ToonAncientGear+1","theDuelist:ToonMermaid","theDuelist:ToonSummonedSkull","theDuelist:ToonWorld","theDuelist:ToonBriefcase","theDuelist:ToonGeminiElf+1","theDuelist:MillenniumSpellbook","theDuelist:ToonBriefcase","theDuelist:PotDichotomy","theDuelist:MillenniumGolem+1","theDuelist:FlyingSaucer","theDuelist:ToonAncientGear","theDuelist:Wiretap","theDuelist:ObeliskTormentor","CurseOfTheBell","theDuelist:ShadowToon","Bite","Bite","Bite","Bite","Bite","theDuelist:ToonDarkMagician+1","theDuelist:MillenniumShield","theDuelist:MillenniumGolem+1","theDuelist:GilfordLegend","theDuelist:RainbowKuriboh","theDuelist:CallGrave+1"],"relics":["theDuelist:MillenniumPuzzle","theDuelist:CardPoolRelic","theDuelist:CardPoolBasicRelic","theDuelist:BoosterPackPoolRelic","theDuelist:CardPoolAddRelic","theDuelist:CardPoolMinusRelic","theDuelist:CardPoolSaveRelic","theDuelist:CardPoolOptionsRelic","War Paint","Happy Flower","theDuelist:MillenniumPrayerbook","Calipers","Calling Bell","Art of War","Eternal Feather","FossilizedHelix","theDuelist:YugiMirror","Omamori"],"acts_visited":["Exordium","TheCity"],"potions_floor_usage":[16,29],"damage_taken":[{"damage":2,"enemies":"Small Slimes","floor":1,"turns":2},{"damage":28,"enemies":"3 Sentries","floor":6,"turns":6},{"damage":4,"enemies":"Cultist","floor":8,"turns":3},{"damage":15,"enemies":"Gremlin Nob","floor":10,"turns":3},{"damage":2,"enemies":"Jaw Worm","floor":12,"turns":1},{"damage":22,"enemies":"Lagavulin","floor":13,"turns":5},{"damage":3,"enemies":"3 Louse","floor":14,"turns":2},{"damage":21,"enemies":"Hexaghost","floor":16,"turns":5},{"damage":0,"enemies":"Spheric Guardian","floor":18,"turns":1},{"damage":22,"enemies":"Shell Parasite","floor":19,"turns":5},{"damage":13,"enemies":"3 Cultists","floor":21,"turns":4},{"damage":26,"enemies":"Centurion and Healer","floor":22,"turns":4},{"damage":11,"enemies":"Gremlin Leader","floor":24,"turns":9},{"damage":22,"enemies":"Snecko","floor":27,"turns":6},{"damage":23,"enemies":"Slavers","floor":29,"turns":2}],"seed_played":"-6081129072847603655","potions_obtained":[{"floor":6,"key":"theDuelist:GiftPotion"},{"floor":14,"key":"SteroidPotion"},{"floor":16,"key":"theDuelist:SealedPackE"},{"floor":18,"key":"theDuelist:LavaBottle"},{"floor":22,"key":"SkillPotion"}],"is_trial":false,"path_per_floor":["M","?","$","?","$","E","R","M","T","E","?","M","E","M","R","B",null,"M","M","?","M","M","R","E","T","T","M","?","E"],"character_chosen":"THE_DUELIST","items_purchased":["theDuelist:ToonGeminiElf"],"campfire_rested":1,"item_purchase_floors":[3],"current_hp_per_floor":[86,86,86,86,86,58,58,54,54,39,39,37,15,12,38,30,88,88,66,61,50,32,47,46,46,46,28,20,0,0],"gold":471,"neow_bonus":"TEN_PERCENT_HP_BONUS","is_daily":false,"chose_seed":false,"campfire_upgraded":2,"win_rate":0.0,"timestamp":1610702481,"path_taken":["M","?","$","?","$","E","R","M","T","E","?","M","E","M","R","BOSS","M","?","?","M","M","R","E","?","T","M","?","E"],"items_purchased_type":["Card"],"build_version":"2020-12-22","purchased_purges":2,"victory":false,"max_hp_per_floor":[88,88,88,88,88,88,88,88,88,88,88,88,88,88,88,88,88,88,88,61,61,61,61,61,61,61,61,61,61,61],"card_choices":[{"not_picked":["theDuelist:ToonCannonSoldier","theDuelist:ToonKingdom","theDuelist:ToonWorld"],"picked":"theDuelist:ToonBriefcase","floor":1},{"not_picked":["theDuelist:TrapHole","theDuelist:ToonCannonSoldier","theDuelist:ToonWorld","theDuelist:ToonKingdom"],"picked":"theDuelist:ToonBriefcase","floor":6},{"not_picked":["theDuelist:BattleOx","theDuelist:BlackPendant","theDuelist:GilfordLegend","theDuelist:PreventRat"],"picked":"theDuelist:PotDichotomy","floor":8},{"not_picked":["theDuelist:AttackTheMoon","theDuelist:GaiaMidNightSun","theDuelist:WingedKuriboh","theDuelist:HammerShot"],"picked":"theDuelist:MillenniumGolem","floor":10},{"not_picked":["theDuelist:ToonMermaid","theDuelist:ToonAncientGear","theDuelist:CheerfulCoffin","theDuelist:ToonMaskedSorcerer"],"picked":"theDuelist:FlyingSaucer","floor":12},{"not_picked":["theDuelist:MangaRyuRan","theDuelist:ToonBarrelDragon","theDuelist:FlyingSaucer","theDuelist:ToonGeminiElf"],"picked":"theDuelist:ToonAncientGear","floor":13},{"not_picked":["theDuelist:ToonDefense","theDuelist:ClearKuriboh","theDuelist:DestructPotion","theDuelist:DianKeto+1"],"picked":"theDuelist:Wiretap","floor":14},{"not_picked":["theDuelist:Mathematician","theDuelist:MillenniumShield","theDuelist:Solidarity","theDuelist:TheCreator"],"picked":"theDuelist:ObeliskTormentor","floor":16},{"not_picked":["theDuelist:SpellShatteringArrow+1","theDuelist:CheerfulCoffin+1","theDuelist:RedEyesToon","theDuelist:MangaRyuRan","theDuelist:AncientGearFist"],"picked":"SKIP","floor":18},{"not_picked":["theDuelist:AncientGearFist+1","theDuelist:ToonKingdom","theDuelist:ToonWorld","theDuelist:GiantTrunade"],"picked":"theDuelist:ShadowToon","floor":19},{"not_picked":["theDuelist:SpellShatteringArrow","theDuelist:ToonBarrelDragon","theDuelist:AncientGearFist","theDuelist:ToonMask"],"picked":"theDuelist:ToonDarkMagician","floor":21},{"not_picked":["theDuelist:LightningRodLord+1","theDuelist:GoldenApples","theDuelist:Blockman","theDuelist:ObeliskTormentor+1"],"picked":"theDuelist:MillenniumShield","floor":22},{"not_picked":["theDuelist:ClearKuriboh","theDuelist:DestroyerGolem","theDuelist:LightningRodLord","theDuelist:PowerGiant"],"picked":"theDuelist:GilfordLegend","floor":24},{"not_picked":["theDuelist:ToonDarkMagician+1","theDuelist:ToonDarkMagicianGirl","theDuelist:ToonMaskedSorcerer","theDuelist:RainbowOverdragon"],"picked":"theDuelist:RainbowKuriboh","floor":27}],"player_experience":182911,"relics_obtained":[{"floor":6,"key":"War Paint"},{"floor":9,"key":"Happy Flower"},{"floor":10,"key":"theDuelist:MillenniumPrayerbook"},{"floor":13,"key":"Calipers"},{"floor":17,"key":"Art of War"},{"floor":17,"key":"Eternal Feather"},{"floor":17,"key":"FossilizedHelix"},{"floor":24,"key":"theDuelist:YugiMirror"},{"floor":26,"key":"Omamori"}],"event_choices":[{"damage_healed":0,"gold_gain":175,"player_choice":"AGREE","damage_taken":0,"max_hp_gain":0,"max_hp_loss":0,"event_name":"Liars Game","floor":2,"gold_loss":0,"cards_obtained":["Doubt"]},{"damage_healed":0,"gold_gain":0,"player_choice":"Took item - Received: Millennium Spellbook","duelist":true,"damage_taken":0,"max_hp_gain":0,"max_hp_loss":0,"event_name":"Millennium Items","floor":4,"gold_loss":0},{"damage_healed":0,"gold_gain":0,"player_choice":"Upgraded","damage_taken":0,"max_hp_gain":0,"max_hp_loss":0,"event_name":"Upgrade Shrine","floor":11,"gold_loss":0,"cards_upgraded":["theDuelist:MillenniumGolem"]},{"damage_healed":0,"gold_gain":0,"player_choice":"Became a vampire","damage_taken":0,"max_hp_gain":0,"max_hp_loss":27,"event_name":"Vampires","floor":20,"gold_loss":0,"cards_obtained":["Bite","Bite","Bite","Bite","Bite"]},{"power_reward":1,"total_magic_score":71,"gold_gain":0,"duelist":true,"damage_taken":8,"relics_obtained":[],"points":1,"max_hp_gain":0,"max_hp_loss":0,"spent_points":{"magic":0,"greed":0,"war":0,"power":1,"hunger":0},"event_name":"Nameless Tomb","floor":28,"gold_loss":0,"cards_obtained":["theDuelist:CallGrave"]}],"is_beta":false,"boss_relics":[{"not_picked":["Ectoplasm","theDuelist:MillenniumKey"],"picked":"Calling Bell"}],"items_purged_floors":[3,5],"is_endless":false,"potions_floor_spawned":[6,14,16,18,22,24],"killed_by":"Slavers","ascension_level":2}}