{"host":"udyc8f81k2jocuhg","time":1610733934,"event":{"mods":["2.2 Compatiblity","BaseMod","Better Third Choice","Colored Powertips","Conspire","Custom Start","GifTheSpireLib","Hermit","Minty Spire (QoL Compilation)","Permanent Neow","Quick Restart","Relic Filter","Relic Stats","Replay The Spire","Shop Mod","Spikes Relics","StSLib","Stuff the Spire"],"gold_per_floor":[114,126,142,154,154,180,180,180,180],"floor_reached":8,"language":"ENG","playtime":233,"items_purged":[],"score":110,"play_id":"ed9a21bd-3739-4f5c-beae-c4fed3aa425d","local_time":"20210115190534","is_ascension_mode":true,"campfire_choices":[{"data":"Sunder","floor":7,"key":"SMITH"}],"circlet_count":0,"master_deck":["AscendersBane","Strike_B","Strike_B","Strike_B","Strike_B","Defend_B","Defend_B","Defend_B","Defend_B","Zap","Dualcast","Sunder+1","Leap","Electrodynamics","Pain"],"relics":["Inserter","WarpedTongs","Juzu Bracelet"],"acts_visited":["Exordium"],"potions_floor_usage":[],"damage_taken":[{"damage":6.0,"enemies":"2 Louse","floor":1.0,"turns":4.0},{"damage":11.0,"enemies":"Cultist","floor":2.0,"turns":5.0},{"damage":2.0,"enemies":"Small Slimes","floor":3.0,"turns":4.0},{"damage":12.0,"enemies":"Exordium Thugs","floor":4.0,"turns":4.0},{"damage":27.0,"enemies":"Lagavulin","floor":6.0,"turns":6.0},{"damage":37,"enemies":"Gremlin Nob","floor":8,"turns":3}],"seed_played":"8975808477453604497","potions_obtained":[{"floor":3.0,"key":"Fire Potion"},{"floor":4.0,"key":"FearPotion"}],"is_trial":false,"path_per_floor":["M","M","M","M","?","E","R","E"],"character_chosen":"DEFECT","items_purchased":[],"campfire_rested":0,"item_purchase_floors":[],"current_hp_per_floor":[58,47,45,33,33,6,6,0,0],"gold":180,"neow_bonus":"BOSS_RELIC","is_daily":false,"chose_seed":false,"campfire_upgraded":1,"win_rate":0.0,"timestamp":1610733934,"path_taken":["M","M","M","M","?","E","R","E"],"items_purchased_type":[],"build_version":"2020-12-22","purchased_purges":0,"victory":false,"max_hp_per_floor":[71,71,71,71,71,71,71,71,71],"relic_stats":{"Inserter":[13],"counters":[6,26],"Juzu Bracelet":0,"obtain_stats":[{"Inserter":0,"Juzu Bracelet":6,"Cracked Core":0,"WarpedTongs":5},{"Inserter":0,"Juzu Bracelet":5,"Cracked Core":0,"WarpedTongs":4},{"Inserter":0,"Juzu Bracelet":23,"Cracked Core":0,"WarpedTongs":17}],"WarpedTongs":[9]},"card_choices":[{"not_picked":["Rebound","Streamline"],"picked":"Sunder","floor":1.0},{"not_picked":["StuffTheSpire:Plugnplay","RefreshScreen","Beam Cell"],"picked":"SKIP","floor":2.0},{"not_picked":["Force Field","Hologram"],"picked":"Leap","floor":3.0},{"not_picked":["Streamline","ReplayTheSpireMod:Dual Polarity"],"picked":"Electrodynamics","floor":4.0},{"not_picked":["Sweeping Beam","FIFO Queue","BasicCrystalCard"],"picked":"SKIP","floor":6}],"player_experience":2001139,"relics_obtained":[{"floor":6,"key":"Juzu Bracelet"}],"event_choices":[{"damage_healed":0.0,"max_hp_gain":0.0,"max_hp_loss":0.0,"gold_gain":0.0,"event_name":"Accursed Blacksmith","player_choice":"Rummage","floor":5.0,"gold_loss":0.0,"damage_taken":0.0,"relics_obtained":["WarpedTongs"],"cards_obtained":["Pain"]}],"is_beta":false,"boss_relics":[],"items_purged_floors":[],"is_endless":false,"potions_floor_spawned":[3,4],"killed_by":"Gremlin Nob","ascension_level":18}}