{"host":"ibckqdmmf9y74ymf","time":1610668874,"event":{"mods":["2.2 Compatiblity","Act Like it!","BaseMod","Minty Spire (QoL Compilation)","Quick Restart","Rare Cards Sparkle"],"gold_per_floor":[113,188,200,200,214,214,240,240,240,240,251,277,277,28,28,99,99,115,132,132,132,149,165,192,192,219,235,235,250,264,297,297,370,370,388,403,422,402,418,443,463,473,522,535,181,181,181,206,206,206,206,206,206,34,62,62,62],"floor_reached":56,"language":"ENG","playtime":3122,"items_purged":["Defend_P","Defend_P+1"],"score":2172,"play_id":"d5e4e1af-c6d8-4d31-bfbe-77eb19ce8ca0","local_time":"20210115010114","is_ascension_mode":true,"campfire_choices":[{"data":"FlurryOfBlows","floor":6.0,"key":"SMITH"},{"data":"1","floor":8.0,"key":"LIFT"},{"data":"2","floor":10.0,"key":"LIFT"},{"data":"3","floor":13.0,"key":"LIFT"},{"data":"MentalFortress","floor":15.0,"key":"SMITH"},{"floor":25.0,"key":"REST"},{"floor":28.0,"key":"REST"},{"floor":32.0,"key":"REST"},{"floor":47.0,"key":"REST"},{"floor":49.0,"key":"RECALL"},{"data":"MentalFortress","floor":53,"key":"SMITH"}],"circlet_count":0,"master_deck":["AscendersBane","Defend_P+1","Eruption","Vigilance+1","FlyingSleeves+1","FlurryOfBlows+1","EmptyBody","SandsOfTime+1","MentalFortress+1","Tantrum+1","MentalFortress+1","Halt+1","LessonLearned+1","FearNoEvil+1","WreathOfFlame","Vault+1","Consecrate+1","LikeWater+1","WheelKick+1","EmptyBody+1","ClearTheMind+1","Blasphemy+1","Ragnarok+1","Vengeance+1","DevaForm+1","WindmillStrike+1","ClearTheMind+1","TalkToTheHand+1","MentalFortress+1"],"relics":["PureWater","NeowsBlessing","Girya","InkBottle","Art of War","Runic Pyramid","CultistMask","Singing Bowl","Incense Burner","Astrolabe","Regal Pillow","Damaru","Nunchaku","Blood Vial","Vajra","Ornamental Fan"],"acts_visited":["Exordium","TheCity","TheBeyond","TheEnding"],"potions_floor_usage":[51],"damage_taken":[{"damage":0.0,"enemies":"Jaw Worm","floor":1.0,"turns":1.0},{"damage":0.0,"enemies":"Small Slimes","floor":3.0,"turns":1.0},{"damage":0.0,"enemies":"2 Louse","floor":5.0,"turns":1.0},{"damage":4.0,"enemies":"Gremlin Nob","floor":7.0,"turns":3.0},{"damage":0.0,"enemies":"Large Slime","floor":11.0,"turns":2.0},{"damage":2.0,"enemies":"Lagavulin","floor":12.0,"turns":5.0},{"damage":0.0,"enemies":"Slime Boss","floor":16.0,"turns":5.0},{"damage":0.0,"enemies":"Spheric Guardian","floor":18.0,"turns":2.0},{"damage":8.0,"enemies":"Shell Parasite","floor":19.0,"turns":2.0},{"damage":0.0,"enemies":"Centurion and Healer","floor":22.0,"turns":4.0},{"damage":19.0,"enemies":"Shelled Parasite and Fungi","floor":23.0,"turns":4.0},{"damage":1.0,"enemies":"Book of Stabbing","floor":24.0,"turns":5.0},{"damage":14.0,"enemies":"Cultist and Chosen","floor":27.0,"turns":5.0},{"damage":19.0,"enemies":"Centurion and Healer","floor":29.0,"turns":4.0},{"damage":0.0,"enemies":"Chosen and Byrds","floor":30.0,"turns":3.0},{"damage":12.0,"enemies":"Slavers","floor":31.0,"turns":4.0},{"damage":12.0,"enemies":"Collector","floor":33.0,"turns":7.0},{"damage":0.0,"enemies":"Orb Walker","floor":35.0,"turns":2.0},{"damage":24.0,"enemies":"3 Shapes","floor":36.0,"turns":7.0},{"damage":0.0,"enemies":"Jaw Worm Horde","floor":37.0,"turns":6.0},{"damage":5.0,"enemies":"Writhing Mass","floor":39.0,"turns":6.0},{"damage":2.0,"enemies":"Reptomancer","floor":40.0,"turns":5.0},{"damage":8.0,"enemies":"3 Darklings","floor":41.0,"turns":4.0},{"damage":2.0,"enemies":"Jaw Worm Horde","floor":42.0,"turns":2.0},{"damage":0.0,"enemies":"Spire Growth","floor":44.0,"turns":5.0},{"damage":0.0,"enemies":"Giant Head","floor":48.0,"turns":7.0},{"damage":46.0,"enemies":"Donu and Deca","floor":50.0,"turns":7.0},{"damage":0,"enemies":"Awakened One","floor":51,"turns":7},{"damage":54,"enemies":"Shield and Spear","floor":55,"turns":10},{"damage":20,"enemies":"The Heart","floor":56,"turns":2}],"seed_played":"-4237863008081232336","potions_obtained":[{"floor":3.0,"key":"StancePotion"},{"floor":5.0,"key":"SneckoOil"},{"floor":7.0,"key":"Fire Potion"},{"floor":24.0,"key":"FearPotion"},{"floor":35.0,"key":"Swift Potion"},{"floor":38.0,"key":"EntropicBrew"},{"floor":42.0,"key":"BottledMiracle"},{"floor":44.0,"key":"DistilledChaos"}],"is_trial":false,"path_per_floor":["M","?","M","?","M","R","E","R","T","R","M","E","R","$","R","B",null,"M","M","?","?","M","M","E","R","T","M","R","M","M","E","R","B",null,"M","M","M","?","M","E","M","M","T","M","$","?","R","E","R","B","B",null,"R","$","E","B"],"character_chosen":"WATCHER","items_purchased":["Tantrum","MentalFortress","Halt","Nunchaku","MentalFortress","Vajra"],"campfire_rested":4,"item_purchase_floors":[14,14,14,45,45,54],"current_hp_per_floor":[61,50,50,30,30,30,26,26,26,26,26,24,24,24,24,24,57,57,49,49,49,49,30,31,52,52,38,59,40,40,28,49,37,62,62,40,42,42,37,37,31,31,31,33,33,33,71,73,73,29,31,68,68,68,18,0,0],"gold":62,"neow_bonus":"THREE_ENEMY_KILL","is_daily":false,"chose_seed":false,"campfire_upgraded":3,"win_rate":0.0,"timestamp":1610668874,"path_taken":["M","?","M","?","M","R","E","R","T","R","M","E","R","$","R","BOSS","M","M","?","?","M","M","E","R","T","M","R","?","M","E","R","BOSS","M","M","M","?","?","E","M","M","T","?","$","?","R","E","R","BOSS","BOSS","R","$","E","BOSS"],"items_purchased_type":["Card","Card","Card","Relic","Card","Relic"],"build_version":"2020-12-22","purchased_purges":2,"victory":false,"max_hp_per_floor":[68,68,68,68,68,68,68,68,68,68,68,68,68,68,68,68,68,68,68,68,68,68,68,70,70,70,70,70,70,70,70,70,70,70,70,72,74,74,74,76,78,80,80,82,82,78,78,80,80,80,80,80,80,80,82,82,82],"card_choices":[{"not_picked":["JustLucky","Swivel"],"picked":"FlyingSleeves","floor":1.0},{"not_picked":["JustLucky","Consecrate"],"picked":"FlurryOfBlows","floor":3.0},{"not_picked":["Pray","PathToVictory"],"picked":"EmptyBody","floor":5.0},{"not_picked":["JustLucky","Sanctity"],"picked":"SandsOfTime","floor":7.0},{"not_picked":["PathToVictory","Weave","SignatureMove"],"picked":"SKIP","floor":11.0},{"not_picked":["Vengeance","SignatureMove"],"picked":"MentalFortress","floor":12.0},{"not_picked":["SpiritShield","Ragnarok"],"picked":"LessonLearned","floor":16.0},{"not_picked":["FlyingSleeves","CutThroughFate","EmptyBody"],"picked":"SKIP","floor":18.0},{"not_picked":["Tantrum","FlyingSleeves"],"picked":"FearNoEvil","floor":19.0},{"not_picked":["Crescendo","JustLucky"],"picked":"Consecrate","floor":22.0},{"not_picked":["BowlingBash","Fasting2"],"picked":"LikeWater","floor":23.0},{"not_picked":["FearNoEvil","JustLucky","CutThroughFate"],"picked":"Singing Bowl","floor":24.0},{"not_picked":["JustLucky","ThirdEye"],"picked":"WheelKick+1","floor":27.0},{"not_picked":["ReachHeaven","FlurryOfBlows"],"picked":"EmptyBody+1","floor":29.0},{"not_picked":["Consecrate","CrushJoints"],"picked":"ClearTheMind","floor":30.0},{"not_picked":["SandsOfTime","Sanctity"],"picked":"Blasphemy","floor":31.0},{"not_picked":["Devotion","ConjureBlade"],"picked":"Ragnarok","floor":33.0},{"not_picked":["EmptyFist","JustLucky+1"],"picked":"ClearTheMind+1","floor":35.0},{"not_picked":["Evaluate+1","Sanctity","Indignation"],"picked":"Singing Bowl","floor":36.0},{"not_picked":["CrushJoints","ThirdEye","Prostrate+1"],"picked":"Singing Bowl","floor":37.0},{"not_picked":["Ragnarok","EmptyFist"],"picked":"TalkToTheHand","floor":39.0},{"not_picked":["PathToVictory","FollowUp","InnerPeace"],"picked":"Singing Bowl","floor":40.0},{"not_picked":["CarveReality","ClearTheMind","Evaluate"],"picked":"Singing Bowl","floor":41.0},{"not_picked":["PathToVictory","Protect","ThirdEye"],"picked":"Singing Bowl","floor":42.0},{"not_picked":["CutThroughFate+1","FlyingSleeves","Indignation"],"picked":"Singing Bowl","floor":44.0},{"not_picked":["BattleHymn","CutThroughFate+1","InnerPeace"],"picked":"Singing Bowl","floor":48.0},{"not_picked":["Fasting2","WheelKick","BattleHymn"],"picked":"Singing Bowl","floor":55}],"player_experience":906152,"relics_obtained":[{"floor":7.0,"key":"Girya"},{"floor":9.0,"key":"InkBottle"},{"floor":12.0,"key":"Art of War"},{"floor":24.0,"key":"Singing Bowl"},{"floor":31.0,"key":"Incense Burner"},{"floor":40.0,"key":"Regal Pillow"},{"floor":43.0,"key":"Damaru"},{"floor":48.0,"key":"Blood Vial"},{"floor":55,"key":"Ornamental Fan"}],"event_choices":[{"damage_healed":0.0,"max_hp_gain":0.0,"max_hp_loss":0.0,"gold_gain":75.0,"event_name":"World of Goop","player_choice":"Gather Gold","floor":2.0,"gold_loss":0.0,"damage_taken":11.0},{"damage_healed":0.0,"max_hp_gain":0.0,"max_hp_loss":0.0,"gold_gain":0.0,"event_name":"Shining Light","player_choice":"Entered Light","floor":4.0,"gold_loss":0.0,"damage_taken":20.0,"cards_upgraded":["Strike_P","FlyingSleeves"]},{"damage_healed":0.0,"max_hp_gain":0.0,"max_hp_loss":0.0,"gold_gain":0.0,"cards_transformed":["Strike_P","Strike_P"],"event_name":"Drug Dealer","player_choice":"Became Test Subject","floor":20.0,"gold_loss":0.0,"damage_taken":0.0,"cards_obtained":["WreathOfFlame","Vault"]},{"damage_healed":0.0,"max_hp_gain":0.0,"max_hp_loss":0.0,"gold_gain":0.0,"event_name":"FaceTrader","player_choice":"Trade","floor":21.0,"gold_loss":0.0,"damage_taken":0.0,"relics_obtained":["CultistMask"]},{"damage_healed":0.0,"max_hp_gain":0.0,"max_hp_loss":0.0,"gold_gain":0.0,"event_name":"The Woman in Blue","player_choice":"Bought 1 Potion","floor":38.0,"gold_loss":0.0,"damage_taken":0.0},{"damage_healed":0.0,"max_hp_gain":0.0,"max_hp_loss":4.0,"gold_gain":0.0,"event_name":"Winding Halls","player_choice":"Max HP","floor":46.0,"gold_loss":0.0,"damage_taken":0.0}],"is_beta":false,"boss_relics":[{"not_picked":["Empty Cage","Philosopher\u0027s Stone"],"picked":"Runic Pyramid"},{"not_picked":["Snecko Eye","Pandora\u0027s Box"],"picked":"Astrolabe"}],"items_purged_floors":[14,45],"is_endless":false,"potions_floor_spawned":[3,5,7,11,19,23,24,29,30,35,39,42,44,48],"killed_by":"The Heart","ascension_level":20}}