{"host":"yfdtuf6ojcxn06xg","time":1610669301,"event":{"mods":["2.2 Compatiblity","AchievementEnabler","BaseMod","Colored Map","Colored Powertips","Downfall","Hermit","JesterMod","Jorbs\u0027s Wanderer Trilogy","Minty Spire (QoL Compilation)","Quick Restart","Rare Cards Sparkle","Relic Stats","Replay The Spire","StSLib","The Cursed","The Disciple","The Hierophant","The Jungle","The Necromancer","The Servant 0.9.4"],"gold_per_floor":[114,114,133,149,168,168,168,197,197,228,9,27,47,67,67,67,67],"floor_reached":16,"language":"ENG","playtime":761,"items_purged":["Strike_G"],"score":148,"play_id":"1793aa32-4b0c-44a7-8792-742cadf48814","local_time":"20210114190821","is_ascension_mode":true,"campfire_choices":[{"data":"Neutralize","floor":6,"key":"SMITH"},{"data":"Infinite Blades","floor":15,"key":"SMITH"}],"circlet_count":0,"master_deck":["Strike_G","Strike_G","Strike_G","Defend_G","Defend_G","Defend_G","Defend_G","Defend_G","Survivor","Neutralize+1","Outmaneuver","Dagger Spray","Slice","Cloak And Dagger","Hidden Blade","Prepared","expansioncontent:DecasProtection","Cloak And Dagger","Slice","Prepared","Infinite Blades+1"],"relics":["Ring of the Snake","NeowsBlessing","FaceOfCleric","Vajra","Mirror","Mango","Odd Mushroom"],"acts_visited":["Exordium"],"potions_floor_usage":[8,14,16,16],"damage_taken":[{"damage":0,"enemies":"Small Slimes","floor":1,"turns":1},{"damage":0,"enemies":"Cultist","floor":3,"turns":1},{"damage":0,"enemies":"2 Louse","floor":4,"turns":1},{"damage":7,"enemies":"Exordium Wildlife","floor":5,"turns":5},{"damage":24,"enemies":"Lagavulin","floor":8,"turns":11},{"damage":13,"enemies":"Gremlin Nob","floor":10,"turns":4},{"damage":3,"enemies":"Exordium Thugs","floor":12,"turns":4},{"damage":1,"enemies":"Blue Slaver","floor":13,"turns":4},{"damage":15,"enemies":"The Mushroom Lair","floor":14,"turns":4},{"damage":29,"enemies":"Fading Forest","floor":16,"turns":11}],"seed_played":"-4390973368850683889","potions_obtained":[{"floor":1,"key":"EssenceOfSteel"},{"floor":8,"key":"GhostInAJar"},{"floor":10,"key":"Regen Potion"},{"floor":13,"key":"Dexterity Potion"},{"floor":14,"key":"hexamod:EctoCoolerPotion"}],"is_trial":false,"path_per_floor":["M","?","M","M","M","R","?","E","T","E","$","M","M","?","R","B"],"character_chosen":"THE_SILENT","items_purchased":["expansioncontent:DecasProtection","Cloak And Dagger"],"campfire_rested":0,"item_purchase_floors":[11,11],"current_hp_per_floor":[70,70,71,72,66,66,66,43,43,45,45,43,43,41,41,32,32],"gold":67,"neow_bonus":"THREE_ENEMY_KILL","is_daily":false,"chose_seed":false,"campfire_upgraded":2,"win_rate":0.0,"timestamp":1610669301,"path_taken":["M","?","M","?","?","R","?","E","T","E","$","M","M","?","R","BOSS"],"items_purchased_type":["Card","Card"],"build_version":"2020-12-22","purchased_purges":1,"victory":false,"max_hp_per_floor":[70,70,71,72,73,73,73,74,74,89,89,90,91,92,92,92,92],"relic_stats":{"FaceOfCleric":8,"counters":[10,46],"obtain_stats":[{"NeowsBlessing":0,"FaceOfCleric":2,"Vajra":8,"Mango":10,"Odd Mushroom":14,"Mirror":9,"Ring of the Snake":0},{"NeowsBlessing":0,"FaceOfCleric":1,"Vajra":5,"Mango":6,"Odd Mushroom":9,"Mirror":5,"Ring of the Snake":0},{"NeowsBlessing":0,"FaceOfCleric":1,"Vajra":19,"Mango":23,"Odd Mushroom":35,"Mirror":19,"Ring of the Snake":0}],"Ring of the Snake":[20]},"card_choices":[{"not_picked":["ReplayTheSpireMod:Tripwire","Dodge and Roll"],"picked":"Outmaneuver","floor":1},{"not_picked":["Well Laid Plans","ReplayTheSpireMod:Tripwire"],"picked":"Dagger Spray","floor":3},{"not_picked":["Dagger Spray","Distraction"],"picked":"Slice","floor":4},{"not_picked":["Eviscerate","Dodge and Roll"],"picked":"Cloak And Dagger","floor":5},{"not_picked":["ReplayTheSpireMod:Tripwire","Phantasmal Killer"],"picked":"Hidden Blade","floor":8},{"not_picked":["Deadly Poison","Bane"],"picked":"Prepared","floor":10},{"not_picked":["Acrobatics","Poisoned Stab"],"picked":"Slice","floor":12},{"not_picked":["Underhanded Strike","Dagger Throw"],"picked":"Prepared","floor":13},{"not_picked":["ReplayTheSpireMod:Speed Training","Escape Plan"],"picked":"Infinite Blades","floor":14}],"player_experience":200808,"relics_obtained":[{"floor":8,"key":"Vajra"},{"floor":9,"key":"Mirror"},{"floor":10,"key":"Mango"},{"floor":14,"key":"Odd Mushroom"}],"event_choices":[{"damage_healed":0,"gold_gain":0,"player_choice":"Trade","damage_taken":0,"relics_obtained":["FaceOfCleric"],"max_hp_gain":0,"max_hp_loss":0,"event_name":"FaceTrader","floor":2,"gold_loss":0},{"cards_removed":["Strike_G"],"damage_healed":0,"gold_gain":0,"player_choice":"Forget","damage_taken":0,"max_hp_gain":0,"max_hp_loss":0,"event_name":"Living Wall","floor":7,"gold_loss":0},{"damage_healed":0,"gold_gain":0,"player_choice":"Fought Mushrooms","damage_taken":0,"max_hp_gain":0,"max_hp_loss":0,"event_name":"Mushrooms","floor":14,"gold_loss":0}],"is_beta":false,"boss_relics":[],"items_purged_floors":[11],"is_endless":false,"potions_floor_spawned":[1,8,10,13,14],"killed_by":"Fading Forest","ascension_level":2}}