{"host":"xurz8oye0j2lsa2k","time":1610675597,"event":{"mods":["AchievementEnabler","BaseMod","Bestiary","BetterRewards","Colored Map","Hubris","Marked Mod","Minty Spire (QoL Compilation)","Permanent Neow","Replay The Spire","Spicy Shops","StSLib","UnlockEverythingMod"],"gold_per_floor":[112,126,146,157,157,157,12,46,73,89,115,135,135,146,146,249,249,262,278,294,294,34,34,50,60,60,80,80,94,111,111,111,111,111],"floor_reached":33,"language":"ENG","playtime":2180,"items_purged":[],"score":365,"play_id":"90390a2c-8060-48de-800e-0f955d47de9a","local_time":"20210114205317","is_ascension_mode":false,"campfire_choices":[{"floor":6,"key":"REST"},{"floor":13,"key":"REST"},{"floor":15,"key":"REST"},{"floor":23,"key":"REST"},{"floor":28,"key":"REST"},{"data":"MarkedMod:OneThousandNeedles","floor":32,"key":"SMITH"}],"circlet_count":0,"master_deck":["Strike_P+1","Strike_P+1","Strike_P+1","Strike_P+1","Defend_P+1","Defend_P+1","Defend_P+1","Defend_P+1","Eruption","Vigilance","Ragnarok","MarkedMod:Acupuncture","Consecrate","Replay:Hum","ClearTheMind","Halt","EmptyBody","PathToVictory","WreathOfFlame+1","MarkedMod:OneThousandNeedles+1","MarkedMod:GentlePulse+1","MarkedMod:Acupuncture"],"relics":["PureWater","Turnip","Orichalcum","hubris:Towel","Replay:Baseball","Lantern","Oddly Smooth Stone","BranchBurnRelic","Ring of Chaos","Strange Spoon","Replay:Wax Seal","Damaru"],"acts_visited":["Exordium","TheCity"],"potions_floor_usage":[8,11,16,24,25,25,33],"damage_taken":[{"damage":5,"enemies":"Small Slimes","floor":1,"turns":2},{"damage":1,"enemies":"Jaw Worm","floor":2,"turns":2},{"damage":0,"enemies":"Cultist","floor":3,"turns":2},{"damage":8,"enemies":"Lots of Slimes","floor":4,"turns":2},{"damage":23,"enemies":"Lagavulin","floor":8,"turns":5},{"damage":3,"enemies":"Exordium Wildlife","floor":10,"turns":3},{"damage":15,"enemies":"3 Sentries","floor":11,"turns":4},{"damage":0,"enemies":"Looter","floor":12,"turns":1},{"damage":0,"enemies":"2 Fungi Beasts","floor":14,"turns":2},{"damage":2,"enemies":"Fading Forest","floor":16,"turns":11},{"damage":14,"enemies":"2 Thieves","floor":18,"turns":3},{"damage":16,"enemies":"3 Byrds","floor":19,"turns":5},{"damage":14,"enemies":"Snecko","floor":20,"turns":6},{"damage":0,"enemies":"Cultist and Chosen","floor":24,"turns":1},{"damage":15,"enemies":"Snake Plant","floor":25,"turns":4},{"damage":3,"enemies":"Centurion and Healer","floor":27,"turns":3},{"damage":6,"enemies":"Cultist and Chosen","floor":29,"turns":3},{"damage":2,"enemies":"Snecko","floor":30,"turns":3},{"damage":58,"enemies":"Champ","floor":33,"turns":10}],"seed_played":"-783449959425570061","potions_obtained":[{"floor":4,"key":"FearPotion"},{"floor":8,"key":"Strength Potion"},{"floor":10,"key":"Swift Potion"},{"floor":19,"key":"BlessingOfTheForge"},{"floor":24,"key":"EntropicBrew"},{"floor":29,"key":"Milkshake"}],"is_trial":false,"path_per_floor":["M","M","M","M","?","R","$","E","T","M","E","M","R","M","R","B",null,"M","M","M","?","$","R","M","M","T","M","R","M","M","?","R","B"],"character_chosen":"WATCHER","items_purchased":["Ragnarok","MarkedMod:Acupuncture","Orichalcum","Replay:Baseball","MarkedMod:OneThousandNeedles","Strange Spoon","Replay:Wax Seal"],"campfire_rested":5,"item_purchase_floors":[0,0,0,7,22,22,22],"current_hp_per_floor":[35,34,34,26,26,47,47,24,24,21,6,6,27,32,53,66,72,58,42,28,28,28,49,49,34,34,31,52,55,53,53,53,10,10],"gold":111,"neow_bonus":"","is_daily":false,"chose_seed":false,"campfire_upgraded":1,"win_rate":0.0,"timestamp":1610675597,"path_taken":["M","M","M","M","?","R","?","E","T","?","E","M","R","M","R","BOSS","M","?","M","?","$","R","M","M","T","M","R","M","M","?","R","BOSS"],"items_purchased_type":["Card","Card","Relic","Relic","Card","Relic","Relic"],"build_version":"2020-12-22","purchased_purges":0,"victory":false,"max_hp_per_floor":[72,72,72,72,72,72,72,72,72,72,72,72,72,72,72,72,72,72,72,72,72,72,72,72,72,72,72,72,72,72,72,72,72,72],"card_choices":[{"not_picked":["Replay:Vibes","WheelKick","JustLucky"],"picked":"SKIP","floor":1},{"not_picked":["Crescendo","MarkedMod:Acupuncture"],"picked":"Consecrate","floor":2},{"not_picked":["SashWhip","Replay:Anticipation"],"picked":"Replay:Hum","floor":3},{"not_picked":["Replay:AtTheReady","FlyingSleeves"],"picked":"ClearTheMind","floor":4},{"not_picked":["JustLucky","FlyingSleeves"],"picked":"Halt","floor":8},{"not_picked":["LikeWater","MarkedMod:FirstStrike"],"picked":"EmptyBody","floor":10},{"not_picked":["Halt","Replay:BluntJabs"],"picked":"PathToVictory","floor":11},{"not_picked":["Sanctity","Replay:AtTheReady","MarkedMod:Acupuncture"],"picked":"SKIP","floor":12},{"not_picked":["Halt","Alpha","Replay:Cycle"],"picked":"SKIP","floor":14},{"not_picked":["MarkedMod:Acupuncture","Replay:AtTheReady+1","EmptyBody"],"picked":"SKIP","floor":18},{"not_picked":["InnerPeace","JustLucky","Nirvana"],"picked":"SKIP","floor":19},{"not_picked":["MarkedMod:Acupuncture","Weave"],"picked":"WreathOfFlame+1","floor":20},{"not_picked":["WindmillStrike","Prostrate"],"picked":"MarkedMod:GentlePulse+1","floor":24},{"not_picked":["Replay:AtTheReady","Evaluate","Adaptation"],"picked":"SKIP","floor":25},{"not_picked":["WheelKick","Crescendo"],"picked":"MarkedMod:Acupuncture","floor":27},{"not_picked":["WreathOfFlame","ThirdEye","Replay:Anticipation"],"picked":"SKIP","floor":29},{"not_picked":["Crescendo","ReachHeaven+1","WaveOfTheHand+1"],"picked":"SKIP","floor":30}],"player_experience":505523,"relics_obtained":[{"floor":8,"key":"Lantern"},{"floor":9,"key":"Oddly Smooth Stone"},{"floor":11,"key":"Dead Branch"},{"floor":26,"key":"Damaru"}],"event_choices":[{"damage_healed":0,"gold_gain":0,"player_choice":"Simplicity","damage_taken":0,"max_hp_gain":0,"max_hp_loss":0,"event_name":"Back to Basics","floor":21,"gold_loss":0,"cards_upgraded":["Strike_P","Strike_P","Strike_P","Strike_P","Defend_P","Defend_P","Defend_P","Defend_P"]},{"damage_healed":0,"gold_gain":0,"player_choice":"Ignored","damage_taken":0,"max_hp_gain":0,"max_hp_loss":0,"event_name":"Vampires","floor":31,"gold_loss":0}],"is_beta":false,"boss_relics":[{"not_picked":["hubris:GrandSneckoEye","Honey Jar"],"picked":"Ring of Chaos"}],"items_purged_floors":[],"is_endless":false,"potions_floor_spawned":[4,8,10,19,24,29],"killed_by":"Champ","ascension_level":0}}