{"host":"w8hyb6r2p1qw4rwx","time":1610691109,"event":{"mods":["Act Like it!","AlwaysNeverKeys","Ascension Reborn","Ascension Unlocker","Aspiration","BaseMod","Better Altar","Better Silent Start","Better Third Choice","Better-Laid Plans","BetterRewards","Block Reminder","Colored Map","Colored Powertips","Conspire","Dark Map","Defuse TimeMaze Blight","Disable Question Mark Monsters","Displayed Cursed Tome","Dota2Spire","Downfall","Elementarium","Energized Spire","Evolution","Fox Events","GifTheSpireLib","Googly Eyes","Halation","HexUI Lib","Highlight Path","Hubris","Humility","Hyrulean Relics","Infinite Spire","Kratos Character Expansion","Minty Spire (QoL Compilation)","Permanent Neow","RRrroohrrRGHHhhh!!","Random Character Button","Rare Cards Sparkle","Replay The Spire","Reworked Bosses","SacredBarkPlus","Shop Mod","Small Relic Pack","Spicy Shops","Spikes Relics","StSLib","Stuff the Spire","SuperFastMode","Uncapped","UnlockEverythingMod","slay the spire mod where everything is the same but ironclad has a cowboy hat"],"gold_per_floor":[242,258,258,258,258,258,285,301,327,391,91,91,101,128,128,261,261,280,490,507,527,573,573,603,603,629,629,640,640,107,136,136,136,263,263,292,325,393,435,483,580,580,651,651,706,770,770,871,955,955,985,985,985,591,656,801],"floor_reached":57,"language":"ENG","playtime":2038,"items_purged":[],"score":2032,"play_id":"1934d069-7b29-4a9a-a488-d1617227eedb","local_time":"20210114221149","is_ascension_mode":true,"campfire_choices":[{"data":"Survivor","floor":6,"key":"SMITH"},{"data":"conspire:DoublingDagger","floor":32,"key":"SMITH"},{"data":"StuffTheSpire:DoubleShiv","floor":33,"key":"SMITH"},{"data":"Neutralize","floor":42,"key":"SMITH"},{"data":"Strike_G","floor":47,"key":"SMITH"},{"data":"Strike_G","floor":50,"key":"SMITH"},{"data":"Bane","floor":53,"key":"SMITH"}],"circlet_count":0,"master_deck":["Strike_G+1","Strike_G+1","Strike_G+1","Strike_G+1","Defend_G","Defend_G","Defend_G","Survivor+1","Neutralize+1","conspire:DoublingDagger+1","CurseOfTheBell","Footwork","Noxious Fumes","Noxious Fumes","rorgmod:Tools of the Trade","StuffTheSpire:DoubleShiv+1","Well Laid Plans+1","rorgmod:Slice+1","StuffTheSpire:DoubleShiv+1","Adrenaline","Bane+1","Dagger Spray+1"],"relics":["Ring of the Snake","EVO:Axolotl","Dota2Spire:AghanimScepter","Dota2Spire:ArcaneBoots","Dota2Spire:ArmletOfMordiggian","Dota2Spire:AssaultCuirass","Dota2Spire:BattleFury","Dota2Spire:Bloodstone","Dota2Spire:Butterfly","Dota2Spire:Dagon","Dota2Spire:Desolator","Dota2Spire:DivineRapier","Dota2Spire:DrumOfEndurance","Dota2Spire:EchoSabre","Dota2Spire:EtherealBlade","Dota2Spire:EyeOfSkadi","Dota2Spire:HandOfMidas","Dota2Spire:HeartOfTarrasque","Dota2Spire:LinkenSphere","Dota2Spire:MagicBottle","Dota2Spire:Mjollnir","Dota2Spire:MonkeyKingBar","Dota2Spire:OctarineCore","Dota2Spire:OrchidMalevolence","Dota2Spire:PhaseBoots","Dota2Spire:PowerTreads","Dota2Spire:RefresherOrb","Dota2Spire:Satanic","Dota2Spire:ShivaGuard","Dota2Spire:UrnOfShadows","Dota2Spire:Vanguard","Turnip","Replay:Rubber Ducky","aspiration:ArtOfWarUpgrade","Calling Bell","Ginger","Dota2Spire:AghanimScepter","MerchantsRug","Mercury Hourglass","Happy Flower","Ninja Scroll","Whetstone","HornCleat","conspire:DecoderRing","infinitespire:EvilPickle","energizedSpire:OgreHead","Dota2Spire:EchoSabre","Replay:Baseball","Toy Ornithopter","ExplosiveVial","Omamori"],"acts_visited":["Exordium","TheCity","TheBeyond","TheEnding"],"potions_floor_usage":[39,51,51,56,56,56],"damage_taken":[{"damage":0,"enemies":"2 Louse","floor":1,"turns":2},{"damage":0,"enemies":"Jaw Worm","floor":2,"turns":1},{"damage":0,"enemies":"3 Sentries","floor":7,"turns":1},{"damage":0,"enemies":"Small Slimes","floor":8,"turns":1},{"damage":0,"enemies":"Lagavulin","floor":10,"turns":1},{"damage":0,"enemies":"Exordium Thugs","floor":13,"turns":1},{"damage":0,"enemies":"Gremlin Nob","floor":14,"turns":1},{"damage":0,"enemies":"Fading Forest","floor":16,"turns":4},{"damage":0,"enemies":"Shell Parasite","floor":18,"turns":1},{"damage":0,"enemies":"2 Thieves","floor":20,"turns":1},{"damage":0,"enemies":"Snecko","floor":21,"turns":2},{"damage":0,"enemies":"Centurion and Healer","floor":22,"turns":1},{"damage":0,"enemies":"conspire:SneckoGhost","floor":24,"turns":2},{"damage":0,"enemies":"Snake Plant","floor":28,"turns":1},{"damage":0,"enemies":"Slavers","floor":31,"turns":1},{"damage":12,"enemies":"Pondfish","floor":34,"turns":4},{"damage":0,"enemies":"Orb Walker","floor":36,"turns":1},{"damage":6,"enemies":"3 Shapes","floor":37,"turns":1},{"damage":0,"enemies":"Jaw Worm Horde","floor":38,"turns":1},{"damage":0,"enemies":"Transient","floor":39,"turns":3},{"damage":0,"enemies":"Maw","floor":40,"turns":1},{"damage":0,"enemies":"Reptomancer","floor":41,"turns":1},{"damage":0,"enemies":"Nightmare","floor":43,"turns":1},{"damage":6,"enemies":"Sphere and 2 Shapes","floor":45,"turns":1},{"damage":0,"enemies":"Transient","floor":46,"turns":2},{"damage":6,"enemies":"4 Shapes","floor":48,"turns":1},{"damage":0,"enemies":"Nemesis","floor":49,"turns":2},{"damage":19,"enemies":"infinitespire:MassOfShapes","floor":51,"turns":4},{"damage":0,"enemies":"Shield and Spear","floor":55,"turns":1},{"damage":13,"enemies":"The Heart","floor":56,"turns":3}],"seed_played":"1417983887325423105","potions_obtained":[{"floor":2,"key":"SkillPotion"},{"floor":7,"key":"Dota2Spire:HealingSalve"},{"floor":13,"key":"Languid Potion"},{"floor":39,"key":"Reflective Coating"}],"is_trial":false,"path_per_floor":["M","M","?","?","?","R","E","M","T","E","$","?","M","E","R","B",null,"M","$","M","M","M","R","E","?","T","?","M","?","$","E","R","R","B",null,"M","M","M","M","M","E","R","NM","T","M","M","R","M","E","R","B",null,"R","$","E","B",null],"character_chosen":"THE_SILENT","items_purchased":["MerchantsRug","Noxious Fumes","Ninja Scroll","Whetstone","HornCleat","halation:PeacePiece","ExplosiveVial","Adrenaline Potion","DuplicationPotion"],"campfire_rested":0,"item_purchase_floors":[19,19,30,30,30,54,54,54,54],"current_hp_per_floor":[83,83,83,83,83,83,83,83,83,83,83,83,83,83,83,83,83,83,83,83,83,83,83,83,83,83,83,83,83,83,83,83,83,71,83,83,77,77,77,77,77,77,77,77,71,71,71,65,65,65,83,83,83,83,83,83],"gold":801,"neow_bonus":"HUNDRED_GOLD","is_daily":false,"chose_seed":false,"campfire_upgraded":7,"win_rate":0.0,"timestamp":1610691109,"path_taken":["M","M","?","?","?","R","E","?","T","E","$","?","M","E","R","BOSS","M","$","M","M","M","R","E","?","T","?","?","?","?","E","R","R","BOSS","M","M","M","M","M","E","R","NM","T","M","M","R","M","E","R","BOSS","R","$","E","BOSS"],"items_purchased_type":["Relic","Card","Relic","Relic","Relic","Relic","Relic","Potion","Potion"],"build_version":"2020-12-22","purchased_purges":0,"victory":true,"max_hp_per_floor":[83,83,83,83,83,83,83,83,83,83,83,83,83,83,83,83,83,83,83,83,83,83,83,83,83,83,83,83,83,83,83,83,83,83,83,83,83,83,83,83,83,83,83,83,83,83,83,83,83,83,83,83,83,83,83,83],"card_choices":[{"not_picked":["Dash","hubris:TrickCloak","Terror"],"picked":"SKIP","floor":1},{"not_picked":["Sucker Punch","ReplayTheSpireMod:The Works","Heel Hook"],"picked":"SKIP","floor":2},{"not_picked":["Sucker Punch","ReplayTheSpireMod:The Works","Heel Hook"],"picked":"SKIP","floor":2},{"not_picked":["Bane","ReplayTheSpireMod:Speed Training","Eviscerate"],"picked":"SKIP","floor":7},{"not_picked":["Dodge and Roll","Distraction","Backflip"],"picked":"SKIP","floor":8},{"not_picked":["Deflect","Acrobatics","StuffTheSpire:Repulse"],"picked":"SKIP","floor":10},{"not_picked":["StuffTheSpire:Shiver","Predator","rorgmod:Prepared"],"picked":"SKIP","floor":13},{"not_picked":["rorgmod:Accuracy","StuffTheSpire:BumpUp"],"picked":"conspire:DoublingDagger","floor":14},{"not_picked":["Acrobatics","Distraction"],"picked":"Footwork","floor":18},{"not_picked":["Hidden Blade+1","rorgmod:Slice","Dodge and Roll"],"picked":"SKIP","floor":20},{"not_picked":["rorgmod:Tendon Slice","StuffTheSpire:Shiver","Flying Knee+1"],"picked":"SKIP","floor":21},{"not_picked":["StuffTheSpire:ClusterCrunch+1","Acrobatics+1"],"picked":"rorgmod:Tools of the Trade","floor":22},{"not_picked":["Eviscerate+1","Riddle With Holes+1","ReplayTheSpireMod:Scrap Shanks"],"picked":"SKIP","floor":24},{"not_picked":["Masterful Stab+1","PiercingWail+1"],"picked":"StuffTheSpire:DoubleShiv","floor":28},{"not_picked":["Acrobatics+1","StuffTheSpire:Repulse+1","Tactician"],"picked":"SKIP","floor":31},{"not_picked":["Concentrate","StuffTheSpire:ClusterCrunch"],"picked":"Well Laid Plans+1","floor":36},{"not_picked":["StuffTheSpire:ReptileScales+1","Outmaneuver+1","Quick Slash"],"picked":"SKIP","floor":37},{"not_picked":["Dodge and Roll+1","StuffTheSpire:Sprint+1"],"picked":"rorgmod:Slice+1","floor":38},{"not_picked":["Dodge and Roll+1","Bane+1","Deadly Poison+1"],"picked":"SKIP","floor":39},{"not_picked":["StuffTheSpire:Incursion","hubris:Sniper","Backflip"],"picked":"SKIP","floor":40},{"not_picked":["Pace","Dagger Throw"],"picked":"StuffTheSpire:DoubleShiv+1","floor":41},{"not_picked":["hubris:SlightOfHand+1","Sucker Punch"],"picked":"Adrenaline","floor":43},{"not_picked":["StuffTheSpire:Fury+1","After Image"],"picked":"Bane","floor":45},{"not_picked":["Poisoned Stab","Dodge and Roll+1","ShadowRift+1"],"picked":"SKIP","floor":46},{"not_picked":["Bane","StuffTheSpire:BumpUp+1"],"picked":"Dagger Spray+1","floor":48},{"not_picked":["Tactician+1","Toxin Wave","conspire:DoublingDagger"],"picked":"SKIP","floor":49},{"not_picked":["infinitespire:Neurotoxin","conspire:PoisonWeapons","rorgmod:Tendon Slice+1"],"picked":"SKIP","floor":55}],"player_experience":67076,"relics_obtained":[{"floor":7,"key":"Turnip"},{"floor":9,"key":"Replay:Rubber Ducky"},{"floor":10,"key":"Art of War"},{"floor":14,"key":"conspire:TopHat"},{"floor":17,"key":"halation:IllGainedPizza"},{"floor":17,"key":"Ginger"},{"floor":17,"key":"Dota2Spire:AghanimScepter"},{"floor":24,"key":"Mercury Hourglass"},{"floor":26,"key":"Happy Flower"},{"floor":31,"key":"conspire:DecoderRing"},{"floor":41,"key":"Dota2Spire:EchoSabre"},{"floor":43,"key":"Replay:Baseball"},{"floor":49,"key":"Toy Ornithopter"},{"floor":55,"key":"Omamori"}],"event_choices":[{"damage_healed":0,"gold_gain":0,"player_choice":"Leave","damage_taken":0,"max_hp_gain":0,"max_hp_loss":0,"event_name":"conspire:Investor","floor":4,"gold_loss":0},{"cards_removed":["StuffTheSpire:FinalStruggle"],"damage_healed":0,"gold_gain":0,"player_choice":"Purged","damage_taken":0,"max_hp_gain":0,"max_hp_loss":0,"event_name":"Purifier","floor":5,"gold_loss":0},{"damage_healed":0,"gold_gain":0,"player_choice":"Ignored","damage_taken":0,"max_hp_gain":0,"max_hp_loss":0,"event_name":"Golden Idol","floor":12,"gold_loss":0},{"damage_healed":0,"gold_gain":0,"player_choice":"Ignored","damage_taken":0,"max_hp_gain":0,"max_hp_loss":0,"event_name":"Vampires","floor":25,"gold_loss":0},{"damage_healed":0,"gold_gain":0,"player_choice":"Bought 0 Potions","damage_taken":0,"max_hp_gain":0,"max_hp_loss":0,"event_name":"The Woman in Blue","floor":27,"gold_loss":0}],"is_beta":false,"boss_relics":[{"not_picked":["Replay:Grab Bag","aspiration:RunicSpoon"],"picked":"Calling Bell"},{"not_picked":["aspiration:RitualDagger","halation:PinkAlligatorPlush"],"picked":"energizedSpire:OgreHead"}],"items_purged_floors":[],"is_endless":true,"potions_floor_spawned":[2,7,13,14,20,21,28,34,39,40,43,45,46,49],"ascension_level":1}}