{"host":"jnjxzd6rarbui4j8","time":1610751583,"event":{"mods":["AchievementEnabler","BaseMod","Colored Map","Highlight Path","Minty Spire (QoL Compilation)","Relic Stats","StSLib"],"gold_per_floor":[369,383,383,438,59,59,75,75,99,99,140,170,170,217,217,319,319,342,257,275,275,294,338,338,376,376,376,416,24,24,73,73,171,198,227,227,277,10,50,50,70,70,94,123,165,165,210,240,240,240,240,240,240,41,76,76,76],"floor_reached":56,"language":"ENG","playtime":11227,"items_purged":["Strike_G","Defend_G"],"score":2195,"play_id":"96a3ab3a-df75-48b2-b0c1-b77b46b947ef","local_time":"20210115175943","is_ascension_mode":true,"campfire_choices":[{"data":"Dagger Spray","floor":6.0,"key":"SMITH"},{"data":"Die Die Die","floor":13.0,"key":"SMITH"},{"data":"Predator","floor":15.0,"key":"SMITH"},{"floor":27.0,"key":"REST"},{"floor":30.0,"key":"REST"},{"data":"Noxious Fumes","floor":32.0,"key":"SMITH"},{"data":"Wraith Form v2","floor":40.0,"key":"SMITH"},{"floor":42.0,"key":"RECALL"},{"data":"Well Laid Plans","floor":49.0,"key":"SMITH"},{"data":"Leg Sweep","floor":53,"key":"SMITH"}],"circlet_count":0,"master_deck":["AscendersBane","Defend_G","Defend_G","Survivor","Neutralize","Slice+1","Leg Sweep+1","Die Die Die+1","Dagger Spray+1","Poisoned Stab+1","Predator+1","Die Die Die","Acrobatics","Envenom","Dash","Prepared+1","Well Laid Plans+1","Noxious Fumes+1","Dark Shackles","Leg Sweep+1","Wraith Form v2+1","Bane+1","Setup+1","Sucker Punch+1","Noxious Fumes+1","Acrobatics+1","Tools of the Trade","Bouncing Flask+1","Backflip+1","Acrobatics+1","Dark Shackles+1"],"relics":["Ring of the Snake","Orichalcum","PreservedInsect","Golden Idol","CeramicFish","Oddly Smooth Stone","Velvet Choker","Snake Skull","Whetstone","Blood Vial","Sundial","Mummified Hand","Juzu Bracelet","Centennial Puzzle","Art of War","Astrolabe","OrangePellets","Dead Branch","Potion Belt","Eternal Feather","Ornamental Fan","War Paint"],"acts_visited":["Exordium","TheCity","TheBeyond","TheEnding"],"potions_floor_usage":[51,56,56,56],"damage_taken":[{"damage":21.0,"enemies":"Jaw Worm","floor":1.0,"turns":8.0},{"damage":0.0,"enemies":"Small Slimes","floor":2.0,"turns":3.0},{"damage":0.0,"enemies":"2 Louse","floor":7.0,"turns":1.0},{"damage":7.0,"enemies":"Lagavulin","floor":11.0,"turns":7.0},{"damage":0.0,"enemies":"2 Fungi Beasts","floor":12.0,"turns":1.0},{"damage":0.0,"enemies":"Gremlin Nob","floor":14.0,"turns":3.0},{"damage":22.0,"enemies":"Slime Boss","floor":16.0,"turns":7.0},{"damage":4.0,"enemies":"Shell Parasite","floor":18.0,"turns":4.0},{"damage":0.0,"enemies":"Chosen","floor":22.0,"turns":5.0},{"damage":11.0,"enemies":"Book of Stabbing","floor":23.0,"turns":4.0},{"damage":12.0,"enemies":"Gremlin Leader","floor":25.0,"turns":4.0},{"damage":11.0,"enemies":"Book of Stabbing","floor":28.0,"turns":4.0},{"damage":7.0,"enemies":"Gremlin Leader","floor":31.0,"turns":4.0},{"damage":12.0,"enemies":"Automaton","floor":33.0,"turns":10.0},{"damage":12.0,"enemies":"3 Darklings","floor":35.0,"turns":7.0},{"damage":0.0,"enemies":"Mind Bloom Boss Battle","floor":39.0,"turns":6.0},{"damage":2.0,"enemies":"3 Shapes","floor":41.0,"turns":5.0},{"damage":5.0,"enemies":"Sphere and 2 Shapes","floor":44.0,"turns":4.0},{"damage":0.0,"enemies":"Giant Head","floor":45.0,"turns":7.0},{"damage":0.0,"enemies":"Reptomancer","floor":47.0,"turns":5.0},{"damage":0.0,"enemies":"4 Shapes","floor":48.0,"turns":4.0},{"damage":49.0,"enemies":"Awakened One","floor":50.0,"turns":16.0},{"damage":0,"enemies":"Donu and Deca","floor":51,"turns":9},{"damage":2,"enemies":"Shield and Spear","floor":55,"turns":8},{"damage":53,"enemies":"The Heart","floor":56,"turns":9}],"seed_played":"-2085198886865560899","potions_obtained":[{"floor":1.0,"key":"EntropicBrew"},{"floor":14.0,"key":"LiquidBronze"},{"floor":16.0,"key":"SneckoOil"},{"floor":22.0,"key":"Ancient Potion"},{"floor":23.0,"key":"EntropicBrew"},{"floor":28.0,"key":"EssenceOfSteel"},{"floor":39.0,"key":"Swift Potion"},{"floor":44.0,"key":"Energy Potion"},{"floor":45.0,"key":"Strength Potion"},{"floor":55,"key":"PowerPotion"}],"is_trial":false,"path_per_floor":["M","M","?","T","$","R","M","?","T","?","E","M","R","E","R","B",null,"M","?","?","?","M","E","T","E","T","R","E","$","R","E","R","B",null,"M","?","?","$","?","R","M","R","T","M","E","?","E","M","R","B","B",null,"R","$","E","B"],"character_chosen":"THE_SILENT","items_purchased":["PreservedInsect","Die Die Die","Dagger Spray","Noxious Fumes","Dark Shackles","Centennial Puzzle","OrangePellets","Dark Shackles","SkillPotion","SteroidPotion"],"campfire_rested":2,"item_purchase_floors":[5,5,5,29,29,29,38,54,54,54],"current_hp_per_floor":[38,38,38,38,38,38,38,31,31,31,24,24,24,24,24,2,41,37,37,37,37,37,26,26,16,16,32,23,23,39,34,34,24,47,37,37,37,37,39,39,39,39,39,36,38,38,40,42,51,2,4,39,51,51,49,0,0],"gold":76,"neow_bonus":"TWO_FIFTY_GOLD","is_daily":false,"chose_seed":false,"campfire_upgraded":7,"win_rate":0.0,"timestamp":1610751583,"path_taken":["M","M","?","?","$","R","M","?","T","?","E","M","R","E","R","BOSS","M","?","?","?","M","E","?","E","T","R","E","$","R","E","R","BOSS","M","?","?","$","?","R","M","R","T","M","E","?","E","M","R","BOSS","BOSS","R","$","E","BOSS"],"items_purchased_type":["Relic","Card","Card","Card","Card","Relic","Relic","Card","Potion","Potion"],"build_version":"2020-12-22","purchased_purges":2,"victory":false,"max_hp_per_floor":[60,60,60,60,60,60,60,60,60,54,54,54,54,54,54,54,54,54,54,54,54,54,54,54,54,54,54,54,54,54,54,54,54,54,54,51,51,51,51,51,51,51,51,51,51,51,51,51,51,51,51,51,51,51,51,51,51],"relic_stats":{"counters":[25,145],"Golden Idol":172,"CeramicFish":198,"Astrolabe":["Bane","Setup","Sucker Punch"],"Dead Branch":[51],"Eternal Feather":21,"PreservedInsect":518,"Snake Skull":[344],"Juzu Bracelet":1,"Whetstone":["Poisoned Stab","Slice"],"Orichalcum":[204],"War Paint":["Dark Shackles","Acrobatics"],"Blood Vial":26,"OrangePellets":[18],"Centennial Puzzle":[24],"Sundial":[18],"Mummified Hand":[91],"Ornamental Fan":[60],"Art of War":[12],"obtain_stats":[{"Potion Belt":43,"Golden Idol":10,"CeramicFish":11,"Astrolabe":34,"Dead Branch":39,"Oddly Smooth Stone":14,"Velvet Choker":17,"Eternal Feather":45,"PreservedInsect":5,"Snake Skull":19,"Juzu Bracelet":28,"Whetstone":23,"Orichalcum":4,"War Paint":55,"Blood Vial":24,"OrangePellets":38,"Centennial Puzzle":29,"Sundial":25,"Mummified Hand":26,"Ornamental Fan":47,"Art of War":31,"Ring of the Snake":0},{"Potion Belt":17,"Golden Idol":3,"CeramicFish":4,"Astrolabe":14,"Dead Branch":16,"Oddly Smooth Stone":6,"Velvet Choker":7,"Eternal Feather":19,"PreservedInsect":2,"Snake Skull":8,"Juzu Bracelet":12,"Whetstone":10,"Orichalcum":2,"War Paint":24,"Blood Vial":10,"OrangePellets":15,"Centennial Puzzle":12,"Sundial":11,"Mummified Hand":11,"Ornamental Fan":20,"Art of War":13,"Ring of the Snake":0},{"Potion Belt":83,"Golden Idol":12,"CeramicFish":19,"Astrolabe":65,"Dead Branch":78,"Oddly Smooth Stone":23,"Velvet Choker":30,"Eternal Feather":94,"PreservedInsect":11,"Snake Skull":34,"Juzu Bracelet":51,"Whetstone":43,"Orichalcum":11,"War Paint":136,"Blood Vial":43,"OrangePellets":72,"Centennial Puzzle":51,"Sundial":47,"Mummified Hand":47,"Ornamental Fan":99,"Art of War":55,"Ring of the Snake":0}],"Ring of the Snake":[50]},"card_choices":[{"not_picked":["Flechettes","Deadly Poison"],"picked":"Slice","floor":1.0},{"not_picked":["Outmaneuver","Acrobatics"],"picked":"Leg Sweep","floor":2.0},{"not_picked":["Concentrate","Underhanded Strike","Deflect"],"picked":"SKIP","floor":7.0},{"not_picked":["Sucker Punch","Storm of Steel","Cloak And Dagger"],"picked":"SKIP","floor":11.0},{"not_picked":["Deflect","Underhanded Strike"],"picked":"Poisoned Stab","floor":12.0},{"not_picked":["Flechettes","Doppelganger"],"picked":"Predator","floor":14.0},{"not_picked":["Burst","A Thousand Cuts"],"picked":"Die Die Die","floor":16.0},{"not_picked":["Dagger Spray","Dodge and Roll"],"picked":"Acrobatics","floor":18.0},{"not_picked":["Eviscerate","Setup","Masterful Stab"],"picked":"SKIP","floor":22.0},{"not_picked":["Outmaneuver","Flying Knee+1"],"picked":"Prepared+1","floor":23.0},{"not_picked":["Bullet Time","Blade Dance","Deadly Poison"],"picked":"SKIP","floor":25.0},{"not_picked":["Envenom","Concentrate+1"],"picked":"Well Laid Plans","floor":28.0},{"not_picked":["Dodge and Roll","Masterful Stab"],"picked":"Leg Sweep+1","floor":31.0},{"not_picked":["Adrenaline","Phantasmal Killer"],"picked":"Wraith Form v2","floor":33.0},{"not_picked":["Dagger Spray","Dagger Throw"],"picked":"Noxious Fumes+1","floor":35.0},{"not_picked":["Infinite Blades+1","Calculated Gamble"],"picked":"Acrobatics","floor":39.0},{"not_picked":["Infinite Blades","Quick Slash+1","Caltrops"],"picked":"SKIP","floor":41.0},{"not_picked":["Bane","Endless Agony"],"picked":"Tools of the Trade","floor":44.0},{"not_picked":["Caltrops","Riddle With Holes"],"picked":"Bouncing Flask+1","floor":45.0},{"not_picked":["Dagger Spray","Reflex"],"picked":"Backflip+1","floor":47.0},{"not_picked":["Outmaneuver+1","Distraction"],"picked":"Acrobatics+1","floor":48.0},{"not_picked":["Choke+1","Underhanded Strike","Cloak And Dagger"],"picked":"SKIP","floor":55}],"player_experience":2465297,"relics_obtained":[{"floor":4.0,"key":"Orichalcum"},{"floor":11.0,"key":"CeramicFish"},{"floor":14.0,"key":"Oddly Smooth Stone"},{"floor":23.0,"key":"Whetstone"},{"floor":24.0,"key":"Blood Vial"},{"floor":25.0,"key":"Sundial"},{"floor":26.0,"key":"Mummified Hand"},{"floor":28.0,"key":"Juzu Bracelet"},{"floor":31.0,"key":"Art of War"},{"floor":39.0,"key":"Dead Branch"},{"floor":43.0,"key":"Potion Belt"},{"floor":45.0,"key":"Eternal Feather"},{"floor":47.0,"key":"Ornamental Fan"},{"floor":55,"key":"War Paint"}],"event_choices":[{"damage_healed":0.0,"max_hp_gain":0.0,"max_hp_loss":0.0,"gold_gain":0.0,"event_name":"Scrap Ooze","player_choice":"Fled","floor":3.0,"gold_loss":0.0,"damage_taken":0.0},{"cards_removed":["Defend_G"],"damage_healed":0.0,"max_hp_gain":0.0,"max_hp_loss":0.0,"gold_gain":0.0,"event_name":"Golden Wing","player_choice":"Card Removal","floor":8.0,"gold_loss":0.0,"damage_taken":7.0},{"damage_healed":0.0,"max_hp_gain":0.0,"max_hp_loss":6.0,"gold_gain":0.0,"event_name":"Golden Idol","player_choice":"Lose Max HP","floor":10.0,"gold_loss":0.0,"damage_taken":0.0,"relics_obtained":["Golden Idol"]},{"damage_healed":0.0,"max_hp_gain":0.0,"max_hp_loss":0.0,"gold_gain":0.0,"event_name":"Addict","player_choice":"Obtained Relic","floor":19.0,"gold_loss":85.0,"damage_taken":0.0,"relics_obtained":["Snake Skull"]},{"damage_healed":0.0,"max_hp_gain":0.0,"max_hp_loss":0.0,"gold_gain":0.0,"cards_transformed":["Strike_G","Strike_G"],"event_name":"Drug Dealer","player_choice":"Became Test Subject","floor":20.0,"gold_loss":0.0,"damage_taken":0.0,"cards_obtained":["Envenom","Dash"]},{"damage_healed":0.0,"max_hp_gain":0.0,"max_hp_loss":0.0,"gold_gain":0.0,"event_name":"Vampires","player_choice":"Ignored","floor":21.0,"gold_loss":0.0,"damage_taken":0.0},{"damage_healed":0.0,"max_hp_gain":0.0,"max_hp_loss":3.0,"gold_gain":0.0,"event_name":"Winding Halls","player_choice":"Max HP","floor":36.0,"gold_loss":0.0,"damage_taken":0.0},{"damage_healed":0.0,"max_hp_gain":0.0,"max_hp_loss":0.0,"gold_gain":50.0,"event_name":"Golden Shrine","player_choice":"Pray","floor":37.0,"gold_loss":0.0,"damage_taken":0.0},{"damage_healed":0.0,"max_hp_gain":0.0,"max_hp_loss":0.0,"gold_gain":0.0,"event_name":"MindBloom","player_choice":"Fight","floor":39.0,"gold_loss":0.0,"damage_taken":0.0},{"damage_healed":0.0,"max_hp_gain":0.0,"max_hp_loss":0.0,"gold_gain":0.0,"event_name":"Tomb of Lord Red Mask","player_choice":"Ignored","floor":46.0,"gold_loss":0.0,"damage_taken":0.0}],"is_beta":false,"boss_relics":[{"not_picked":["Ring of the Serpent","Pandora\u0027s Box"],"picked":"Velvet Choker"},{"not_picked":["WristBlade","Cursed Key"],"picked":"Astrolabe"}],"items_purged_floors":[29,38],"is_endless":false,"potions_floor_spawned":[1,14,16,22,23,28,39,44,45,55],"killed_by":"The Heart","ascension_level":20}}