{"host":"kiehjq3lc4w5t4uc","time":1610715841,"event":{"mods":["AchievementEnabler","BaseMod","BetterRewards","Colored Map","Colored Powertips","DeckTracker","Good Game Mod","Minty Spire (QoL Compilation)","Quick Restart","Rare Cards Sparkle","Relic Stats","Shop Mod","StSLib","SuperFastMode"],"gold_per_floor":[116,134,134,1,15,41,41,60,60,86,86,86,86,97,97,197,197,214,196,216,216,227,227,127,137,188,70,83,118,118,128,128,223,223,235,246,246,258,101,101,114,134,134,150,163,163,163],"floor_reached":46,"language":"KOR","playtime":4723,"items_purged":["Strike_G","Defend_G","Defend_G"],"score":699,"play_id":"2f06db13-df07-4255-b1a8-be88fa91b714","local_time":"20210115220401","is_ascension_mode":true,"campfire_choices":[{"data":"Neutralize","floor":7.0,"key":"SMITH"},{"data":"Footwork","floor":11.0,"key":"SMITH"},{"data":"Footwork","floor":15.0,"key":"SMITH"},{"data":"Tools of the Trade","floor":23.0,"key":"SMITH"},{"data":"After Image","floor":32.0,"key":"SMITH"},{"data":"Footwork","floor":40.0,"key":"SMITH"}],"circlet_count":0,"master_deck":["Strike_G","Strike_G","Strike_G","Defend_G+1","Defend_G","Defend_G+1","Survivor+1","Neutralize+1","Panacea","Bandage Up+1","Dagger Spray","Tactician","Reflex","Footwork+1","Slice","Footwork+1","After Image+1","Prepared+1","Footwork+1","Tools of the Trade+1","Reflex","Quick Slash+1","Malaise","Prepared+1","Acrobatics+1","Deflect+1","Dagger Throw+1"],"relics":["Ring of the Snake","REME:ComplimentaryCards","Paper Crane","Lee\u0027s Waffle","Lizard Tail","Blood Vial","ClockworkSouvenir","Shuriken","Bronze Scales","War Paint","Pantograph","Philosopher\u0027s Stone","Oddly Smooth Stone","Calipers","InkBottle","Coffee Dripper","TwistedFunnel","Sundial"],"acts_visited":["Exordium","TheCity","TheBeyond"],"potions_floor_usage":[],"damage_taken":[{"damage":1.0,"enemies":"Small Slimes","floor":1.0,"turns":2.0},{"damage":1.0,"enemies":"2 Louse","floor":2.0,"turns":2.0},{"damage":0.0,"enemies":"Cultist","floor":5.0,"turns":4.0},{"damage":45.0,"enemies":"Gremlin Nob","floor":6.0,"turns":6.0},{"damage":8.0,"enemies":"Red Slaver","floor":8.0,"turns":5.0},{"damage":7.0,"enemies":"Lagavulin","floor":10.0,"turns":8.0},{"damage":2.0,"enemies":"2 Fungi Beasts","floor":14.0,"turns":3.0},{"damage":6.0,"enemies":"The Guardian","floor":16.0,"turns":12.0},{"damage":12.0,"enemies":"3 Byrds","floor":18.0,"turns":1.0},{"damage":19.0,"enemies":"2 Thieves","floor":19.0,"turns":4.0},{"damage":7.0,"enemies":"Snake Plant","floor":20.0,"turns":6.0},{"damage":14.0,"enemies":"Centurion and Healer","floor":22.0,"turns":12.0},{"damage":11.0,"enemies":"Shelled Parasite and Fungi","floor":25.0,"turns":6.0},{"damage":2.0,"enemies":"3 Cultists","floor":28.0,"turns":5.0},{"damage":15.0,"enemies":"Slavers","floor":29.0,"turns":7.0},{"damage":0.0,"enemies":"Snake Plant","floor":31.0,"turns":5.0},{"damage":10.0,"enemies":"Collector","floor":33.0,"turns":8.0},{"damage":19.0,"enemies":"3 Shapes","floor":35.0,"turns":5.0},{"damage":3.0,"enemies":"Orb Walker","floor":36.0,"turns":4.0},{"damage":32.0,"enemies":"Writhing Mass","floor":38.0,"turns":7.0},{"damage":33.0,"enemies":"4 Shapes","floor":41.0,"turns":7.0},{"damage":0.0,"enemies":"Spire Growth","floor":42.0,"turns":4.0},{"damage":2.0,"enemies":"Writhing Mass","floor":44.0,"turns":6.0},{"damage":28.0,"enemies":"Sphere and 2 Shapes","floor":45.0,"turns":7.0},{"damage":2,"enemies":"4 Shapes","floor":46,"turns":2}],"seed_played":"8556649837251618858","potions_obtained":[{"floor":5.0,"key":"BlessingOfTheForge"},{"floor":8.0,"key":"Strength Potion"},{"floor":14.0,"key":"Explosive Potion"},{"floor":22.0,"key":"Block Potion"},{"floor":31.0,"key":"Poison Potion"},{"floor":35.0,"key":"Strength Potion"}],"is_trial":false,"path_per_floor":["M","M","?","?","M","E","R","M","T","E","R","$","?","M","R","B",null,"M","M","M","?","M","R","$","M","T","$","M","E","?","M","R","B",null,"M","M","?","M","$","R","M","M","T","M","M","M"],"character_chosen":"THE_SILENT","items_purchased":["Paper Crane","Lee\u0027s Waffle","Bandage Up","Dagger Spray","ClockworkSouvenir","Calipers","TwistedFunnel"],"campfire_rested":0,"item_purchase_floors":[0,0,0,0,0,27,39],"current_hp_per_floor":[77,76,61,61,69,32,32,32,32,33,33,33,33,39,39,66,77,65,54,55,55,49,49,49,46,46,46,52,45,45,53,53,73,77,58,63,63,39,39,39,14,22,22,28,8,8,8],"gold":163,"neow_bonus":"","is_daily":false,"chose_seed":false,"campfire_upgraded":6,"win_rate":0.0,"timestamp":1610715841,"path_taken":["M","M","?","?","M","E","R","?","T","E","R","?","?","?","R","BOSS","M","?","M","?","M","R","$","?","T","$","M","E","?","M","R","BOSS","M","M","?","M","$","R","M","M","T","M","M","?"],"items_purchased_type":["Relic","Relic","Card","Card","Relic","Relic","Relic"],"build_version":"2020-12-22","purchased_purges":3,"victory":false,"max_hp_per_floor":[77,77,77,77,77,77,77,77,77,77,77,77,77,77,77,77,77,77,77,77,77,77,77,77,77,77,77,77,77,77,77,77,77,77,77,77,77,77,77,77,77,77,77,77,77,77,77],"relic_stats":{"Blood Vial":40,"Lee\u0027s Waffle":7,"Lizard Tail":0,"counters":[52,266],"Shuriken":[66],"Sundial":[2],"Bronze Scales":[395],"Pantograph":49,"War Paint":["Defend_G","Survivor"],"obtain_stats":[{"TwistedFunnel":39,"Calipers":27,"Mango":44,"Whetstone":8,"Sling":20,"Cursed Key":34,"ClockworkSouvenir":0,"Blood Vial":0,"Nunchaku":25,"Lizard Tail":0,"Mummified Hand":40,"Sundial":43,"Pantograph":10,"MealTicket":9,"Prayer Wheel":27,"Philosopher\u0027s Stone":17,"Kunai":30,"Toxic Egg 2":0,"InkBottle":29,"Ring of the Snake":0,"Girya":23,"Lee\u0027s Waffle":0,"Golden Idol":2,"Oddly Smooth Stone":26,"Eternal Feather":14,"Pen Nib":39,"Frozen Egg 2":0,"Odd Mushroom":10,"War Paint":19,"Paper Crane":0,"Anchor":28,"REME:ComplimentaryCards":0,"Shuriken":4,"Bronze Scales":6,"Molten Egg 2":0,"Coffee Dripper":17,"Membership Card":13,"FossilizedHelix":6,"Meat on the Bone":26},{"TwistedFunnel":47,"Calipers":40,"Mango":24,"Whetstone":6,"Sling":11,"Cursed Key":17,"ClockworkSouvenir":27,"Blood Vial":27,"Nunchaku":13,"Lizard Tail":27,"Mummified Hand":22,"Sundial":49,"Pantograph":33,"MealTicket":6,"Prayer Wheel":13,"Philosopher\u0027s Stone":35,"Kunai":15,"Toxic Egg 2":0,"InkBottle":42,"Ring of the Snake":0,"Girya":12,"Lee\u0027s Waffle":27,"Golden Idol":1,"Oddly Smooth Stone":40,"Eternal Feather":9,"Pen Nib":21,"Frozen Egg 2":0,"Odd Mushroom":7,"War Paint":11,"Paper Crane":27,"Anchor":14,"REME:ComplimentaryCards":0,"Shuriken":29,"Bronze Scales":31,"Molten Egg 2":0,"Coffee Dripper":10,"Membership Card":8,"FossilizedHelix":4,"Meat on the Bone":13},{"TwistedFunnel":240,"Calipers":199,"Mango":113,"Whetstone":22,"Sling":46,"Cursed Key":79,"ClockworkSouvenir":128,"Blood Vial":128,"Nunchaku":58,"Lizard Tail":128,"Mummified Hand":103,"Sundial":251,"Pantograph":155,"MealTicket":22,"Prayer Wheel":58,"Philosopher\u0027s Stone":170,"Kunai":67,"Toxic Egg 2":0,"InkBottle":211,"Ring of the Snake":0,"Girya":52,"Lee\u0027s Waffle":128,"Golden Idol":3,"Oddly Smooth Stone":199,"Eternal Feather":31,"Pen Nib":98,"Frozen Egg 2":0,"Odd Mushroom":25,"War Paint":46,"Paper Crane":128,"Anchor":63,"REME:ComplimentaryCards":0,"Shuriken":132,"Bronze Scales":142,"Molten Egg 2":0,"Coffee Dripper":43,"Membership Card":27,"FossilizedHelix":15,"Meat on the Bone":58}],"InkBottle":[33],"Ring of the Snake":[104]},"card_choices":[{"not_picked":["Noxious Fumes","Riddle With Holes"],"picked":"Tactician","floor":1.0},{"not_picked":["Caltrops","Underhanded Strike","Quick Slash"],"picked":"SKIP","floor":2.0},{"not_picked":["Calculated Gamble","Blur"],"picked":"Reflex","floor":5.0},{"not_picked":["Endless Agony","PiercingWail"],"picked":"Footwork","floor":6.0},{"not_picked":["Underhanded Strike","Bane","Dash"],"picked":"SKIP","floor":8.0},{"not_picked":["Eviscerate","Slice","Dash"],"picked":"SKIP","floor":10.0},{"not_picked":["Crippling Poison","Dodge and Roll"],"picked":"Footwork","floor":14.0},{"not_picked":["Night Terror","Grand Finale"],"picked":"After Image","floor":16.0},{"not_picked":["Flying Knee","Dagger Throw"],"picked":"Prepared","floor":18.0},{"not_picked":["Slice","Flying Knee"],"picked":"Footwork","floor":19.0},{"not_picked":["Escape Plan","Noxious Fumes","Expertise"],"picked":"SKIP","floor":20.0},{"not_picked":["Underhanded Strike","Outmaneuver"],"picked":"Tools of the Trade","floor":22.0},{"not_picked":["Cloak And Dagger","Deadly Poison+1","PiercingWail"],"picked":"SKIP","floor":25.0},{"not_picked":["Deadly Poison+1","Outmaneuver+1","Heel Hook+1"],"picked":"SKIP","floor":28.0},{"not_picked":["Outmaneuver","Malaise","PiercingWail"],"picked":"SKIP","floor":29.0},{"not_picked":["Eviscerate","Dagger Spray+1"],"picked":"Quick Slash+1","floor":31.0},{"not_picked":["Venomology","Burst"],"picked":"Malaise","floor":33.0},{"not_picked":["Blade Dance+1","Riddle With Holes+1","Choke+1"],"picked":"SKIP","floor":35.0},{"not_picked":["Masterful Stab","Reflex+1"],"picked":"Prepared+1","floor":36.0},{"not_picked":["Skewer+1","Leg Sweep"],"picked":"Acrobatics+1","floor":38.0},{"not_picked":["Underhanded Strike","Choke","Caltrops"],"picked":"SKIP","floor":41.0},{"not_picked":["Bane+1","Distraction+1"],"picked":"Deflect+1","floor":42.0},{"not_picked":["Deadly Poison","Predator"],"picked":"Dagger Throw+1","floor":44.0},{"not_picked":["Masterful Stab","Predator+1","Infinite Blades"],"picked":"SKIP","floor":45.0}],"player_experience":89207,"relics_obtained":[{"floor":6.0,"key":"Bronze Scales"},{"floor":9.0,"key":"War Paint"},{"floor":10.0,"key":"Pantograph"},{"floor":26.0,"key":"Oddly Smooth Stone"},{"floor":29.0,"key":"InkBottle"},{"floor":43.0,"key":"Sundial"}],"event_choices":[{"damage_healed":0.0,"max_hp_gain":0.0,"max_hp_loss":0.0,"gold_gain":0.0,"event_name":"Shining Light","player_choice":"Entered Light","floor":3.0,"gold_loss":0.0,"damage_taken":15.0,"cards_upgraded":["Defend_G","Bandage Up"]},{"damage_healed":0.0,"max_hp_gain":0.0,"max_hp_loss":0.0,"gold_gain":0.0,"event_name":"WeMeetAgain","player_choice":"Paid Gold","floor":4.0,"gold_loss":133.0,"damage_taken":0.0,"relics_obtained":["Shuriken"]},{"damage_healed":0.0,"max_hp_gain":0.0,"max_hp_loss":0.0,"gold_gain":0.0,"event_name":"Match and Keep!","player_choice":"1 cards matched","floor":13.0,"gold_loss":0.0,"damage_taken":0.0,"cards_obtained":["Slice"]},{"damage_healed":0.0,"max_hp_gain":0.0,"max_hp_loss":0.0,"gold_gain":0.0,"event_name":"Upgrade Shrine","player_choice":"Upgraded","floor":21.0,"gold_loss":0.0,"damage_taken":0.0,"cards_upgraded":["Prepared"]},{"damage_healed":0.0,"max_hp_gain":0.0,"max_hp_loss":0.0,"gold_gain":0.0,"event_name":"Duplicator","player_choice":"Copied","floor":30.0,"gold_loss":0.0,"damage_taken":0.0,"cards_obtained":["Reflex"]},{"cards_removed":["Strike_G"],"damage_healed":0.0,"max_hp_gain":0.0,"max_hp_loss":0.0,"gold_gain":0.0,"event_name":"Purifier","player_choice":"Purged","floor":37.0,"gold_loss":0.0,"damage_taken":0.0}],"is_beta":false,"boss_relics":[{"not_picked":["Runic Pyramid","Cursed Key"],"picked":"Philosopher\u0027s Stone"},{"not_picked":["Calling Bell","WristBlade"],"picked":"Coffee Dripper"}],"items_purged_floors":[0,24,27],"is_endless":false,"potions_floor_spawned":[5,8,14,22,25,31,35,45],"killed_by":"4 Shapes","ascension_level":3}}