{"host":"z9811rt50ti81n54","time":1610690287,"event":{"mods":["BaseMod","Better Match","Better Skull","Better Third Choice","Minty Spire (QoL Compilation)","Permanent Neow","StSLib","SuperFastMode"],"gold_per_floor":[116,66,166,179,196,196,211,211,261,23,36,36,36,36,36,134,134,149,149,163,163,14,46,46,46,46,57,57,0,16,36,36,137,137,148,98,315,332,7,7,25,25,48,0,0,0,12,12,12,12,12],"floor_reached":50,"language":"ENG","playtime":1152,"items_purged":["Strike_G","Strike_G","Strike_G"],"score":523,"play_id":"11bd00a4-5cb0-47f7-bcc0-fbaa3297e78e","local_time":"20210115145807","is_ascension_mode":false,"campfire_choices":[{"data":"All Out Attack","floor":6.0,"key":"SMITH"},{"data":"Cloak And Dagger","floor":8.0,"key":"SMITH"},{"data":"Accuracy","floor":15.0,"key":"SMITH"},{"floor":25,"key":"REST"},{"data":"Envenom","floor":32,"key":"SMITH"},{"floor":40,"key":"REST"},{"floor":49,"key":"REST"}],"circlet_count":0,"master_deck":["Defend_G","Defend_G","Defend_G","Defend_G","Survivor","Flying Knee","Cloak And Dagger+1","All Out Attack+1","Dagger Throw","Accuracy+1","Predator+1","Envenom+1","Endless Agony+1","Acrobatics+1","Infinite Blades","Noxious Fumes+1","Cloak And Dagger+1","Eviscerate+1","Tools of the Trade","Expertise+1","Terror","Dagger Spray","Leg Sweep","Expertise+1","Madness","Madness","PiercingWail+1","Prepared+1"],"relics":["Empty Cage","Juzu Bracelet","ClockworkSouvenir","Dream Catcher","Ninja Scroll","HoveringKite","MutagenicStrength","Thread and Needle","Smiling Mask","Runic Dome","Bronze Scales","Kunai","Orichalcum","Red Mask"],"acts_visited":["Exordium","TheCity","TheBeyond"],"potions_floor_usage":[16,18,18,33,33,41,47],"damage_taken":[{"damage":0.0,"enemies":"2 Louse","floor":1.0,"turns":2.0},{"damage":2.0,"enemies":"Small Slimes","floor":4.0,"turns":4.0},{"damage":0.0,"enemies":"Cultist","floor":5.0,"turns":4.0},{"damage":2.0,"enemies":"Exordium Wildlife","floor":7.0,"turns":3.0},{"damage":0.0,"enemies":"2 Fungi Beasts","floor":11.0,"turns":2.0},{"damage":18,"enemies":"Hexaghost","floor":16,"turns":5},{"damage":0,"enemies":"2 Thieves","floor":18,"turns":3},{"damage":0,"enemies":"Chosen","floor":20,"turns":4},{"damage":14,"enemies":"Slavers","floor":23,"turns":3},{"damage":0,"enemies":"3 Cultists","floor":27,"turns":3},{"damage":1,"enemies":"Chosen and Byrds","floor":30,"turns":3},{"damage":0,"enemies":"Sentry and Sphere","floor":31,"turns":3},{"damage":0,"enemies":"Automaton","floor":33,"turns":6},{"damage":0,"enemies":"Orb Walker","floor":35,"turns":3},{"damage":12,"enemies":"3 Darklings","floor":38,"turns":3},{"damage":7,"enemies":"Maw","floor":41,"turns":5},{"damage":6,"enemies":"Jaw Worm Horde","floor":47,"turns":4},{"damage":76,"enemies":"Donu and Deca","floor":50,"turns":7}],"seed_played":"-6835879469635251106","potions_obtained":[{"floor":4.0,"key":"SteroidPotion"},{"floor":7.0,"key":"LiquidMemories"},{"floor":16,"key":"Block Potion"},{"floor":18,"key":"Regen Potion"},{"floor":20,"key":"Dexterity Potion"},{"floor":31,"key":"Block Potion"},{"floor":38,"key":"CunningPotion"}],"is_trial":false,"path_per_floor":["M","?","?","M","M","R","M","R","T","$","M","?","?","?","R","B",null,"M","?","M","?","$","E","?","R","T","M","?","?","M","M","R","B",null,"M","$","?","M","$","R","M","?","T","?","?","?","M","?","R","B"],"character_chosen":"THE_SILENT","items_purchased":["ClockworkSouvenir","Accuracy","Infinite Blades","Kunai","Dagger Spray"],"campfire_rested":3,"item_purchase_floors":[10,10,22,39,39],"current_hp_per_floor":[70,70,70,68,68,68,66,66,66,66,66,54,59,59,59,41,75,75,61,61,61,61,47,47,71,71,71,71,71,70,70,70,80,80,80,80,34,22,22,46,39,70,70,70,70,61,55,55,70,0,0],"gold":12,"neow_bonus":"BOSS_RELIC","is_daily":false,"chose_seed":false,"campfire_upgraded":4,"win_rate":0.0,"timestamp":1610690287,"path_taken":["M","?","?","?","M","R","M","R","T","$","M","?","?","?","R","BOSS","M","?","M","?","?","E","?","R","T","M","?","?","M","M","R","BOSS","M","$","?","M","$","R","M","?","T","?","?","?","M","?","R","BOSS"],"items_purchased_type":["Relic","Card","Card","Relic","Card"],"build_version":"2020-12-22","purchased_purges":3,"victory":false,"max_hp_per_floor":[70,70,70,70,70,70,70,70,70,70,70,70,75,75,75,75,75,75,80,80,80,80,80,80,80,80,80,80,80,80,80,80,80,80,80,80,80,80,80,80,80,70,70,70,70,70,70,70,70,70,70],"card_choices":[{"not_picked":["PiercingWail","Deflect"],"picked":"Flying Knee","floor":1.0},{"not_picked":["Dagger Throw","Slice"],"picked":"Cloak And Dagger","floor":4.0},{"not_picked":["Concentrate","Tactician"],"picked":"All Out Attack","floor":5.0},{"not_picked":["Quick Slash","Prepared"],"picked":"Dagger Throw","floor":7.0},{"not_picked":["Outmaneuver","Acrobatics"],"picked":"Predator","floor":11.0},{"not_picked":["Burst","Doppelganger"],"picked":"Envenom","floor":16},{"not_picked":["Crippling Poison","PiercingWail"],"picked":"Endless Agony+1","floor":18},{"not_picked":["Underhanded Strike+1","Calculated Gamble"],"picked":"Acrobatics+1","floor":20},{"not_picked":["Poisoned Stab+1","Flying Knee"],"picked":"Noxious Fumes+1","floor":23},{"not_picked":["Acrobatics","Choke"],"picked":"Cloak And Dagger+1","floor":27},{"not_picked":["Flechettes","Masterful Stab","Quick Slash"],"picked":"SKIP","floor":30},{"not_picked":["Outmaneuver","Quick Slash+1"],"picked":"Eviscerate+1","floor":31},{"not_picked":["After Image","Unload"],"picked":"Tools of the Trade","floor":33},{"not_picked":["Deflect","Blur"],"picked":"Expertise+1","floor":35},{"not_picked":["Poisoned Stab","Sucker Punch+1"],"picked":"Terror","floor":38},{"not_picked":["Dash","Eviscerate+1"],"picked":"Leg Sweep","floor":40},{"not_picked":["Backflip","Underhanded Strike"],"picked":"Expertise+1","floor":41},{"not_picked":["Dagger Spray","Slice"],"picked":"PiercingWail+1","floor":47},{"not_picked":["Masterful Stab+1","Caltrops+1"],"picked":"Prepared+1","floor":49}],"player_experience":380097,"relics_obtained":[{"floor":9.0,"key":"Juzu Bracelet"},{"floor":23,"key":"Thread and Needle"},{"floor":26,"key":"Smiling Mask"},{"floor":43,"key":"Orichalcum"}],"event_choices":[{"cards_removed":["Strike_G"],"damage_healed":0.0,"max_hp_gain":0.0,"max_hp_loss":0.0,"gold_gain":0.0,"event_name":"The Cleric","player_choice":"Card Removal","floor":2.0,"gold_loss":50.0,"damage_taken":0.0},{"damage_healed":0.0,"max_hp_gain":0.0,"max_hp_loss":0.0,"gold_gain":100.0,"event_name":"Golden Shrine","player_choice":"Pray","floor":3.0,"gold_loss":0.0,"damage_taken":0.0},{"damage_healed":0.0,"max_hp_gain":0.0,"max_hp_loss":0.0,"gold_gain":0.0,"event_name":"Scrap Ooze","player_choice":"Success","floor":12.0,"gold_loss":0.0,"damage_taken":12.0,"relics_obtained":["Dream Catcher"]},{"damage_healed":0.0,"max_hp_gain":5.0,"max_hp_loss":0.0,"gold_gain":0.0,"event_name":"Big Fish","player_choice":"Donut","floor":13.0,"gold_loss":0.0,"damage_taken":0.0},{"damage_healed":0.0,"max_hp_gain":0.0,"max_hp_loss":0.0,"gold_gain":0.0,"event_name":"Dead Adventurer","player_choice":"Searched \u00271\u0027 times","floor":14.0,"gold_loss":0.0,"damage_taken":0.0,"relics_obtained":["Ninja Scroll"]},{"damage_healed":0,"gold_gain":0,"player_choice":"Shed Blood","damage_taken":19,"max_hp_gain":5,"max_hp_loss":0,"event_name":"Forgotten Altar","floor":19,"gold_loss":0},{"damage_healed":0,"gold_gain":0,"player_choice":"Inject Mutagens","damage_taken":0,"relics_obtained":["MutagenicStrength"],"max_hp_gain":0,"max_hp_loss":0,"event_name":"Drug Dealer","floor":21,"gold_loss":0},{"damage_healed":0,"gold_gain":0,"player_choice":"Ignored","damage_taken":0,"max_hp_gain":0,"max_hp_loss":0,"event_name":"NoteForYourself","floor":28,"gold_loss":0},{"damage_healed":0,"gold_gain":0,"player_choice":"Paid Fearfully","damage_taken":0,"max_hp_gain":0,"max_hp_loss":0,"event_name":"Masked Bandits","floor":29,"gold_loss":57},{"damage_healed":0,"gold_gain":217,"player_choice":"RE UP GO GO ","damage_taken":52,"relics_obtained":["Bronze Scales"],"max_hp_gain":0,"max_hp_loss":0,"event_name":"betterSkull:BetterSkull","floor":37,"gold_loss":0,"cards_upgraded":["Predator"]},{"damage_healed":70,"gold_gain":0,"player_choice":"Heal","damage_taken":0,"max_hp_gain":0,"max_hp_loss":10,"event_name":"The Moai Head","floor":42,"gold_loss":0},{"damage_healed":0,"gold_gain":0,"player_choice":"Paid","damage_taken":0,"relics_obtained":["Red Mask"],"max_hp_gain":0,"max_hp_loss":0,"event_name":"Tomb of Lord Red Mask","floor":44,"gold_loss":48},{"damage_healed":0,"gold_gain":0,"player_choice":"Ignored","damage_taken":0,"max_hp_gain":0,"max_hp_loss":0,"event_name":"Mysterious Sphere","floor":45,"gold_loss":0},{"damage_healed":0,"gold_gain":0,"player_choice":"Embrace Madness","damage_taken":9,"max_hp_gain":0,"max_hp_loss":0,"event_name":"Winding Halls","floor":46,"gold_loss":0,"cards_obtained":["Madness","Madness"]},{"cards_removed":["Neutralize"],"damage_healed":0,"gold_gain":0,"player_choice":"Purged","damage_taken":0,"max_hp_gain":0,"max_hp_loss":0,"event_name":"Purifier","floor":48,"gold_loss":0}],"is_beta":false,"boss_relics":[{"not_picked":["Tiny House","Ectoplasm"],"picked":"HoveringKite"},{"not_picked":["Calling Bell","Philosopher\u0027s Stone"],"picked":"Runic Dome"}],"items_purged_floors":[22,36,39],"is_endless":false,"potions_floor_spawned":[4,7,16,18,20,31,38],"killed_by":"Donu and Deca","ascension_level":0}}