{"host":"a4220vmwe0snk9yx","time":1610724661,"event":{"mods":["100% Spire Juice","AchievementEnabler","BaseMod","Bestiary","Better Altar","Better Skull","BetterRewards","CapriCore","Card Forge","Chen","Gold Saver","HololiveMod","Koishi","Marisa（霧雨　魔理沙）","Minty Spire (QoL Compilation)","Prisma Mod","Reimu（博??梦）","StSLib","SuperFastMode","The Alterego","The Animator","The Immortal","The Wild Card","Waifu the Spire","WarShipGirlsR/??少女R mod","Yakumo Yukari mod"],"gold_per_floor":[251,33,48,64,89,89,89,89],"floor_reached":7,"language":"ENG","playtime":640,"items_purged":["animator:Strike"],"score":69,"play_id":"52c09a06-99c1-45dd-a092-4c99ece0f629","local_time":"20210115103101","is_ascension_mode":true,"campfire_choices":[{"data":"animator:MisakiNakahara","floor":6,"key":"SMITH"}],"circlet_count":0,"master_deck":["AscendersBane","animator:Strike_MadokaMagica","animator:Defend_MadokaMagica","animator:Strike","animator:Strike","animator:Defend","animator:Defend","animator:Defend","animator:IrohaTamaki","animator:YuiTsuruno","animator:MisakiNakahara+1","animator:Mikaela","animator:MamiTomoe"],"relics":["animator:LivingPicture","animator:TheMissingPiece","Hammer of Thor","Seething Fire","Anvil of the Gods","Happy Flower"],"acts_visited":["Exordium"],"potions_floor_usage":[7],"damage_taken":[{"damage":7.0,"enemies":"Cultist","floor":1.0,"turns":4.0},{"damage":6,"enemies":"Jaw Worm","floor":3,"turns":4},{"damage":7,"enemies":"Small Slimes","floor":4,"turns":3},{"damage":18,"enemies":"Blue Slaver","floor":5,"turns":4},{"damage":25,"enemies":"3 Sentries","floor":7,"turns":5}],"seed_played":"7698899134448329280","potions_obtained":[{"floor":1.0,"key":"Block Potion"}],"is_trial":false,"path_per_floor":["M","$","M","M","M","R","E"],"character_chosen":"THE_ANIMATOR","items_purchased":["Happy Flower"],"campfire_rested":0,"item_purchase_floors":[2],"current_hp_per_floor":[52,52,46,39,21,21,0,0],"gold":89,"neow_bonus":"RANDOM_COLORLESS","is_daily":false,"chose_seed":false,"campfire_upgraded":1,"win_rate":0.0,"timestamp":1610724661,"path_taken":["M","?","M","M","M","R","E"],"items_purchased_type":["Relic"],"build_version":"2020-12-22","purchased_purges":1,"victory":false,"max_hp_per_floor":[66,66,66,66,66,66,66,66],"card_choices":[{"not_picked":["animator:IchigoKurosaki","animator:Kagari"],"picked":"animator:MisakiNakahara","floor":0.0},{"not_picked":["animator:DolaSchwi","animator:Gillette","animator:TukaLunaMarceau"],"picked":"SKIP","floor":1.0},{"not_picked":["animator:Verdia","animator:Vanir","animator:Yoichi"],"picked":"SKIP","floor":3},{"not_picked":["animator:Chris","animator:YaoHaDucy"],"picked":"animator:Mikaela","floor":4},{"not_picked":["animator:IrohaTamaki","animator:YuiTsuruno"],"picked":"animator:MamiTomoe","floor":5}],"player_experience":918058,"relics_obtained":[],"event_choices":[],"is_beta":false,"boss_relics":[],"items_purged_floors":[2],"is_endless":false,"potions_floor_spawned":[1],"killed_by":"3 Sentries","ascension_level":12}}