{"host":"vzugls1u57eppbds","time":1610736890,"event":{"mods":["AchievementEnabler","BaseMod","Better Third Choice","Minty Spire (QoL Compilation)","Relic Stats","Shop Mod","StSLib","The IronCluck"],"gold_per_floor":[116,116,116,216,4,4,4],"floor_reached":6,"language":"ENG","playtime":178,"items_purged":[],"score":46,"play_id":"3188da31-9704-45cc-80df-2a094937d532","local_time":"20210115195450","is_ascension_mode":true,"campfire_choices":[],"circlet_count":0,"master_deck":["Strike_R","Strike_R","Strike_R","Strike_R","Strike_R","Defend_R","Defend_R+1","Defend_R","Defend_R","Bash","Berserk+1","Pommel Strike","Transmutation"],"relics":["Burning Blood","Matryoshka"],"acts_visited":["Exordium"],"potions_floor_usage":[6],"damage_taken":[{"damage":12,"enemies":"Jaw Worm","floor":1,"turns":4},{"damage":34,"enemies":"3 Sentries","floor":6,"turns":9}],"seed_played":"-8518633044032334459","potions_obtained":[],"is_trial":false,"path_per_floor":["M","?","?","?","$","E"],"character_chosen":"IRONCLAD","items_purchased":["Transmutation","ColorlessPotion"],"campfire_rested":0,"item_purchase_floors":[5,5],"current_hp_per_floor":[45,29,26,26,26,0,0],"gold":4,"neow_bonus":"THREE_RARE_CARDS","is_daily":false,"chose_seed":false,"campfire_upgraded":0,"win_rate":0.0,"timestamp":1610736890,"path_taken":["M","?","?","?","$","E"],"items_purchased_type":["Card","Potion"],"build_version":"2020-12-22","purchased_purges":0,"victory":false,"max_hp_per_floor":[80,80,80,80,80,80,80],"relic_stats":{"counters":[2,13],"obtain_stats":[{"Matryoshka":3,"Burning Blood":0},{"Matryoshka":1,"Burning Blood":0},{"Matryoshka":4,"Burning Blood":0}],"Burning Blood":6},"card_choices":[{"not_picked":["Exhume","Reaper"],"picked":"Berserk","floor":0},{"not_picked":["Flex","Second Wind"],"picked":"Pommel Strike","floor":1}],"player_experience":230669,"relics_obtained":[],"event_choices":[{"damage_healed":45,"gold_gain":0,"player_choice":"Upgrade","damage_taken":16,"max_hp_gain":0,"max_hp_loss":80,"event_name":"betterThird:BetterShining","floor":2,"gold_loss":0,"cards_upgraded":["Berserk","Defend_R"]},{"damage_healed":0,"gold_gain":0,"player_choice":"Relic ","damage_taken":3,"max_hp_gain":0,"max_hp_loss":0,"event_name":"betterThird:BetterScrap","floor":3,"gold_loss":0,"cards_obtained":["Well Laid Plans"]},{"damage_healed":0,"gold_gain":100,"player_choice":"Pray","damage_taken":0,"max_hp_gain":0,"max_hp_loss":0,"event_name":"Golden Shrine","floor":4,"gold_loss":0}],"is_beta":false,"boss_relics":[],"items_purged_floors":[],"is_endless":false,"potions_floor_spawned":[],"killed_by":"3 Sentries","ascension_level":9}}