{"host":"ewfe3cr33ktd9xzj","time":1610690247,"event":{"mods":["AchievementEnabler","BaseMod","Colored Map","Custom Start","DeckTracker","Minty Spire (QoL Compilation)","Permanent Neow","Rare Cards Sparkle","StSLib","everything is the same but u backflip on backflip"],"gold_per_floor":[10,26,26,26,42,69,69,69,95,95,370,386,415,281,281,354,354,370,380,399,399,399],"floor_reached":21,"language":"KOR","playtime":660,"items_purged":["Strike_R"],"score":378,"play_id":"885244de-dac4-4d5c-b689-381eba5b4e08","local_time":"20210115145727","is_ascension_mode":true,"campfire_choices":[{"data":"Inflame","floor":8,"key":"SMITH"},{"data":"Heavy Blade","floor":10,"key":"SMITH"},{"data":"Evolve","floor":15,"key":"SMITH"}],"circlet_count":0,"master_deck":["AscendersBane","Strike_R","Strike_R","Defend_R","Defend_R","Defend_R","Defend_R","Bash","Wild Strike","Flex","Feel No Pain","Wild Strike","Heavy Blade+1","Inflame+1","Regret","Evolve+1","Second Wind","Heavy Blade","Demon Form","CurseOfTheBell","Rupture"],"relics":["Burning Blood","Du-Vu Doll","Oddly Smooth Stone","Art of War","Regal Pillow","Calling Bell","Smiling Mask","Darkstone Periapt","FossilizedHelix"],"acts_visited":["Exordium","TheCity"],"potions_floor_usage":[13,16,20,20,21],"damage_taken":[{"damage":4,"enemies":"Small Slimes","floor":1,"turns":3},{"damage":2,"enemies":"2 Louse","floor":2,"turns":3},{"damage":0,"enemies":"Cultist","floor":5,"turns":2},{"damage":22,"enemies":"3 Sentries","floor":6,"turns":11},{"damage":5,"enemies":"2 Fungi Beasts","floor":12,"turns":3},{"damage":11,"enemies":"Gremlin Nob","floor":13,"turns":3},{"damage":23,"enemies":"Hexaghost","floor":16,"turns":10},{"damage":46,"enemies":"2 Thieves","floor":18,"turns":5},{"damage":12,"enemies":"Chosen","floor":19,"turns":6},{"damage":15,"enemies":"Sentry and Sphere","floor":20,"turns":4},{"damage":8,"enemies":"Cultist and Chosen","floor":21,"turns":3}],"seed_played":"-1415367705100453688","potions_obtained":[{"floor":5,"key":"Weak Potion"},{"floor":6,"key":"DistilledChaos"},{"floor":13,"key":"Fire Potion"},{"floor":16,"key":"Explosive Potion"},{"floor":20,"key":"EssenceOfSteel"}],"is_trial":false,"path_per_floor":["M","M","?","?","M","E","?","R","T","R","?","M","E","$","R","B",null,"M","M","M","M"],"character_chosen":"IRONCLAD","items_purchased":["Heavy Blade"],"campfire_rested":0,"item_purchase_floors":[14],"current_hp_per_floor":[70,74,74,74,75,59,59,59,59,59,59,60,55,55,55,38,66,26,20,11,3,3],"gold":399,"neow_bonus":"ONE_RARE_RELIC","is_daily":false,"chose_seed":false,"campfire_upgraded":3,"win_rate":0.0,"timestamp":1610690247,"path_taken":["M","M","?","?","?","E","?","R","T","R","?","M","E","$","R","BOSS","M","?","M","M"],"items_purchased_type":["Card"],"build_version":"2020-12-22","purchased_purges":1,"victory":false,"max_hp_per_floor":[75,75,75,75,75,75,75,75,75,75,75,75,75,75,75,75,75,75,75,75,75,75],"card_choices":[{"not_picked":["Heavy Blade","Twin Strike"],"picked":"Wild Strike","floor":1},{"not_picked":["Pummel","Headbutt"],"picked":"Flex","floor":2},{"not_picked":["Clash","Thunderclap"],"picked":"Heavy Blade","floor":5},{"not_picked":["Burning Pact","Anger"],"picked":"Inflame","floor":6},{"not_picked":["True Grit","Fire Breathing"],"picked":"Evolve","floor":12},{"not_picked":["Shockwave","Anger"],"picked":"Second Wind","floor":13},{"not_picked":["Reaper","Fiend Fire"],"picked":"Demon Form","floor":16},{"not_picked":["Uppercut","Intimidate","Anger"],"picked":"SKIP","floor":18},{"not_picked":["Uppercut","Headbutt+1","Cleave+1"],"picked":"SKIP","floor":19},{"not_picked":["Cleave","Whirlwind"],"picked":"Rupture","floor":20}],"player_experience":35538,"relics_obtained":[{"floor":6,"key":"Oddly Smooth Stone"},{"floor":9,"key":"Art of War"},{"floor":13,"key":"Regal Pillow"},{"floor":17,"key":"Smiling Mask"},{"floor":17,"key":"Darkstone Periapt"},{"floor":17,"key":"FossilizedHelix"}],"event_choices":[{"damage_healed":0,"gold_gain":0,"cards_transformed":["Strike_R"],"player_choice":"Change","damage_taken":0,"max_hp_gain":0,"max_hp_loss":0,"event_name":"Living Wall","floor":3,"gold_loss":0,"cards_obtained":["Feel No Pain"]},{"damage_healed":0,"gold_gain":0,"cards_transformed":["Strike_R"],"player_choice":"Transformed","damage_taken":0,"max_hp_gain":0,"max_hp_loss":0,"event_name":"Transmorgrifier","floor":4,"gold_loss":0,"cards_obtained":["Wild Strike"]},{"damage_healed":0,"gold_gain":0,"player_choice":"Leave","damage_taken":0,"max_hp_gain":0,"max_hp_loss":0,"event_name":"The Cleric","floor":7,"gold_loss":0},{"damage_healed":0,"gold_gain":275,"player_choice":"Desecrate","damage_taken":0,"max_hp_gain":0,"max_hp_loss":0,"event_name":"Golden Shrine","floor":11,"gold_loss":0,"cards_obtained":["Regret"]}],"is_beta":false,"boss_relics":[{"not_picked":["Empty Cage","Black Blood"],"picked":"Calling Bell"}],"items_purged_floors":[14],"is_endless":false,"potions_floor_spawned":[5,6,13,16,20],"killed_by":"Cultist and Chosen","ascension_level":20}}