{"host":"mhk64yc8b8cafbgt","time":1610728132,"event":{"mods":["100% Spire Juice","ATMod(°¢èªMod)","Act Like it!","BaseMod","BetterRewards","CapriCore","Energized Spire","Friendly Minions","GifTheSpireLib","Gold Saver","Marked Mod","Minty Spire (QoL Compilation)","MostiFishMod","Quick Restart","READ ME - Guardian Mod","Robot Space Explorer","RumiaBox-Â¶Ã×æ«µÄÉñÃØºÐ×Ó","RyuuouÁúÍõ","Shop Mod","Spicy Shops","StSLib","TestMod","The Blackbeard","The Dragon Tamer","Uncapped","[IsaacMod]ÒÔÈö¼âËþ","noobMod","vexMod","¡¾¹¦ÄÜMod¡¿»ìãçÖ®»·ÐÞ¸´²¹¶¡","¡¾ÒÅÎï¿¨ÅÆ¡¿REMEMod","²ÐÁôÖ®Îï"],"gold_per_floor":[1401,255,275,295,39,73,73,85,85,119,24,67,67,92,92,200,200,245,252,102,93,93,221,221,362,362,535,554,223,238,255,255,458,458,474,484,497,497,570,570,702,40,67,67,67,93,227,247,247,347,347,347,6,231,331],"floor_reached":56,"language":"ZHS","playtime":3217,"items_purged":["Moonworks:CastOff","Moonworks:Strike","Moonworks:Strike","Moonworks:Ambush","Moonworks:LongDistanceShot"],"score":1494,"play_id":"e7ffabd9-2c80-4892-877a-a0e16d3c1227","local_time":"20210116002852","is_ascension_mode":false,"campfire_choices":[{"floor":7.0,"key":"RECALL"},{"data":"Moonworks:CookingTime","floor":13.0,"key":"SMITH"},{"floor":15.0,"key":"REST"},{"data":"MostiFishMod:BrokenBlackCloak","floor":24.0,"key":"SMITH"},{"data":"Moonworks:CookingTime","floor":32.0,"key":"SMITH"},{"data":"Moonworks:SubspaceTunnel","floor":40.0,"key":"SMITH"},{"data":"Moonworks:LulusLuckyEgg","floor":45.0,"key":"SMITH"},{"data":"Moonworks:ShieldCounter","floor":49.0,"key":"SMITH"},{"data":"Moonworks:CloudOfSeagulls","floor":52.0,"key":"SMITH"}],"circlet_count":0,"master_deck":["Moonworks:Defend","Moonworks:Defend","Moonworks:Defend","MostiFishMod:BrokenBlackCloak+1","Moonworks:RagingMadness","Moonworks:LuckyCharm","Moonworks:CookingTime+1","Moonworks:BigBangBell","Moonworks:Accelerator+1","Moonworks:HolyNight+1","Moonworks:GoAway+1","Moonworks:BackdoorTrade","Moonworks:ShieldCounter+1","Moonworks:Poppoformation","Moonworks:DeployBits+1","Moonworks:CloudOfSeagulls+1","Moonworks:LuckyCharm","Moonworks:LulusLuckyEgg+1","Moonworks:CookingTime+1","Moonworks:SubspaceTunnel+1","Moonworks:DeployBits+1","Moonworks:ImmovableObject+1","Moonworks:RedAndBlue","MostiFishMod:PerfectForm"],"relics":["Moonworks:BrokenBomb","Moonworks:Homemark","REME_ComplimentaryCards","DaveBox","testmod-TestBox","HushsDoor","KeepersGift","ice","AT_ATBox","SalivaCoin","MerchantsRug","REME_HourglassOfDeath","Chaos","AT_TheCollector","AT_GoldPhoenixTree","xbg","REME_DuelDisc","CombinedTypeHook","testmod-Hope","ZombieArmy","testmod-BlackFramedGlasses","xbg","MostiFishMod:AdaptiveDefenses","testmod-CrystalShield","Philosopher\u0027s Stone","Medical Kit","ImprovedEquipment"],"acts_visited":["Exordium","TheCity","TheBeyond","TheEnding"],"potions_floor_usage":[],"damage_taken":[{"damage":11.0,"enemies":"Cultist","floor":1.0,"turns":5.0},{"damage":0.0,"enemies":"Small Slimes","floor":3.0,"turns":4.0},{"damage":0.0,"enemies":"Jaw Worm","floor":4.0,"turns":3.0},{"damage":13.0,"enemies":"Lagavulin","floor":6.0,"turns":5.0},{"damage":0.0,"enemies":"Exordium Thugs","floor":8.0,"turns":3.0},{"damage":18.0,"enemies":"Exordium Wildlife","floor":10.0,"turns":4.0},{"damage":20.0,"enemies":"Gremlin Gang","floor":12.0,"turns":5.0},{"damage":6.0,"enemies":"Exordium Thugs","floor":14.0,"turns":4.0},{"damage":35.0,"enemies":"Slime Boss","floor":16.0,"turns":9.0},{"damage":0.0,"enemies":"3 Byrds","floor":18.0,"turns":4.0},{"damage":0.0,"enemies":"2 Thieves","floor":21.0,"turns":5.0},{"damage":0.0,"enemies":"Book of Stabbing","floor":23.0,"turns":9.0},{"damage":10.0,"enemies":"Gremlin Leader","floor":25.0,"turns":6.0},{"damage":33.0,"enemies":"Book of Stabbing","floor":27.0,"turns":7.0},{"damage":0.0,"enemies":"Snecko","floor":28.0,"turns":4.0},{"damage":0.0,"enemies":"Centurion and Healer","floor":30.0,"turns":3.0},{"damage":0.0,"enemies":"Snake Plant","floor":31.0,"turns":3.0},{"damage":10.0,"enemies":"Collector","floor":33.0,"turns":5.0},{"damage":0.0,"enemies":"3 Shapes","floor":35.0,"turns":2.0},{"damage":0.0,"enemies":"Orb Walker","floor":36.0,"turns":3.0},{"damage":0.0,"enemies":"Sphere and 2 Shapes","floor":37.0,"turns":2.0},{"damage":0.0,"enemies":"Nemesis","floor":41.0,"turns":6.0},{"damage":4.0,"enemies":"Jaw Worm Horde","floor":46.0,"turns":3.0},{"damage":6.0,"enemies":"Reptomancer","floor":47.0,"turns":5.0},{"damage":4.0,"enemies":"Maw","floor":48.0,"turns":5.0},{"damage":0.0,"enemies":"Time Eater","floor":50.0,"turns":9.0},{"damage":0.0,"enemies":"Shield and Spear","floor":54.0,"turns":5.0},{"damage":0,"enemies":"The Heart","floor":55,"turns":7}],"seed_played":"597657221505338353","potions_obtained":[{"floor":3.0,"key":"Strength Potion"},{"floor":4.0,"key":"Weak Potion"},{"floor":6.0,"key":"Energy Potion"},{"floor":14.0,"key":"SteroidPotion"},{"floor":16.0,"key":"Weak Potion"},{"floor":18.0,"key":"AttackPotion"},{"floor":21.0,"key":"Block Potion"},{"floor":23.0,"key":"EntropicBrew"},{"floor":28.0,"key":"testmod-SpacePotion"}],"is_trial":false,"path_per_floor":["M","$","M","M","$","E","R","M","T","M","$","M","R","M","R","B",null,"M","?","$","M","?","E","R","E","T","E","M","$","M","M","R","B",null,"M","M","M","?","?","R","E","$","T","?","R","M","E","M","R","B",null,"R","$","E","B",null],"character_chosen":"THE_STARBREAKER","items_purchased":["MerchantsRug","REME_HourglassOfDeath","Moonworks:RagingMadness","Chaos","Moonworks:CookingTime","CombinedTypeHook","testmod-BlackFramedGlasses","Diplopia","MostiFishMod:AdaptiveDefenses","MostiFishMod:PerfectForm","Medical Kit"],"campfire_rested":1,"item_purchase_floors":[2,2,2,5,29,29,42,42,42,53,53],"current_hp_per_floor":[49,49,49,49,49,42,42,48,48,36,36,22,22,24,42,15,60,60,54,54,60,60,60,60,50,50,25,30,30,38,44,44,50,60,60,60,60,60,43,43,60,60,60,60,60,58,57,60,60,60,60,60,60,60,60],"gold":331,"neow_bonus":"RANDOM_COMMON_RELIC","is_daily":false,"chose_seed":false,"campfire_upgraded":7,"win_rate":0.0,"timestamp":1610728132,"path_taken":["M","$","M","M","$","E","R","M","T","M","$","M","R","?","R","BOSS","M","?","$","M","?","E","R","E","T","E","M","?","M","?","R","BOSS","M","M","?","?","?","R","E","$","T","?","R","?","E","M","R","BOSS","R","$","E","BOSS"],"items_purchased_type":["Relic","Relic","Card","Card","Card","Relic","Relic","Relic","Relic","Card","Relic"],"build_version":"2020-12-22","purchased_purges":5,"victory":true,"max_hp_per_floor":[60,60,60,60,60,60,60,60,60,60,60,60,60,60,60,60,60,60,60,60,60,60,60,60,60,60,60,60,60,60,60,60,60,60,60,60,60,60,60,60,60,60,60,60,60,60,60,60,60,60,60,60,60,60,60],"card_choices":[{"not_picked":[],"picked":"Bomb","floor":0.0},{"not_picked":["Moonworks:IntelligenceOfficer","Moonworks:AwakeningOfTalent"],"picked":"Moonworks:CastOff","floor":1.0},{"not_picked":["Moonworks:RedAndBlue","Moonworks:LulusLuckyEgg"],"picked":"Moonworks:LuckyCharm","floor":3.0},{"not_picked":["Moonworks:JonathanRush","Moonworks:LulusLuckyEgg"],"picked":"Moonworks:CookingTime","floor":4.0},{"not_picked":["Moonworks:Assault","Moonworks:LulusLuckyEgg"],"picked":"Moonworks:BigBangBell","floor":6.0},{"not_picked":["Moonworks:CloudOfSeagulls","Moonworks:SweetBattle","Moonworks:FullSpeedAlicianrone"],"picked":"SKIP","floor":8.0},{"not_picked":["Moonworks:IndiscriminateFireSupport","Moonworks:LulusLuckyEgg","Moonworks:CastOff"],"picked":"SKIP","floor":10.0},{"not_picked":["Moonworks:JonathanRush","Moonworks:Assault"],"picked":"Moonworks:BackdoorTrade","floor":12.0},{"not_picked":["Moonworks:SakisCookie","Moonworks:BigMagnum","Moonworks:JonathanRush"],"picked":"SKIP","floor":14.0},{"not_picked":["Moonworks:Blazing","Moonworks:ReflectiveShell"],"picked":"Moonworks:ShieldCounter","floor":16.0},{"not_picked":["Moonworks:ImmovableObject","Moonworks:DeployBits"],"picked":"Moonworks:Poppoformation","floor":18.0},{"not_picked":["Moonworks:SakisCookie","Moonworks:NicePresent+1"],"picked":"Moonworks:DeployBits+1","floor":21.0},{"not_picked":["Moonworks:MeltingMemories","Moonworks:BigMagnum"],"picked":"Moonworks:CloudOfSeagulls","floor":23.0},{"not_picked":["Moonworks:JonathanRush","Moonworks:Poppoformation+1"],"picked":"Moonworks:LuckyCharm","floor":25.0},{"not_picked":["Moonworks:HolyNight","Moonworks:FullSpeedAlicianrone"],"picked":"Moonworks:LulusLuckyEgg","floor":27.0},{"not_picked":["Moonworks:WindyEnchantment+1","Moonworks:ImOnFire","Moonworks:IndiscriminateFireSupport"],"picked":"SKIP","floor":28.0},{"not_picked":["Moonworks:CloudOfSeagulls","Moonworks:BigMagnum+1","Moonworks:CastOff"],"picked":"SKIP","floor":30.0},{"not_picked":["Moonworks:IndiscriminateFireSupport+1","Moonworks:BigBangBell","Moonworks:CastOff"],"picked":"SKIP","floor":31.0},{"not_picked":["Moonworks:EvilMastermind","Moonworks:ShieldCounter"],"picked":"Moonworks:SubspaceTunnel","floor":33.0},{"not_picked":["Moonworks:LulusLuckyEgg+1","Moonworks:IndiscriminateFireSupport"],"picked":"Moonworks:DeployBits+1","floor":35.0},{"not_picked":["Moonworks:DeployBits+1","Moonworks:JonathanRush+1","Moonworks:IndiscriminateFireSupport+1"],"picked":"SKIP","floor":36.0},{"not_picked":["Moonworks:Assault","Moonworks:CloudOfSeagulls+1","Moonworks:DeployBits"],"picked":"SKIP","floor":37.0},{"not_picked":["Moonworks:WindyEnchantment+1","Moonworks:OutOfAmmo"],"picked":"Moonworks:ImmovableObject+1","floor":41.0},{"not_picked":["Moonworks:BeyondHell","Moonworks:CompletionReward+1","Moonworks:NicePresent+1"],"picked":"SKIP","floor":46.0},{"not_picked":["Moonworks:FullSpeedAlicianrone","Moonworks:x16BigRocket+1","Moonworks:AngelHand"],"picked":"SKIP","floor":47.0},{"not_picked":["Moonworks:Bloodlust","Moonworks:CloudOfSeagulls+1"],"picked":"Moonworks:RedAndBlue","floor":48.0},{"not_picked":["Moonworks:Poppoformation","Moonworks:JonathanRush+1","Moonworks:MeltingMemories"],"picked":"SKIP","floor":54.0}],"player_experience":264213,"relics_obtained":[{"floor":6.0,"key":"Astrolabe"},{"floor":23.0,"key":"testmod-Fortitude"},{"floor":25.0,"key":"AT_GoldPhoenixTree"},{"floor":26.0,"key":"xbg"},{"floor":27.0,"key":"REME_DuelDisc"},{"floor":41.0,"key":"ZombieArmy"},{"floor":43.0,"key":"testmod-CrystalShield"},{"floor":47.0,"key":"Philosopher\u0027s Stone"},{"floor":54.0,"key":"ImprovedEquipment"}],"event_choices":[{"damage_healed":0.0,"max_hp_gain":0.0,"max_hp_loss":0.0,"gold_gain":0.0,"event_name":"Knowing Skull","player_choice":"","floor":19.0,"potions_obtained":[],"gold_loss":0.0,"damage_taken":6.0,"cards_obtained":[]},{"damage_healed":0.0,"max_hp_gain":0.0,"max_hp_loss":0.0,"gold_gain":0.0,"event_name":"Match and Keep!","player_choice":"0 cards matched","floor":22.0,"gold_loss":0.0,"damage_taken":0.0,"cards_obtained":[]},{"damage_healed":0.0,"max_hp_gain":0.0,"max_hp_loss":0.0,"gold_gain":0.0,"event_name":"Tomb of Lord Red Mask","player_choice":"Ignored","floor":38.0,"gold_loss":0.0,"damage_taken":0.0},{"damage_healed":0.0,"max_hp_gain":0.0,"max_hp_loss":0.0,"gold_gain":0.0,"event_name":"NoteForYourself","player_choice":"Ignored","floor":44.0,"gold_loss":0.0,"damage_taken":0.0}],"is_beta":false,"boss_relics":[{"not_picked":["NineVolt","Darkstone Periapt"],"picked":"AT_TheCollector"},{"not_picked":[]},{"not_picked":["AT_MortalBlade","UnicornStump"],"picked":"testmod-Hope"},{"not_picked":[]}],"items_purged_floors":[2,5,11,20,29],"is_endless":false,"potions_floor_spawned":[3,4,6,14,16,18,21,23,28,35,46,48],"ascension_level":0}}