{"host":"vddkjx04kiwje1tk","time":1610754967,"event":{"mods":["AchievementEnabler","BaseMod","Colored Map","Minty Spire (QoL Compilation)","Quick Restart","SuperFastMode"],"gold_per_floor":[117,117,117,117,42,77,93,93,116,136,136,161,9,34,34,34,34],"floor_reached":16,"language":"KOR","playtime":277,"items_purged":["Strike_G","Defend_G"],"score":125,"play_id":"cd341d13-e507-4a2d-af4b-a511013884f8","local_time":"20210116085607","is_ascension_mode":false,"campfire_choices":[{"data":"Neutralize","floor":11,"key":"SMITH"},{"data":"Poisoned Stab","floor":15,"key":"SMITH"}],"circlet_count":0,"master_deck":["Strike_G","Strike_G","Strike_G","Defend_G","Defend_G","Defend_G","Survivor","Neutralize+1","Backflip","Prepared","Poisoned Stab","Poisoned Stab+1"],"relics":["Ring of the Snake","NeowsBlessing","Golden Idol","Regal Pillow","Toy Ornithopter"],"acts_visited":["Exordium"],"potions_floor_usage":[12],"damage_taken":[{"damage":0,"enemies":"2 Louse","floor":1,"turns":1},{"damage":0,"enemies":"Gremlin Nob","floor":6,"turns":1},{"damage":0,"enemies":"Jaw Worm","floor":7,"turns":1},{"damage":0,"enemies":"Small Slimes","floor":10,"turns":4},{"damage":2,"enemies":"Looter","floor":12,"turns":4},{"damage":13,"enemies":"Large Slime","floor":14,"turns":8},{"damage":46,"enemies":"Slime Boss","floor":16,"turns":12}],"seed_played":"-9129117770261398758","potions_obtained":[{"floor":6,"key":"SmokeBomb"},{"floor":7,"key":"SteroidPotion"}],"is_trial":false,"path_per_floor":["M","?","?","?","$","E","M","?","T","M","R","M","$","M","R","B"],"character_chosen":"THE_SILENT","items_purchased":["Poisoned Stab"],"campfire_rested":0,"item_purchase_floors":[13],"current_hp_per_floor":[70,63,63,46,46,46,46,46,46,46,46,49,49,36,36,0,0],"gold":34,"neow_bonus":"THREE_ENEMY_KILL","is_daily":false,"chose_seed":false,"campfire_upgraded":2,"win_rate":0.0,"timestamp":1610754967,"path_taken":["M","?","?","?","?","E","M","?","T","?","R","M","$","M","R","BOSS"],"items_purchased_type":["Card"],"build_version":"2020-12-22","purchased_purges":2,"victory":false,"max_hp_per_floor":[70,70,70,70,70,70,70,70,70,70,70,70,70,70,70,70,70],"card_choices":[{"not_picked":["Bane","Concentrate","Reflex"],"picked":"SKIP","floor":1},{"not_picked":["Endless Agony","Outmaneuver"],"picked":"Backflip","floor":6},{"not_picked":["Backflip","Dodge and Roll","Burst"],"picked":"SKIP","floor":7},{"not_picked":["Outmaneuver","Slice","Bane"],"picked":"SKIP","floor":10},{"not_picked":["Dagger Spray","Caltrops"],"picked":"Prepared","floor":12},{"not_picked":["Backflip","Dagger Spray"],"picked":"Poisoned Stab","floor":14}],"player_experience":196100,"relics_obtained":[{"floor":6,"key":"Regal Pillow"},{"floor":9,"key":"Toy Ornithopter"}],"event_choices":[{"cards_removed":["Strike_G"],"damage_healed":0,"gold_gain":0,"player_choice":"Card Removal","damage_taken":7,"max_hp_gain":0,"max_hp_loss":0,"event_name":"Golden Wing","floor":2,"gold_loss":0},{"cards_removed":["Defend_G"],"damage_healed":0,"gold_gain":0,"player_choice":"Forget","damage_taken":0,"max_hp_gain":0,"max_hp_loss":0,"event_name":"Living Wall","floor":3,"gold_loss":0},{"damage_healed":0,"gold_gain":0,"player_choice":"Take Damage","damage_taken":17,"relics_obtained":["Golden Idol"],"max_hp_gain":0,"max_hp_loss":0,"event_name":"Golden Idol","floor":4,"gold_loss":0},{"damage_healed":0,"gold_gain":0,"player_choice":"Ignored","damage_taken":0,"max_hp_gain":0,"max_hp_loss":0,"event_name":"NoteForYourself","floor":8,"gold_loss":0}],"is_beta":false,"boss_relics":[],"items_purged_floors":[5,13],"is_endless":false,"potions_floor_spawned":[6,7],"killed_by":"Slime Boss","ascension_level":0}}