{"host":"kh6fvhxn285ncg0o","time":1610708198,"event":{"mods":["Act Like it!","BaseMod","Colored Map","Friendly Minions","Keyboard Shortcuts","Minty Spire (QoL Compilation)","Quick Restart","Relic Stats","StSLib","SuperFastMode"],"gold_per_floor":[119,131,148,167,167,198,215,215,215],"floor_reached":8,"language":"KOR","playtime":801,"items_purged":[],"score":120,"play_id":"80727895-a1a7-4448-b127-0ff5f9f2a59a","local_time":"20210115195638","is_ascension_mode":true,"campfire_choices":[],"circlet_count":0,"master_deck":["AscendersBane","Strike_R","Strike_R","Strike_R","Strike_R","Strike_R","Defend_R","Defend_R","Defend_R","Defend_R","Bash","Twin Strike","Evolve","Burning Pact","True Grit","Pain","Battle Trance"],"relics":["Burning Blood","Vajra","WarpedTongs","Shuriken"],"acts_visited":[],"potions_floor_usage":[6,8],"damage_taken":[{"damage":1,"enemies":"Cultist","floor":1,"turns":3},{"damage":7,"enemies":"Jaw Worm","floor":2,"turns":5},{"damage":1,"enemies":"2 Louse","floor":3,"turns":3},{"damage":24,"enemies":"Exordium Wildlife","floor":4,"turns":4},{"damage":25,"enemies":"Lagavulin","floor":6,"turns":8},{"damage":3,"enemies":"Blue Slaver","floor":7,"turns":5},{"damage":64,"enemies":"Gremlin Nob","floor":8,"turns":4}],"seed_played":"-387891218012888579","potions_obtained":[{"floor":2,"key":"HeartOfIron"},{"floor":3,"key":"PowerPotion"},{"floor":4,"key":"BlessingOfTheForge"}],"is_trial":false,"path_per_floor":["M","M","M","M","?","E","M","E"],"character_chosen":"IRONCLAD","items_purchased":[],"campfire_rested":0,"item_purchase_floors":[],"current_hp_per_floor":[73,72,75,57,57,38,41,0,0],"gold":215,"neow_bonus":"RANDOM_COMMON_RELIC","is_daily":false,"chose_seed":false,"campfire_upgraded":0,"win_rate":0.0,"timestamp":1610708198,"path_taken":["M","?","?","M","?","E","M","E"],"items_purchased_type":[],"build_version":"2020-12-22","purchased_purges":0,"victory":false,"max_hp_per_floor":[75,75,75,75,75,75,75,75,75],"relic_stats":{"counters":[7,32],"Shuriken":[1],"obtain_stats":[{"Shuriken":6,"Vajra":0,"Burning Blood":0,"WarpedTongs":5},{"Shuriken":5,"Vajra":0,"Burning Blood":0,"WarpedTongs":4},{"Shuriken":23,"Vajra":0,"Burning Blood":0,"WarpedTongs":15}],"Burning Blood":34,"WarpedTongs":[17]},"card_choices":[{"not_picked":["True Grit","Clash"],"picked":"Twin Strike","floor":1},{"not_picked":["Cleave","Ghostly Armor"],"picked":"Evolve","floor":2},{"not_picked":["Cleave","Pommel Strike"],"picked":"Burning Pact","floor":3},{"not_picked":["Thunderclap","Ghostly Armor"],"picked":"True Grit","floor":4},{"not_picked":["Intimidate","Clash"],"picked":"Battle Trance","floor":6},{"not_picked":["Infernal Blade","Searing Blow","Anger"],"picked":"SKIP","floor":7}],"player_experience":3455623,"relics_obtained":[{"floor":6,"key":"Shuriken"}],"event_choices":[{"damage_healed":0,"gold_gain":0,"player_choice":"Rummage","damage_taken":0,"relics_obtained":["WarpedTongs"],"max_hp_gain":0,"max_hp_loss":0,"event_name":"Accursed Blacksmith","floor":5,"gold_loss":0,"cards_obtained":["Pain"]}],"is_beta":false,"boss_relics":[],"items_purged_floors":[],"is_endless":false,"potions_floor_spawned":[2,3,4],"killed_by":"Gremlin Nob","ascension_level":20}}