{"host":"tnsigirk6wurdark","time":1610747491,"event":{"mods":["BaseMod","Bestiary","Colored Map","Colored Powertips","Curses Come First","DeckTracker","Filter the Spire","Highlight Path","Minty Spire (QoL Compilation)","Quick Restart","Relic Sorter","StSLib","Synergy Search"],"gold_per_floor":[111,129,129,144,157,191,203,250,262,274,309,336,348,381,393,405,405],"floor_reached":16,"language":"ENG","playtime":1130,"items_purged":[],"score":205,"play_id":"2f47f590-8964-419d-9bf1-a91d5487a03b","local_time":"20210115215131","is_ascension_mode":true,"campfire_choices":[{"data":"Caltrops","floor":7.0,"key":"SMITH"},{"floor":10.0,"key":"REST"},{"floor":15,"key":"REST"}],"circlet_count":0,"master_deck":["AscendersBane","Strike_G","Strike_G","Strike_G","Strike_G","Strike_G","Defend_G","Defend_G","Defend_G","Defend_G","Defend_G","Survivor","Neutralize","Distraction","Deadly Poison","Injury","Footwork","Dagger Throw","Caltrops+1","Backflip","Deadly Poison","Flying Knee","Dagger Throw"],"relics":["SacredBark","Golden Idol","MawBank","Shovel","Bottled Tornado"],"acts_visited":["Exordium"],"potions_floor_usage":[16],"damage_taken":[{"damage":4.0,"enemies":"Small Slimes","floor":1.0,"turns":7.0},{"damage":1.0,"enemies":"2 Louse","floor":2.0,"turns":5.0},{"damage":3.0,"enemies":"Jaw Worm","floor":4.0,"turns":5.0},{"damage":14.0,"enemies":"Large Slime","floor":5.0,"turns":13.0},{"damage":22.0,"enemies":"3 Sentries","floor":6.0,"turns":13.0},{"damage":48.0,"enemies":"Gremlin Nob","floor":8.0,"turns":6.0},{"damage":4.0,"enemies":"Red Slaver","floor":11.0,"turns":5.0},{"damage":11,"enemies":"Blue Slaver","floor":12,"turns":5},{"damage":13,"enemies":"Large Slime","floor":14,"turns":7},{"damage":30,"enemies":"Slime Boss","floor":16,"turns":3}],"seed_played":"9135025178896355789","potions_obtained":[{"floor":1.0,"key":"DuplicationPotion"},{"floor":2.0,"key":"Regen Potion"},{"floor":8.0,"key":"Strength Potion"},{"floor":12,"key":"Ancient Potion"},{"floor":14,"key":"EssenceOfSteel"}],"is_trial":false,"path_per_floor":["M","M","?","M","M","E","R","E","T","R","M","M","?","M","R","B"],"character_chosen":"THE_SILENT","items_purchased":[],"campfire_rested":2,"item_purchase_floors":[],"current_hp_per_floor":[55,54,54,51,37,62,62,14,14,33,29,18,18,5,24,0,0],"gold":405,"neow_bonus":"BOSS_RELIC","is_daily":false,"chose_seed":false,"campfire_upgraded":1,"win_rate":0.0,"timestamp":1610747491,"path_taken":["M","M","?","M","M","E","R","E","T","R","M","M","?","M","R","BOSS"],"items_purchased_type":[],"build_version":"2020-12-22","purchased_purges":0,"victory":false,"max_hp_per_floor":[66,66,66,66,66,66,66,66,66,66,66,66,66,66,66,66,66],"card_choices":[{"not_picked":["Acrobatics","Flying Knee"],"picked":"Distraction","floor":1.0},{"not_picked":["Bane","Setup"],"picked":"Deadly Poison","floor":2.0},{"not_picked":["Slice","A Thousand Cuts"],"picked":"Footwork","floor":4.0},{"not_picked":["Flying Knee","Endless Agony"],"picked":"Dagger Throw","floor":5.0},{"not_picked":["Blade Dance","Well Laid Plans"],"picked":"Caltrops","floor":6.0},{"not_picked":["Footwork","Slice"],"picked":"Backflip","floor":8.0},{"not_picked":["Flechettes","Backstab"],"picked":"Deadly Poison","floor":11.0},{"not_picked":["Concentrate","Masterful Stab"],"picked":"Flying Knee","floor":12},{"not_picked":["Prepared","Backflip"],"picked":"Dagger Throw","floor":14}],"player_experience":799528,"relics_obtained":[{"floor":6.0,"key":"MawBank"},{"floor":8.0,"key":"Shovel"},{"floor":9.0,"key":"Bottled Tornado"}],"event_choices":[{"damage_healed":0.0,"max_hp_gain":0.0,"max_hp_loss":0.0,"gold_gain":0.0,"event_name":"Golden Idol","player_choice":"Take Wound","floor":3.0,"gold_loss":0.0,"damage_taken":0.0,"relics_obtained":["Golden Idol"],"cards_obtained":["Injury"]},{"damage_healed":0,"gold_gain":0,"player_choice":"Ignored","damage_taken":0,"max_hp_gain":0,"max_hp_loss":0,"event_name":"Shining Light","floor":13,"gold_loss":0}],"is_beta":false,"boss_relics":[],"items_purged_floors":[],"is_endless":false,"potions_floor_spawned":[1,2,8,12,14],"killed_by":"Slime Boss","ascension_level":16}}