{"host":"oc9z8cublggqyfxu","time":1610720289,"event":{"mods":["AchievementEnabler","Act Like it!","Aspiration","BaseMod","Colored Map","Colored Powertips","Downfall","Friendly Minions","Gensokyo","Hallownest","Hermit","Highlight Path","Infinite Spire","KinomotoSakuraMod(木之本樱)","Koishi","Lobotomy","LobotomyExtend","Marisa（F雨　魔理沙）","Minty Spire (QoL Compilation)","Quick Restart","Reimu（博丽灵梦）","Relic Stats","Remilia（蕾米莉亚）","Replay The Spire","RumiaBox-露米娅的神秘盒子","StSLib","The Administrix","The Animator","The Blackbeard","The Bug Knight","The Cursed","The Hierophant","The Mystic","The Runesmith","The Servant 0.9.4","Youmu（魂魄妖梦）","Yuyuko","vexMod","【功能Mod】混沌之环修复补丁","【功能Mod】聪明的最终Boss"],"gold_per_floor":[115,115,115,134,147,178,178,196,196,121,133,152,169,169,169,169,169],"floor_reached":16,"language":"ZHS","playtime":1874,"items_purged":["Skewer"],"score":104,"play_id":"6da4742b-d2f5-414c-b74f-a024cca978e7","local_time":"20210115221809","is_ascension_mode":false,"campfire_choices":[{"data":"Blizzard","floor":7.0,"key":"SMITH"},{"floor":15,"key":"REST"}],"circlet_count":0,"master_deck":["Strike_B","Strike_B","Strike_B","Defend_B","Defend_B","Defend_B","Dualcast","LittlePrince","Coolheaded","Calculated Gamble","Murderer","Blizzard+1","SpiderBud","ShyLook","HeroicMonk","Alriune","Bloodbath"],"relics":["Cracked Core","CogitoBucket","LetterFromLob","AddBug","SecretRecord","SecretRecord"],"acts_visited":["Gensokyo:Gensokyo"],"potions_floor_usage":[16],"damage_taken":[{"damage":5.0,"enemies":"Gensokyo:3_Fairies","floor":1.0,"turns":3.0},{"damage":0.0,"enemies":"Gensokyo:Gryphon","floor":4.0,"turns":2.0},{"damage":0.0,"enemies":"Gensokyo:Python","floor":5.0,"turns":4.0},{"damage":14.0,"enemies":"Gensokyo:Mamizou","floor":6.0,"turns":8.0},{"damage":4.0,"enemies":"Gensokyo:VengefulSpirit","floor":8.0,"turns":4.0},{"damage":29.0,"enemies":"Gensokyo:CorruptedTreant","floor":11.0,"turns":15.0},{"damage":4.0,"enemies":"Gensokyo:3_Kodama","floor":12.0,"turns":3.0},{"damage":9,"enemies":"Gensokyo:Gryphon_and_Rabbit","floor":13,"turns":3},{"damage":68,"enemies":"Gensokyo:Kokoro","floor":16,"turns":7}],"seed_played":"-940451003074774911","potions_obtained":[{"floor":1.0,"key":"Regen Potion"},{"floor":4.0,"key":"Reflective Coating"},{"floor":12,"key":"PowerPotion"}],"is_trial":false,"path_per_floor":["M","?","?","M","M","E","R","M","T","$","M","M","M","?","R_BF","B"],"character_chosen":"DEFECT","items_purchased":[],"campfire_rested":1,"item_purchase_floors":[],"current_hp_per_floor":[70,70,70,70,70,56,56,64,64,64,35,31,22,29,53,0,0],"gold":169,"neow_bonus":"","is_daily":false,"chose_seed":false,"campfire_upgraded":1,"win_rate":0.0,"timestamp":1610720289,"path_taken":["M","?","?","M","M","E","R","M","T","?","?","M","?","?","R_BF","BOSS"],"items_purchased_type":[],"build_version":"2020-12-22","purchased_purges":1,"victory":false,"max_hp_per_floor":[75,75,75,75,75,75,75,75,75,75,75,75,75,82,82,82,82],"relic_stats":{"counters":[10,50],"obtain_stats":[{"CogitoBucket":0,"AddBug":1,"SecretRecord":1,"LetterFromLob":1,"Cracked Core":0},{"CogitoBucket":0,"AddBug":1,"SecretRecord":1,"LetterFromLob":1,"Cracked Core":0},{"CogitoBucket":0,"AddBug":3,"SecretRecord":3,"LetterFromLob":3,"Cracked Core":0}]},"card_choices":[{"not_picked":["CherryBlossoms","PunishingBird"],"picked":"LittlePrince","floor":1.0},{"not_picked":["Stack","Compile Driver"],"picked":"Coolheaded","floor":1.0},{"not_picked":["OldLady","BeautyBeast"],"picked":"Murderer","floor":4.0},{"not_picked":["Leap","BasicCrystalCard"],"picked":"Blizzard","floor":4.0},{"not_picked":["CherryBlossoms","Bloodbath"],"picked":"SpiderBud","floor":5.0},{"not_picked":["Doom and Gloom","Gash","Leap"],"picked":"SKIP","floor":5.0},{"not_picked":["Doom and Gloom","Gash","Leap"],"picked":"SKIP","floor":5.0},{"not_picked":["Scorched","WallGazer"],"picked":"ShyLook","floor":6.0},{"not_picked":["BootSequence","Turbo","Steam"],"picked":"SKIP","floor":6.0},{"not_picked":["Wellcheers","Scorched"],"picked":"HeroicMonk","floor":8.0},{"not_picked":["Redo","Stack","conspire:Rain"],"picked":"SKIP","floor":8.0},{"not_picked":["BeautyBeast","OldLady"],"picked":"Alriune","floor":11.0},{"not_picked":["Conserve Battery","FIFO Queue","Barrage"],"picked":"SKIP","floor":11.0},{"not_picked":["Conserve Battery","FIFO Queue","Barrage"],"picked":"SKIP","floor":11.0},{"not_picked":["Beam Cell","Self Repair","Panic Button"],"picked":"SKIP","floor":12},{"not_picked":["Beam Cell","Self Repair","Panic Button"],"picked":"SKIP","floor":12},{"not_picked":["Wellcheers","Mercenary"],"picked":"Bloodbath","floor":13},{"not_picked":["Stack","FIFO Queue","Barrage"],"picked":"SKIP","floor":13}],"player_experience":264914,"relics_obtained":[{"floor":1.0,"key":"LetterFromLob"},{"floor":1.0,"key":"AddBug"},{"floor":5.0,"key":"SecretRecord"},{"floor":6.0,"key":"Blue Doll"},{"floor":9.0,"key":"infinitespire:PuzzleCube"}],"event_choices":[],"is_beta":false,"boss_relics":[],"items_purged_floors":[10],"is_endless":false,"potions_floor_spawned":[1,4,12],"killed_by":"Gensokyo:Kokoro","ascension_level":0}}