{"host":"y2kfqdipa4rrljwb","time":1610694748,"event":{"mods":["ATMod(∞¢Ë™Mod)","AchievementEnabler","Act Like it!","Aspiration","BaseMod","Downfall","Friendly Minions","Gensokyo","GungeonMod","GungeonMod Extend","Hallownest","Infinite Spire","LazyManMod","Library of Ruina","Marisa£®ÏF”Í°°ƒß¿Ì…≥£©","Minty Spire (QoL Compilation)","Random Character Button","Random Character Mod","Reimu£®≤©¿ˆ¡È√Œ£©","Relic Stats","Remilia£®¿Ÿ√◊¿Ú—«£©","Replay The Spire","RumiaBox-¬∂√◊Ê´µƒ…Ò√ÿ∫–◊”","StSLib","TestMod","The Administrix","The Blackbeard","The Bug Knight","The Cursed","The Gatherer","The Invoker Mod","The Marked","The Servant 0.9.4","vexMod","°æπ¶ƒ‹Mod°øªÏ„Á÷Æª∑–ﬁ∏¥≤π∂°","°æ“≈ŒÔMod°øÀ¿¡È∑® ¶NEW","°æ“≈ŒÔø®≈∆°øREMEMod","ƒßΩ‰"],"gold_per_floor":[111,126,142,157,168,168,195,195,195,224,244,244,255,255,255,255,255],"floor_reached":16,"language":"ZHS","playtime":2111,"items_purged":[],"score":164,"play_id":"e8d17d21-d897-4b81-9b4c-9b9d54c34f53","local_time":"20210115151228","is_ascension_mode":false,"campfire_choices":[{"data":"RingOfDestiny:DiamondOfDeath","floor":6.0,"key":"SMITH"},{"data":"dwlrmod:FearFromDeep","floor":12,"key":"SMITH"},{"data":"RingOfDestiny:FirstInvest","floor":15,"key":"SMITH"}],"circlet_count":0,"master_deck":["RingOfDestiny:Defend_PU","RingOfDestiny:Defend_PU","RingOfDestiny:Defend_PU","RingOfDestiny:Defend_PU","RingOfDestiny:Strike_PU","RingOfDestiny:Strike_PU","RingOfDestiny:Strike_PU","RingOfDestiny:FirstInvest+1","RingOfDestiny:DiamondOfDeath+1","RingOfDestiny:Metaphysics","RingOfDestiny:Joyride","RingOfDestiny:Corrosion","RingOfDestiny:Purification","infinitespire:SevenWalls","dwlrmod:FearFromDeep+1","RingOfDestiny:Repeat","RingOfDestiny:HoldOn"],"relics":["RingOfDestiny:DogEyes","REME_ComplimentaryCards","AT_ATBox","testmod-TestBox","aspiration:Nostalgia","Replay:M_SmolderingBlood","dwlrmod:ProjectRecorder","ScarletDevilRocket","Juzu Bracelet","Gensokyo:CelestialsFlawlessClothing"],"acts_visited":["Gensokyo:Gensokyo"],"potions_floor_usage":[],"damage_taken":[{"damage":0.0,"enemies":"Gensokyo:3_Fairies","floor":1.0,"turns":4.0},{"damage":5.0,"enemies":"Gensokyo:Gryphon","floor":2.0,"turns":3.0},{"damage":0.0,"enemies":"Gensokyo:Python","floor":3.0,"turns":3.0},{"damage":2.0,"enemies":"Gensokyo:Kitsune","floor":4.0,"turns":4.0},{"damage":13.0,"enemies":"Gensokyo:CorruptedTreant","floor":5.0,"turns":4.0},{"damage":0.0,"enemies":"Gensokyo:Mamizou","floor":7.0,"turns":5.0},{"damage":0,"enemies":"Gensokyo:Cirno","floor":10,"turns":7},{"damage":10,"enemies":"Gensokyo:Python_and_Kodama","floor":11,"turns":4},{"damage":0,"enemies":"Gensokyo:2_Rabbits","floor":13,"turns":5},{"damage":0,"enemies":"Gensokyo:Yukari","floor":16,"turns":8}],"seed_played":"-1132890655692890797","potions_obtained":[{"floor":1.0,"key":"SkillPotion"},{"floor":10,"key":"Venom Potion"},{"floor":13,"key":"Explosive Potion"}],"is_trial":false,"path_per_floor":["M","M","M","M","M","R","E","?","T","E","M","R","M","?","R","B"],"character_chosen":"Purchemist","items_purchased":[],"campfire_rested":0,"item_purchase_floors":[],"current_hp_per_floor":[90,85,85,83,70,70,70,48,48,48,38,38,38,16,16,16,16],"gold":255,"neow_bonus":"NOSTALGIA","is_daily":false,"chose_seed":false,"campfire_upgraded":3,"win_rate":0.0,"timestamp":1610694748,"path_taken":["M","M","M","M","?","R","E","?","T","E","M","R","M","?","R","BOSS"],"items_purchased_type":[],"build_version":"2020-12-22","purchased_purges":0,"victory":false,"max_hp_per_floor":[90,90,90,90,90,90,90,90,90,90,90,90,90,90,90,90,90],"relic_stats":{"counters":[10,47],"Juzu Bracelet":1,"obtain_stats":[{"dwlrmod:ProjectRecorder":3,"AT_ATBox":0,"testmod-TestBox":0,"ScarletDevilRocket":7,"RingOfDestiny:DogEyes":0,"aspiration:Nostalgia":0,"Replay:M_SmolderingBlood":0,"DemoMod:GlassGuonStoneRelic":1,"Juzu Bracelet":10,"Gensokyo:CelestialsFlawlessClothing":14,"REME_ComplimentaryCards":0},{"dwlrmod:ProjectRecorder":3,"AT_ATBox":0,"testmod-TestBox":0,"ScarletDevilRocket":6,"RingOfDestiny:DogEyes":0,"aspiration:Nostalgia":0,"Replay:M_SmolderingBlood":0,"DemoMod:GlassGuonStoneRelic":1,"Juzu Bracelet":7,"Gensokyo:CelestialsFlawlessClothing":9,"REME_ComplimentaryCards":0},{"dwlrmod:ProjectRecorder":10,"AT_ATBox":0,"testmod-TestBox":0,"ScarletDevilRocket":23,"RingOfDestiny:DogEyes":0,"aspiration:Nostalgia":0,"Replay:M_SmolderingBlood":0,"DemoMod:GlassGuonStoneRelic":4,"Juzu Bracelet":30,"Gensokyo:CelestialsFlawlessClothing":39,"REME_ComplimentaryCards":0}]},"card_choices":[{"not_picked":["RingOfDestiny:Laugh","RingOfDestiny:Wilful"],"picked":"RingOfDestiny:Joyride","floor":1.0},{"not_picked":["RingOfDestiny:StayUpLate","BowlingBash"],"picked":"RingOfDestiny:Corrosion","floor":2.0},{"not_picked":["RingOfDestiny:Rebate","RingOfDestiny:Concentrate","RingOfDestiny:Disdain"],"picked":"SKIP","floor":3.0},{"not_picked":["RingOfDestiny:Corrosion","RingOfDestiny:Disdain"],"picked":"RingOfDestiny:Purification","floor":4.0},{"not_picked":["RingOfDestiny:StayUpLate","RingOfDestiny:Windfall","RingOfDestiny:Overdraft"],"picked":"SKIP","floor":5.0},{"not_picked":["RingOfDestiny:Wilful","Uppercut","RingOfDestiny:Windfall"],"picked":"SKIP","floor":7.0},{"not_picked":["infinitespire:Oblivion","ReplayTheSpireMod:Haul"],"picked":"infinitespire:SevenWalls","floor":8.0},{"not_picked":["dwlrmod:ColdlightOracle","dwlrmod:Coldwraith"],"picked":"dwlrmod:FearFromDeep","floor":10},{"not_picked":["RingOfDestiny:Filter","FollowUp"],"picked":"RingOfDestiny:Repeat","floor":10},{"not_picked":["RingOfDestiny:Wilful","RingOfDestiny:Shuffle"],"picked":"RingOfDestiny:HoldOn","floor":11},{"not_picked":["RingOfDestiny:DoubleInvest","RingOfDestiny:Purification","RingOfDestiny:Refine"],"picked":"SKIP","floor":13}],"player_experience":327116,"relics_obtained":[{"floor":3.0,"key":"dwlrmod:ProjectRecorder"},{"floor":7.0,"key":"ScarletDevilRocket"},{"floor":10,"key":"Juzu Bracelet"}],"event_choices":[],"is_beta":false,"boss_relics":[],"items_purged_floors":[],"is_endless":false,"potions_floor_spawned":[1,10,13],"killed_by":"Gensokyo:Yukari","ascension_level":0}}