{"host":"9kesdg97wkrx2bva","time":1610689221,"event":{"mods":["AchievementEnabler","BaseMod","Colored Map","Downfall","GifTheSpireLib","Infinite Spire","Minty Spire (QoL Compilation)","Replay The Spire","StSLib"],"gold_per_floor":[117,33,53,72,72,72,82,82,108,108,122,122,148,167,167,167,167],"floor_reached":16,"language":"ENG","playtime":390,"items_purged":[],"score":184,"play_id":"9dd8db95-61a3-4bf4-8e76-80f4c83a8e20","local_time":"20210115004021","is_ascension_mode":true,"campfire_choices":[{"data":"Zap","floor":6,"key":"SMITH"},{"data":"ReplayGash","floor":8,"key":"SMITH"},{"floor":15,"key":"REST"}],"circlet_count":0,"master_deck":["AscendersBane","Strike_B","Strike_B","Strike_B","Defend_B","Defend_B","Defend_B","Zap+1","Dualcast","Ball Lightning","ReplayGash+1","Rebound","Tempest","Go for the Eyes","Rip and Tear","Gash"],"relics":["Cracked Core","Strawberry","infinitespire:Lucky Rock","PreservedInsect"],"acts_visited":["Exordium"],"potions_floor_usage":[13,14],"damage_taken":[{"damage":12,"enemies":"Small Slimes","floor":1,"turns":2},{"damage":9,"enemies":"Jaw Worm","floor":3,"turns":3},{"damage":9,"enemies":"2 Louse","floor":4,"turns":3},{"damage":6,"enemies":"Exordium Wildlife","floor":7,"turns":3},{"damage":20,"enemies":"3 Louse","floor":11,"turns":3},{"damage":30,"enemies":"Lagavulin","floor":13,"turns":4},{"damage":1,"enemies":"Blue Slaver","floor":14,"turns":2},{"damage":56,"enemies":"Fading Forest","floor":16,"turns":10}],"seed_played":"-2273310738577427259","potions_obtained":[{"floor":4,"key":"FocusPotion"},{"floor":11,"key":"FairyPotion"},{"floor":13,"key":"FearPotion"}],"is_trial":false,"path_per_floor":["M","$","M","M","?","R","M","R","T","?","M","?","E","M","R","B"],"character_chosen":"DEFECT","items_purchased":["ReplayGash"],"campfire_rested":1,"item_purchase_floors":[2],"current_hp_per_floor":[52,52,43,34,34,34,28,28,35,35,15,4,13,12,35,0,0],"gold":167,"neow_bonus":"REMOVE_CARD","is_daily":false,"chose_seed":false,"campfire_upgraded":2,"win_rate":0.0,"timestamp":1610689221,"path_taken":["M","$","M","M","?","R","M","R","T","?","M","?","E","?","R","BOSS"],"items_purchased_type":["Card"],"build_version":"2020-12-22","purchased_purges":0,"victory":false,"max_hp_per_floor":[71,71,71,71,71,71,71,71,78,78,78,78,78,78,78,78,78],"card_choices":[{"not_picked":["BasicCrystalCard","Lockon"],"picked":"Ball Lightning","floor":1},{"not_picked":["ReplaySolidLightProjector","ReplayTheSpireMod:Repulse"],"picked":"Rebound","floor":3},{"not_picked":["Steam","Hyperbeam"],"picked":"Tempest","floor":4},{"not_picked":["Doom and Gloom","Barrage"],"picked":"Go for the Eyes","floor":7},{"not_picked":["Cold Snap","ReplayTheSpireMod:GoodbyeWorld"],"picked":"Rip and Tear","floor":11},{"not_picked":["Leap","Doom and Gloom"],"picked":"Gash","floor":13},{"not_picked":["Rebound","Stack","Sweeping Beam"],"picked":"SKIP","floor":14}],"player_experience":935129,"relics_obtained":[{"floor":9,"key":"Strawberry"},{"floor":13,"key":"PreservedInsect"}],"event_choices":[{"damage_healed":0,"gold_gain":0,"player_choice":"Searched \u00272\u0027 times","damage_taken":0,"relics_obtained":["infinitespire:Lucky Rock"],"max_hp_gain":0,"max_hp_loss":0,"event_name":"Dead Adventurer","floor":10,"gold_loss":0},{"damage_healed":0,"gold_gain":0,"player_choice":"Fled","damage_taken":11,"max_hp_gain":0,"max_hp_loss":0,"event_name":"Scrap Ooze","floor":12,"gold_loss":0}],"is_beta":false,"boss_relics":[],"items_purged_floors":[],"is_endless":false,"potions_floor_spawned":[4,11,13],"killed_by":"Fading Forest","ascension_level":16}}