{"host":"1mv6gj0zv8k9e9tz","time":1610701376,"event":{"mods":["AchievementEnabler","BaseMod","Better Third Choice","Colored Map","KOR Keyword Fix","Minty Spire (QoL Compilation)","Permanent Neow","Rare Cards Sparkle","StSLib"],"gold_per_floor":[116,66,66,82,7,7,7,41,67,67,67,95,95,114,114,209,209,227,238,95,105,5,5,30,30,30,30,45,64,64,64,64,162,162,180,128,141,141,0,0,35,35,107,107,122,122,122,141,141,141,141,141,114,143,143],"floor_reached":56,"language":"KOR","playtime":2141,"items_purged":["Strike_R","Strike_R"],"score":1705,"play_id":"9e193b6f-61df-4e05-94b9-736bf312972a","local_time":"20210115180256","is_ascension_mode":true,"campfire_choices":[{"data":"Demon Form","floor":6.0,"key":"SMITH"},{"data":"Corruption","floor":11.0,"key":"SMITH"},{"data":"Cleave","floor":13.0,"key":"SMITH"},{"floor":15.0,"key":"REST"},{"data":"Uppercut","floor":23.0,"key":"SMITH"},{"data":"Sword Boomerang","floor":25.0,"key":"SMITH"},{"data":"Shockwave","floor":30.0,"key":"SMITH"},{"data":"Bash","floor":32.0,"key":"SMITH"},{"data":"Finesse","floor":40.0,"key":"SMITH"},{"data":"Impervious","floor":42.0,"key":"SMITH"},{"data":"Shrug It Off","floor":44.0,"key":"SMITH"},{"data":"Shrug It Off","floor":47.0,"key":"SMITH"},{"floor":49.0,"key":"RECALL"},{"data":"Shrug It Off","floor":52.0,"key":"SMITH"}],"circlet_count":0,"master_deck":["AscendersBane","Defend_R","Defend_R","Defend_R","Defend_R","Bash+1","Demon Form+1","Sword Boomerang+1","Uppercut+1","Corruption+1","Cleave+1","Shockwave+1","Impervious+1","Shrug It Off+1","Shrug It Off+1","Shrug It Off+1","Feed","Flame Barrier+1","Shrug It Off+1","Finesse+1","Havoc+1","Pommel Strike+1","Shockwave+1","Shrug It Off","Limit Break"],"relics":["Burning Blood","Shuriken","Bag of Marbles","Pear","Gambling Chip","Empty Cage","Vajra","Art of War","Meat on the Bone","Coffee Dripper","Red Mask","Boot","Toy Ornithopter"],"acts_visited":["Exordium","TheCity","TheBeyond","TheEnding"],"potions_floor_usage":[55,55],"damage_taken":[{"damage":21.0,"enemies":"Small Slimes","floor":1.0,"turns":4.0},{"damage":12.0,"enemies":"2 Louse","floor":4.0,"turns":3.0},{"damage":45.0,"enemies":"3 Sentries","floor":8.0,"turns":8.0},{"damage":18.0,"enemies":"Gremlin Nob","floor":12.0,"turns":3.0},{"damage":0.0,"enemies":"Cultist","floor":14.0,"turns":3.0},{"damage":35.0,"enemies":"The Guardian","floor":16.0,"turns":6.0},{"damage":43.0,"enemies":"Spheric Guardian","floor":18.0,"turns":6.0},{"damage":17.0,"enemies":"2 Thieves","floor":19.0,"turns":3.0},{"damage":12.0,"enemies":"Snecko","floor":21.0,"turns":6.0},{"damage":8.0,"enemies":"Gremlin Leader","floor":24.0,"turns":6.0},{"damage":16.0,"enemies":"Cultist and Chosen","floor":28.0,"turns":3.0},{"damage":8.0,"enemies":"Sentry and Sphere","floor":29.0,"turns":5.0},{"damage":28.0,"enemies":"Automaton","floor":33.0,"turns":7.0},{"damage":19.0,"enemies":"3 Shapes","floor":35.0,"turns":4.0},{"damage":12.0,"enemies":"Orb Walker","floor":37.0,"turns":4.0},{"damage":18.0,"enemies":"Reptomancer","floor":41.0,"turns":5.0},{"damage":29.0,"enemies":"Sphere and 2 Shapes","floor":45.0,"turns":5.0},{"damage":12.0,"enemies":"Writhing Mass","floor":48.0,"turns":5.0},{"damage":54.0,"enemies":"Awakened One","floor":50.0,"turns":9.0},{"damage":27.0,"enemies":"Shield and Spear","floor":54.0,"turns":5.0},{"damage":69,"enemies":"The Heart","floor":55,"turns":8}],"seed_played":"-755752126884361160","potions_obtained":[{"floor":1.0,"key":"SmokeBomb"},{"floor":14.0,"key":"LiquidBronze"},{"floor":16.0,"key":"CultistPotion"},{"floor":19.0,"key":"AttackPotion"},{"floor":33.0,"key":"ColorlessPotion"},{"floor":45.0,"key":"SpeedPotion"},{"floor":54.0,"key":"LiquidBronze"}],"is_trial":false,"path_per_floor":["M","?","?","M","$","R","?","E","T","?","R","E","R","M","R","B",null,"M","M","$","M","$","R","E","R","T","?","M","M","R","?","R","B",null,"M","$","M","?","?","R","E","R","T","R","M","?","R","M","R","B",null,"R","$","E","B",null],"character_chosen":"IRONCLAD","items_purchased":["Vajra","Shrug It Off","Shrug It Off"],"campfire_rested":1,"item_purchase_floors":[20,36,53],"current_hp_per_floor":[57,57,62,56,56,56,56,17,17,20,20,8,8,14,42,13,75,38,27,27,21,21,21,19,19,19,19,21,31,31,31,31,21,77,67,67,61,61,61,61,61,61,61,61,53,53,53,59,59,23,82,82,82,61,20],"gold":143,"neow_bonus":"THREE_RARE_CARDS","is_daily":false,"chose_seed":false,"campfire_upgraded":12,"win_rate":0.0,"timestamp":1610701376,"path_taken":["M","?","?","M","$","R","?","E","T","?","R","E","R","M","R","BOSS","M","M","$","M","$","R","E","R","T","?","M","M","R","?","R","BOSS","M","$","M","?","?","R","E","R","T","R","M","?","R","?","R","BOSS","R","$","E","BOSS"],"items_purchased_type":["Relic","Card","Card"],"build_version":"2020-12-22","purchased_purges":2,"victory":true,"max_hp_per_floor":[80,80,85,85,85,85,85,85,85,95,95,95,95,95,95,95,95,95,95,95,95,95,95,95,95,95,95,95,95,95,95,95,95,95,98,98,98,98,98,98,98,98,98,98,101,101,101,101,101,101,101,101,101,101,101],"card_choices":[{"not_picked":["Berserk","Limit Break"],"picked":"Demon Form","floor":0.0},{"not_picked":["Pommel Strike","Entrench"],"picked":"Sword Boomerang","floor":1.0},{"not_picked":["Perfected Strike","Clash"],"picked":"Uppercut","floor":4.0},{"not_picked":["Bludgeon","Warcry"],"picked":"Cleave","floor":8.0},{"not_picked":["Reckless Charge","Combust","Sentinel"],"picked":"SKIP","floor":12.0},{"not_picked":["Warcry","Disarm"],"picked":"Shockwave","floor":14.0},{"not_picked":["Bludgeon","Juggernaut"],"picked":"Impervious","floor":16.0},{"not_picked":["Anger","Clash","Body Slam"],"picked":"SKIP","floor":18.0},{"not_picked":["Dropkick+1","Havoc"],"picked":"Shrug It Off","floor":19.0},{"not_picked":["Twin Strike","True Grit","Clash"],"picked":"SKIP","floor":21.0},{"not_picked":["Combust+1","Metallicize","Hemokinesis"],"picked":"SKIP","floor":24.0},{"not_picked":["Combust","Corruption"],"picked":"Shrug It Off","floor":28.0},{"not_picked":["Battle Trance+1","Feel No Pain"],"picked":"Shrug It Off+1","floor":29.0},{"not_picked":["Fiend Fire","Corruption"],"picked":"Feed","floor":33.0},{"not_picked":["Clash+1","Twin Strike+1"],"picked":"Flame Barrier+1","floor":35.0},{"not_picked":["Clash","Anger","Headbutt"],"picked":"SKIP","floor":37.0},{"not_picked":["Discovery","Transmutation"],"picked":"Finesse","floor":38.0},{"not_picked":["Armaments","Combust+1"],"picked":"Havoc+1","floor":41.0},{"not_picked":["Dropkick","Entrench+1"],"picked":"Pommel Strike","floor":45.0},{"not_picked":["Hemokinesis+1","Flame Barrier"],"picked":"Shockwave+1","floor":48.0},{"not_picked":["Rampage","Battle Trance+1"],"picked":"Limit Break","floor":54.0}],"player_experience":523800,"relics_obtained":[{"floor":8.0,"key":"Shuriken"},{"floor":9.0,"key":"Bag of Marbles"},{"floor":12.0,"key":"Gambling Chip"},{"floor":24.0,"key":"Art of War"},{"floor":26.0,"key":"Meat on the Bone"},{"floor":41.0,"key":"Boot"},{"floor":54.0,"key":"Toy Ornithopter"}],"event_choices":[{"cards_removed":["Shame"],"damage_healed":0.0,"max_hp_gain":0.0,"max_hp_loss":0.0,"gold_gain":0.0,"event_name":"The Cleric","player_choice":"Card Removal","floor":2.0,"gold_loss":50.0,"damage_taken":0.0},{"damage_healed":0.0,"max_hp_gain":5.0,"max_hp_loss":0.0,"gold_gain":0.0,"event_name":"Big Fish","player_choice":"Donut","floor":3.0,"gold_loss":0.0,"damage_taken":0.0},{"damage_healed":0.0,"max_hp_gain":0.0,"max_hp_loss":0.0,"gold_gain":0.0,"cards_transformed":["Strike_R"],"event_name":"Living Wall","player_choice":"Change","floor":7.0,"gold_loss":0.0,"damage_taken":0.0,"cards_obtained":["Corruption"]},{"damage_healed":0.0,"max_hp_gain":0.0,"max_hp_loss":0.0,"gold_gain":0.0,"event_name":"betterThird:BetterScrap","player_choice":"Relic ","floor":10.0,"gold_loss":0.0,"damage_taken":7.0,"cards_obtained":["Finisher"]},{"damage_healed":0.0,"max_hp_gain":0.0,"max_hp_loss":0.0,"gold_gain":0.0,"event_name":"Cursed Tome","player_choice":"Ignored","floor":27.0,"gold_loss":0.0,"damage_taken":0.0},{"damage_healed":0.0,"max_hp_gain":0.0,"max_hp_loss":0.0,"gold_gain":0.0,"event_name":"The Mausoleum","player_choice":"Ignored","floor":31.0,"gold_loss":0.0,"damage_taken":0.0},{"damage_healed":0.0,"max_hp_gain":0.0,"max_hp_loss":0.0,"gold_gain":0.0,"event_name":"SensoryStone","player_choice":"Memory 1","floor":38.0,"gold_loss":0.0,"damage_taken":0.0},{"damage_healed":0.0,"max_hp_gain":0.0,"max_hp_loss":0.0,"gold_gain":0.0,"event_name":"Tomb of Lord Red Mask","player_choice":"Paid","floor":39.0,"gold_loss":141.0,"damage_taken":0.0,"relics_obtained":["Red Mask"]},{"damage_healed":0.0,"max_hp_gain":0.0,"max_hp_loss":0.0,"gold_gain":0.0,"event_name":"Upgrade Shrine","player_choice":"Upgraded","floor":46.0,"gold_loss":0.0,"damage_taken":0.0,"cards_upgraded":["Pommel Strike"]}],"is_beta":false,"boss_relics":[{"not_picked":["Fusion Hammer","Runic Cube"],"picked":"Empty Cage"},{"not_picked":["Tiny House","Sozu"],"picked":"Coffee Dripper"}],"items_purged_floors":[5,22],"is_endless":false,"potions_floor_spawned":[1,14,16,19,33,45,54],"ascension_level":11}}