{"host":"ixbvfs3so5a39bhe","time":1610704040,"event":{"mods":["BaseMod","Minty Spire (QoL Compilation)","Quick Restart","StSLib"],"gold_per_floor":[115,134,134,134,134,163,163,188,224,236,278,290,377,418,430,442,442],"floor_reached":16,"language":"ZHS","playtime":648,"items_purged":[],"score":171,"play_id":"781bca90-e20f-48ec-9007-9a7183ba12e4","local_time":"20210115174720","is_ascension_mode":true,"campfire_choices":[{"data":"Metallicize","floor":7,"key":"SMITH"},{"floor":12,"key":"RECALL"},{"floor":15,"key":"REST"}],"circlet_count":0,"master_deck":["Strike_R","Strike_R","Strike_R","Strike_R","Strike_R","Defend_R","Defend_R","Defend_R","Defend_R","Thunderclap","Iron Wave","Metallicize+1","Flex"],"relics":["Burning Blood","NeowsBlessing","Omamori","Blood Vial","MawBank","Nunchaku","Incense Burner","Darkstone Periapt"],"acts_visited":["Exordium"],"potions_floor_usage":[14,16],"damage_taken":[{"damage":0,"enemies":"Jaw Worm","floor":1,"turns":1},{"damage":0,"enemies":"Small Slimes","floor":2,"turns":1},{"damage":0,"enemies":"3 Sentries","floor":6,"turns":1},{"damage":39,"enemies":"Gremlin Nob","floor":8,"turns":6},{"damage":23,"enemies":"3 Sentries","floor":11,"turns":7},{"damage":17,"enemies":"Gremlin Nob","floor":14,"turns":5},{"damage":40,"enemies":"Hexaghost","floor":16,"turns":14}],"seed_played":"-8133162269642996354","potions_obtained":[{"floor":2,"key":"GamblersBrew"},{"floor":6,"key":"Dexterity Potion"},{"floor":11,"key":"SpeedPotion"}],"is_trial":false,"path_per_floor":["M","M","?","?","?","E","R","E","T","$","E","R","?","E","R","B"],"character_chosen":"IRONCLAD","items_purchased":[],"campfire_rested":1,"item_purchase_floors":[],"current_hp_per_floor":[80,80,73,73,73,79,79,47,47,47,32,32,21,12,36,0,0],"gold":442,"neow_bonus":"THREE_ENEMY_KILL","is_daily":false,"chose_seed":false,"campfire_upgraded":1,"win_rate":0.0,"timestamp":1610704040,"path_taken":["M","M","?","?","?","E","R","E","T","?","E","R","?","E","R","BOSS"],"items_purchased_type":[],"build_version":"2020-12-22","purchased_purges":0,"victory":false,"max_hp_per_floor":[80,80,80,80,80,80,80,80,80,80,80,80,80,80,80,80,80],"card_choices":[{"not_picked":["Headbutt","Rampage"],"picked":"Thunderclap","floor":1},{"not_picked":["Havoc","Clash"],"picked":"Iron Wave","floor":2},{"not_picked":["Disarm","Second Wind"],"picked":"Flex","floor":6},{"not_picked":["Headbutt","Dropkick","Thunderclap"],"picked":"SKIP","floor":8},{"not_picked":["Bludgeon","True Grit","Intimidate"],"picked":"SKIP","floor":11},{"not_picked":["Wild Strike","Sentinel","Sword Boomerang"],"picked":"SKIP","floor":14}],"player_experience":151624,"relics_obtained":[{"floor":6,"key":"Blood Vial"},{"floor":8,"key":"MawBank"},{"floor":9,"key":"Nunchaku"},{"floor":11,"key":"Incense Burner"},{"floor":14,"key":"Darkstone Periapt"}],"event_choices":[{"damage_healed":0,"gold_gain":0,"player_choice":"Success","damage_taken":7,"relics_obtained":["Omamori"],"max_hp_gain":0,"max_hp_loss":0,"event_name":"Scrap Ooze","floor":3,"gold_loss":0},{"damage_healed":0,"gold_gain":0,"player_choice":"Ignored","damage_taken":0,"max_hp_gain":0,"max_hp_loss":0,"event_name":"Shining Light","floor":4,"gold_loss":0},{"damage_healed":0,"gold_gain":0,"cards_transformed":["Bash"],"player_choice":"Change","damage_taken":0,"max_hp_gain":0,"max_hp_loss":0,"event_name":"Living Wall","floor":5,"gold_loss":0,"cards_obtained":["Metallicize"]},{"damage_healed":0,"gold_gain":75,"player_choice":"Gather Gold","damage_taken":11,"max_hp_gain":0,"max_hp_loss":0,"event_name":"World of Goop","floor":13,"gold_loss":0}],"is_beta":false,"boss_relics":[],"items_purged_floors":[],"is_endless":false,"potions_floor_spawned":[2,6,11],"killed_by":"Hexaghost","ascension_level":3}}