{"host":"9b7hrp48q3pna783","time":1610693348,"event":{"mods":["BaseMod","Colored Map","Colored Powertips","Highlight Path","Minty Spire (QoL Compilation)","Relic Stats"],"gold_per_floor":[112,127,127,57,71,99,274,274,274,291,291,323,19,35,35,133,133,150,168,182,32,131,157,157,157,233,261,261,261,277,377,377,377,377],"floor_reached":33,"language":"ENG","playtime":2840,"items_purged":["Doubt","Strike_G"],"score":313,"play_id":"520c7922-59e3-4327-a67d-583604dc9577","local_time":"20210115014908","is_ascension_mode":true,"campfire_choices":[{"data":"Noxious Fumes","floor":11,"key":"SMITH"},{"data":"Noxious Fumes","floor":15,"key":"SMITH"},{"data":"Acrobatics","floor":24,"key":"SMITH"},{"data":"Bane","floor":28,"key":"SMITH"},{"floor":32,"key":"RECALL"}],"circlet_count":0,"master_deck":["Strike_G","Strike_G","Defend_G","Defend_G","Defend_G+1","Defend_G","Defend_G+1","Survivor","Neutralize+1","Prepared","Noxious Fumes+1","Noxious Fumes+1","Acrobatics+1","Acrobatics","Bane+1","Footwork+1","Cloak And Dagger+1"],"relics":["Ring of the Snake","Mercury Hourglass","Darkstone Periapt","TwistedFunnel","Empty Cage","Red Mask","Paper Crane","Frozen Egg 2","Du-Vu Doll","White Beast Statue"],"acts_visited":["Exordium","TheCity"],"potions_floor_usage":[12,12,12,20,20,23,23,31,33],"damage_taken":[{"damage":3,"enemies":"Small Slimes","floor":1,"turns":3},{"damage":0,"enemies":"Jaw Worm","floor":2,"turns":6},{"damage":0,"enemies":"2 Louse","floor":5,"turns":4},{"damage":0,"enemies":"Lagavulin","floor":6,"turns":9},{"damage":8,"enemies":"Exordium Thugs","floor":10,"turns":5},{"damage":7,"enemies":"Gremlin Nob","floor":12,"turns":4},{"damage":3,"enemies":"3 Louse","floor":14,"turns":2},{"damage":21,"enemies":"Slime Boss","floor":16,"turns":8},{"damage":2,"enemies":"3 Byrds","floor":18,"turns":3},{"damage":8,"enemies":"Spheric Guardian","floor":19,"turns":5},{"damage":0,"enemies":"Snecko","floor":20,"turns":5},{"damage":10,"enemies":"Masked Bandits","floor":23,"turns":3},{"damage":12,"enemies":"Slavers","floor":27,"turns":5},{"damage":0,"enemies":"Snake Plant","floor":30,"turns":4},{"damage":0,"enemies":"Colosseum Slavers","floor":31,"turns":4},{"damage":20,"enemies":"Colosseum Nobs","floor":31,"turns":4},{"damage":17,"enemies":"Collector","floor":33,"turns":9}],"seed_played":"2130176568738002145","potions_obtained":[{"floor":2,"key":"Block Potion"},{"floor":5,"key":"Poison Potion"},{"floor":6,"key":"Fruit Juice"},{"floor":14,"key":"SpeedPotion"},{"floor":16,"key":"LiquidBronze"},{"floor":19,"key":"Fire Potion"},{"floor":20,"key":"ColorlessPotion"},{"floor":27,"key":"BlessingOfTheForge"},{"floor":31,"key":"Explosive Potion"}],"is_trial":false,"path_per_floor":["M","M","?","$","M","E","?","?","T","M","R","E","$","M","R","B",null,"M","M","M","$","?","?","R","?","T","E","R","?","M","?","R","B"],"character_chosen":"THE_SILENT","items_purchased":["Noxious Fumes","Noxious Fumes","TwistedFunnel","Acrobatics"],"campfire_rested":0,"item_purchase_floors":[4,13,13,21],"current_hp_per_floor":[67,67,53,53,53,53,53,70,70,62,62,60,60,57,57,36,75,73,65,65,65,65,55,55,55,55,43,43,37,37,17,17,0,0],"gold":377,"neow_bonus":"UPGRADE_CARD","is_daily":false,"chose_seed":false,"campfire_upgraded":4,"win_rate":0.0,"timestamp":1610693348,"path_taken":["M","M","?","$","M","E","?","?","T","M","R","E","?","M","R","BOSS","M","M","M","$","?","?","R","?","T","E","R","?","?","?","R","BOSS"],"items_purchased_type":["Card","Card","Relic","Card"],"build_version":"2020-12-22","purchased_purges":2,"victory":false,"max_hp_per_floor":[70,70,70,70,70,70,70,70,70,70,70,75,75,75,75,75,75,75,75,75,75,75,75,75,75,75,75,75,75,75,75,75,75,75],"relic_stats":{"Darkstone Periapt":0,"counters":[17,82],"obtain_stats":[{"Darkstone Periapt":12,"TwistedFunnel":13,"Du-Vu Doll":31,"Red Mask":23,"Paper Crane":26,"Frozen Egg 2":27,"Empty Cage":17,"White Beast Statue":31,"Ring of the Snake":0,"Mercury Hourglass":6},{"Darkstone Periapt":6,"TwistedFunnel":6,"Du-Vu Doll":16,"Red Mask":12,"Paper Crane":12,"Frozen Egg 2":13,"Empty Cage":8,"White Beast Statue":16,"Ring of the Snake":0,"Mercury Hourglass":4},{"Darkstone Periapt":31,"TwistedFunnel":31,"Du-Vu Doll":73,"Red Mask":56,"Paper Crane":56,"Frozen Egg 2":61,"Empty Cage":40,"White Beast Statue":73,"Ring of the Snake":0,"Mercury Hourglass":22}],"Ring of the Snake":[34],"Mercury Hourglass":[258]},"card_choices":[{"not_picked":["Outmaneuver","Calculated Gamble","Underhanded Strike"],"picked":"SKIP","floor":1},{"not_picked":["Slice","Tactician"],"picked":"Prepared","floor":2},{"not_picked":["Blade Dance","Underhanded Strike","Skewer"],"picked":"SKIP","floor":5},{"not_picked":["Unload","Underhanded Strike","Riddle With Holes"],"picked":"SKIP","floor":6},{"not_picked":["Dash","Slice","Terror"],"picked":"SKIP","floor":10},{"not_picked":["Deflect","Outmaneuver","Burst"],"picked":"SKIP","floor":12},{"not_picked":["Tactician","Accuracy","Dash"],"picked":"SKIP","floor":14},{"not_picked":["Accuracy","Backflip"],"picked":"Acrobatics","floor":18},{"not_picked":["Poisoned Stab","Slice","Terror"],"picked":"SKIP","floor":19},{"not_picked":["Tactician","Infinite Blades","PiercingWail"],"picked":"SKIP","floor":20},{"not_picked":["Dodge and Roll","Reflex"],"picked":"Footwork+1","floor":27},{"not_picked":["Masterful Stab+1","Sucker Punch+1","Skewer+1"],"picked":"SKIP","floor":30},{"not_picked":["Deadly Poison","Burst"],"picked":"Cloak And Dagger+1","floor":31}],"player_experience":80244,"relics_obtained":[{"floor":6,"key":"Mercury Hourglass"},{"floor":12,"key":"Darkstone Periapt"},{"floor":23,"key":"Red Mask"},{"floor":26,"key":"Paper Crane"},{"floor":27,"key":"Frozen Egg 2"},{"floor":31,"key":"Du-Vu Doll"},{"floor":31,"key":"White Beast Statue"}],"event_choices":[{"damage_healed":0,"gold_gain":0,"player_choice":"Entered Light","damage_taken":14,"max_hp_gain":0,"max_hp_loss":0,"event_name":"Shining Light","floor":3,"gold_loss":0,"cards_upgraded":["Defend_G","Defend_G"]},{"damage_healed":0,"gold_gain":175,"player_choice":"AGREE","damage_taken":0,"max_hp_gain":0,"max_hp_loss":0,"event_name":"Liars Game","floor":7,"gold_loss":0,"cards_obtained":["Doubt"]},{"damage_healed":23,"gold_gain":0,"player_choice":"Banana","damage_taken":0,"max_hp_gain":0,"max_hp_loss":0,"event_name":"Big Fish","floor":8,"gold_loss":0},{"damage_healed":0,"gold_gain":99,"player_choice":"Stole From Cult","damage_taken":0,"max_hp_gain":0,"max_hp_loss":0,"event_name":"Nest","floor":22,"gold_loss":0},{"damage_healed":0,"gold_gain":0,"player_choice":"Fought Bandits","damage_taken":0,"max_hp_gain":0,"max_hp_loss":0,"event_name":"Masked Bandits","floor":23,"gold_loss":0},{"damage_healed":0,"gold_gain":0,"player_choice":"Read","damage_taken":0,"max_hp_gain":0,"max_hp_loss":0,"event_name":"The Library","floor":25,"gold_loss":0,"cards_obtained":["Bane"]},{"damage_healed":0,"gold_gain":0,"player_choice":"","damage_taken":6,"max_hp_gain":0,"max_hp_loss":0,"event_name":"Knowing Skull","floor":29,"potions_obtained":[],"gold_loss":0,"cards_obtained":[]},{"damage_healed":0,"gold_gain":0,"player_choice":"Fight","damage_taken":0,"max_hp_gain":0,"max_hp_loss":0,"event_name":"Colosseum","floor":31,"gold_loss":0},{"damage_healed":0,"gold_gain":0,"player_choice":"Fought Nobs","damage_taken":0,"max_hp_gain":0,"max_hp_loss":0,"event_name":"Colosseum","floor":31,"gold_loss":0}],"is_beta":false,"boss_relics":[{"not_picked":["Velvet Choker","Runic Dome"],"picked":"Empty Cage"}],"items_purged_floors":[13,21],"is_endless":false,"potions_floor_spawned":[2,5,6,14,16,19,20,27,31],"killed_by":"Collector","ascension_level":1}}