{"host":"Rowan","time":1610677105,"event":{"mods":["BaseMod","Minty Spire (QoL Compilation)"],"gold_per_floor":[119,81,81,96,271,271,281,312,312,312,312],"floor_reached":10,"language":"ENG","playtime":339,"items_purged":[],"score":66,"play_id":"81690850-9c23-4012-a41d-df7e71343fec","local_time":"20210114181825","is_ascension_mode":false,"campfire_choices":[{"data":"Distraction","floor":6,"key":"SMITH"}],"circlet_count":0,"master_deck":["Strike_G","Strike_G","Strike_G","Strike_G","Defend_G","Defend_G","Defend_G","Defend_G","Defend_G","Survivor","Neutralize","Dagger Throw","Catalyst","Distraction+1","Doubt","Backstab","Blade Dance"],"relics":["Busted Crown","Mercury Hourglass"],"acts_visited":["Exordium"],"potions_floor_usage":[8,10],"damage_taken":[{"damage":0,"enemies":"2 Louse","floor":1,"turns":3},{"damage":0,"enemies":"Small Slimes","floor":4,"turns":4},{"damage":2,"enemies":"Jaw Worm","floor":7,"turns":4},{"damage":31,"enemies":"Gremlin Nob","floor":8,"turns":5},{"damage":30,"enemies":"Lagavulin","floor":10,"turns":6}],"seed_played":"4552935955560964264","potions_obtained":[{"floor":4,"key":"Fire Potion"},{"floor":8,"key":"Weak Potion"}],"is_trial":false,"path_per_floor":["M","$","?","M","?","R","M","E","T","E"],"character_chosen":"THE_SILENT","items_purchased":["Catalyst"],"campfire_rested":0,"item_purchase_floors":[2],"current_hp_per_floor":[70,70,63,63,63,63,61,30,30,0,0],"gold":312,"neow_bonus":"BOSS_RELIC","is_daily":false,"chose_seed":false,"campfire_upgraded":1,"win_rate":0.0,"timestamp":1610677105,"path_taken":["M","$","?","M","?","R","M","E","T","E"],"items_purchased_type":["Card"],"build_version":"2020-12-18","purchased_purges":0,"victory":false,"max_hp_per_floor":[70,70,70,70,70,70,70,70,70,70,70],"card_choices":[{"not_picked":[],"picked":"Dagger Throw","floor":1},{"not_picked":[],"picked":"Distraction","floor":4},{"not_picked":[],"picked":"Backstab","floor":7},{"not_picked":[],"picked":"Blade Dance","floor":8}],"player_experience":375756,"relics_obtained":[{"floor":8,"key":"Mercury Hourglass"}],"event_choices":[{"cards_removed":["Strike_G"],"damage_healed":0,"gold_gain":0,"player_choice":"Card Removal","damage_taken":7,"max_hp_gain":0,"max_hp_loss":0,"event_name":"Golden Wing","floor":3,"gold_loss":0},{"damage_healed":0,"gold_gain":175,"player_choice":"AGREE","damage_taken":0,"max_hp_gain":0,"max_hp_loss":0,"event_name":"Liars Game","floor":5,"gold_loss":0,"cards_obtained":["Doubt"]}],"is_beta":true,"boss_relics":[],"items_purged_floors":[],"is_endless":false,"potions_floor_spawned":[4,8],"killed_by":"Lagavulin","ascension_level":0}}