{"host":"kiauivt48syq9iz6","time":1610753436,"event":{"mods":["A Magickal Journey","BaseMod","Conspire","Downfall","Hermit","Minty Spire (QoL Compilation)","Replay The Spire","SIMod","Somnambulant","StSLib","The Animator","The Construct","The Cursed","The Disciple","The Forsaken","The Judge","The Marked","The Runesmith","The Servant 0.9.4","The Spell Scribe"],"gold_per_floor":[118,129,129,30,105,105,119,119,119,131,131,151,167,184,184,284,284,304,304,43,57,69,69,96,96,121,121,153,110,129,149,149,244,244,264,264,278,49,64,64,97,117,117,145,157,169,196,228,240,252],"floor_reached":51,"language":"ENG","playtime":3622,"items_purged":[],"score":713,"play_id":"c2495ba7-c82b-424b-8a82-80f0c893b999","local_time":"20210115163036","is_ascension_mode":false,"campfire_choices":[{"floor":6,"key":"REST"},{"data":"Replay:SS_hec_2","floor":8,"key":"SMITH"},{"floor":15,"key":"REST"},{"data":"Sunder","floor":23,"key":"SMITH"},{"data":"Hologram","floor":25,"key":"SMITH"},{"floor":27,"key":"REST"},{"floor":40,"key":"REST"},{"floor":45,"key":"REST"}],"circlet_count":0,"master_deck":["Strike_B","Strike_B","Strike_B","Strike_B+1","Defend_B","Defend_B","Defend_B","Defend_B","Zap","Dualcast","Replay:SS_hec_2+1","Cold Snap+1","Melter","Coolheaded","Sweeping Beam","Coolheaded","conspire:SharedLibrary","Turbo","Beam Cell","Seek+1","Melter","Replay:SS_hec_2+1","Scrape+1","Sunder+1","Hologram+1","ReplayTheSpireMod:Repulse","Creative AI+1","Coolheaded+1","Coolheaded+1","Self Repair","Loop+1","Buffer","Compile Driver+1","Blizzard","BasicCrystalCard+1"],"relics":["FrozenCore","Kunai","conspire:SpecialSausage","Eternal Feather","Orichalcum","Anchor","MealTicket","Guide Book","Lizard Tail","MawBank","theForsaken:HumbleEgg"],"acts_visited":["Exordium","TheCity","TheBeyond"],"potions_floor_usage":[22,22,22],"damage_taken":[{"damage":0,"enemies":"Cultist","floor":1,"turns":4},{"damage":7,"enemies":"2 Louse","floor":2,"turns":4},{"damage":0,"enemies":"Small Slimes","floor":7,"turns":3},{"damage":0,"enemies":"Red Slaver","floor":10,"turns":5},{"damage":7,"enemies":"Large Slime","floor":12,"turns":7},{"damage":0,"enemies":"3 Louse","floor":13,"turns":5},{"damage":26,"enemies":"Gremlin Gang","floor":14,"turns":5},{"damage":18,"enemies":"Slime Boss","floor":16,"turns":15},{"damage":0,"enemies":"Shell Parasite","floor":18,"turns":7},{"damage":7,"enemies":"Chosen","floor":21,"turns":6},{"damage":0,"enemies":"Snake Plant","floor":22,"turns":5},{"damage":48,"enemies":"Gremlin Leader","floor":24,"turns":10},{"damage":17,"enemies":"Slavers","floor":28,"turns":9},{"damage":0,"enemies":"Centurion and Healer","floor":30,"turns":9},{"damage":0,"enemies":"Sentry and Sphere","floor":31,"turns":3},{"damage":13,"enemies":"Automaton","floor":33,"turns":16},{"damage":0,"enemies":"Orb Walker","floor":35,"turns":6},{"damage":0,"enemies":"3 Shapes","floor":37,"turns":12},{"damage":39,"enemies":"Jaw Worm Horde","floor":39,"turns":10},{"damage":16,"enemies":"Giant Head","floor":41,"turns":14},{"damage":27,"enemies":"Transient","floor":42,"turns":5},{"damage":6,"enemies":"Sphere and 2 Shapes","floor":44,"turns":6},{"damage":0,"enemies":"4 Shapes","floor":47,"turns":9},{"damage":0,"enemies":"Writhing Mass","floor":48,"turns":14},{"damage":6,"enemies":"conspire:OrnateMirror","floor":50,"turns":21}],"seed_played":"5836391875132778520","potions_obtained":[{"floor":10,"key":"Regen Potion"},{"floor":12,"key":"SteroidPotion"},{"floor":14,"key":"PowerPotion"},{"floor":18,"key":"BlessingOfTheForge"},{"floor":30,"key":"Strength Potion"},{"floor":35,"key":"LifebloodPotion"},{"floor":42,"key":"Strength Potion"}],"is_trial":false,"path_per_floor":["M","M","?","$","?","R","M","R","T","M","?","M","M","M","R","B",null,"M","?","$","M","M","R","E","R","T","R","E","?","M","M","R","B",null,"M","?","M","$","M","R","E","M","T","M","R","?","M","M","R","B",null],"character_chosen":"DEFECT","items_purchased":["Coolheaded","Sweeping Beam","Eternal Feather","Self Repair","Guide Book"],"campfire_rested":5,"item_purchase_floors":[4,4,20,38,38],"current_hp_per_floor":[75,68,68,68,61,75,75,75,75,75,75,68,68,42,64,46,75,75,75,75,68,75,75,27,42,42,75,58,58,58,58,75,62,75,75,75,75,75,43,75,66,39,39,33,75,75,75,75,75,75],"gold":264,"neow_bonus":"RANDOM_COLORLESS","is_daily":false,"chose_seed":false,"campfire_upgraded":3,"win_rate":0.0,"timestamp":1610753436,"path_taken":["M","?","?","$","?","R","?","R","T","M","?","M","M","M","R","BOSS","M","?","$","M","?","R","E","R","T","R","E","?","M","M","R","BOSS","M","?","M","$","?","R","E","M","T","?","R","?","?","M","R","BOSS"],"items_purchased_type":["Card","Card","Relic","Card","Relic"],"build_version":"2020-12-22","purchased_purges":0,"victory":true,"max_hp_per_floor":[75,75,75,75,75,75,75,75,75,75,75,75,75,75,75,75,75,75,75,75,75,75,75,75,75,75,75,75,75,75,75,75,75,75,75,75,75,75,75,75,75,75,75,75,75,75,75,75,75,75],"card_choices":[{"not_picked":["expansioncontent:Hexaburn","Discovery"],"picked":"Replay:SS_hec_2","floor":0},{"not_picked":["Reinforced Body","Tempest"],"picked":"Cold Snap","floor":1},{"not_picked":["Steam","Loop"],"picked":"Melter","floor":2},{"not_picked":["Stack","Panic Button"],"picked":"Coolheaded","floor":7},{"not_picked":["Undo","Go for the Eyes"],"picked":"conspire:SharedLibrary","floor":10},{"not_picked":["conspire:Rain","Steam"],"picked":"Turbo","floor":12},{"not_picked":["Rebound","Sweeping Beam"],"picked":"Lockon","floor":13},{"not_picked":["Barrage","Leap"],"picked":"Beam Cell","floor":14},{"not_picked":["Reboot","ReplayRNGCard"],"picked":"Seek","floor":16},{"not_picked":["Hologram","Stack"],"picked":"Melter","floor":18},{"not_picked":["Genetic Algorithm","Rip and Tear"],"picked":"Scrape+1","floor":21},{"not_picked":["Force Field","conspire:Rain"],"picked":"Sunder","floor":22},{"not_picked":["Storm","Streamline"],"picked":"Hologram","floor":24},{"not_picked":["Ball Lightning","Consume"],"picked":"ReplayTheSpireMod:Repulse","floor":28},{"not_picked":["Hologram","Rebound","ReplayTheSpireMod:Reroute Power+1"],"picked":"SKIP","floor":30},{"not_picked":["ReplayTheSpireMod:System Scan","Time Bomb","Hologram"],"picked":"SKIP","floor":31},{"not_picked":["Meteor Strike","Fission"],"picked":"Creative AI","floor":33},{"not_picked":["Barrage","Gash+1"],"picked":"Coolheaded+1","floor":35},{"not_picked":["BasicCrystalCard","Auto Shields"],"picked":"Coolheaded+1","floor":37},{"not_picked":["Gash","Steam"],"picked":"Storm+1","floor":39},{"not_picked":["Steam","Static Discharge"],"picked":"Loop+1","floor":41},{"not_picked":["Auto Shields","Leap+1"],"picked":"Buffer","floor":42},{"not_picked":["Cold Snap+1","Barrage+1"],"picked":"Compile Driver+1","floor":44},{"not_picked":["Static Discharge+1","Lockon+1"],"picked":"Blizzard","floor":47},{"not_picked":["Undo+1","ReplayTheSpireMod:Reroute Power"],"picked":"BasicCrystalCard+1","floor":48}],"player_experience":157301,"relics_obtained":[{"floor":9,"key":"Kunai"},{"floor":24,"key":"Orichalcum"},{"floor":26,"key":"Anchor"},{"floor":28,"key":"MealTicket"},{"floor":41,"key":"Lizard Tail"},{"floor":43,"key":"MawBank"}],"event_choices":[{"damage_healed":0,"gold_gain":0,"player_choice":"Disagree","damage_taken":0,"max_hp_gain":0,"max_hp_loss":0,"event_name":"conspire:LoneGhost","floor":3,"gold_loss":0},{"damage_healed":0,"gold_gain":75,"player_choice":"Touch","damage_taken":7,"max_hp_gain":0,"max_hp_loss":0,"event_name":"FaceTrader","floor":5,"gold_loss":0},{"damage_healed":0,"gold_gain":0,"player_choice":"Copied","damage_taken":0,"max_hp_gain":0,"max_hp_loss":0,"event_name":"Duplicator","floor":19,"gold_loss":0,"cards_obtained":["Replay:SS_hec_2"]},{"damage_healed":0,"gold_gain":0,"player_choice":"Ignored","damage_taken":0,"max_hp_gain":0,"max_hp_loss":0,"event_name":"SecretPortal","floor":36,"gold_loss":0},{"cards_removed":["Storm"],"damage_healed":0,"gold_gain":0,"player_choice":"Gave Card","damage_taken":0,"relics_obtained":["theForsaken:HumbleEgg"],"max_hp_gain":0,"max_hp_loss":0,"event_name":"WeMeetAgain","floor":46,"gold_loss":0},{"cards_removed":["Lockon"],"damage_healed":0,"gold_gain":0,"player_choice":"Offered Uncommon","damage_taken":0,"max_hp_gain":0,"max_hp_loss":0,"event_name":"Bonfire Elementals","floor":49,"gold_loss":0}],"is_beta":false,"boss_relics":[{"not_picked":["Honey Jar","Tiny House"],"picked":"conspire:SpecialSausage"},{"not_picked":["Ring of Chaos","Kintsugi"],"picked":"FrozenCore"}],"items_purged_floors":[],"is_endless":false,"potions_floor_spawned":[10,12,14,18,21,30,35,42],"ascension_level":0}}