{"host":"1a3cjta80tad0aqj","time":1610729137,"event":{"mods":["2.2 Compatiblity","AchievementEnabler","BaseMod","Colored Map","DeckTracker","KOR Keyword Fix","Keyboard Shortcuts","Minty Spire (QoL Compilation)","Permanent Neow","Quick Restart","Random Character Button","StSLib","SuperFastMode","everything is the same but u backflip on backflip"],"gold_per_floor":[115,131,141,160,160,160,175,193,193,193,204,48,48,48],"floor_reached":13,"language":"KOR","playtime":617,"items_purged":[],"score":79,"play_id":"5eaa5138-eca0-44a9-994e-fb75ffae1042","local_time":"20210116014537","is_ascension_mode":false,"campfire_choices":[{"data":"Neutralize","floor":6,"key":"SMITH"},{"data":"Backflip","floor":10,"key":"SMITH"}],"circlet_count":0,"master_deck":["Strike_G","Strike_G","Strike_G","Strike_G+1","Strike_G","Defend_G","Defend_G","Defend_G","Defend_G","Defend_G","Survivor","Neutralize+1","Backflip+1","Dagger Throw+1","PiercingWail","Backstab","Blur","Die Die Die","PiercingWail","Cloak And Dagger"],"relics":["Ring of the Snake","Whetstone"],"acts_visited":["Exordium"],"potions_floor_usage":[11],"damage_taken":[{"damage":0,"enemies":"2 Louse","floor":1,"turns":3},{"damage":0,"enemies":"Jaw Worm","floor":2,"turns":5},{"damage":0,"enemies":"Cultist","floor":3,"turns":3},{"damage":0,"enemies":"Lots of Slimes","floor":4,"turns":7},{"damage":4,"enemies":"Gremlin Gang","floor":7,"turns":4},{"damage":6,"enemies":"Large Slime","floor":8,"turns":6},{"damage":0,"enemies":"Looter","floor":11,"turns":3},{"damage":2,"enemies":"3 Sentries","floor":13,"turns":6}],"seed_played":"-7792182765049159815","potions_obtained":[{"floor":3,"key":"Regen Potion"},{"floor":8,"key":"GamblersBrew"},{"floor":11,"key":"Fruit Juice"}],"is_trial":false,"path_per_floor":["M","M","M","M","?","R","M","M","T","R","M","$","E"],"character_chosen":"THE_SILENT","items_purchased":["Whetstone"],"campfire_rested":0,"item_purchase_floors":[12],"current_hp_per_floor":[70,70,70,70,70,70,66,60,60,60,65,65,63,63],"gold":48,"neow_bonus":"THREE_CARDS","is_daily":false,"chose_seed":false,"campfire_upgraded":2,"win_rate":0.0,"timestamp":1610729137,"path_taken":["M","M","M","M","?","R","M","M","T","R","M","$","E"],"items_purchased_type":["Relic"],"build_version":"2020-12-22","purchased_purges":0,"victory":false,"max_hp_per_floor":[70,70,70,70,70,70,70,70,70,70,75,75,75,75],"card_choices":[{"not_picked":["Blade Dance","PiercingWail"],"picked":"Backflip","floor":0},{"not_picked":["Deflect","All Out Attack"],"picked":"Dagger Throw","floor":1},{"not_picked":["Blade Dance","Dagger Spray"],"picked":"PiercingWail","floor":2},{"not_picked":["PiercingWail","Concentrate"],"picked":"Backstab","floor":3},{"not_picked":["Blade Dance","Escape Plan"],"picked":"Blur","floor":4},{"not_picked":["All Out Attack","Poisoned Stab"],"picked":"Die Die Die","floor":7},{"not_picked":["Blur","Dodge and Roll"],"picked":"PiercingWail","floor":8},{"not_picked":["Underhanded Strike","Poisoned Stab"],"picked":"Cloak And Dagger","floor":11}],"player_experience":657941,"relics_obtained":[],"event_choices":[{"damage_healed":0,"gold_gain":0,"player_choice":"Ignored","damage_taken":0,"max_hp_gain":0,"max_hp_loss":0,"event_name":"Liars Game","floor":5,"gold_loss":0}],"is_beta":false,"boss_relics":[],"items_purged_floors":[],"is_endless":false,"potions_floor_spawned":[3,8,11],"killed_by":"3 Sentries","ascension_level":0}}