{"host":"f5gffvlv6a66yqkd","time":1610729086,"event":{"mods":["2.2 Compatiblity","Alarm Clock","BaseMod","Colored Map","Custom Start","DeckTracker","Keyboard Shortcuts","Minty Spire (QoL Compilation)","Permanent Neow","Quick Restart","Relic Stats","StSLib","SuperFastMode"],"gold_per_floor":[40,54,94,94,17,17,34,34,59,59,99,99,110,35,35,131,181,218,261,297,309,359,359,12,12,94,94,114,114,153,171,171,248,248,287,357,74,124,124,181,181,241,241,241,255,295,320,320],"floor_reached":47,"language":"KOR","playtime":1747,"items_purged":["Strike_P","Strike_P","Pray"],"score":1027,"play_id":"b77985bf-8d13-4c2d-9cba-082fd9673b07","local_time":"20210116014446","is_ascension_mode":true,"campfire_choices":[{"data":"Eruption","floor":6.0,"key":"SMITH"},{"data":"Devotion","floor":10.0,"key":"SMITH"},{"data":"Omniscience","floor":12.0,"key":"SMITH"},{"data":"Ragnarok","floor":15.0,"key":"SMITH"},{"floor":23.0,"key":"REST"},{"data":"Worship","floor":27.0,"key":"SMITH"},{"data":"MasterReality","floor":29.0,"key":"SMITH"},{"data":"TalkToTheHand","floor":32.0,"key":"SMITH"},{"floor":41,"key":"REST"},{"data":"MentalFortress","floor":44,"key":"SMITH"}],"circlet_count":0,"master_deck":["AscendersBane","Strike_P","Strike_P","Defend_P","Defend_P","Eruption+1","Vigilance","Wish","Devotion+1","Worship+1","Consecrate","Ragnarok+1","EmptyBody+1","Omniscience+1","DeusExMachina","DeceiveReality+1","MasterReality+1","Wallop+1","Adaptation","TalkToTheHand+1","Vault","MentalFortress+1","Protect+1","Adaptation","Fasting2+1","InnerPeace"],"relics":["PureWater","PreservedInsect","Tiny House","ClockworkSouvenir","Question Card","Snecko Eye","OrangePellets","Vajra"],"acts_visited":["Exordium","TheCity","TheBeyond"],"potions_floor_usage":[40,40,47],"damage_taken":[{"damage":14.0,"enemies":"Small Slimes","floor":1.0,"turns":6.0},{"damage":6.0,"enemies":"Cultist","floor":2.0,"turns":3.0},{"damage":4.0,"enemies":"Jaw Worm","floor":3.0,"turns":4.0},{"damage":0.0,"enemies":"2 Fungi Beasts","floor":7.0,"turns":2.0},{"damage":14.0,"enemies":"Red Slaver","floor":11.0,"turns":4.0},{"damage":0.0,"enemies":"Gremlin Gang","floor":13.0,"turns":1.0},{"damage":0.0,"enemies":"Slime Boss","floor":16.0,"turns":3.0},{"damage":12.0,"enemies":"Spheric Guardian","floor":18.0,"turns":4.0},{"damage":19.0,"enemies":"3 Byrds","floor":19.0,"turns":5.0},{"damage":6.0,"enemies":"Centurion and Healer","floor":20.0,"turns":8.0},{"damage":25.0,"enemies":"Chosen and Byrds","floor":21.0,"turns":5.0},{"damage":16.0,"enemies":"3 Cultists","floor":28.0,"turns":4.0},{"damage":13.0,"enemies":"Shelled Parasite and Fungi","floor":30.0,"turns":6.0},{"damage":0.0,"enemies":"Cultist and Chosen","floor":31.0,"turns":3.0},{"damage":14.0,"enemies":"Champ","floor":33.0,"turns":8.0},{"damage":26,"enemies":"Orb Walker","floor":35,"turns":5},{"damage":14,"enemies":"3 Shapes","floor":36,"turns":5},{"damage":1,"enemies":"Mind Bloom Boss Battle","floor":38,"turns":6},{"damage":9,"enemies":"Nemesis","floor":40,"turns":12},{"damage":0,"enemies":"Spire Growth","floor":42,"turns":5},{"damage":10,"enemies":"3 Darklings","floor":45,"turns":6},{"damage":0,"enemies":"Maw","floor":46,"turns":9},{"damage":23,"enemies":"4 Shapes","floor":47,"turns":2}],"seed_played":"-2330979530363504556","potions_obtained":[{"floor":4.0,"key":"Fire Potion"},{"floor":4.0,"key":"Swift Potion"},{"floor":13.0,"key":"FearPotion"},{"floor":16.0,"key":"Energy Potion"},{"floor":17.0,"key":"Regen Potion"},{"floor":28.0,"key":"DistilledChaos"},{"floor":30.0,"key":"StancePotion"},{"floor":31.0,"key":"LiquidMemories"},{"floor":40,"key":"Fruit Juice"},{"floor":45,"key":"AttackPotion"}],"is_trial":false,"path_per_floor":["M","M","M","?","$","R","M","?","T","R","M","R","M","$","R","B",null,"M","M","M","M","?","R","$","?","T","R","M","R","M","M","R","B",null,"M","M","$","?","?","E","R","M","T","R","M","M","M"],"character_chosen":"WATCHER","items_purchased":["Ragnarok","Adaptation","ClockworkSouvenir","OrangePellets"],"campfire_rested":2,"item_purchase_floors":[5,24,24,37],"current_hp_per_floor":[47,41,37,37,37,37,37,68,68,68,54,54,54,54,54,54,70,58,39,33,22,22,43,43,73,73,73,57,57,44,44,44,30,62,36,22,22,21,21,12,33,33,33,33,23,23,0,0],"gold":320,"neow_bonus":"TRANSFORM_TWO_CARDS","is_daily":false,"chose_seed":false,"campfire_upgraded":8,"win_rate":0.0,"timestamp":1610729086,"path_taken":["M","M","M","?","?","R","?","?","T","R","M","R","?","$","R","BOSS","M","M","?","M","?","R","$","?","T","R","M","R","M","M","R","BOSS","M","M","$","?","?","E","R","M","T","R","M","M","?"],"items_purchased_type":["Card","Card","Relic","Relic"],"build_version":"2020-12-22","purchased_purges":3,"victory":false,"max_hp_per_floor":[68,68,68,68,68,68,68,68,68,68,68,68,68,68,68,68,73,73,73,73,73,73,73,73,73,73,73,73,73,73,73,73,73,73,73,73,73,73,73,73,73,73,73,73,73,73,73,73],"relic_stats":{"OrangePellets":[8],"counters":[23,116],"Snecko Eye":[42,48,64,59],"PreservedInsect":63,"Question Card":11,"obtain_stats":[{"OrangePellets":37,"Tiny House":17,"Snecko Eye":34,"Vajra":40,"PreservedInsect":9,"PureWater":0,"Question Card":26,"ClockworkSouvenir":24},{"OrangePellets":17,"Tiny House":7,"Snecko Eye":15,"Vajra":19,"PreservedInsect":4,"PureWater":0,"Question Card":11,"ClockworkSouvenir":11},{"OrangePellets":76,"Tiny House":23,"Snecko Eye":66,"Vajra":94,"PreservedInsect":15,"PureWater":0,"Question Card":45,"ClockworkSouvenir":45}]},"card_choices":[{"not_picked":["ClearTheMind","FlyingSleeves"],"picked":"Worship","floor":1.0},{"not_picked":["PathToVictory","FlyingSleeves"],"picked":"ForeignInfluence","floor":2.0},{"not_picked":["FlyingSleeves","ReachHeaven"],"picked":"Consecrate","floor":3.0},{"not_picked":["ClearTheMind","ForeignInfluence"],"picked":"EmptyBody","floor":7.0},{"not_picked":["Fasting2","Halt"],"picked":"Omniscience","floor":11.0},{"not_picked":["CrushJoints","BowlingBash","Weave"],"picked":"SKIP","floor":13.0},{"not_picked":["Blasphemy","DevaForm"],"picked":"DeusExMachina","floor":16.0},{"not_picked":["EmptyBody","ClearTheMind"],"picked":"Pray","floor":17.0},{"not_picked":["Evaluate","Sanctity"],"picked":"DeceiveReality+1","floor":18.0},{"not_picked":["Evaluate","ThirdEye","JustLucky"],"picked":"SKIP","floor":19.0},{"not_picked":["ThirdEye","JustLucky"],"picked":"MasterReality","floor":20.0},{"not_picked":["CutThroughFate","WindmillStrike"],"picked":"Wallop+1","floor":21.0},{"not_picked":["Protect","Evaluate","CrushJoints","EmptyFist"],"picked":"SKIP","floor":28.0},{"not_picked":["Protect","Evaluate","CrushJoints","EmptyFist"],"picked":"SKIP","floor":28.0},{"not_picked":["EmptyBody","Halt","ThirdEye"],"picked":"TalkToTheHand","floor":30.0},{"not_picked":["Crescendo","EmptyBody","SandsOfTime","PathToVictory"],"picked":"SKIP","floor":31.0},{"not_picked":["Scrawl","Wish","Alpha"],"picked":"Vault","floor":33.0},{"not_picked":["Halt","FollowUp+1","PathToVictory","CrushJoints+1"],"picked":"SKIP","floor":35},{"not_picked":["EmptyBody","BowlingBash","WaveOfTheHand"],"picked":"MentalFortress","floor":36},{"not_picked":["Nirvana","ForeignInfluence","BowlingBash+1"],"picked":"Protect+1","floor":38},{"not_picked":["Swivel","BowlingBash","EmptyMind"],"picked":"Fasting2+1","floor":40},{"not_picked":["Evaluate","Worship+1","CarveReality+1"],"picked":"InnerPeace","floor":42},{"not_picked":["FlurryOfBlows","FlyingSleeves","JustLucky","Consecrate"],"picked":"SKIP","floor":45},{"not_picked":["SignatureMove","FlyingSleeves","Crescendo+1","PathToVictory+1"],"picked":"SKIP","floor":46}],"player_experience":1564165,"relics_obtained":[{"floor":9.0,"key":"PreservedInsect"},{"floor":26.0,"key":"Question Card"},{"floor":40,"key":"Vajra"}],"event_choices":[{"damage_healed":0.0,"max_hp_gain":0.0,"max_hp_loss":0.0,"gold_gain":0.0,"event_name":"Lab","player_choice":"Got Potions","floor":4.0,"gold_loss":0.0,"damage_taken":0.0},{"cards_removed":["ForeignInfluence"],"damage_healed":31.0,"max_hp_gain":0.0,"max_hp_loss":0.0,"gold_gain":0.0,"event_name":"Bonfire Elementals","player_choice":"Offered Uncommon","floor":8.0,"gold_loss":0.0,"damage_taken":0.0},{"damage_healed":0.0,"max_hp_gain":0.0,"max_hp_loss":0.0,"gold_gain":50.0,"event_name":"Nest","player_choice":"Stole From Cult","floor":22.0,"gold_loss":0.0,"damage_taken":0.0},{"damage_healed":30.0,"max_hp_gain":0.0,"max_hp_loss":0.0,"gold_gain":0.0,"event_name":"Wheel of Change","player_choice":"Full Heal","floor":25.0,"gold_loss":0.0,"damage_taken":0.0},{"damage_healed":0,"gold_gain":0,"player_choice":"Fight","damage_taken":0,"max_hp_gain":0,"max_hp_loss":0,"event_name":"MindBloom","floor":38,"gold_loss":0},{"damage_healed":0,"gold_gain":0,"player_choice":"Copied","damage_taken":0,"max_hp_gain":0,"max_hp_loss":0,"event_name":"Duplicator","floor":39,"gold_loss":0,"cards_obtained":["Adaptation"]}],"is_beta":false,"boss_relics":[{"not_picked":["Fusion Hammer","Ectoplasm"],"picked":"Tiny House"},{"not_picked":["HolyWater","Philosopher\u0027s Stone"],"picked":"Snecko Eye"}],"items_purged_floors":[14,24,37],"is_endless":false,"potions_floor_spawned":[11,13,16,28,30,31,33,35,40,45],"killed_by":"4 Shapes","ascension_level":20}}