{"host":"ci7cmvrwpmzqnw7e","time":1610680653,"event":{"mods":["BaseMod","BetterRewards","Colored Map","Downfall","GungeonMod","Highlight Path","Hubris","Infinite Spire","Minty Spire (QoL Compilation)","Random Character Button","Rare Cards Sparkle","Replay The Spire","Shop Mod","StSLib"],"gold_per_floor":[118,118,133,133,58,58,74,74,74],"floor_reached":8,"language":"ENG","playtime":324,"items_purged":[],"score":142,"play_id":"2ca4677c-fe57-4637-9e12-6dc9723f3c20","local_time":"20210114201733","daily_mods":["downfall:ExchangeController"],"is_ascension_mode":true,"campfire_choices":[{"floor":6,"key":"REST"}],"circlet_count":0,"master_deck":["AscendersBane","Strike_G","Strike_G","Strike_G","Strike_G","Defend_G","Defend_G","Defend_G","Defend_G","Defend_G","Survivor","Neutralize","Hidden Blade","Deflect","Blade Dance","Prepared"],"relics":["Ring of the Snake","downfall:NeowBlessing_Player","Bottled Lightning"],"acts_visited":["Exordium"],"potions_floor_usage":[],"damage_taken":[{"damage":67,"enemies":"Cultist","floor":1,"turns":8},{"damage":33,"enemies":"Small Slimes","floor":3,"turns":6},{"damage":14,"enemies":"2 Louse","floor":7,"turns":4},{"damage":98,"enemies":"3 Sentries","floor":8,"turns":12}],"seed_played":"-3840199783979834814","potions_obtained":[{"floor":7,"key":"Fire Potion"}],"is_trial":true,"path_per_floor":["M","?","M","?","?","R","M","E"],"character_chosen":"THE_SILENT","items_purchased":[],"campfire_rested":1,"item_purchase_floors":[],"current_hp_per_floor":[92,92,59,59,59,108,94,0,0],"gold":74,"neow_bonus":"","is_daily":false,"chose_seed":false,"campfire_upgraded":0,"win_rate":0.0,"timestamp":1610680653,"path_taken":["M","?","M","?","?","R","M","E"],"items_purchased_type":[],"build_version":"2020-12-22","purchased_purges":0,"victory":false,"max_hp_per_floor":[166,166,166,166,166,166,166,166,166],"card_choices":[{"not_picked":["hubris:SlightOfHand","Blur"],"picked":"Hidden Blade","floor":1},{"not_picked":["Escape Plan","Sucker Punch"],"picked":"Deflect","floor":3},{"not_picked":["All Out Attack","Outmaneuver"],"picked":"Prepared","floor":7}],"player_experience":77336,"relics_obtained":[{"floor":2,"key":"Bottled Lightning"}],"event_choices":[{"cards_removed":["Strike_G"],"damage_healed":0,"gold_gain":0,"player_choice":"Card Removal","damage_taken":0,"max_hp_gain":0,"max_hp_loss":0,"event_name":"The Cleric","floor":5,"gold_loss":75}],"is_beta":false,"boss_relics":[],"items_purged_floors":[],"is_endless":false,"potions_floor_spawned":[7],"killed_by":"3 Sentries","ascension_level":20}}