{"host":"oeotdbd679q6m6vu","time":1610704552,"event":{"mods":["Act Like it!","BaseMod","Colored Map","Decade(Õı–°√˜)","Downfall","Friendly Minions","Gensokyo","GifTheSpireLib","Highlight Path","Marisa£®ÏF”Í°°ƒß¿Ì…≥£©","Minty Spire (QoL Compilation)","Rare Cards Sparkle","Reimu£®≤©¿ˆ¡È√Œ£©","StSLib","The Animator","Youmu£®ªÍ∆«—˝√Œ£©"],"gold_per_floor":[99,99,99,99,199,124,169,184,184,201,216,235,254,254,254,254],"floor_reached":14,"language":"ZHS","playtime":496,"items_purged":[],"score":84,"play_id":"06a7d203-ffa7-43b9-8bfc-7cba386d8077","local_time":"20210115045552","is_ascension_mode":true,"campfire_choices":[{"floor":1,"key":"RECALL"},{"data":"Slimebound:LeechEnergy","floor":6,"key":"SMITH"}],"circlet_count":0,"master_deck":["Slimebound:Strike_Slimebound","Slimebound:Strike_Slimebound","Slimebound:Strike_Slimebound","Slimebound:Tackle","Slimebound:Defend_Slimebound","Slimebound:Defend_Slimebound","Slimebound:Defend_Slimebound","Slimebound:Defend_Slimebound","Slimebound:Split","Slimebound:CorrosiveSpit","Slimebound:SplitLeeching","Slimebound:LeechEnergy+1","Slimebound:SplitMire","Slimebound:LeechEnergy"],"relics":["Slimebound:AbsorbEndCombat","downfall:HeartsMalice","downfall:HeartBlessingRed","Vajra"],"acts_visited":["Exordium"],"potions_floor_usage":[14],"damage_taken":[{"damage":0,"enemies":"Cultist","floor":2,"turns":1},{"damage":0,"enemies":"2 Louse","floor":3,"turns":1},{"damage":0,"enemies":"Small Slimes","floor":4,"turns":1},{"damage":14,"enemies":"Red Slaver","floor":8,"turns":3},{"damage":17,"enemies":"Large Slime","floor":10,"turns":5},{"damage":21,"enemies":"Gremlin Gang","floor":11,"turns":3},{"damage":16,"enemies":"Lots of Slimes","floor":12,"turns":4},{"damage":20,"enemies":"Large Slime","floor":13,"turns":3},{"damage":38,"enemies":"3 Sentries","floor":14,"turns":3}],"seed_played":"-6470987430001259069","potions_obtained":[{"floor":8,"key":"champ:CounterPotion"},{"floor":10,"key":"MagicPotion:ReiMu"},{"floor":13,"key":"Ancient Potion"}],"is_trial":false,"path_per_floor":["R","M","M","M","?","R","T","M","?","M","M","M","M","E"],"character_chosen":"SLIMEBOUND","items_purchased":[],"campfire_rested":0,"item_purchase_floors":[],"current_hp_per_floor":[60,60,60,60,60,60,60,50,50,51,46,42,36,0,0,0],"gold":254,"neow_bonus":"THREE_ENEMY_KILL","is_daily":false,"chose_seed":false,"campfire_upgraded":1,"win_rate":0.0,"timestamp":1610704552,"path_taken":["R","M","?","M","?","R","T","?","?","M","M","?","M","E"],"items_purchased_type":[],"build_version":"2020-12-22","purchased_purges":0,"victory":false,"max_hp_per_floor":[60,60,60,60,60,60,60,60,60,60,60,60,60,60,60,60],"card_choices":[{"not_picked":["Slimebound:ViciousTackle","Slimebound:RollThrough"],"picked":"Slimebound:SplitLeeching","floor":2},{"not_picked":["Slimebound:DisruptingSlam","Slimebound:SplitLeeching"],"picked":"Slimebound:LeechEnergy","floor":3},{"not_picked":["Slimebound:FinishingTackle","Slimebound:GrowthPunch","Slimebound:LivingWall"],"picked":"SKIP","floor":4},{"not_picked":["Slimebound:MegaLick","Slimebound:Repurpose","Slimebound:SlimeBrawl"],"picked":"SKIP","floor":8},{"not_picked":["Slimebound:ComboTackle","Slimebound:DisruptingSlam","Slimebound:Schlurp"],"picked":"SKIP","floor":10},{"not_picked":["Slimebound:ProtectTheBoss","Slimebound:RainOfGoop"],"picked":"Slimebound:LeechEnergy","floor":11},{"not_picked":["Slimebound:GrowthPunch","Slimebound:FinishingTackle","Slimebound:LeechingTouch"],"picked":"SKIP","floor":12},{"not_picked":["Slimebound:DisruptingSlam","Slimebound:DivideAndConquer","Slimebound:Equalize"],"picked":"SKIP","floor":13}],"player_experience":312599,"relics_obtained":[{"floor":7,"key":"Vajra"}],"event_choices":[{"damage_healed":0,"gold_gain":100,"player_choice":"Gold","damage_taken":0,"max_hp_gain":0,"max_hp_loss":0,"event_name":"Wheel of Change","floor":5,"gold_loss":0}],"is_beta":false,"boss_relics":[],"items_purged_floors":[],"is_endless":false,"potions_floor_spawned":[8,10,13],"killed_by":"3 Sentries","ascension_level":1}}