{"host":"l84l8xigz5v5foa2","time":1610715129,"event":{"mods":["2.2 Compatiblity","AchievementEnabler","BaseMod","Better Note","Better Vampires","Card Filter","Colored Map","DeckTracker","Downfall","Gremlin Skip","Highlight Path","Keyboard Shortcuts","Minty Spire (QoL Compilation)","Permanent Neow","Quick Restart","Relic Filter","Relic Stats","StSLib","SuperFastMode","Transform Curses","Unknown Chances"],"gold_per_floor":[0,16,29,41,106,132,156,156,172,187,187,220,220,130,140,214,214,214,226,239,239,47,47,47,32,32,32,32,49,375,396,408,483,483,408,427,442,542,432,464,464,476,489,339,189,205,205,230,250,250,250,280,82,82,82],"floor_reached":56,"language":"ENG","playtime":4147,"items_purged":["Regret","hexamod:Strike+1","hexamod:Defend","Pain"],"score":2443,"play_id":"10362481-fe35-49e7-943e-08ad03d4f27e","local_time":"20210115215209","is_ascension_mode":true,"campfire_choices":[{"data":"hexamod:Float","floor":1.0,"key":"SMITH"},{"data":"expansioncontent:DashGenerateEvil","floor":13.0,"key":"SMITH"},{"data":"hexamod:Rewind","floor":18.0,"key":"SMITH"},{"data":"hexamod:GhostOfSpirePast","floor":23.0,"key":"SMITH"},{"floor":26.0,"key":"DIG"},{"floor":28.0,"key":"DIG"},{"floor":35.0,"key":"RECALL"},{"floor":44.0,"key":"DIG"},{"floor":47.0,"key":"DIG"},{"floor":54,"key":"DIG"}],"circlet_count":0,"master_deck":["AscendersBane","hexamod:Strike+1","hexamod:Defend+1","hexamod:Defend+1","hexamod:Defend+1","hexamod:Sear+1","hexamod:Float+1","expansioncontent:DashGenerateEvil+1","hexamod:SpectersWail+1","hexamod:GhostShield+1","hexamod:GhostLash+1","hexamod:PowerFromBeyond+1","hexamod:RainOfEmbers+1","hexamod:ShieldOfDarkness+1","hexamod:BacktrackSmack+1","hexamod:Incineration+1","hexamod:Rewind+1","hexamod:Hexaguard+1","hexamod:StepThrough+1","hexamod:InspiringFlames+1","hexamod:ThirdSeal","hexamod:HauntingEcho+1","hexamod:AdvancingGuard+1","hexamod:SixthSeal","hexamod:GhostOfSpirePast+1","hexamod:GhostOfSpirePast+1","hexamod:FourthSeal","hexamod:FastForward+1","hexamod:ThirdSeal","hexamod:NecessarySacrifice+1","hexamod:FirstSeal","hexamod:TimeOfNeed+1","hexamod:GiftsFromTheDead+1","hexamod:GhostShield+1","hexamod:Haunt+1","hexamod:Rewind+1","hexamod:PhantomCloak+1","hexamod:GhostOfSpirePast+1"],"relics":["hexamod:SpiritBrand","Shovel","Strawberry","Art of War","Lantern","Cursed Key","Ancient Tea Set","Centennial Puzzle","Old Coin","hexamod:TheBrokenSeal","hexamod:IceCube","downfall:HeartBlessingGreen","Potion Belt","DollysMirror","Toy Ornithopter","Blood Vial","downfall:HeartBlessingRed","downfall:HeartBlessingBlue","PreservedInsect","Oddly Smooth Stone","Pocketwatch","Boot","Gremlin Horn"],"acts_visited":["Exordium","TheCity","TheBeyond","TheEnding"],"potions_floor_usage":[49,52,55,55,55,55,55,55,55,55,55,55,55,55,55],"damage_taken":[{"damage":0.0,"enemies":"2 Louse","floor":2.0,"turns":3.0},{"damage":0.0,"enemies":"Jaw Worm","floor":3.0,"turns":4.0},{"damage":0.0,"enemies":"Cultist","floor":4.0,"turns":3.0},{"damage":20.0,"enemies":"Gremlin Nob","floor":5.0,"turns":4.0},{"damage":31.0,"enemies":"Lagavulin","floor":6.0,"turns":9.0},{"damage":7.0,"enemies":"Exordium Wildlife","floor":9.0,"turns":3.0},{"damage":0.0,"enemies":"Lots of Slimes","floor":10.0,"turns":4.0},{"damage":7.0,"enemies":"3 Sentries","floor":12.0,"turns":3.0},{"damage":2.0,"enemies":"downfall:FleeingMerchant","floor":14.0,"turns":4.0},{"damage":0.0,"enemies":"2 Fungi Beasts","floor":15.0,"turns":4.0},{"damage":9.0,"enemies":"downfall:Silent","floor":16.0,"turns":8.0},{"damage":16.0,"enemies":"Shell Parasite","floor":19.0,"turns":6.0},{"damage":7.0,"enemies":"Snecko","floor":20.0,"turns":6.0},{"damage":5.0,"enemies":"downfall:FleeingMerchant","floor":22.0,"turns":4.0},{"damage":4.0,"enemies":"downfall:FleeingMerchant","floor":25.0,"turns":4.0},{"damage":3.0,"enemies":"Cultist and Chosen","floor":29.0,"turns":7.0},{"damage":11.0,"enemies":"Slavers","floor":30.0,"turns":5.0},{"damage":16.0,"enemies":"3 Cultists","floor":31.0,"turns":6.0},{"damage":13.0,"enemies":"Centurion and Healer","floor":32.0,"turns":5.0},{"damage":39.0,"enemies":"downfall:Ironclad","floor":33.0,"turns":7.0},{"damage":17.0,"enemies":"Orb Walker","floor":36.0,"turns":6.0},{"damage":0.0,"enemies":"3 Shapes","floor":37.0,"turns":6.0},{"damage":0.0,"enemies":"downfall:LadyInBlue","floor":38.0,"turns":5.0},{"damage":0.0,"enemies":"downfall:FleeingMerchant","floor":39.0,"turns":4.0},{"damage":0.0,"enemies":"Giant Head","floor":40.0,"turns":5.0},{"damage":5.0,"enemies":"Sphere and 2 Shapes","floor":42.0,"turns":4.0},{"damage":5.0,"enemies":"Writhing Mass","floor":43.0,"turns":5.0},{"damage":0.0,"enemies":"Transient","floor":46.0,"turns":6.0},{"damage":0,"enemies":"Mind Bloom Boss Battle","floor":48,"turns":4},{"damage":1,"enemies":"Sphere and 2 Shapes","floor":49,"turns":4},{"damage":0,"enemies":"downfall:Defect","floor":50,"turns":7},{"damage":0,"enemies":"downfall:CharBossMerchant","floor":52,"turns":6},{"damage":0,"enemies":"downfall:NeowBoss","floor":55,"turns":13}],"seed_played":"-5376913907636930612","potions_obtained":[{"floor":2.0,"key":"DistilledChaos"},{"floor":4.0,"key":"DistilledChaos"},{"floor":6.0,"key":"SneckoOil"},{"floor":9.0,"key":"SpeedPotion"},{"floor":12.0,"key":"PowerPotion"},{"floor":19.0,"key":"Fire Potion"},{"floor":20.0,"key":"GamblersBrew"},{"floor":25.0,"key":"Energy Potion"},{"floor":29.0,"key":"Explosive Potion"},{"floor":30.0,"key":"BlessingOfTheForge"},{"floor":30.0,"key":"Block Potion"},{"floor":30.0,"key":"EssenceOfSteel"},{"floor":31.0,"key":"PowerPotion"},{"floor":32.0,"key":"Dexterity Potion"},{"floor":33.0,"key":"SpeedPotion"},{"floor":36.0,"key":"Energy Potion"},{"floor":37.0,"key":"hexamod:EctoCoolerPotion"},{"floor":38.0,"key":"Energy Potion"},{"floor":38.0,"key":"SneckoOil"},{"floor":38.0,"key":"EntropicBrew"},{"floor":40.0,"key":"Slimebound:ThreeZeroPotion"},{"floor":42.0,"key":"hexamod:DoubleChargePotion"},{"floor":43.0,"key":"Swift Potion"},{"floor":46.0,"key":"Fire Potion"},{"floor":49,"key":"Block Potion"},{"floor":49,"key":"sneckomod:MuddlingPotion"},{"floor":52,"key":"Guardian:BlockOnCardUsePotion"}],"is_trial":false,"path_per_floor":["R","M","M","M","?","E","T","?","M","M","?","E","R","$","M","B",null,"R","M","M","?","$","R","T","$","R","T","R","M","E","M","M","B",null,"R","M","M","?","$","E","T","M","M","R","$","M","R","?","M","B",null,"E","$","R","B",null],"character_chosen":"THE_SPIRIT","items_purchased":["hexamod:GhostOfSpirePast","DollysMirror","Toy Ornithopter","DuplicationPotion","EntropicBrew"],"campfire_rested":0,"item_purchase_floors":[22,39,39,53,53],"current_hp_per_floor":[57,57,57,57,37,20,20,20,20,27,27,27,27,32,39,30,60,60,51,51,51,46,46,46,42,42,42,42,46,42,80,74,42,71,71,61,68,75,80,80,80,80,80,90,90,90,90,90,90,90,90,90,90,90,90],"gold":82,"neow_bonus":"RANDOM_COLORLESS_2","is_daily":false,"chose_seed":false,"campfire_upgraded":4,"win_rate":0.0,"timestamp":1610715129,"path_taken":["R","M","M","M","?","E","T","?","M","M","?","E","R","?","M","BOSS","R","M","M","?","$","R","T","?","R","?","R","M","E","?","M","BOSS","R","M","M","?","$","E","T","M","?","R","$","M","R","?","M","BOSS","E","$","R","BOSS"],"items_purchased_type":["Card","Relic","Relic","Potion","Potion"],"build_version":"2020-12-22","purchased_purges":4,"victory":true,"max_hp_per_floor":[63,63,63,63,63,70,70,70,70,70,70,70,70,70,70,70,70,70,70,70,70,70,70,70,70,70,70,70,70,70,80,80,80,80,80,80,80,80,80,80,80,80,80,90,90,90,90,90,90,90,90,90,90,90,90],"relic_stats":{"Blood Vial":0,"Centennial Puzzle":[27],"Shovel":5,"Gremlin Horn":[3,3],"counters":[33,174],"PreservedInsect":105,"Art of War":[31],"Cursed Key":1,"Boot":[0],"obtain_stats":[{"Potion Belt":38,"Lantern":12,"downfall:HeartBlessingRed":44,"Gremlin Horn":54,"hexamod:TheBrokenSeal":31,"Oddly Smooth Stone":47,"downfall:HeartBlessingGreen":35,"PreservedInsect":44,"Cursed Key":17,"Ancient Tea Set":26,"Boot":52,"Old Coin":30,"Blood Vial":40,"Centennial Puzzle":28,"Shovel":5,"DollysMirror":39,"downfall:HeartBlessingBlue":44,"Strawberry":6,"WingedGreaves":40,"Art of War":7,"hexamod:SpiritBrand":0,"hexamod:IceCube":34,"Toy Ornithopter":39,"Pocketwatch":48},{"Potion Belt":23,"Lantern":8,"downfall:HeartBlessingRed":27,"Gremlin Horn":32,"hexamod:TheBrokenSeal":18,"Oddly Smooth Stone":28,"downfall:HeartBlessingGreen":20,"PreservedInsect":27,"Cursed Key":11,"Ancient Tea Set":15,"Boot":32,"Old Coin":17,"Blood Vial":25,"Centennial Puzzle":15,"Shovel":4,"DollysMirror":24,"downfall:HeartBlessingBlue":27,"Strawberry":5,"WingedGreaves":25,"Art of War":5,"hexamod:SpiritBrand":0,"hexamod:IceCube":20,"Toy Ornithopter":24,"Pocketwatch":29},{"Potion Belt":116,"Lantern":33,"downfall:HeartBlessingRed":134,"Gremlin Horn":161,"hexamod:TheBrokenSeal":86,"Oddly Smooth Stone":140,"downfall:HeartBlessingGreen":99,"PreservedInsect":134,"Cursed Key":49,"Ancient Tea Set":69,"Boot":161,"Old Coin":81,"Blood Vial":125,"Centennial Puzzle":69,"Shovel":14,"DollysMirror":120,"downfall:HeartBlessingBlue":134,"Strawberry":23,"WingedGreaves":125,"Art of War":23,"hexamod:SpiritBrand":0,"hexamod:IceCube":99,"Toy Ornithopter":120,"Pocketwatch":144}],"Toy Ornithopter":6,"Pocketwatch":[0]},"card_choices":[{"not_picked":["Violence","Secret Technique"],"picked":"expansioncontent:DashGenerateEvil","floor":0.0},{"not_picked":["hexamod:BacktrackSmack","hexamod:ThermalTransfer"],"picked":"hexamod:SpectersWail","floor":2.0},{"not_picked":["hexamod:ShieldOfDarkness","hexamod:EmpoweringStance"],"picked":"hexamod:ThirdSeal","floor":3.0},{"not_picked":["hexamod:Again","hexamod:SpectersWail"],"picked":"hexamod:GhostShield","floor":4.0},{"not_picked":["hexamod:AdvancingGuard","hexamod:SpectralSpark"],"picked":"hexamod:GhostLash","floor":4.0},{"not_picked":["hexamod:NightmareGuise","hexamod:FastForward"],"picked":"hexamod:FirstSeal","floor":5.0},{"not_picked":["hexamod:PhantomFireball","hexamod:ThermalTransfer"],"picked":"hexamod:PowerFromBeyond","floor":6.0},{"not_picked":["hexamod:GhostLash","hexamod:SwordOfDarkness"],"picked":"hexamod:RainOfEmbers","floor":6.0},{"not_picked":["hexamod:SkipABeat","hexamod:GhostOfSpirePresent"],"picked":"hexamod:ShieldOfDarkness","floor":9.0},{"not_picked":["hexamod:RecurringNightmare","hexamod:RetreatToShadows"],"picked":"hexamod:BacktrackSmack","floor":9.0},{"not_picked":["hexamod:Firestarter","hexamod:DynamicBlow"],"picked":"hexamod:Incineration","floor":10.0},{"not_picked":["hexamod:RetreatToShadows","hexamod:HauntingEcho","hexamod:ThermalTransfer"],"picked":"SKIP","floor":10.0},{"not_picked":["hexamod:SoulSteal","hexamod:WildfireWeapon","hexamod:SpectersWail"],"picked":"SKIP","floor":12.0},{"not_picked":["hexamod:SixthSeal","hexamod:HeatMetal"],"picked":"hexamod:Rewind","floor":14.0},{"not_picked":["hexamod:GhostLash","hexamod:InspiringFlames"],"picked":"hexamod:Hexaguard","floor":14.0},{"not_picked":["hexamod:HauntingEcho","hexamod:HeatMetal"],"picked":"hexamod:StepThrough","floor":15.0},{"not_picked":["hexamod:SwordOfDarkness","hexamod:Firestarter"],"picked":"hexamod:InspiringFlames","floor":15.0},{"not_picked":["hexamod:SearingWound","hexamod:UnleashSpirits"],"picked":"hexamod:FifthSeal","floor":16.0},{"not_picked":["hexamod:VolcanoVisage","hexamod:SearingWound"],"picked":"hexamod:SixthSeal","floor":16.0},{"not_picked":["hexamod:SixthSeal","hexamod:FirstSeal"],"picked":"hexamod:FourthSeal","floor":19.0},{"not_picked":["hexamod:NecessarySacrifice","hexamod:SwordOfDarkness"],"picked":"hexamod:FastForward+1","floor":19.0},{"not_picked":["hexamod:NightmareStrike","hexamod:ShieldOfDarkness","hexamod:PhantomCloak"],"picked":"SKIP","floor":19.0},{"not_picked":["hexamod:FirstSeal","hexamod:SecondSeal"],"picked":"hexamod:ThirdSeal","floor":20.0},{"not_picked":["hexamod:HauntingEcho","hexamod:NightmareGuise","hexamod:UnleashSpirits"],"picked":"SKIP","floor":20.0},{"not_picked":["hexamod:AdvancingGuard","hexamod:GhostLash","hexamod:SoulSteal"],"picked":"SKIP","floor":20.0},{"not_picked":["hexamod:NightmareGuise","hexamod:UnleashSpirits"],"picked":"hexamod:HauntingEcho","floor":20.0},{"not_picked":["hexamod:GhostLash","hexamod:SoulSteal"],"picked":"hexamod:AdvancingGuard","floor":20.0},{"not_picked":["hexamod:ThirdSeal","hexamod:FourthSeal"],"picked":"hexamod:SixthSeal","floor":22.0},{"not_picked":["hexamod:ThermalTransfer","hexamod:SpectralSpark","hexamod:NightmareGuise"],"picked":"SKIP","floor":22.0},{"not_picked":["hexamod:Incineration","hexamod:RetreatToShadows"],"picked":"hexamod:GhostOfSpirePast+1","floor":25.0},{"not_picked":["hexamod:FirstSeal","hexamod:SixthSeal"],"picked":"hexamod:FourthSeal","floor":25.0},{"not_picked":["hexamod:GhostShield","hexamod:ShieldOfDarkness","hexamod:HeatMetal+1"],"picked":"SKIP","floor":25.0},{"not_picked":["hexamod:SpectersWail","hexamod:GhostOfSpireFuture","hexamod:VolcanoVisage"],"picked":"SKIP","floor":25.0},{"not_picked":["hexamod:SixthSeal","hexamod:FourthSeal"],"picked":"hexamod:ThirdSeal","floor":29.0},{"not_picked":["hexamod:GhostLash","hexamod:NightmareGuise","hexamod:BacktrackSmack"],"picked":"SKIP","floor":29.0},{"not_picked":["hexamod:GhostShield","hexamod:SkipABeat+1","hexamod:ShieldOfDarkness"],"picked":"SKIP","floor":29.0},{"not_picked":["hexamod:GhostLash","hexamod:VolcanoVisage","hexamod:SuperheatedStrike"],"picked":"SKIP","floor":29.0},{"not_picked":["hexamod:FirstSeal","hexamod:SixthSeal"],"picked":"hexamod:SecondSeal","floor":30.0},{"not_picked":["hexamod:ShieldOfDarkness","hexamod:FastForward"],"picked":"hexamod:NecessarySacrifice+1","floor":30.0},{"not_picked":["hexamod:Hexaguard","hexamod:ShieldOfDarkness","hexamod:HeatMetal"],"picked":"SKIP","floor":30.0},{"not_picked":["hexamod:PhantomCloak","hexamod:BurningTouch","hexamod:Hexaguard"],"picked":"SKIP","floor":30.0},{"not_picked":["hexamod:FourthSeal","hexamod:SecondSeal"],"picked":"hexamod:FirstSeal","floor":31.0},{"not_picked":["hexamod:GhostflameBarrier","hexamod:GhostShield","hexamod:AdvancingGuard"],"picked":"SKIP","floor":31.0},{"not_picked":["hexamod:SpectersWail","hexamod:BacktrackSmack","hexamod:HeatCrush"],"picked":"SKIP","floor":31.0},{"not_picked":["hexamod:SoulSteal","hexamod:Haunt","hexamod:GhostLash"],"picked":"SKIP","floor":31.0},{"not_picked":["hexamod:ApocalypticArmor","hexamod:RainOfEmbers","hexamod:Firestarter"],"picked":"SKIP","floor":32.0},{"not_picked":["hexamod:NightmareGuise","hexamod:AdvancingGuard","hexamod:PhantomFireball"],"picked":"SKIP","floor":32.0},{"not_picked":["hexamod:ShieldOfDarkness","hexamod:NightmareGuise","hexamod:SwordOfDarkness"],"picked":"SKIP","floor":32.0},{"not_picked":["hexamod:GhostflameInferno","hexamod:ParanormalForm"],"picked":"hexamod:TimeOfNeed","floor":33.0},{"not_picked":["hexamod:GhostflameInferno","hexamod:HexaLevel"],"picked":"hexamod:GiftsFromTheDead","floor":33.0},{"not_picked":["hexamod:SwordOfDarkness+1","hexamod:FourthSeal"],"picked":"hexamod:GhostShield+1","floor":36.0},{"not_picked":["hexamod:GhostLash","hexamod:AdvancingGuard","hexamod:Firestarter"],"picked":"SKIP","floor":36.0},{"not_picked":["hexamod:Firestarter","hexamod:GhostLash+1","hexamod:FastForward"],"picked":"SKIP","floor":36.0},{"not_picked":["hexamod:ApocalypticArmor","hexamod:GhostflameBarrier"],"picked":"hexamod:Haunt","floor":37.0},{"not_picked":["hexamod:PowerFromBeyond","hexamod:ChargedBarrage","hexamod:NightmareGuise"],"picked":"SKIP","floor":37.0},{"not_picked":["hexamod:GhostLash","hexamod:FastForward","hexamod:ExtraCrispy"],"picked":"SKIP","floor":37.0},{"not_picked":["hexamod:RainOfEmbers+1","hexamod:FirstSeal","hexamod:SuperheatedStrike+1"],"picked":"SKIP","floor":39.0},{"not_picked":["hexamod:ExtraCrispy","hexamod:ShieldOfDarkness+1","hexamod:FastForward"],"picked":"SKIP","floor":39.0},{"not_picked":["hexamod:FastForward","hexamod:GhostShield+1","hexamod:GhostLash"],"picked":"SKIP","floor":40.0},{"not_picked":["hexamod:ThermalTransfer","hexamod:RainOfEmbers+1","hexamod:NightmareGuise+1"],"picked":"SKIP","floor":40.0},{"not_picked":["hexamod:GhostLash+1","hexamod:EtherealExpedition","hexamod:PowerFromBeyond"],"picked":"SKIP","floor":40.0},{"not_picked":["hexamod:WildfireWeapon","hexamod:EmpoweredFlame","hexamod:NightmareStrike"],"picked":"SKIP","floor":42.0},{"not_picked":["hexamod:HeatShield+1","hexamod:BacktrackSmack","hexamod:HauntingEcho"],"picked":"SKIP","floor":42.0},{"not_picked":["hexamod:Incineration+1","hexamod:HauntingEcho+1","hexamod:NightmareStrike"],"picked":"SKIP","floor":43.0},{"not_picked":["hexamod:ShieldOfDarkness+1","hexamod:InspiringFlames","hexamod:NecessarySacrifice+1"],"picked":"SKIP","floor":43.0},{"not_picked":["hexamod:BurningTouch","hexamod:GhostShield","hexamod:NightmareStrike+1"],"picked":"SKIP","floor":43.0},{"not_picked":["hexamod:FlamesFromBeyond","hexamod:NightmareStrike+1","hexamod:ThirdSeal"],"picked":"SKIP","floor":46.0},{"not_picked":["hexamod:SwordOfDarkness","hexamod:RetreatToShadows","hexamod:WildfireWeapon"],"picked":"SKIP","floor":46.0},{"not_picked":["hexamod:NecessarySacrifice","hexamod:GhostLash","hexamod:ShieldOfDarkness"],"picked":"SKIP","floor":46.0},{"not_picked":["hexamod:AdvancingGuard","hexamod:NightmareGuise"],"picked":"hexamod:PhantomCloak","floor":48},{"not_picked":["hexamod:ShieldOfDarkness","hexamod:ThirdSeal","hexamod:ThermalTransfer"],"picked":"SKIP","floor":49},{"not_picked":["hexamod:SkipABeat","hexamod:RadiantFlame+1","hexamod:ApocalypticArmor"],"picked":"SKIP","floor":49},{"not_picked":["hexamod:Hexaguard","hexamod:RainOfEmbers","hexamod:ShieldOfDarkness"],"picked":"SKIP","floor":49},{"not_picked":["hexamod:InspiringFlames","hexamod:Hexaguard"],"picked":"hexamod:GhostOfSpirePast","floor":52},{"not_picked":["hexamod:CatchUp","hexamod:BacktrackSmack+1","hexamod:NightmareGuise"],"picked":"SKIP","floor":52},{"not_picked":["hexamod:HauntingEcho","hexamod:GhostflameInferno","hexamod:SixthSeal"],"picked":"SKIP","floor":52}],"player_experience":3222179,"relics_obtained":[{"floor":5.0,"key":"Shovel"},{"floor":6.0,"key":"Strawberry"},{"floor":7.0,"key":"Art of War"},{"floor":12.0,"key":"Lantern"},{"floor":26.0,"key":"Ancient Tea Set"},{"floor":28.0,"key":"Centennial Puzzle"},{"floor":30.0,"key":"Old Coin"},{"floor":38.0,"key":"Potion Belt"},{"floor":40.0,"key":"Blood Vial"},{"floor":44.0,"key":"PreservedInsect"},{"floor":47.0,"key":"Oddly Smooth Stone"},{"floor":48,"key":"Pocketwatch"},{"floor":52,"key":"Boot"},{"floor":54,"key":"Gremlin Horn"}],"event_choices":[{"cards_removed":["hexamod:Strike"],"damage_healed":0.0,"max_hp_gain":0.0,"max_hp_loss":0.0,"gold_gain":0.0,"event_name":"The Cleric","player_choice":"Card Removal","floor":8.0,"gold_loss":0.0,"damage_taken":0.0},{"cards_removed":["hexamod:Strike"],"damage_healed":0.0,"max_hp_gain":0.0,"max_hp_loss":0.0,"gold_gain":0.0,"event_name":"Purifier","player_choice":"Purged","floor":21.0,"gold_loss":0.0,"damage_taken":0.0}],"is_beta":false,"boss_relics":[{"not_picked":["SacredBark","Empty Cage"],"picked":"Cursed Key"},{"not_picked":["Calling Bell","Astrolabe"],"picked":"hexamod:IceCube"}],"items_purged_floors":[14,22,39,45],"is_endless":false,"potions_floor_spawned":[2,4,6,9,12,19,30,31,32,40,43,46,49,52],"ascension_level":20}}