{"host":"2cg6xoexl1he7zus","time":1610678245,"event":{"mods":["AchievementEnabler","BaseMod","Colored Map","Hermit","KOR Keyword Fix","Minty Spire (QoL Compilation)","Quick Restart","StSLib","SuperFastMode","The Disciple","everything is the same but u backflip on backflip"],"gold_per_floor":[15,15,15,38,57,57,91,91,91,16,60,60,85,35,35,156,156,169,185,185,204,227,227,262,262,262,262,8,39,39,39,39,158,158,178,178,198,223,556,556,260,260,313,313,323,323,323,149,149,149],"floor_reached":51,"language":"KOR","playtime":1832,"items_purged":["hermit:Strike_Hermit","hermit:Ricochet","hermit:Strike_Hermit"],"score":751,"play_id":"9ea4685c-7c78-48f4-a464-47e3a16c8903","local_time":"20210115113725","is_ascension_mode":true,"campfire_choices":[{"data":"hermit:Maintenance","floor":6.0,"key":"SMITH"},{"data":"hermit:Covet","floor":8.0,"key":"SMITH"},{"floor":12.0,"key":"REST"},{"data":"Master of Strategy","floor":15.0,"key":"SMITH"},{"data":"hermit:HeroicBravado","floor":23.0,"key":"SMITH"},{"data":"hermit:HighNoon","floor":25.0,"key":"SMITH"},{"floor":30.0,"key":"REST"},{"floor":32.0,"key":"RECALL"},{"floor":40.0,"key":"REST"},{"data":"hermit:Strike_Hermit","floor":42.0,"key":"SMITH"},{"data":"hermit:Defend_Hermit","floor":46,"key":"SMITH"},{"data":"hermit:Defend_Hermit","floor":49,"key":"SMITH"}],"circlet_count":0,"master_deck":["hermit:Strike_Hermit+1","hermit:Defend_Hermit+1","hermit:Defend_Hermit+1","hermit:Covet+1","Master of Strategy+1","hermit:Maintenance+1","hermit:HeroicBravado+1","hermit:HighNoon+1","hermit:HeroicBravado+1"],"relics":["hermit:Momento","Oddly Smooth Stone","Matryoshka","hermit:Horseshoe","InkBottle","Unceasing Top","Black Star","Bag of Preparation","MealTicket","Ancient Tea Set","Art of War","Blue Candle","Strawberry","Vajra","Regal Pillow","hermit:RyeStalk","Empty Cage","DollysMirror","Bag of Marbles"],"acts_visited":["Exordium","TheCity","TheBeyond"],"potions_floor_usage":[50],"damage_taken":[{"damage":4.0,"enemies":"Jaw Worm","floor":1.0,"turns":3.0},{"damage":0.0,"enemies":"2 Louse","floor":4.0,"turns":2.0},{"damage":6.0,"enemies":"Cultist","floor":5.0,"turns":4.0},{"damage":9.0,"enemies":"3 Sentries","floor":7.0,"turns":6.0},{"damage":15.0,"enemies":"Gremlin Nob","floor":11.0,"turns":5.0},{"damage":14.0,"enemies":"Exordium Thugs","floor":13.0,"turns":4.0},{"damage":7.0,"enemies":"The Guardian","floor":16.0,"turns":11.0},{"damage":9.0,"enemies":"Shell Parasite","floor":18.0,"turns":8.0},{"damage":9.0,"enemies":"Chosen","floor":19.0,"turns":6.0},{"damage":6.0,"enemies":"Snake Plant","floor":21.0,"turns":6.0},{"damage":25.0,"enemies":"Slavers","floor":24.0,"turns":11.0},{"damage":17.0,"enemies":"Book of Stabbing","floor":29.0,"turns":5.0},{"damage":2.0,"enemies":"Champ","floor":33.0,"turns":14.0},{"damage":3.0,"enemies":"Orb Walker","floor":35.0,"turns":5.0},{"damage":34.0,"enemies":"3 Darklings","floor":37.0,"turns":11.0},{"damage":43.0,"enemies":"Transient","floor":38.0,"turns":5.0},{"damage":2,"enemies":"4 Shapes","floor":45,"turns":8},{"damage":22,"enemies":"Awakened One","floor":50,"turns":20}],"seed_played":"6119240687898971562","potions_obtained":[{"floor":1.0,"key":"SteroidPotion"},{"floor":4.0,"key":"hermit:Eclipse"},{"floor":7.0,"key":"Weak Potion"},{"floor":16.0,"key":"DuplicationPotion"},{"floor":24.0,"key":"DistilledChaos"},{"floor":29.0,"key":"SteroidPotion"},{"floor":38.0,"key":"PowerPotion"}],"is_trial":false,"path_per_floor":["M","?","T","M","M","R","E","R","T","$","E","R","M","?","R","B",null,"M","M","?","M","T","R","E","R","T","?","$","E","R","?","R","B",null,"M","?","M","M","?","R","$","R","T","?","M","R","?","$","R","B",null],"character_chosen":"HERMIT","items_purchased":["Strawberry","DollysMirror","Bag of Marbles","Swift Potion"],"campfire_rested":3,"item_purchase_floors":[28,41,41,48],"current_hp_per_floor":[71,53,53,53,47,47,38,38,38,38,23,45,31,31,31,24,75,66,57,57,51,51,51,26,26,26,26,48,31,70,70,70,68,82,79,79,45,2,2,41,56,56,56,82,80,80,70,82,82,60],"gold":149,"neow_bonus":"RANDOM_COLORLESS_2","is_daily":false,"chose_seed":false,"campfire_upgraded":8,"win_rate":0.0,"timestamp":1610678245,"path_taken":["M","?","?","M","M","R","E","R","T","$","E","R","M","?","R","BOSS","M","M","?","?","?","R","E","R","T","?","$","E","R","?","R","BOSS","M","?","M","M","?","R","$","R","T","?","?","R","?","$","R","BOSS"],"items_purchased_type":["Relic","Relic","Relic","Potion"],"build_version":"2020-12-22","purchased_purges":3,"victory":true,"max_hp_per_floor":[75,75,75,75,75,75,75,75,75,75,75,75,75,75,75,75,75,75,75,75,75,75,75,75,75,75,75,82,82,82,82,82,82,82,82,82,82,82,82,82,82,82,82,82,82,82,82,82,82,82],"card_choices":[{"not_picked":["Magnetism","Chrysalis"],"picked":"Master of Strategy","floor":0.0},{"not_picked":["hermit:BodyArmor","hermit:WideOpen"],"picked":"hermit:Ricochet","floor":1.0},{"not_picked":["hermit:Gestalt","hermit:Midnight"],"picked":"hermit:Maintenance","floor":4.0},{"not_picked":["hermit:Combo","hermit:Manifest"],"picked":"hermit:Snipe","floor":5.0},{"not_picked":["hermit:Snipe","hermit:Headshot","hermit:Quickdraw"],"picked":"SKIP","floor":7.0},{"not_picked":["hermit:TrackingShot","hermit:HoleUp","hermit:LoneWolf"],"picked":"SKIP","floor":11.0},{"not_picked":["hermit:LoneWolf","hermit:Gestalt","hermit:PistolWhip"],"picked":"SKIP","floor":13.0},{"not_picked":["hermit:Purgatory","hermit:BlackWind"],"picked":"hermit:HeroicBravado","floor":16.0},{"not_picked":["hermit:TrackingShot+1","hermit:Glare","hermit:Coalescence"],"picked":"SKIP","floor":18.0},{"not_picked":["hermit:Manifest","hermit:BigShot+1","hermit:Quickdraw"],"picked":"SKIP","floor":19.0},{"not_picked":["hermit:Gestalt+1","hermit:TrackingShot","hermit:SprayPray"],"picked":"SKIP","floor":21.0},{"not_picked":["hermit:CalledShot","hermit:Quickdraw"],"picked":"hermit:HighNoon","floor":24.0},{"not_picked":["hermit:PistolWhip","hermit:Ricochet","hermit:Roulette"],"picked":"SKIP","floor":29.0},{"not_picked":["hermit:Coalescence+1","hermit:FullyLoaded+1","hermit:HoleUp+1"],"picked":"SKIP","floor":35.0},{"not_picked":["hermit:HoleUp","hermit:Feint+1","hermit:FinalCanter"],"picked":"SKIP","floor":37.0},{"not_picked":["hermit:Roulette+1","hermit:Misfire","hermit:NoHoldsBarred"],"picked":"SKIP","floor":38.0},{"not_picked":["hermit:Spite","hermit:Dive+1","hermit:Quickdraw"],"picked":"SKIP","floor":45}],"player_experience":267029,"relics_obtained":[{"floor":3.0,"key":"Oddly Smooth Stone"},{"floor":7.0,"key":"Matryoshka"},{"floor":9.0,"key":"hermit:Horseshoe"},{"floor":9.0,"key":"InkBottle"},{"floor":11.0,"key":"Unceasing Top"},{"floor":22.0,"key":"Bag of Preparation"},{"floor":22.0,"key":"MealTicket"},{"floor":24.0,"key":"Ancient Tea Set"},{"floor":24.0,"key":"Art of War"},{"floor":26.0,"key":"Blue Candle"},{"floor":29.0,"key":"Vajra"},{"floor":29.0,"key":"Regal Pillow"}],"event_choices":[{"damage_healed":0.0,"max_hp_gain":0.0,"max_hp_loss":0.0,"gold_gain":0.0,"event_name":"Golden Idol","player_choice":"Take Damage","floor":2.0,"gold_loss":0.0,"damage_taken":18.0,"relics_obtained":["Golden Idol"]},{"cards_removed":["hermit:Defend_Hermit"],"damage_healed":0.0,"max_hp_gain":0.0,"max_hp_loss":0.0,"gold_gain":0.0,"event_name":"The Cleric","player_choice":"Card Removal","floor":14.0,"gold_loss":50.0,"damage_taken":0.0},{"cards_removed":["hermit:Snipe"],"damage_healed":0.0,"max_hp_gain":0.0,"max_hp_loss":0.0,"gold_gain":0.0,"event_name":"Purifier","player_choice":"Purged","floor":20.0,"gold_loss":0.0,"damage_taken":0.0},{"damage_healed":0.0,"max_hp_gain":0.0,"max_hp_loss":0.0,"gold_gain":0.0,"event_name":"Vampires","player_choice":"Ignored","floor":27.0,"gold_loss":0.0,"damage_taken":0.0},{"damage_healed":0.0,"max_hp_gain":0.0,"max_hp_loss":0.0,"gold_gain":0.0,"event_name":"The Mausoleum","player_choice":"Opened","floor":31.0,"gold_loss":0.0,"damage_taken":0.0,"relics_obtained":["hermit:RyeStalk"]},{"cards_removed":["hermit:Defend_Hermit"],"damage_healed":0.0,"max_hp_gain":0.0,"max_hp_loss":0.0,"gold_gain":0.0,"event_name":"Falling","player_choice":"Removed Skill","floor":36.0,"gold_loss":0.0,"damage_taken":0.0},{"damage_healed":0.0,"max_hp_gain":0.0,"max_hp_loss":0.0,"gold_gain":333.0,"event_name":"The Moai Head","player_choice":"Gave Idol","floor":39.0,"relics_lost":["Golden Idol"],"gold_loss":0.0,"damage_taken":0.0},{"damage_healed":26,"gold_gain":0,"player_choice":"Full Heal","damage_taken":0,"max_hp_gain":0,"max_hp_loss":0,"event_name":"Wheel of Change","floor":44,"gold_loss":0},{"damage_healed":0,"gold_gain":0,"player_choice":"Memory 3","damage_taken":10,"max_hp_gain":0,"max_hp_loss":0,"event_name":"SensoryStone","floor":47,"gold_loss":0}],"is_beta":false,"boss_relics":[{"not_picked":["Pandora\u0027s Box","Fusion Hammer"],"picked":"Black Star"},{"not_picked":["Coffee Dripper","Tiny House"],"picked":"Empty Cage"}],"items_purged_floors":[10,28,48],"is_endless":false,"potions_floor_spawned":[1,4,7,16,21,24,29,38,45],"ascension_level":2}}