{"host":"v1m5rkjj38qutr02","time":1610681693,"event":{"mods":["Act Like it!","BaseMod","Challenge The Spire","Conspire","Gensokyo","GungeonMod","Hallownest","Minty Spire (QoL Compilation)","Replay The Spire","StSLib","The Bug Knight","Youmu£®ªÍ∆«—˝√Œ£©"],"gold_per_floor":[110,185,185,88,112,146,146,35,35,35,65,78,78,96,96,192,192,192,192,192],"floor_reached":19,"language":"ZHS","playtime":381,"items_purged":[],"score":335,"play_id":"221e7e74-5102-485e-9d68-60ad76b85440","local_time":"20210115113453","is_ascension_mode":true,"campfire_choices":[{"data":"Turbo","floor":7.0,"key":"SMITH"},{"data":"Echo Form","floor":13.0,"key":"SMITH"},{"data":"Loop","floor":15.0,"key":"SMITH"}],"circlet_count":0,"master_deck":["AscendersBane","Defend_B","Defend_B","Defend_B+1","Zap+1","Dualcast","Hologram","Capacitor","Coolheaded","Turbo+1","Machine Learning","Machine Learning","Echo Form+1","Auto Shields","Loop+1","Biased Cognition","Injury","Gensokyo:AllTheWorldsEvil"],"relics":["Cracked Core","NeowsBlessing","Centennial Puzzle","War Paint","Mummified Hand","conspire:DecoderRing","Kintsugi"],"acts_visited":["Exordium","TheCity"],"potions_floor_usage":[18,19],"damage_taken":[{"damage":0.0,"enemies":"2 Louse","floor":1.0,"turns":1.0},{"damage":0.0,"enemies":"3 Sentries","floor":6.0,"turns":2.0},{"damage":0.0,"enemies":"Gremlin Nob","floor":11.0,"turns":1.0},{"damage":1.0,"enemies":"Jaw Worm","floor":12.0,"turns":5.0},{"damage":0.0,"enemies":"Small Slimes","floor":14.0,"turns":3.0},{"damage":47.0,"enemies":"The Guardian","floor":16.0,"turns":11.0},{"damage":0,"enemies":"Chosen","floor":18,"turns":1},{"damage":29,"enemies":"Masked Bandits","floor":19,"turns":3}],"seed_played":"452886102705532511","potions_obtained":[{"floor":6.0,"key":"Ancient Potion"},{"floor":12.0,"key":"SmokeBomb"},{"floor":16.0,"key":"LiquidBronze"}],"is_trial":false,"path_per_floor":["M","?","?","$","T","E","R","$","T","$","E","M","R","M","R","B",null,"M","?"],"character_chosen":"DEFECT","items_purchased":["Capacitor","Coolheaded","Machine Learning"],"campfire_rested":0,"item_purchase_floors":[4,4,8],"current_hp_per_floor":[68,57,57,57,57,57,57,57,57,57,57,56,56,56,56,9,59,59,30,30],"gold":192,"neow_bonus":"THREE_ENEMY_KILL","is_daily":false,"chose_seed":false,"campfire_upgraded":3,"win_rate":0.0,"timestamp":1610681693,"path_taken":["M","?","?","$","?","E","R","$","T","$","E","M","R","M","R","BOSS","M","?"],"items_purchased_type":["Card","Card","Card"],"build_version":"2020-12-22","purchased_purges":0,"victory":false,"max_hp_per_floor":[75,75,75,75,75,75,75,75,75,75,75,75,75,75,75,75,75,75,75,75],"card_choices":[{"not_picked":["Rebound","Genetic Algorithm"],"picked":"Hologram","floor":1.0},{"not_picked":["Conserve Battery","Gash"],"picked":"Turbo","floor":6.0},{"not_picked":["Aggregate","Rainbow"],"picked":"Echo Form","floor":11.0},{"not_picked":["Cold Snap","Compile Driver"],"picked":"Auto Shields","floor":12.0},{"not_picked":["ReplayTheSpireMod:Reroute Power","Redo"],"picked":"Loop","floor":14.0},{"not_picked":["Fission","ReplayTheSpireMod:Fabricate Wheel"],"picked":"Biased Cognition","floor":16.0}],"player_experience":409773,"relics_obtained":[{"floor":5.0,"key":"Centennial Puzzle"},{"floor":6.0,"key":"War Paint"},{"floor":9.0,"key":"Mummified Hand"},{"floor":11.0,"key":"conspire:DecoderRing"}],"event_choices":[{"damage_healed":0.0,"max_hp_gain":0.0,"max_hp_loss":0.0,"gold_gain":75.0,"event_name":"World of Goop","player_choice":"Gather Gold","floor":2.0,"gold_loss":0.0,"damage_taken":11.0},{"damage_healed":0.0,"max_hp_gain":0.0,"max_hp_loss":0.0,"gold_gain":0.0,"event_name":"conspire:LoneGhost","player_choice":"Disagree","floor":3.0,"gold_loss":0.0,"damage_taken":0.0},{"damage_healed":0,"gold_gain":0,"player_choice":"Fought Bandits","damage_taken":0,"max_hp_gain":0,"max_hp_loss":0,"event_name":"Masked Bandits","floor":19,"gold_loss":0}],"is_beta":false,"boss_relics":[{"not_picked":["Coffee Dripper","Replay:Ancient Bell"],"picked":"Kintsugi"}],"items_purged_floors":[],"is_endless":false,"potions_floor_spawned":[6,12,16],"killed_by":"Masked Bandits","ascension_level":10}}