{"host":"dftyqn972q7tuon4","time":1610679365,"event":{"mods":["AchievementEnabler","BaseMod","Better Altar","Better Match","Better Note","Better Sensory Stone","Better Skull","Better Third Choice","Colored Powertips","Highlight Path","Minty Spire (QoL Compilation)","Permanent Neow","Quick Restart","StSLib"],"gold_per_floor":[12,12,32,207,103,103,138,156,203,203,223,223,241,241,241,344,344,358,358,12,29,41,68,82,82,162,178,178,212,212,212],"floor_reached":30,"language":"ENG","playtime":1684,"items_purged":["Doubt","Strike_P"],"score":378,"play_id":"44546647-f2dd-4c3c-8b10-b90272ecfc2c","local_time":"20210115035605","is_ascension_mode":true,"campfire_choices":[{"data":"Eruption","floor":6.0,"key":"SMITH"},{"data":"SashWhip","floor":10.0,"key":"SMITH"},{"floor":15.0,"key":"REST"},{"data":"Judgement","floor":25,"key":"SMITH"},{"data":"LessonLearned","floor":28,"key":"SMITH"}],"circlet_count":0,"master_deck":["Strike_P","Strike_P","Strike_P","Defend_P","Defend_P","Defend_P","Defend_P","Eruption+1","Vigilance","Panache","EmptyBody","Prostrate","Collect","SashWhip+1","Vengeance","ForeignInfluence","Judgement+1","JustLucky","Vengeance+1","TalkToTheHand","Evaluate","LessonLearned+1","Wireheading+1","ClearTheMind+1","EmptyFist+1"],"relics":["PureWater","Smiling Mask","Omamori","Orichalcum","Philosopher\u0027s Stone","WarpedTongs","TeardropLocket","Pear","Toxic Egg 2","Shuriken"],"acts_visited":["Exordium","TheCity"],"potions_floor_usage":[27,29],"damage_taken":[{"damage":7.0,"enemies":"Jaw Worm","floor":1.0,"turns":4.0},{"damage":4.0,"enemies":"Cultist","floor":3.0,"turns":3.0},{"damage":23.0,"enemies":"Lagavulin","floor":7.0,"turns":8.0},{"damage":0.0,"enemies":"Small Slimes","floor":8.0,"turns":3.0},{"damage":0.0,"enemies":"2 Fungi Beasts","floor":11.0,"turns":2.0},{"damage":12.0,"enemies":"Large Slime","floor":13.0,"turns":6.0},{"damage":20.0,"enemies":"Slime Boss","floor":16.0,"turns":7.0},{"damage":10.0,"enemies":"2 Thieves","floor":18.0,"turns":3.0},{"damage":1.0,"enemies":"3 Byrds","floor":21.0,"turns":3.0},{"damage":0.0,"enemies":"Centurion and Healer","floor":22.0,"turns":4.0},{"damage":7.0,"enemies":"Book of Stabbing","floor":23.0,"turns":5.0},{"damage":0,"enemies":"Sentry and Sphere","floor":24,"turns":3},{"damage":0,"enemies":"3 Cultists","floor":27,"turns":4},{"damage":23,"enemies":"Slavers","floor":29,"turns":4},{"damage":29,"enemies":"Colosseum Slavers","floor":30,"turns":2}],"seed_played":"6598080158980701308","potions_obtained":[{"floor":1.0,"key":"Ambrosia"},{"floor":13.0,"key":"Ambrosia"},{"floor":16.0,"key":"Weak Potion"},{"floor":21.0,"key":"LiquidMemories"},{"floor":23.0,"key":"Weak Potion"},{"floor":29,"key":"Ambrosia"}],"is_trial":false,"path_per_floor":["M","?","M","?","$","R","E","M","T","R","M","?","M","?","R","B",null,"M","?","$","M","M","E","M","R","T","M","R","E","?"],"character_chosen":"WATCHER","items_purchased":["Prostrate","TeardropLocket","Vengeance"],"campfire_rested":1,"item_purchase_floors":[5,20,20],"current_hp_per_floor":[58,58,54,54,54,54,31,31,31,31,31,31,19,24,45,25,60,50,50,50,49,49,52,52,52,52,52,52,29,0,0],"gold":212,"neow_bonus":"RANDOM_COLORLESS_2","is_daily":false,"chose_seed":false,"campfire_upgraded":4,"win_rate":0.0,"timestamp":1610679365,"path_taken":["M","?","?","?","$","R","E","M","T","R","M","?","M","?","R","BOSS","M","?","$","M","?","E","?","R","T","M","R","E","?"],"items_purchased_type":["Card","Relic","Card"],"build_version":"2020-12-22","purchased_purges":2,"victory":false,"max_hp_per_floor":[72,72,72,72,72,72,72,72,72,72,72,72,72,72,72,72,72,72,72,72,72,72,82,82,82,82,82,82,82,82,82],"card_choices":[{"not_picked":["Thinking Ahead","Secret Technique"],"picked":"Panache","floor":0.0},{"not_picked":["Halt","Study"],"picked":"ThirdEye","floor":1.0},{"not_picked":["WaveOfTheHand","Sanctity"],"picked":"EmptyBody","floor":3.0},{"not_picked":["Prostrate","ConjureBlade"],"picked":"Collect","floor":7.0},{"not_picked":["EmptyFist","FlyingSleeves"],"picked":"SashWhip","floor":8.0},{"not_picked":["CutThroughFate","ReachHeaven"],"picked":"Vengeance","floor":11.0},{"not_picked":["SashWhip","EmptyFist"],"picked":"ForeignInfluence","floor":13.0},{"not_picked":["SpiritShield","Scrawl"],"picked":"Judgement","floor":16.0},{"not_picked":["Conclude","MentalFortress"],"picked":"JustLucky","floor":18.0},{"not_picked":["JustLucky","EmptyFist"],"picked":"TalkToTheHand","floor":21.0},{"not_picked":["PathToVictory","Adaptation"],"picked":"Evaluate","floor":22.0},{"not_picked":["ThirdEye","ClearTheMind+1"],"picked":"LessonLearned","floor":23.0},{"not_picked":["SignatureMove+1","EmptyBody"],"picked":"Wireheading","floor":24},{"not_picked":["EmptyFist+1","JustLucky"],"picked":"ClearTheMind+1","floor":27},{"not_picked":["Scrawl+1","Vengeance+1"],"picked":"EmptyFist+1","floor":29}],"player_experience":654404,"relics_obtained":[{"floor":7.0,"key":"Omamori"},{"floor":9.0,"key":"Orichalcum"},{"floor":23.0,"key":"Pear"},{"floor":26,"key":"Toxic Egg 2"},{"floor":29,"key":"Shuriken"}],"event_choices":[{"cards_removed":["ThirdEye"],"damage_healed":0.0,"max_hp_gain":0.0,"max_hp_loss":0.0,"gold_gain":0.0,"event_name":"WeMeetAgain","player_choice":"Gave Card","floor":2.0,"gold_loss":0.0,"damage_taken":0.0,"relics_obtained":["Smiling Mask"]},{"damage_healed":0.0,"max_hp_gain":0.0,"max_hp_loss":0.0,"gold_gain":175.0,"event_name":"betterThird:BetterSerpent","player_choice":"AGREE","floor":4.0,"gold_loss":0.0,"damage_taken":32.0},{"damage_healed":31.0,"max_hp_gain":0.0,"max_hp_loss":72.0,"gold_gain":0.0,"event_name":"betterThird:BetterShining","player_choice":"Embrace Burn","floor":12.0,"gold_loss":0.0,"damage_taken":0.0},{"cards_removed":["Burn"],"damage_healed":5.0,"max_hp_gain":0.0,"max_hp_loss":0.0,"gold_gain":0.0,"event_name":"Bonfire Elementals","player_choice":"Offered Common","floor":14.0,"gold_loss":0.0,"damage_taken":0.0},{"cards_removed":["Burn"],"damage_healed":5.0,"max_hp_gain":0.0,"max_hp_loss":0.0,"gold_gain":0.0,"event_name":"Bonfire Elementals","player_choice":"Offered Special","floor":14.0,"gold_loss":0.0,"damage_taken":0.0},{"damage_healed":0.0,"max_hp_gain":0.0,"max_hp_loss":0.0,"gold_gain":0.0,"event_name":"Accursed Blacksmith","player_choice":"Rummage","floor":19.0,"gold_loss":0.0,"damage_taken":0.0,"relics_obtained":["WarpedTongs"],"cards_obtained":["Pain"]},{"damage_healed":0,"gold_gain":0,"player_choice":"Fight","damage_taken":0,"max_hp_gain":0,"max_hp_loss":0,"event_name":"Colosseum","floor":30,"gold_loss":0}],"is_beta":false,"boss_relics":[{"not_picked":["Ectoplasm","SacredBark"],"picked":"Philosopher\u0027s Stone"}],"items_purged_floors":[5,20],"is_endless":false,"potions_floor_spawned":[1,13,16,21,23,29],"killed_by":"Colosseum Slavers","ascension_level":8}}