{"host":"d7fiu2yjkssjxoz6","time":1610711262,"event":{"mods":["AchievementEnabler","BaseMod","Duelist Mod","GifTheSpireLib","Minty Spire (QoL Compilation)","StSLib"],"gold_per_floor":[11,286,44,59,78,78,107,127,127,127,175,186,186,259,259,361,361,398,422,38,78,0,20,55,55,55,78,78,121,139,165,165,293,293,333,393,290,0,22,22,84,84,164,181,212,212,251,273,273,273,273,273,25,62,62],"floor_reached":56,"language":"ENG","playtime":4577,"items_purged":["Regret"],"score":1461,"play_id":"7fc96550-c7d5-4dd0-ba75-5af4658732da","local_time":"20210115034742","is_ascension_mode":true,"campfire_choices":[{"data":"theDuelist:ShiranuiSkillsagaSupremacy","floor":6,"key":"SMITH"},{"data":"theDuelist:ShallowGrave","floor":10,"key":"SMITH"},{"floor":13,"key":"RECALL"},{"floor":15,"key":"REST"},{"data":"theDuelist:MonsterReborn","floor":28,"key":"SMITH"},{"floor":32,"key":"REST"},{"data":"theDuelist:MonsterReborn","floor":40,"key":"SMITH"},{"floor":42,"key":"REST"},{"floor":49,"key":"REST"},{"data":"theDuelist:MonsterReborn","floor":52,"key":"SMITH"}],"circlet_count":0,"master_deck":["theDuelist:ZombieCorpse","theDuelist:ZombieCorpse","theDuelist:ZombieCorpse","theDuelist:ZombieCorpse","theDuelist:ZombieCorpse","theDuelist:ZombieCorpse","theDuelist:ZombieCorpse","theDuelist:ArmoredZombie","theDuelist:ArmoredZombie","theDuelist:ArmoredZombie","theDuelist:ClownZombie","theDuelist:PatricianDarkness","theDuelist:ShallowGrave+1","theDuelist:SkullConductor","theDuelist:TutanMask","theDuelist:ShadowVampire","theDuelist:Polymerization+1","theDuelist:Polymerization+1","theDuelist:SpiritReaper","theDuelist:BrilliantFusion","theDuelist:Chewbone","theDuelist:MonsterReborn+1","theDuelist:GhostrickLantern","theDuelist:Relinkuriboh","theDuelist:Wasteland","theDuelist:ParallelWorldFusion","theDuelist:Miscellaneousaurus+1","theDuelist:RedMedicine+1","theDuelist:BattleFusion","theDuelist:GhostrickGhoul","theDuelist:GhostrickAlucard","theDuelist:MonsterReborn+1","theDuelist:Pumpking","theDuelist:SouleatingOviraptor+1","theDuelist:VampireFraulein","theDuelist:SpiritReaper","theDuelist:IlBlud","theDuelist:Relinkuriboh","theDuelist:GhostrickSocuteboss","theDuelist:TributeDoomed","theDuelist:MonsterReborn+1","Decay","theDuelist:VampireRedBaron+1","theDuelist:GhostBelle","theDuelist:Chewbone+1"],"relics":["theDuelist:MillenniumPuzzle","theDuelist:CardPoolRelic","theDuelist:CardPoolBasicRelic","theDuelist:BoosterPackPoolRelic","theDuelist:CardPoolAddRelic","theDuelist:CardPoolMinusRelic","theDuelist:CardPoolSaveRelic","theDuelist:CardPoolOptionsRelic","theDuelist:KaibaToken","Shuriken","theDuelist:TributeEggRelic","Pen Nib","Black Star","Blood Vial","Matryoshka","MealTicket","CultistMask","Boot","Orichalcum","War Paint","Runic Cube","Magic Flower","Red Mask","theDuelist:ZoneToken","Bird Faced Urn","Smiling Mask","Pantograph","PreservedInsect","theDuelist:MillenniumPeriapt","Bottled Tornado","Nunchaku","Anchor"],"acts_visited":["Exordium","TheCity","TheBeyond","TheEnding"],"potions_floor_usage":[16,48,50,50,50,50,55,55],"damage_taken":[{"damage":0,"enemies":"2 Louse","floor":1,"turns":4},{"damage":0,"enemies":"Cultist","floor":4,"turns":4},{"damage":0,"enemies":"Small Slimes","floor":5,"turns":3},{"damage":22,"enemies":"Lagavulin","floor":7,"turns":7},{"damage":0,"enemies":"2 Fungi Beasts","floor":8,"turns":2},{"damage":11,"enemies":"3 Sentries","floor":11,"turns":7},{"damage":0,"enemies":"Blue Slaver","floor":12,"turns":3},{"damage":3,"enemies":"Gremlin Nob","floor":14,"turns":3},{"damage":27,"enemies":"Hexaghost","floor":16,"turns":7},{"damage":16,"enemies":"2 Thieves","floor":18,"turns":4},{"damage":0,"enemies":"Shell Parasite","floor":19,"turns":2},{"damage":11,"enemies":"Centurion and Healer","floor":21,"turns":9},{"damage":17,"enemies":"Snake Plant","floor":23,"turns":4},{"damage":0,"enemies":"Book of Stabbing","floor":24,"turns":3},{"damage":15,"enemies":"Snecko","floor":27,"turns":3},{"damage":5,"enemies":"Gremlin Leader","floor":29,"turns":4},{"damage":12,"enemies":"Centurion and Healer","floor":30,"turns":3},{"damage":0,"enemies":"Snake Plant","floor":31,"turns":4},{"damage":28,"enemies":"Collector","floor":33,"turns":8},{"damage":4,"enemies":"3 Darklings","floor":35,"turns":4},{"damage":26,"enemies":"Mind Bloom Boss Battle","floor":36,"turns":4},{"damage":20,"enemies":"3 Shapes","floor":39,"turns":3},{"damage":29,"enemies":"Reptomancer","floor":41,"turns":4},{"damage":33,"enemies":"Sphere and 2 Shapes","floor":44,"turns":4},{"damage":0,"enemies":"Giant Head","floor":45,"turns":5},{"damage":6,"enemies":"4 Shapes","floor":47,"turns":5},{"damage":40,"enemies":"Spire Growth","floor":48,"turns":5},{"damage":123,"enemies":"Time Eater","floor":50,"turns":12},{"damage":46,"enemies":"Shield and Spear","floor":54,"turns":4},{"damage":67,"enemies":"The Heart","floor":55,"turns":11}],"seed_played":"-263342247306283934","potions_obtained":[{"floor":5,"key":"FairyPotion"},{"floor":7,"key":"theDuelist:TributeBottle"},{"floor":8,"key":"theDuelist:VampireVial"},{"floor":18,"key":"EntropicBrew"},{"floor":29,"key":"LiquidMemories"},{"floor":41,"key":"BloodPotion"},{"floor":48,"key":"theDuelist:SolderPotionB"},{"floor":54,"key":"Dexterity Potion"}],"is_trial":false,"path_per_floor":["M","?","$","M","M","R","E","M","T","R","E","M","R","?","R","B",null,"M","M","$","M","?","M","E","?","T","M","R","E","M","M","R","B",null,"M","?","$","?","M","R","E","R","T","M","E","?","M","M","R","B",null,"R","$","E","B",null],"character_chosen":"THE_DUELIST","items_purchased":["theDuelist:ShiranuiSkillsagaSupremacy","Blood Vial","theDuelist:Wasteland","theDuelist:ShiranuiSpectralswordShade","theDuelist:ParallelWorldFusion","theDuelist:SpiritReaper","theDuelist:IlBlud","Bottled Tornado"],"campfire_rested":4,"item_purchase_floors":[3,20,20,20,20,37,37,53],"current_hp_per_floor":[96,96,96,96,96,96,74,76,76,76,65,65,65,62,90,63,96,80,80,80,71,71,56,60,60,60,47,47,44,34,36,64,38,96,92,68,83,83,66,66,40,68,68,38,44,44,41,36,64,18,96,96,96,50,33],"gold":62,"neow_bonus":"TWENTY_PERCENT_HP_BONUS","is_daily":false,"chose_seed":false,"campfire_upgraded":5,"win_rate":0.0,"timestamp":1610711262,"path_taken":["M","?","?","M","?","R","E","M","T","R","E","M","R","?","R","BOSS","M","M","$","M","?","M","E","?","T","M","R","E","?","M","R","BOSS","M","?","$","?","M","R","E","R","T","?","E","?","M","?","R","BOSS","R","$","E","BOSS"],"items_purchased_type":["Card","Relic","Card","Card","Card","Card","Card","Relic"],"build_version":"2020-12-22","purchased_purges":1,"victory":true,"max_hp_per_floor":[96,96,96,96,96,96,96,96,96,96,96,96,96,96,96,96,96,96,96,96,96,96,96,96,96,96,96,96,96,96,96,96,96,96,96,96,96,96,96,96,96,96,96,96,96,96,96,96,96,96,96,96,96,96,96],"card_choices":[{"not_picked":["theDuelist:Skullgios","theDuelist:RedHeadedOni","theDuelist:EnmaJudgement","theDuelist:DarkMirrorForce"],"picked":"theDuelist:RebornZombie","floor":1},{"not_picked":["theDuelist:VampireGrimson","theDuelist:Hajun","theDuelist:GhostrickMuseum","theDuelist:Mispolymerization"],"picked":"theDuelist:AshBlossom","floor":4},{"not_picked":["theDuelist:GoblinZombie","theDuelist:FusionTag","theDuelist:GhostrickAlucard","theDuelist:AvendreadSavior"],"picked":"theDuelist:ShadowVampire","floor":5},{"not_picked":["theDuelist:AshBlossom","theDuelist:DarkDustSpirit","theDuelist:MechMoleZombie","theDuelist:NecroworldBanshee"],"picked":"theDuelist:Polymerization","floor":7},{"not_picked":["theDuelist:WightLady","theDuelist:VampireSorcerer","theDuelist:GhostrickMummy","theDuelist:VisionFusion"],"picked":"theDuelist:Polymerization","floor":8},{"not_picked":["theDuelist:VampireFamiliar","theDuelist:TriWight","theDuelist:AshBlossom","theDuelist:Wightprincess"],"picked":"theDuelist:SpiritReaper","floor":11},{"not_picked":["theDuelist:VendreadNights","theDuelist:ParallelWorldFusion","theDuelist:Wasteland","theDuelist:DimensionFusion"],"picked":"theDuelist:BrilliantFusion","floor":12},{"not_picked":["theDuelist:SouleatingOviraptor","theDuelist:Skelesaurus","theDuelist:OvertexQoatlus","theDuelist:MammothGraveyard"],"picked":"theDuelist:Chewbone","floor":14},{"not_picked":["theDuelist:YukiOnnaAbsolute","theDuelist:UltraPolymerization","theDuelist:RobbinZombie","theDuelist:MayakashiWinter"],"picked":"theDuelist:MonsterReborn","floor":16},{"not_picked":["theDuelist:RebornZombie","theDuelist:ShiranuiSunsaga","theDuelist:TimeFusion+1","theDuelist:ShiranuiShogunsaga"],"picked":"theDuelist:GhostrickLantern","floor":18},{"not_picked":["theDuelist:CorrodingShark","theDuelist:FuryFire+1","theDuelist:RebornZombie","theDuelist:ShiranuiSwordmaster+1"],"picked":"theDuelist:Relinkuriboh","floor":19},{"not_picked":["theDuelist:GoblinZombie","theDuelist:ZombieWorld","theDuelist:GhostrickVanish","theDuelist:VendreadReunion"],"picked":"theDuelist:Miscellaneousaurus+1","floor":21},{"not_picked":["theDuelist:DarkFusion+1","theDuelist:FuryFire+1","theDuelist:OneForOne+1","theDuelist:BloodSucker"],"picked":"theDuelist:RedMedicine+1","floor":23},{"not_picked":["theDuelist:ZombieWarrior","theDuelist:GhostrickMuseum","theDuelist:FossilSkullknight","theDuelist:VampireFamiliar"],"picked":"theDuelist:BattleFusion","floor":24},{"not_picked":["theDuelist:VampireSucker+1","theDuelist:VampireRedBaron","theDuelist:GhostrickJiangshi","theDuelist:Dakki"],"picked":"theDuelist:GhostrickGhoul","floor":27},{"not_picked":["theDuelist:GhostrickStein+1","theDuelist:GhostrickSkeleton+1","theDuelist:GhostrickMummy+1","theDuelist:GhostrickJackfrost+1"],"picked":"theDuelist:GhostrickAlucard","floor":29},{"not_picked":["theDuelist:VampireGrace+1","theDuelist:DecayedCommander+1"],"picked":"theDuelist:MonsterReborn","floor":30},{"not_picked":["theDuelist:OvertexQoatlus","theDuelist:Hajun","theDuelist:Tengu","theDuelist:Mispolymerization"],"picked":"theDuelist:Pumpking","floor":31},{"not_picked":["theDuelist:VampireGrace+1","theDuelist:SoulRelease","theDuelist:MonsterReborn","theDuelist:InstantFusion"],"picked":"theDuelist:ZombieMaster","floor":33},{"not_picked":["theDuelist:Gernia+1","theDuelist:ZombieNecronize","theDuelist:AvendreadSavior+1","theDuelist:BrilliantFusion+1"],"picked":"theDuelist:SouleatingOviraptor+1","floor":35},{"not_picked":["theDuelist:WightLady+1","theDuelist:OvertexQoatlus+1","theDuelist:ParallelWorldFusion+1","theDuelist:ZombieTiger"],"picked":"theDuelist:VampireFraulein","floor":36},{"not_picked":["theDuelist:CorrodingShark+1","theDuelist:FossilDragon+1","theDuelist:ShiranuiSpectralsword+1","theDuelist:Skullgios+1"],"picked":"theDuelist:Relinkuriboh","floor":39},{"not_picked":["theDuelist:GhostrickDoll","theDuelist:GhostrickNekomusume+1","theDuelist:GhostrickYukiOnna+1","theDuelist:GhostrickWitch"],"picked":"theDuelist:GhostrickSocuteboss","floor":41},{"not_picked":["theDuelist:VendreadNights","theDuelist:UnderworldCannon","theDuelist:ZombieNecronize+1","theDuelist:CallMummy"],"picked":"theDuelist:TributeDoomed","floor":44},{"not_picked":["theDuelist:VendreadStriges+1","theDuelist:VendreadNightmare","theDuelist:VendreadDaybreak","theDuelist:InstantFusion+1"],"picked":"theDuelist:MonsterReborn","floor":45},{"not_picked":["theDuelist:ShadowVampire+1","theDuelist:GhostrickYeti","theDuelist:GhostrickMummy","theDuelist:YukiOnnaAbsolute+1"],"picked":"theDuelist:VampireRedBaron+1","floor":47},{"not_picked":["theDuelist:WightLady","theDuelist:FireReaper+1","theDuelist:Yasha+1","theDuelist:VendreadReunion+1"],"picked":"theDuelist:GhostBelle","floor":48},{"not_picked":["theDuelist:Skelesaurus+1","theDuelist:OvertexQoatlus+1","theDuelist:FossilSkullknight+1","theDuelist:FossilSkullKing+1"],"picked":"theDuelist:Chewbone+1","floor":54}],"player_experience":191488,"relics_obtained":[{"floor":7,"key":"theDuelist:KaibaToken"},{"floor":9,"key":"Shuriken"},{"floor":11,"key":"theDuelist:TributeEggRelic"},{"floor":14,"key":"Pen Nib"},{"floor":24,"key":"Matryoshka"},{"floor":24,"key":"MealTicket"},{"floor":26,"key":"Boot"},{"floor":29,"key":"Orichalcum"},{"floor":29,"key":"War Paint"},{"floor":36,"key":"Magic Flower"},{"floor":41,"key":"theDuelist:ZoneToken"},{"floor":41,"key":"Bird Faced Urn"},{"floor":43,"key":"Smiling Mask"},{"floor":43,"key":"Pantograph"},{"floor":45,"key":"PreservedInsect"},{"floor":45,"key":"theDuelist:MillenniumPeriapt"},{"floor":54,"key":"Nunchaku"},{"floor":54,"key":"Anchor"}],"event_choices":[{"damage_healed":0,"gold_gain":275,"player_choice":"Desecrate","damage_taken":0,"max_hp_gain":0,"max_hp_loss":0,"event_name":"Golden Shrine","floor":2,"gold_loss":0,"cards_obtained":["Regret"]},{"damage_healed":0,"gold_gain":30,"player_choice":"Searched \u00273\u0027 times","damage_taken":0,"max_hp_gain":0,"max_hp_loss":0,"event_name":"Dead Adventurer","floor":14,"gold_loss":0},{"damage_healed":0,"gold_gain":0,"player_choice":"Paid Fearfully","damage_taken":0,"max_hp_gain":0,"max_hp_loss":0,"event_name":"Masked Bandits","floor":22,"gold_loss":78},{"damage_healed":0,"gold_gain":0,"player_choice":"Trade","damage_taken":0,"relics_obtained":["CultistMask"],"max_hp_gain":0,"max_hp_loss":0,"event_name":"FaceTrader","floor":25,"gold_loss":0},{"damage_healed":0,"gold_gain":0,"player_choice":"Fight","damage_taken":0,"max_hp_gain":0,"max_hp_loss":0,"event_name":"MindBloom","floor":36,"gold_loss":0},{"damage_healed":0,"gold_gain":0,"player_choice":"Paid","damage_taken":0,"relics_obtained":["Red Mask"],"max_hp_gain":0,"max_hp_loss":0,"event_name":"Tomb of Lord Red Mask","floor":38,"gold_loss":290},{"damage_healed":0,"gold_gain":0,"player_choice":"Cursed","damage_taken":0,"max_hp_gain":0,"max_hp_loss":0,"event_name":"Wheel of Change","floor":46,"gold_loss":0,"cards_obtained":["Decay"]}],"is_beta":false,"boss_relics":[{"not_picked":["Tiny House","Coffee Dripper"],"picked":"Black Star"},{"not_picked":["theDuelist:HauntedRelic","Snecko Eye"],"picked":"Runic Cube"}],"items_purged_floors":[3],"is_endless":false,"potions_floor_spawned":[5,7,8,18,21,24,29,30,35,41,44,47,48,54],"ascension_level":1}}