{"host":"y76clbnovzmw9ubx","time":1610719697,"event":{"mods":["AchievementEnabler","BaseMod","Minty Spire (QoL Compilation)","Permanent Neow","Relic Stats"],"gold_per_floor":[115,115,135,135,153,187,187,219,219,219,245,277,288,298,298,371,371,386,91,91,110,25,25,60,71,71,87,87,110,129,155,155,226,226,242,90,100,118,170,170,199,213,213,248,263,274,274,274,274,274,274],"floor_reached":50,"language":"ENG","playtime":4037,"items_purged":["Strike_G"],"score":1174,"play_id":"5d5b265a-e8ad-4232-b95f-b9af468e0601","local_time":"20210115090817","is_ascension_mode":true,"campfire_choices":[{"data":"Skewer","floor":7,"key":"SMITH"},{"floor":10,"key":"REST"},{"data":"Leg Sweep","floor":15,"key":"SMITH"},{"data":"Ghostly","floor":23,"key":"SMITH"},{"data":"Ghostly","floor":32,"key":"SMITH"},{"data":"Catalyst","floor":40,"key":"SMITH"},{"floor":49,"key":"RECALL"}],"circlet_count":0,"master_deck":["AscendersBane","Strike_G","Strike_G+1","Strike_G","Strike_G","Defend_G","Defend_G","Defend_G","Defend_G","Defend_G","Survivor","Neutralize+1","Infinite Blades","Dagger Throw","Skewer+1","Predator","Corpse Explosion","Leg Sweep+1","Masterful Stab","Bullet Time","All Out Attack","Ghostly","Ghostly+1","Ghostly+1","PiercingWail","PiercingWail","Ghostly+1","Dodge and Roll","Phantasmal Killer","A Thousand Cuts","Cloak And Dagger+1","Catalyst+1","Caltrops","Blade Dance","Footwork","Terror","Noxious Fumes","Bouncing Flask","Envenom"],"relics":["Ring of the Snake","Tiny Chest","Paper Crane","Mummified Hand","Meat on the Bone","Vajra","Whetstone","Runic Pyramid","Nunchaku","Oddly Smooth Stone","Blue Candle","Strawberry","Regal Pillow","Sozu","Du-Vu Doll","Mercury Hourglass","Darkstone Periapt","Peace Pipe","Pantograph"],"acts_visited":["Exordium","TheCity","TheBeyond"],"potions_floor_usage":[6,6,12,33],"damage_taken":[{"damage":2,"enemies":"Jaw Worm","floor":1,"turns":5},{"damage":9,"enemies":"Small Slimes","floor":3,"turns":6},{"damage":0,"enemies":"Cultist","floor":5,"turns":4},{"damage":16,"enemies":"Gremlin Nob","floor":6,"turns":4},{"damage":21,"enemies":"3 Sentries","floor":8,"turns":8},{"damage":14,"enemies":"Gremlin Nob","floor":12,"turns":4},{"damage":6,"enemies":"Lots of Slimes","floor":13,"turns":2},{"damage":10,"enemies":"Large Slime","floor":14,"turns":5},{"damage":27,"enemies":"Slime Boss","floor":16,"turns":14},{"damage":0,"enemies":"Chosen","floor":18,"turns":4},{"damage":4,"enemies":"3 Byrds","floor":21,"turns":4},{"damage":3,"enemies":"Slavers","floor":24,"turns":3},{"damage":1,"enemies":"Snecko","floor":25,"turns":6},{"damage":3,"enemies":"Snake Plant","floor":27,"turns":5},{"damage":1,"enemies":"Centurion and Healer","floor":30,"turns":6},{"damage":11,"enemies":"Gremlin Leader","floor":31,"turns":11},{"damage":17,"enemies":"Collector","floor":33,"turns":16},{"damage":0,"enemies":"3 Shapes","floor":35,"turns":3},{"damage":0,"enemies":"Orb Walker","floor":37,"turns":4},{"damage":4,"enemies":"4 Shapes","floor":38,"turns":7},{"damage":18,"enemies":"2 Orb Walkers","floor":39,"turns":4},{"damage":5,"enemies":"Reptomancer","floor":41,"turns":9},{"damage":2,"enemies":"Maw","floor":42,"turns":8},{"damage":3,"enemies":"Nemesis","floor":44,"turns":7},{"damage":3,"enemies":"Sphere and 2 Shapes","floor":45,"turns":4},{"damage":0,"enemies":"Jaw Worm Horde","floor":46,"turns":4},{"damage":47,"enemies":"Donu and Deca","floor":50,"turns":3}],"seed_played":"-3322640135659136310","potions_obtained":[{"floor":1,"key":"Swift Potion"},{"floor":3,"key":"Block Potion"},{"floor":4,"key":"Fire Potion"},{"floor":6,"key":"Ancient Potion"},{"floor":16,"key":"FearPotion"},{"floor":25,"key":"AttackPotion"},{"floor":27,"key":"PowerPotion"}],"is_trial":false,"path_per_floor":["M","?","M","?","M","E","R","E","T","R","T","E","M","M","R","B",null,"M","$","?","M","?","R","E","M","T","M","?","T","M","E","R","B",null,"M","$","M","M","?","R","E","M","T","E","M","M","?","T","R","B"],"character_chosen":"THE_SILENT","items_purchased":["Nunchaku","FearPotion","Catalyst","Caltrops"],"campfire_rested":1,"item_purchase_floors":[19,19,36,36],"current_hp_per_floor":[57,62,53,53,53,37,37,16,16,37,37,35,41,43,43,28,60,60,60,35,31,31,31,28,27,27,24,24,31,30,31,31,26,38,38,38,38,34,28,28,23,33,33,30,27,27,27,27,27,0,0],"gold":274,"neow_bonus":"RANDOM_COMMON_RELIC","is_daily":false,"chose_seed":false,"campfire_upgraded":5,"win_rate":0.0,"timestamp":1610719697,"path_taken":["M","?","M","?","?","E","R","E","T","R","?","E","M","M","R","BOSS","M","$","?","M","?","R","E","M","T","M","?","?","?","E","R","BOSS","M","$","M","M","?","R","E","M","T","E","M","M","?","?","R","BOSS"],"items_purchased_type":["Relic","Potion","Card","Card"],"build_version":"2020-12-22","purchased_purges":1,"victory":false,"max_hp_per_floor":[66,71,71,71,71,71,71,71,71,71,71,71,71,71,71,71,71,71,71,35,35,35,35,35,35,35,35,35,42,42,42,42,42,42,42,42,42,42,42,42,42,42,42,42,42,42,42,42,42,42,42],"relic_stats":{"Darkstone Periapt":0,"Regal Pillow":0,"counters":[27,160],"Blue Candle":[0],"Whetstone":["Strike_G","Neutralize"],"Mercury Hourglass":[78],"Sozu":4,"Peace Pipe":0,"Nunchaku":[22],"Mummified Hand":[35],"Pantograph":15,"Tiny Chest":3,"obtain_stats":[{"Darkstone Periapt":43,"Regal Pillow":31,"Blue Candle":24,"Vajra":11,"Oddly Smooth Stone":22,"Whetstone":12,"Paper Crane":6,"Mercury Hourglass":41,"Sozu":34,"Du-Vu Doll":39,"Peace Pipe":44,"Nunchaku":19,"Mummified Hand":8,"Strawberry":29,"Pantograph":48,"Tiny Chest":0,"Ring of the Snake":0,"Meat on the Bone":9,"Runic Pyramid":17},{"Darkstone Periapt":23,"Regal Pillow":16,"Blue Candle":12,"Vajra":5,"Oddly Smooth Stone":11,"Whetstone":6,"Paper Crane":4,"Mercury Hourglass":22,"Sozu":17,"Du-Vu Doll":21,"Peace Pipe":24,"Nunchaku":10,"Mummified Hand":5,"Strawberry":14,"Pantograph":26,"Tiny Chest":0,"Ring of the Snake":0,"Meat on the Bone":5,"Runic Pyramid":9},{"Darkstone Periapt":142,"Regal Pillow":91,"Blue Candle":63,"Vajra":27,"Oddly Smooth Stone":60,"Whetstone":31,"Paper Crane":19,"Mercury Hourglass":134,"Sozu":107,"Du-Vu Doll":125,"Peace Pipe":149,"Nunchaku":56,"Mummified Hand":27,"Strawberry":74,"Pantograph":157,"Tiny Chest":0,"Ring of the Snake":0,"Meat on the Bone":27,"Runic Pyramid":52}],"Ring of the Snake":[54],"Meat on the Bone":96},"card_choices":[{"not_picked":["Eviscerate","Outmaneuver"],"picked":"Infinite Blades","floor":1},{"not_picked":["Flying Knee","Deflect"],"picked":"Dagger Throw","floor":3},{"not_picked":["Underhanded Strike","Slice"],"picked":"Skewer","floor":5},{"not_picked":["Flying Knee","Dodge and Roll"],"picked":"Predator","floor":6},{"not_picked":["Masterful Stab","Predator"],"picked":"Corpse Explosion","floor":8},{"not_picked":["Deadly Poison","Tactician","Outmaneuver"],"picked":"SKIP","floor":12},{"not_picked":["Heel Hook","Outmaneuver"],"picked":"Leg Sweep","floor":13},{"not_picked":["Backflip","Prepared"],"picked":"Masterful Stab","floor":14},{"not_picked":["Burst","Doppelganger"],"picked":"Bullet Time","floor":16},{"not_picked":["Calculated Gamble","Sucker Punch"],"picked":"All Out Attack","floor":18},{"not_picked":["Endless Agony","Acrobatics"],"picked":"PiercingWail","floor":21},{"not_picked":["Flying Knee","Accuracy"],"picked":"PiercingWail","floor":24},{"not_picked":["Deadly Poison","Well Laid Plans","Outmaneuver"],"picked":"SKIP","floor":25},{"not_picked":["Storm of Steel","Dagger Spray","Poisoned Stab"],"picked":"SKIP","floor":27},{"not_picked":["Accuracy","Outmaneuver+1"],"picked":"Dodge and Roll","floor":30},{"not_picked":["Terror","Dodge and Roll"],"picked":"Phantasmal Killer","floor":31},{"not_picked":["Unload","Wraith Form v2"],"picked":"A Thousand Cuts","floor":33},{"not_picked":["Dagger Throw","Acrobatics+1"],"picked":"Cloak And Dagger+1","floor":35},{"not_picked":["Backstab","Slice+1"],"picked":"Blade Dance","floor":37},{"not_picked":["Dagger Spray+1","Underhanded Strike"],"picked":"Footwork","floor":38},{"not_picked":["Slice","Dagger Spray","Deflect"],"picked":"SKIP","floor":41},{"not_picked":["Deflect","All Out Attack"],"picked":"Terror","floor":42},{"not_picked":["Storm of Steel","Dagger Spray+1"],"picked":"Noxious Fumes","floor":44},{"not_picked":["Blade Dance","Dagger Throw"],"picked":"Bouncing Flask","floor":45},{"not_picked":["Crippling Poison","Bane+1"],"picked":"Envenom","floor":46}],"player_experience":3057207,"relics_obtained":[{"floor":6,"key":"Paper Crane"},{"floor":8,"key":"Mummified Hand"},{"floor":9,"key":"Meat on the Bone"},{"floor":11,"key":"Vajra"},{"floor":12,"key":"Whetstone"},{"floor":24,"key":"Blue Candle"},{"floor":29,"key":"Strawberry"},{"floor":31,"key":"Regal Pillow"},{"floor":39,"key":"Du-Vu Doll"},{"floor":41,"key":"Mercury Hourglass"},{"floor":43,"key":"Darkstone Periapt"},{"floor":44,"key":"Peace Pipe"},{"floor":48,"key":"Pantograph"}],"event_choices":[{"damage_healed":0,"gold_gain":0,"player_choice":"Donut","damage_taken":0,"max_hp_gain":5,"max_hp_loss":0,"event_name":"Big Fish","floor":2,"gold_loss":0},{"damage_healed":0,"gold_gain":0,"player_choice":"Got Potions","damage_taken":0,"max_hp_gain":0,"max_hp_loss":0,"event_name":"Lab","floor":4,"gold_loss":0},{"damage_healed":0,"gold_gain":0,"player_choice":"Became a Ghost","damage_taken":0,"max_hp_gain":0,"max_hp_loss":36,"event_name":"Ghosts","floor":20,"gold_loss":0,"cards_obtained":["Ghostly","Ghostly","Ghostly"]},{"damage_healed":0,"gold_gain":0,"player_choice":"Obtained Relic","damage_taken":0,"relics_obtained":["Oddly Smooth Stone"],"max_hp_gain":0,"max_hp_loss":0,"event_name":"Addict","floor":22,"gold_loss":85},{"damage_healed":0,"gold_gain":0,"player_choice":"Copied","damage_taken":0,"max_hp_gain":0,"max_hp_loss":0,"event_name":"Duplicator","floor":28,"gold_loss":0,"cards_obtained":["Ghostly"]},{"damage_healed":0,"gold_gain":0,"player_choice":"Fight","damage_taken":0,"max_hp_gain":0,"max_hp_loss":0,"event_name":"Mysterious Sphere","floor":39,"gold_loss":0},{"damage_healed":0,"gold_gain":0,"player_choice":"0 cards matched","damage_taken":0,"max_hp_gain":0,"max_hp_loss":0,"event_name":"Match and Keep!","floor":47,"gold_loss":0,"cards_obtained":[]}],"is_beta":false,"boss_relics":[{"not_picked":["Ectoplasm","Busted Crown"],"picked":"Runic Pyramid"},{"not_picked":["Runic Dome","Black Star"],"picked":"Sozu"}],"items_purged_floors":[19],"is_endless":false,"potions_floor_spawned":[1,3,6,16,24,25,27,31,35,38,42,44],"killed_by":"Donu and Deca","ascension_level":20}}