{"host":"j4g6ia6asvpyu2b0","time":1610715219,"event":{"mods":["BaseMod","Colored Map","Minty Spire (QoL Compilation)","Permanent Neow","Quick Restart","Relic Stats","StSLib","Unceasing Turn Reminder"],"gold_per_floor":[115,130,130,154,179,219,184,225,251,251,276,309,329,349,349,470,470,483,504,504,524,524,524],"floor_reached":22,"language":"ENG","playtime":673,"items_purged":[],"score":333,"play_id":"bfc47233-d691-463e-aea1-23327cbaa07f","local_time":"20210115055339","is_ascension_mode":true,"campfire_choices":[{"data":"A Thousand Cuts","floor":10.0,"key":"SMITH"},{"data":"Crippling Poison","floor":15.0,"key":"SMITH"}],"circlet_count":0,"master_deck":["AscendersBane","Strike_G","Strike_G","Strike_G","Strike_G","Defend_G","Defend_G","Defend_G","Defend_G","Defend_G","Survivor","Neutralize","Masterful Stab","Deflect","Finisher","Acrobatics","A Thousand Cuts+1","Cloak And Dagger","Storm of Steel","Poisoned Stab","Crippling Poison+1","Adrenaline","Escape Plan","Well Laid Plans","Blade Dance"],"relics":["Ring of the Snake","Vajra","Golden Idol","Strawberry","Dream Catcher","Snake Skull","Toy Ornithopter","Boot","Sozu"],"acts_visited":["Exordium","TheCity"],"potions_floor_usage":[],"damage_taken":[{"damage":1.0,"enemies":"Cultist","floor":1.0,"turns":3.0},{"damage":0.0,"enemies":"2 Louse","floor":2.0,"turns":3.0},{"damage":1.0,"enemies":"Jaw Worm","floor":4.0,"turns":2.0},{"damage":1.0,"enemies":"Exordium Wildlife","floor":5.0,"turns":3.0},{"damage":19.0,"enemies":"Lagavulin","floor":6.0,"turns":6.0},{"damage":35.0,"enemies":"Gremlin Nob","floor":8.0,"turns":5.0},{"damage":7.0,"enemies":"Lagavulin","floor":12.0,"turns":7.0},{"damage":0.0,"enemies":"Lots of Slimes","floor":13.0,"turns":1.0},{"damage":3.0,"enemies":"3 Louse","floor":14.0,"turns":3.0},{"damage":19.0,"enemies":"The Guardian","floor":16.0,"turns":12.0},{"damage":22,"enemies":"2 Thieves","floor":18,"turns":4},{"damage":0,"enemies":"Spheric Guardian","floor":19,"turns":2},{"damage":16,"enemies":"Chosen and Byrds","floor":21,"turns":6},{"damage":20,"enemies":"3 Cultists","floor":22,"turns":3}],"seed_played":"7712946457105360889","potions_obtained":[{"floor":1.0,"key":"Ancient Potion"},{"floor":2.0,"key":"Strength Potion"},{"floor":12.0,"key":"BlessingOfTheForge"},{"floor":16.0,"key":"Dexterity Potion"}],"is_trial":false,"path_per_floor":["M","M","?","M","M","E","?","E","T","R","T","E","M","M","R","B",null,"M","M","?","M","M"],"character_chosen":"THE_SILENT","items_purchased":[],"campfire_rested":0,"item_purchase_floors":[],"current_hp_per_floor":[62,62,62,61,60,48,66,31,31,31,31,24,24,21,21,7,56,34,34,34,18,0,0],"gold":524,"neow_bonus":"RANDOM_COMMON_RELIC","is_daily":false,"chose_seed":false,"campfire_upgraded":2,"win_rate":0.0,"timestamp":1610715219,"path_taken":["M","?","?","M","M","E","?","E","T","R","?","E","M","M","R","BOSS","M","M","?","?","M"],"items_purchased_type":[],"build_version":"2020-12-22","purchased_purges":0,"victory":false,"max_hp_per_floor":[70,70,65,65,65,72,72,72,72,72,72,72,72,72,72,72,72,72,72,72,72,72,72],"relic_stats":{"Sozu":2,"Dream Catcher":0,"counters":[14,60],"Golden Idol":76,"Snake Skull":[13],"Boot":[16],"obtain_stats":[{"Sozu":17,"Dream Catcher":8,"Golden Idol":3,"Strawberry":6,"Vajra":0,"Snake Skull":9,"Boot":12,"Toy Ornithopter":11,"Ring of the Snake":0},{"Sozu":10,"Dream Catcher":6,"Golden Idol":2,"Strawberry":5,"Vajra":0,"Snake Skull":6,"Boot":7,"Toy Ornithopter":6,"Ring of the Snake":0},{"Sozu":45,"Dream Catcher":22,"Golden Idol":6,"Strawberry":17,"Vajra":0,"Snake Skull":22,"Boot":29,"Toy Ornithopter":22,"Ring of the Snake":0}],"Toy Ornithopter":5,"Ring of the Snake":[28]},"card_choices":[{"not_picked":["Deflect","Setup"],"picked":"Masterful Stab","floor":1.0},{"not_picked":["Setup","Prepared"],"picked":"Deflect","floor":2.0},{"not_picked":["Deflect","Leg Sweep"],"picked":"Finisher","floor":4.0},{"not_picked":["Deflect","Eviscerate"],"picked":"Acrobatics","floor":5.0},{"not_picked":["Deflect","Phantasmal Killer"],"picked":"A Thousand Cuts","floor":6.0},{"not_picked":["Sucker Punch","Outmaneuver"],"picked":"Cloak And Dagger","floor":8.0},{"not_picked":["Setup","Dagger Throw"],"picked":"Storm of Steel","floor":12.0},{"not_picked":["Sucker Punch","Prepared"],"picked":"Poisoned Stab","floor":13.0},{"not_picked":["Distraction","Finisher"],"picked":"Crippling Poison","floor":14.0},{"not_picked":["Doppelganger","Phantasmal Killer"],"picked":"Adrenaline","floor":16.0},{"not_picked":["Slice+1","Dagger Throw"],"picked":"Escape Plan","floor":18},{"not_picked":["Leg Sweep","Dodge and Roll+1"],"picked":"Well Laid Plans","floor":19},{"not_picked":["Dodge and Roll+1","Slice+1"],"picked":"Blade Dance","floor":21}],"player_experience":855411,"relics_obtained":[{"floor":6.0,"key":"Strawberry"},{"floor":8.0,"key":"Dream Catcher"},{"floor":9.0,"key":"Snake Skull"},{"floor":11.0,"key":"Toy Ornithopter"},{"floor":12.0,"key":"Boot"}],"event_choices":[{"damage_healed":0.0,"max_hp_gain":0.0,"max_hp_loss":5.0,"gold_gain":0.0,"event_name":"Golden Idol","player_choice":"Lose Max HP","floor":3.0,"gold_loss":0.0,"damage_taken":0.0,"relics_obtained":["Golden Idol"]},{"damage_healed":18.0,"max_hp_gain":0.0,"max_hp_loss":0.0,"gold_gain":0.0,"event_name":"The Cleric","player_choice":"Healed","floor":7.0,"gold_loss":35.0,"damage_taken":0.0},{"cards_removed":["Strike_G"],"damage_healed":0,"gold_gain":0,"player_choice":"Purged","damage_taken":0,"max_hp_gain":0,"max_hp_loss":0,"event_name":"Purifier","floor":20,"gold_loss":0}],"is_beta":false,"boss_relics":[{"not_picked":["Empty Cage","Pandora\u0027s Box"],"picked":"Sozu"}],"items_purged_floors":[],"is_endless":false,"potions_floor_spawned":[1,2,12,14,16,19,21],"killed_by":"3 Cultists","ascension_level":12}}