{"host":"7zdktqb5xjtif29d","time":1610754221,"event":{"mods":["AchievementEnabler","BaseMod","Colored Map","Colored Powertips","Highlight Path","Minty Spire (QoL Compilation)","Rare Cards Sparkle","SuperFastMode","Waifu the Spire","everything is the same but u backflip on backflip"],"gold_per_floor":[112,187,201,201,214,244,244,244,269,295,295,314,314,19,19,121,121,135,150,150,150],"floor_reached":20,"language":"ENG","playtime":699,"items_purged":["Bash"],"score":200,"play_id":"2962ec85-a461-422a-83ee-53fc37a8a54c","local_time":"20210115234341","is_ascension_mode":true,"campfire_choices":[{"floor":7,"key":"REST"},{"floor":11,"key":"REST"},{"floor":13,"key":"REST"},{"data":"Combust","floor":15,"key":"SMITH"}],"circlet_count":0,"master_deck":["Strike_R","Strike_R","Strike_R","Strike_R","Strike_R","Defend_R","Defend_R","Defend_R+1","Defend_R","Clothesline+1","Flex","Rupture+1","Heavy Blade","Flex","Combust+1","Offering","Flex+1","Heavy Blade"],"relics":["Burning Blood","Dream Catcher","Letter Opener","Sling","SlaversCollar"],"acts_visited":["Exordium","TheCity"],"potions_floor_usage":[6,20],"damage_taken":[{"damage":14,"enemies":"Jaw Worm","floor":1,"turns":4},{"damage":7,"enemies":"2 Louse","floor":3,"turns":3},{"damage":4,"enemies":"Cultist","floor":5,"turns":3},{"damage":10,"enemies":"Gremlin Nob","floor":6,"turns":5},{"damage":44,"enemies":"3 Sentries","floor":10,"turns":11},{"damage":18,"enemies":"Exordium Wildlife","floor":12,"turns":3},{"damage":57,"enemies":"Hexaghost","floor":16,"turns":10},{"damage":41,"enemies":"2 Thieves","floor":18,"turns":4},{"damage":36,"enemies":"Shell Parasite","floor":19,"turns":7},{"damage":43,"enemies":"Cultist and Chosen","floor":20,"turns":4}],"seed_played":"-3356292627441110959","potions_obtained":[{"floor":3,"key":"SteroidPotion"},{"floor":5,"key":"Block Potion"},{"floor":6,"key":"Dexterity Potion"}],"is_trial":false,"path_per_floor":["M","?","M","?","M","E","R","?","T","E","R","M","R","$","R","B",null,"M","M","M"],"character_chosen":"IRONCLAD","items_purchased":["Combust","Sling"],"campfire_rested":3,"item_purchase_floors":[14,14],"current_hp_per_floor":[80,69,68,50,52,48,74,74,74,36,62,50,76,76,76,25,88,53,23,0,0],"gold":150,"neow_bonus":"TEN_PERCENT_HP_BONUS","is_daily":false,"chose_seed":false,"campfire_upgraded":1,"win_rate":0.0,"timestamp":1610754221,"path_taken":["M","?","M","?","M","E","R","?","T","E","R","M","R","$","R","BOSS","M","?","M"],"items_purchased_type":["Card","Relic"],"build_version":"2020-12-22","purchased_purges":1,"victory":false,"max_hp_per_floor":[88,88,88,88,88,88,88,88,88,88,88,88,88,88,88,88,88,88,88,88,88],"card_choices":[{"not_picked":["Thunderclap","Headbutt","Shockwave"],"picked":"SKIP","floor":1},{"not_picked":["Battle Trance","Cleave"],"picked":"Clothesline","floor":3},{"not_picked":["Body Slam","Clash"],"picked":"Flex","floor":5},{"not_picked":["Headbutt","Heavy Blade"],"picked":"Rupture","floor":6},{"not_picked":["Pommel Strike","Headbutt"],"picked":"Heavy Blade","floor":7},{"not_picked":["Corruption","Reckless Charge","Dual Wield"],"picked":"SKIP","floor":10},{"not_picked":["Sword Boomerang","Clash"],"picked":"Flex","floor":12},{"not_picked":["Reaper","Feed"],"picked":"Offering","floor":16},{"not_picked":["Cleave","Disarm"],"picked":"Flex+1","floor":18},{"not_picked":["Headbutt","Shrug It Off"],"picked":"Heavy Blade","floor":19}],"player_experience":222430,"relics_obtained":[{"floor":6,"key":"Dream Catcher"},{"floor":10,"key":"Letter Opener"}],"event_choices":[{"damage_healed":0,"gold_gain":75,"player_choice":"Gather Gold","damage_taken":11,"max_hp_gain":0,"max_hp_loss":0,"event_name":"World of Goop","floor":2,"gold_loss":0},{"damage_healed":0,"gold_gain":0,"player_choice":"Entered Light","damage_taken":18,"max_hp_gain":0,"max_hp_loss":0,"event_name":"Shining Light","floor":4,"gold_loss":0,"cards_upgraded":["Defend_R","Clothesline"]},{"damage_healed":0,"gold_gain":0,"player_choice":"Forge","damage_taken":0,"max_hp_gain":0,"max_hp_loss":0,"event_name":"Accursed Blacksmith","floor":8,"gold_loss":0,"cards_upgraded":["Rupture"]}],"is_beta":false,"boss_relics":[{"not_picked":["Ectoplasm","Velvet Choker"],"picked":"SlaversCollar"}],"items_purged_floors":[14],"is_endless":false,"potions_floor_spawned":[3,5,6],"killed_by":"Cultist and Chosen","ascension_level":2}}