{"host":"ow66nzv2xecjoor3","time":1610681297,"event":{"mods":["BaseMod","Bestiary","Block Reminder","Colored Powertips","Curses Come First","Highlight Path","Keyboard Shortcuts","Minty Spire (QoL Compilation)","Permanent Neow","Relic Stats","StSLib","UnlockEverythingMod"],"gold_per_floor":[119,119,138,152,166,166,177,177,203,203,203,203],"floor_reached":11,"language":"ENG","playtime":300,"items_purged":[],"score":130,"play_id":"dee001c4-97e2-4443-a2bb-16e1e78b1710","local_time":"20210114212817","is_ascension_mode":true,"campfire_choices":[{"data":"Chaos","floor":6,"key":"SMITH"},{"floor":8,"key":"REST"},{"data":"Coolheaded","floor":10,"key":"SMITH"}],"circlet_count":0,"master_deck":["AscendersBane","Strike_B","Strike_B","Strike_B","Strike_B","Defend_B","Defend_B","Defend_B","Defend_B","Zap","Dualcast","Chaos+1","Decay","Ball Lightning","Coolheaded+1","Static Discharge","Reinforced Body"],"relics":["SlaversCollar","Oddly Smooth Stone"],"acts_visited":["Exordium"],"potions_floor_usage":[11],"damage_taken":[{"damage":10,"enemies":"Small Slimes","floor":1,"turns":5},{"damage":4,"enemies":"Cultist","floor":3,"turns":4},{"damage":1,"enemies":"2 Louse","floor":4,"turns":3},{"damage":10,"enemies":"Looter","floor":5,"turns":4},{"damage":28,"enemies":"Large Slime","floor":7,"turns":5},{"damage":36,"enemies":"Gremlin Nob","floor":11,"turns":3}],"seed_played":"-5200372674174066057","potions_obtained":[{"floor":1,"key":"Dexterity Potion"},{"floor":4,"key":"FearPotion"}],"is_trial":false,"path_per_floor":["M","?","M","M","M","R","M","R","T","R","E"],"character_chosen":"DEFECT","items_purchased":[],"campfire_rested":1,"item_purchase_floors":[],"current_hp_per_floor":[54,54,50,49,39,39,11,32,32,32,0,0],"gold":203,"neow_bonus":"BOSS_RELIC","is_daily":false,"chose_seed":false,"campfire_upgraded":2,"win_rate":0.0,"timestamp":1610681297,"path_taken":["M","?","M","?","M","R","M","R","T","R","E"],"items_purchased_type":[],"build_version":"2020-12-22","purchased_purges":0,"victory":false,"max_hp_per_floor":[71,71,71,71,71,71,71,71,71,71,71,71],"relic_stats":{"counters":[6,24],"obtain_stats":[{"SlaversCollar":0,"Oddly Smooth Stone":9,"Cracked Core":0},{"SlaversCollar":0,"Oddly Smooth Stone":5,"Cracked Core":0},{"SlaversCollar":0,"Oddly Smooth Stone":21,"Cracked Core":0}]},"card_choices":[{"not_picked":["Reprogram","Barrage"],"picked":"Chaos","floor":1},{"not_picked":["Barrage","Turbo"],"picked":"Ball Lightning","floor":3},{"not_picked":["Force Field","Turbo"],"picked":"Coolheaded","floor":4},{"not_picked":["Streamline","Genetic Algorithm"],"picked":"Static Discharge","floor":5},{"not_picked":["Beam Cell","Chaos"],"picked":"Reinforced Body","floor":7}],"player_experience":2713182,"relics_obtained":[{"floor":9,"key":"Oddly Smooth Stone"}],"event_choices":[{"damage_healed":0,"gold_gain":0,"player_choice":"Cursed","damage_taken":0,"max_hp_gain":0,"max_hp_loss":0,"event_name":"Wheel of Change","floor":2,"gold_loss":0,"cards_obtained":["Decay"]}],"is_beta":false,"boss_relics":[],"items_purged_floors":[],"is_endless":false,"potions_floor_spawned":[1,4],"killed_by":"Gremlin Nob","ascension_level":20}}