{"host":"c3lc60y5x60jlt1y","time":1610703497,"event":{"mods":["AchievementEnabler","BaseMod","Bestiary","Colored Map","Minty Spire (QoL Compilation)","Quick Restart","StSLib","ojb\u0027s Info Mod"],"gold_per_floor":[115,135,135,147,147,176,176,208,259,277,295,295,370,401,401,498,498,514,129,129,44,44,75,75,103,103,132,132,132,161,175,175,175,175],"floor_reached":33,"language":"ENG","playtime":3086,"items_purged":["Strike_B"],"score":563,"play_id":"907967cc-2edb-4872-9ab0-9374a70c2b21","local_time":"20210115113817","is_ascension_mode":true,"campfire_choices":[{"data":"Streamline","floor":7,"key":"SMITH"},{"floor":12,"key":"REST"},{"floor":15,"key":"REST"},{"data":"Fission","floor":24,"key":"SMITH"},{"floor":29,"key":"REST"},{"data":"Defragment","floor":32,"key":"SMITH"}],"circlet_count":0,"master_deck":["Defend_B","Defend_B","Defend_B","Zap","Dualcast","Undo","Recycle","Streamline+1","Turbo","Electrodynamics","Compile Driver","Defragment+1","Stack","Fission+1","Force Field","Bite","Bite","Bite","Bite","Bite","Fusion+1","Chill","Parasite","Coolheaded","Aggregate"],"relics":["Cracked Core","Bag of Marbles","Ornamental Fan","Oddly Smooth Stone","Bag of Preparation","Lantern","Cursed Key","TheAbacus","Boot","InkBottle","Smiling Mask","Frozen Egg 2","Centennial Puzzle","Nilry\u0027s Codex","Du-Vu Doll"],"acts_visited":["Exordium","TheCity"],"potions_floor_usage":[11,23,25,27,27],"damage_taken":[{"damage":7,"enemies":"Jaw Worm","floor":1,"turns":3},{"damage":5,"enemies":"Small Slimes","floor":2,"turns":3},{"damage":2,"enemies":"2 Louse","floor":4,"turns":3},{"damage":35,"enemies":"3 Sentries","floor":6,"turns":9},{"damage":18,"enemies":"Gremlin Nob","floor":8,"turns":4},{"damage":0,"enemies":"2 Fungi Beasts","floor":10,"turns":2},{"damage":0,"enemies":"Looter","floor":11,"turns":3},{"damage":0,"enemies":"Lagavulin","floor":14,"turns":5},{"damage":0,"enemies":"Slime Boss","floor":16,"turns":6},{"damage":27,"enemies":"3 Byrds","floor":18,"turns":5},{"damage":11,"enemies":"Slavers","floor":23,"turns":3},{"damage":30,"enemies":"Gremlin Leader","floor":25,"turns":8},{"damage":12,"enemies":"Book of Stabbing","floor":27,"turns":6},{"damage":11,"enemies":"Gremlin Leader","floor":30,"turns":5},{"damage":0,"enemies":"Chosen","floor":31,"turns":4},{"damage":83,"enemies":"Automaton","floor":33,"turns":12}],"seed_played":"-8316349234161352657","potions_obtained":[{"floor":1,"key":"Dexterity Potion"},{"floor":6,"key":"Strength Potion"},{"floor":10,"key":"Explosive Potion"},{"floor":16,"key":"LiquidMemories"},{"floor":25,"key":"Strength Potion"}],"is_trial":false,"path_per_floor":["M","M","?","M","?","E","R","E","T","M","M","R","?","E","R","B",null,"M","$","?","?","?","E","R","E","T","E","?","R","E","M","R","B"],"character_chosen":"DEFECT","items_purchased":["TheAbacus","Blood Vial"],"campfire_rested":3,"item_purchase_floors":[19,19],"current_hp_per_floor":[61,56,56,54,54,19,19,1,1,1,1,23,12,12,34,34,65,38,38,38,38,38,35,35,25,25,25,9,31,28,38,38,0,0],"gold":175,"neow_bonus":"RANDOM_COMMON_RELIC","is_daily":false,"chose_seed":false,"campfire_upgraded":3,"win_rate":0.0,"timestamp":1610703497,"path_taken":["M","M","?","M","?","E","R","E","T","M","M","R","?","E","R","BOSS","M","$","?","?","?","E","R","E","T","E","?","R","E","M","R","BOSS"],"items_purchased_type":["Relic","Relic"],"build_version":"2020-12-22","purchased_purges":1,"victory":false,"max_hp_per_floor":[75,75,75,75,75,75,75,75,75,75,75,75,75,75,75,75,75,75,75,75,75,75,75,75,75,75,75,75,75,75,75,75,75,75],"card_choices":[{"not_picked":["Loop","Sweeping Beam"],"picked":"Undo","floor":1},{"not_picked":["Rebound","Barrage"],"picked":"Recycle","floor":2},{"not_picked":["Ball Lightning","Barrage"],"picked":"Turbo","floor":4},{"not_picked":["Sweeping Beam","Auto Shields"],"picked":"Electrodynamics","floor":6},{"not_picked":["Rip and Tear","Stack"],"picked":"Compile Driver","floor":8},{"not_picked":["Rebound","Undo"],"picked":"Defragment","floor":10},{"not_picked":["Rebound","Conserve Battery","Turbo"],"picked":"SKIP","floor":11},{"not_picked":["Redo","Reinforced Body"],"picked":"Stack","floor":14},{"not_picked":["Core Surge","Creative AI"],"picked":"Fission","floor":16},{"not_picked":["White Noise","Gash"],"picked":"Force Field","floor":18},{"not_picked":["BootSequence+1","Steam Power"],"picked":"Fusion+1","floor":23},{"not_picked":["Lockon","Fusion"],"picked":"Chill","floor":25},{"not_picked":["Fusion","Stack","Sweeping Beam"],"picked":"SKIP","floor":27},{"not_picked":["Skim","Leap"],"picked":"Coolheaded","floor":30},{"not_picked":["Coolheaded","Turbo+1"],"picked":"Aggregate","floor":31}],"player_experience":8074539,"relics_obtained":[{"floor":6,"key":"Ornamental Fan"},{"floor":8,"key":"Oddly Smooth Stone"},{"floor":9,"key":"Bag of Preparation"},{"floor":14,"key":"Lantern"},{"floor":23,"key":"InkBottle"},{"floor":25,"key":"Smiling Mask"},{"floor":26,"key":"Frozen Egg 2"},{"floor":27,"key":"Centennial Puzzle"},{"floor":28,"key":"Nilry\u0027s Codex"},{"floor":30,"key":"Du-Vu Doll"}],"event_choices":[{"damage_healed":0,"gold_gain":0,"cards_transformed":["Strike_B"],"player_choice":"Change","damage_taken":0,"max_hp_gain":0,"max_hp_loss":0,"event_name":"Living Wall","floor":3,"gold_loss":0,"cards_obtained":["Streamline"]},{"damage_healed":0,"gold_gain":0,"player_choice":"Ignored","damage_taken":0,"max_hp_gain":0,"max_hp_loss":0,"event_name":"Liars Game","floor":5,"gold_loss":0},{"damage_healed":0,"gold_gain":75,"player_choice":"Gather Gold","damage_taken":11,"max_hp_gain":0,"max_hp_loss":0,"event_name":"World of Goop","floor":13,"gold_loss":0},{"damage_healed":0,"gold_gain":0,"player_choice":"Became a vampire (Vial)","damage_taken":0,"max_hp_gain":0,"max_hp_loss":0,"event_name":"Vampires","floor":20,"relics_lost":["Blood Vial"],"gold_loss":0,"cards_obtained":["Bite","Bite","Bite","Bite","Bite"]},{"damage_healed":0,"gold_gain":0,"player_choice":"Obtained Relic","damage_taken":0,"relics_obtained":["Boot"],"max_hp_gain":0,"max_hp_loss":0,"event_name":"Addict","floor":21,"gold_loss":85},{"cards_removed":["Defend_B"],"damage_healed":0,"gold_gain":0,"player_choice":"Elegance","damage_taken":0,"max_hp_gain":0,"max_hp_loss":0,"event_name":"Back to Basics","floor":22,"gold_loss":0},{"damage_healed":0,"gold_gain":0,"player_choice":"Obtained Book","damage_taken":16,"max_hp_gain":0,"max_hp_loss":0,"event_name":"Cursed Tome","floor":28,"gold_loss":0}],"is_beta":false,"boss_relics":[{"not_picked":["Snecko Eye","Velvet Choker"],"picked":"Cursed Key"}],"items_purged_floors":[19],"is_endless":false,"potions_floor_spawned":[1,6,10,16,18,25],"killed_by":"Automaton","ascension_level":6}}