{"host":"isy2gwbfe91wqj1j","time":1610670952,"event":{"mods":["AchievementEnabler","BaseMod","Better Altar","Better Match","Better Note","Better Sensory Stone","Better Skull","Better Third Choice","BetterRewards","Minty Spire (QoL Compilation)","StSLib"],"gold_per_floor":[119,138,138,87,105,136,155,155,230,248,34,44,44,59,59,156,156,81,81,81,81,81,101,101,101,101,101,114,134,134,159,159,259,259,277,297,297,36,56,56,66,66,66,66,86,86,136,136,136,136],"floor_reached":51,"language":"ENG","playtime":2836,"items_purged":["Strike_B","Strike_B"],"score":690,"play_id":"8367b54b-f37d-4626-b101-227314e5490f","local_time":"20210114173552","is_ascension_mode":false,"campfire_choices":[{"floor":8,"key":"REST"},{"data":"Blizzard","floor":15,"key":"SMITH"},{"data":"Cold Snap","floor":24,"key":"SMITH"},{"data":"Cold Snap","floor":27,"key":"SMITH"},{"data":"Loop","floor":30,"key":"SMITH"},{"floor":32,"key":"REST"},{"floor":40,"key":"REST"},{"floor":44,"key":"DIG"},{"floor":49,"key":"REST"}],"circlet_count":0,"master_deck":["Defend_B","Defend_B","Defend_B","Defend_B","Zap","Dualcast","Cold Snap+1","Coolheaded+1","Coolheaded","Glacier","Heatsinks","Self Repair","Blizzard+1","Cold Snap+1","Loop+1","Defragment+1","Chaos","Skim","Cold Snap+1","Capacitor","Cold Snap+1","Defragment","Defragment","BootSequence+1","Echo Form"],"relics":["FrozenCore","Prayer Wheel","Shovel","Bird Faced Urn","Shuriken","Pear","Regal Pillow","Inserter","Bronze Scales","Toy Ornithopter","Kunai","Blood Vial","Incense Burner"],"acts_visited":["Exordium","TheCity","TheBeyond"],"potions_floor_usage":[6,31,31,33,39,47,50,50],"damage_taken":[{"damage":0,"enemies":"Jaw Worm","floor":1,"turns":3},{"damage":3,"enemies":"Small Slimes","floor":2,"turns":4},{"damage":0,"enemies":"2 Louse","floor":5,"turns":3},{"damage":4,"enemies":"Lagavulin","floor":6,"turns":14},{"damage":15,"enemies":"Gremlin Gang","floor":7,"turns":8},{"damage":4,"enemies":"2 Fungi Beasts","floor":10,"turns":4},{"damage":0,"enemies":"Large Slime","floor":12,"turns":7},{"damage":3,"enemies":"Blue Slaver","floor":14,"turns":7},{"damage":16,"enemies":"Slime Boss","floor":16,"turns":11},{"damage":23,"enemies":"2 Thieves","floor":18,"turns":5},{"damage":26,"enemies":"3 Byrds","floor":23,"turns":7},{"damage":5,"enemies":"Shelled Parasite and Fungi","floor":28,"turns":9},{"damage":11,"enemies":"Cultist and Chosen","floor":29,"turns":9},{"damage":39,"enemies":"Gremlin Leader","floor":31,"turns":9},{"damage":34,"enemies":"Collector","floor":33,"turns":11},{"damage":5,"enemies":"Orb Walker","floor":35,"turns":7},{"damage":25,"enemies":"3 Darklings","floor":36,"turns":8},{"damage":56,"enemies":"Transient","floor":39,"turns":5},{"damage":11,"enemies":"Spire Growth","floor":41,"turns":7},{"damage":3,"enemies":"3 Darklings","floor":45,"turns":9},{"damage":12,"enemies":"Mind Bloom Boss Battle","floor":47,"turns":11},{"damage":32,"enemies":"Awakened One","floor":50,"turns":19}],"seed_played":"827007886292181330","potions_obtained":[{"floor":2,"key":"SkillPotion"},{"floor":5,"key":"BlessingOfTheForge"},{"floor":7,"key":"Dexterity Potion"},{"floor":12,"key":"Block Potion"},{"floor":14,"key":"Weak Potion"},{"floor":33,"key":"SpeedPotion"},{"floor":36,"key":"LiquidMemories"},{"floor":41,"key":"PowerPotion"}],"is_trial":false,"path_per_floor":["M","M","?","$","M","E","M","R","T","M","$","M","?","M","R","B",null,"M","?","?","$","?","M","R","?","T","R","M","M","R","E","R","B",null,"M","M","?","$","M","R","M","?","T","R","M","$","?","?","R","B",null],"character_chosen":"DEFECT","items_purchased":["Cold Snap","Shovel","Coolheaded","Coolheaded","Self Repair","Blizzard","Defragment","Bronze Scales","DuplicationPotion"],"campfire_rested":4,"item_purchase_floors":[0,0,0,4,11,11,38,38,38],"current_hp_per_floor":[75,72,72,72,72,68,53,75,75,71,71,75,75,75,75,66,75,61,61,61,61,61,50,50,50,60,60,68,72,72,48,85,64,85,85,67,67,67,35,74,81,65,65,65,81,81,81,65,81,63],"gold":136,"neow_bonus":"","is_daily":false,"chose_seed":false,"campfire_upgraded":4,"win_rate":0.0,"timestamp":1610670952,"path_taken":["M","M","?","$","M","E","M","R","T","M","$","M","?","M","R","BOSS","M","?","?","$","?","M","R","?","T","R","M","M","R","E","R","BOSS","M","M","?","$","M","R","M","?","T","R","?","?","?","?","R","BOSS"],"items_purchased_type":["Card","Relic","Card","Card","Card","Card","Card","Relic","Potion"],"build_version":"2020-12-22","purchased_purges":2,"victory":true,"max_hp_per_floor":[75,75,75,75,75,75,75,75,75,75,75,75,75,75,75,75,75,75,75,75,75,75,75,75,75,85,85,85,85,85,85,85,85,85,85,85,81,81,81,81,81,81,81,81,81,81,81,81,81,81],"card_choices":[{"not_picked":["Sweeping Beam","Conserve Battery","Stack"],"picked":"SKIP","floor":1},{"not_picked":["Sunder","Static Discharge","Leap"],"picked":"SKIP","floor":1},{"not_picked":["Double Energy","Gash","Loop"],"picked":"SKIP","floor":2},{"not_picked":["Go for the Eyes","Static Discharge","BootSequence"],"picked":"SKIP","floor":2},{"not_picked":["Rip and Tear","Auto Shields"],"picked":"Glacier","floor":5},{"not_picked":["Sweeping Beam","Reprogram","Chill"],"picked":"SKIP","floor":5},{"not_picked":["Turbo","All For One","Meteor Strike"],"picked":"SKIP","floor":6},{"not_picked":["Ball Lightning","Streamline"],"picked":"Heatsinks","floor":7},{"not_picked":["Leap","Sweeping Beam","Melter"],"picked":"SKIP","floor":7},{"not_picked":["Streamline","Rebound","Ball Lightning"],"picked":"SKIP","floor":10},{"not_picked":["Leap","Beam Cell","Recycle"],"picked":"SKIP","floor":10},{"not_picked":["Auto Shields","Force Field","Consume"],"picked":"SKIP","floor":12},{"not_picked":["Sweeping Beam","Compile Driver","Ball Lightning"],"picked":"SKIP","floor":12},{"not_picked":["Steam","Heatsinks"],"picked":"Cold Snap","floor":14},{"not_picked":["Go for the Eyes","Seek","Rebound"],"picked":"SKIP","floor":14},{"not_picked":["Stack","Hologram"],"picked":"Loop","floor":18},{"not_picked":["Static Discharge","Darkness","Gash"],"picked":"SKIP","floor":18},{"not_picked":["Conserve Battery","Sweeping Beam"],"picked":"Cold Snap+1","floor":23},{"not_picked":["Chill","Storm","Sunder+1"],"picked":"SKIP","floor":23},{"not_picked":["Sweeping Beam","Steam","Cold Snap"],"picked":"SKIP","floor":28},{"not_picked":["Hologram","Compile Driver","Rebound"],"picked":"SKIP","floor":28},{"not_picked":["Beam Cell","Auto Shields","Conserve Battery"],"picked":"SKIP","floor":29},{"not_picked":["Steam","Conserve Battery","Steam Power"],"picked":"SKIP","floor":29},{"not_picked":["Doom and Gloom+1","Gash+1"],"picked":"Capacitor","floor":31},{"not_picked":["Self Repair+1","Recycle+1","Glacier+1"],"picked":"SKIP","floor":35},{"not_picked":["Static Discharge","Stack+1","Ball Lightning+1"],"picked":"SKIP","floor":35},{"not_picked":["Hologram","Rebound+1"],"picked":"Cold Snap+1","floor":36},{"not_picked":["Genetic Algorithm+1","Cold Snap","Static Discharge"],"picked":"SKIP","floor":36},{"not_picked":["Steam","Fusion","White Noise"],"picked":"SKIP","floor":39},{"not_picked":["Heatsinks","Hologram","Melter"],"picked":"SKIP","floor":39},{"not_picked":["Rebound+1","Lockon+1"],"picked":"Defragment","floor":41},{"not_picked":["Go for the Eyes","Melter","Steam+1"],"picked":"SKIP","floor":41},{"not_picked":["Sweeping Beam","Aggregate","Hello World"],"picked":"SKIP","floor":45},{"not_picked":["Sweeping Beam+1","Storm","Compile Driver+1"],"picked":"SKIP","floor":45},{"not_picked":["Compile Driver","Go for the Eyes+1"],"picked":"BootSequence+1","floor":47}],"player_experience":163682,"relics_obtained":[{"floor":6,"key":"Bird Faced Urn"},{"floor":9,"key":"Shuriken"},{"floor":26,"key":"Pear"},{"floor":31,"key":"Regal Pillow"},{"floor":43,"key":"Kunai"},{"floor":44,"key":"Blood Vial"},{"floor":47,"key":"Incense Burner"}],"event_choices":[{"damage_healed":0,"gold_gain":0,"player_choice":"Grow","damage_taken":0,"max_hp_gain":0,"max_hp_loss":0,"event_name":"Living Wall","floor":3,"gold_loss":0,"cards_upgraded":["Coolheaded"]},{"damage_healed":0,"gold_gain":0,"player_choice":"Ignored","damage_taken":44,"max_hp_gain":0,"max_hp_loss":0,"event_name":"betterThird:BetterSerpent","floor":13,"gold_loss":0},{"cards_removed":["Coolheaded"],"damage_healed":0,"gold_gain":0,"player_choice":"Take \u0026 Give","damage_taken":0,"max_hp_gain":0,"max_hp_loss":0,"event_name":"betterNote:BetterNote","floor":19,"gold_loss":0,"cards_obtained":["Defragment"]},{"damage_healed":0,"gold_gain":0,"player_choice":"Ignored","damage_taken":0,"max_hp_gain":0,"max_hp_loss":0,"event_name":"The Mausoleum","floor":20,"gold_loss":0},{"damage_healed":0,"gold_gain":0,"cards_transformed":["Strike_B","Strike_B"],"player_choice":"Became Test Subject","damage_taken":0,"max_hp_gain":0,"max_hp_loss":0,"event_name":"Drug Dealer","floor":22,"gold_loss":0,"cards_obtained":["Chaos","Skim"]},{"damage_healed":0,"gold_gain":0,"player_choice":"Ignored","damage_taken":0,"max_hp_gain":0,"max_hp_loss":0,"event_name":"Vampires","floor":25,"gold_loss":0},{"damage_healed":0,"gold_gain":0,"player_choice":"Max HP","damage_taken":0,"max_hp_gain":0,"max_hp_loss":4,"event_name":"Winding Halls","floor":37,"gold_loss":0},{"damage_healed":0,"gold_gain":0,"player_choice":"RE ","damage_taken":18,"relics_obtained":["Toy Ornithopter"],"max_hp_gain":0,"max_hp_loss":0,"event_name":"betterSkull:BetterSkull","floor":42,"gold_loss":0,"cards_upgraded":[]},{"damage_healed":0,"gold_gain":0,"player_choice":"Fight","damage_taken":0,"max_hp_gain":0,"max_hp_loss":0,"event_name":"MindBloom","floor":47,"gold_loss":0},{"damage_healed":0,"gold_gain":3,"player_choice":"2","damage_taken":0,"max_hp_gain":0,"max_hp_loss":16,"event_name":"betterStone:BetterStone","floor":48,"gold_loss":0}],"is_beta":false,"boss_relics":[{"not_picked":["Tiny House","Nuclear Battery"],"picked":"FrozenCore"},{"not_picked":["Sozu","Coffee Dripper"],"picked":"Inserter"}],"items_purged_floors":[0,11],"is_endless":false,"potions_floor_spawned":[2,5,7,12,14,16,23,33,36,41],"ascension_level":0}}