{"host":"wutzay93uet9pf9y","time":1610744528,"event":{"mods":["BaseMod","Colored Map","Downfall","Minty Spire (QoL Compilation)","StSLib"],"gold_per_floor":[99,111,174,174,49,34,59,44,44,44,44],"floor_reached":9,"language":"ENG","playtime":477,"items_purged":["Slimebound:Strike_Slimebound"],"score":47,"play_id":"a22ceba9-1ca3-41bc-a3d5-13660dd271f2","local_time":"20210115160208","is_ascension_mode":false,"campfire_choices":[{"floor":1,"key":"RECALL"}],"circlet_count":0,"master_deck":["Slimebound:Strike_Slimebound","Slimebound:Strike_Slimebound","Slimebound:Tackle","Slimebound:Defend_Slimebound","Slimebound:Defend_Slimebound","Slimebound:Defend_Slimebound","Slimebound:Defend_Slimebound","Slimebound:Split","Slimebound:CorrosiveSpit","Slimebound:SplitBruiser","Slimebound:SplitAcid","Slimebound:LeadByExample","Slimebound:SplitLeeching","Slimebound:SplitBruiser"],"relics":["Runic Dome","Slimebound:ScrapOozeRelic"],"acts_visited":["Exordium"],"potions_floor_usage":[9],"damage_taken":[{"damage":4,"enemies":"Small Slimes","floor":2,"turns":3},{"damage":31,"enemies":"Lagavulin Event","floor":3,"turns":5},{"damage":11,"enemies":"downfall:FleeingMerchant","floor":5,"turns":4},{"damage":22,"enemies":"downfall:FleeingMerchant","floor":6,"turns":4},{"damage":20,"enemies":"downfall:FleeingMerchant","floor":8,"turns":4},{"damage":36,"enemies":"Lagavulin","floor":9,"turns":3}],"seed_played":"-4872030434569355408","potions_obtained":[{"floor":3,"key":"Energy Potion"}],"is_trial":false,"path_per_floor":["R","M","?","?","$","$","T","$","E"],"character_chosen":"SLIMEBOUND","items_purchased":["Slimebound:LeadByExample"],"campfire_rested":0,"item_purchase_floors":[5],"current_hp_per_floor":[60,60,37,37,34,24,24,20,0,0,0],"gold":44,"neow_bonus":"BOSS_RELIC","is_daily":false,"chose_seed":false,"campfire_upgraded":0,"win_rate":0.0,"timestamp":1610744528,"path_taken":["R","M","?","?","?","$","T","?","E"],"items_purchased_type":["Card"],"build_version":"2020-12-22","purchased_purges":1,"victory":false,"max_hp_per_floor":[60,60,60,60,60,60,60,60,60,60,60],"card_choices":[{"not_picked":["Slimebound:ServeAndProtect","Slimebound:RollThrough"],"picked":"Slimebound:SplitBruiser","floor":2},{"not_picked":["Slimebound:SlimeTap","Slimebound:FormOfPuddle"],"picked":"Slimebound:SplitAcid","floor":5},{"not_picked":["Slimebound:LeechEnergy","Slimebound:SplitMire"],"picked":"Slimebound:SplitLeeching","floor":6},{"not_picked":["Slimebound:RollThrough","Slimebound:OozeBath"],"picked":"Slimebound:SplitBruiser","floor":8}],"player_experience":297417,"relics_obtained":[],"event_choices":[],"is_beta":false,"boss_relics":[],"items_purged_floors":[5],"is_endless":false,"potions_floor_spawned":[3],"killed_by":"Lagavulin","ascension_level":0}}