{"host":"oc9z8cublggqyfxu","time":1610703565,"event":{"mods":["AchievementEnabler","Act Like it!","Aspiration","BaseMod","Colored Map","Colored Powertips","Conspire","Downfall","Friendly Minions","Gensokyo","Hallownest","Hermit","Highlight Path","Infinite Spire","KinomotoSakuraMod(木之本樱)","Koishi","Lobotomy","LobotomyExtend","Marisa（F雨　魔理沙）","Minty Spire (QoL Compilation)","Quick Restart","Reimu（博丽灵梦）","Relic Stats","Remilia（蕾米莉亚）","Replay The Spire","RumiaBox-露米娅的神秘盒子","StSLib","The Administrix","The Animator","The Blackbeard","The Bug Knight","The Cursed","The Hierophant","The Jungle","The Mystic","The Runesmith","The Servant 0.9.4","Youmu（魂魄妖梦）","Yuyuko","vexMod","【功能Mod】混沌之环修复补丁","【功能Mod】聪明的最终Boss"],"gold_per_floor":[112,112,137,62,62,87,87,87,113,113,131,131,141,141,141,245,245,245],"floor_reached":17,"language":"ZHS","playtime":527,"items_purged":[],"score":201,"play_id":"09dfb268-76aa-40e7-a9d5-2262cf921b01","local_time":"20210115173925","daily_mods":["Vintage","Heirloom","Time Dilation","Flight","downfall:ChampStances","downfall:Lament"],"is_ascension_mode":false,"campfire_choices":[{"data":"FlawlessForm","floor":7,"key":"SMITH"},{"data":"Demon Form","floor":10,"key":"SMITH"},{"data":"DevaForm","floor":12,"key":"SMITH"},{"data":"Echo Form","floor":15,"key":"SMITH"}],"circlet_count":0,"master_deck":["Demon Form+1","Wraith Form v2","Echo Form+1","DevaForm+1","hexamod:ParanormalForm","blackbeard:UndeadForm","sneckomod:SerpentMind","FlawlessForm+1","mysticmod:GeminiForm","Guardian:ConstructionForm","Slimebound:DuplicatedForm","Runesmith:CreatorForm","BatForm","Hallownest:skillGreenpathMap+1","Berserk","Impervious"],"relics":["Burning Blood","champ:ChampStancesModRelic","NeowsBlessing","mysticmod:CrystalBall","Counterbalance","Anchor","LetterFromLob","aspiration:StickyExplosives","ScarletDevilRocket","Blood Vial","infinitespire:EmpoweringShard","War Paint","Hallownest:DreamNailRelic","vexMod:MysteryBossChallenge","ShineYinYang:ReiMu"],"acts_visited":["Hallownest:Greenpath","theJungle:Jungle"],"potions_floor_usage":[],"damage_taken":[{"damage":0,"enemies":"Hallownest:monsterHuskWarrior","floor":1,"turns":1},{"damage":0,"enemies":"conspire:MimicChest","floor":3,"turns":1},{"damage":0,"enemies":"Hallownest:eliteMossKnight","floor":6,"turns":1},{"damage":42,"enemies":"Hallownest:2_MossCreeps","floor":11,"turns":7},{"damage":5,"enemies":"2_ Uuma","floor":13,"turns":6},{"damage":39,"enemies":"Hallownest:BossBrokenVessel","floor":16,"turns":8}],"seed_played":"-2810871105792084962","potions_obtained":[{"floor":1,"key":"SpeedPotion"},{"floor":16,"key":"Explosive Potion"}],"is_trial":true,"path_per_floor":["M","$","?","?","$","E","R","?","T","R","M","R","M","?","R","B",null],"character_chosen":"IRONCLAD","items_purchased":[],"campfire_rested":0,"item_purchase_floors":[],"current_hp_per_floor":[80,80,80,80,80,80,80,80,80,80,74,74,77,77,77,76,80,80],"gold":245,"neow_bonus":"","is_daily":false,"chose_seed":false,"campfire_upgraded":4,"win_rate":0.0,"timestamp":1610703565,"path_taken":["M","$","?","?","?","E","R","?","T","R","M","R","M","?","R","BOSS"],"items_purchased_type":[],"build_version":"2020-12-22","purchased_purges":0,"victory":false,"max_hp_per_floor":[80,80,80,80,80,80,80,80,80,80,80,80,80,80,80,80,80,80],"relic_stats":{"Blood Vial":4,"counters":[6,24],"War Paint":["Hallownest:skillGreenpathMap"],"obtain_stats":[{"aspiration:StickyExplosives":3,"champ:ChampStancesModRelic":0,"mysticmod:CrystalBall":0,"ScarletDevilRocket":6,"NeowsBlessing":0,"Counterbalance":0,"vexMod:MysteryBossChallenge":17,"ShineYinYang:ReiMu":17,"Hallownest:DreamNailRelic":14,"War Paint":13,"Blood Vial":9,"Anchor":1,"LetterFromLob":1,"infinitespire:EmpoweringShard":11},{"aspiration:StickyExplosives":2,"champ:ChampStancesModRelic":0,"mysticmod:CrystalBall":0,"ScarletDevilRocket":3,"NeowsBlessing":0,"Counterbalance":0,"vexMod:MysteryBossChallenge":6,"ShineYinYang:ReiMu":6,"Hallownest:DreamNailRelic":5,"War Paint":5,"Blood Vial":3,"Anchor":1,"LetterFromLob":1,"infinitespire:EmpoweringShard":4},{"aspiration:StickyExplosives":2,"champ:ChampStancesModRelic":0,"mysticmod:CrystalBall":0,"ScarletDevilRocket":3,"NeowsBlessing":0,"Counterbalance":0,"vexMod:MysteryBossChallenge":24,"ShineYinYang:ReiMu":24,"Hallownest:DreamNailRelic":16,"War Paint":16,"Blood Vial":3,"Anchor":1,"LetterFromLob":1,"infinitespire:EmpoweringShard":10}],"Burning Blood":18},"card_choices":[{"not_picked":["ReplayTheSpireMod:Strike From Hell","Headbutt"],"picked":"Berserk","floor":6},{"not_picked":["Replay:Many Hands","Reaper"],"picked":"Impervious","floor":16}],"player_experience":261954,"relics_obtained":[{"floor":1,"key":"Anchor"},{"floor":1,"key":"LetterFromLob"},{"floor":3,"key":"aspiration:StickyExplosives"},{"floor":6,"key":"ScarletDevilRocket"},{"floor":9,"key":"Blood Vial"},{"floor":11,"key":"infinitespire:EmpoweringShard"},{"floor":13,"key":"War Paint"}],"event_choices":[],"is_beta":false,"boss_relics":[{"not_picked":["Replay:Ancient Bell","aspiration:MobileForge"],"picked":"vexMod:MysteryBossChallenge"}],"items_purged_floors":[],"is_endless":false,"potions_floor_spawned":[1,16],"ascension_level":0}}