{"host":"vumwfieg2b2mnrfl","time":1610739783,"event":{"mods":["AchievementEnabler","BaseMod","Minty Spire (QoL Compilation)","Rare Cards Sparkle","Relic Stats"],"gold_per_floor":[109,109,121,121,137,177,203,130,157,183,192,192,227,23,23,23,23],"floor_reached":16,"language":"ENG","playtime":592,"items_purged":[],"score":209,"play_id":"592f0de8-cb33-42f2-a38c-83d6110407f9","local_time":"20210115134303","is_ascension_mode":true,"campfire_choices":[{"floor":12,"key":"REST"},{"floor":15,"key":"REST"}],"circlet_count":0,"master_deck":["AscendersBane","Strike_G","Strike_G","Strike_G","Strike_G","Defend_G","Defend_G","Defend_G","Defend_G","Survivor","Neutralize","Bouncing Flask","Catalyst","Cloak And Dagger","PiercingWail","Catalyst","Leg Sweep","Sucker Punch","Prepared","Well Laid Plans"],"relics":["Ring of the Snake","CeramicFish","Omamori","Bag of Preparation","Nunchaku","Membership Card"],"acts_visited":["Exordium"],"potions_floor_usage":[6,6,7],"damage_taken":[{"damage":0,"enemies":"2 Louse","floor":1,"turns":3},{"damage":0,"enemies":"Cultist","floor":3,"turns":3},{"damage":10,"enemies":"Small Slimes","floor":5,"turns":6},{"damage":47,"enemies":"3 Sentries","floor":6,"turns":12},{"damage":5,"enemies":"Blue Slaver","floor":7,"turns":8},{"damage":0,"enemies":"3 Louse","floor":10,"turns":5},{"damage":8,"enemies":"Gremlin Nob","floor":13,"turns":3},{"damage":42,"enemies":"Slime Boss","floor":16,"turns":9}],"seed_played":"4233425323772951067","potions_obtained":[{"floor":1,"key":"Explosive Potion"},{"floor":5,"key":"Energy Potion"},{"floor":6,"key":"Swift Potion"},{"floor":13,"key":"LiquidBronze"}],"is_trial":false,"path_per_floor":["M","?","M","?","M","E","M","?","T","M","?","R","E","$","R","B"],"character_chosen":"THE_SILENT","items_purchased":["Membership Card","Well Laid Plans"],"campfire_rested":2,"item_purchase_floors":[14,14],"current_hp_per_floor":[65,70,70,63,53,6,1,1,1,1,1,24,16,16,39,0,0],"gold":23,"neow_bonus":"TEN_PERCENT_HP_BONUS","is_daily":false,"chose_seed":false,"campfire_upgraded":0,"win_rate":0.0,"timestamp":1610739783,"path_taken":["M","?","M","?","M","E","M","?","T","?","?","R","E","$","R","BOSS"],"items_purchased_type":["Relic","Card"],"build_version":"2020-12-22","purchased_purges":0,"victory":false,"max_hp_per_floor":[72,77,77,77,77,77,77,77,77,77,77,77,77,77,77,77,77],"relic_stats":{"Nunchaku":[1],"counters":[8,49],"CeramicFish":54,"Bag of Preparation":[6],"obtain_stats":[{"Nunchaku":13,"CeramicFish":6,"Omamori":8,"Bag of Preparation":9,"Membership Card":14,"Ring of the Snake":0},{"Nunchaku":7,"CeramicFish":4,"Omamori":5,"Bag of Preparation":5,"Membership Card":7,"Ring of the Snake":0},{"Nunchaku":40,"CeramicFish":24,"Omamori":32,"Bag of Preparation":32,"Membership Card":40,"Ring of the Snake":0}],"Ring of the Snake":[16]},"card_choices":[{"not_picked":["Heel Hook","Prepared"],"picked":"Bouncing Flask","floor":1},{"not_picked":["Tactician","Accuracy"],"picked":"Catalyst","floor":3},{"not_picked":["Outmaneuver","Finisher"],"picked":"Cloak And Dagger","floor":5},{"not_picked":["Backstab","Flying Knee"],"picked":"PiercingWail","floor":6},{"not_picked":["Deflect","Poisoned Stab"],"picked":"Catalyst","floor":7},{"not_picked":["Bane","Eviscerate"],"picked":"Leg Sweep","floor":10},{"not_picked":["Cloak And Dagger","Flechettes"],"picked":"Prepared","floor":13}],"player_experience":420595,"relics_obtained":[{"floor":6,"key":"CeramicFish"},{"floor":9,"key":"Bag of Preparation"},{"floor":13,"key":"Nunchaku"}],"event_choices":[{"damage_healed":0,"gold_gain":0,"player_choice":"Donut","damage_taken":0,"max_hp_gain":5,"max_hp_loss":0,"event_name":"Big Fish","floor":2,"gold_loss":0},{"cards_removed":["Strike_G"],"damage_healed":0,"gold_gain":0,"player_choice":"Card Removal","damage_taken":7,"max_hp_gain":0,"max_hp_loss":0,"event_name":"Golden Wing","floor":4,"gold_loss":0},{"damage_healed":0,"gold_gain":0,"player_choice":"Paid Gold","damage_taken":0,"relics_obtained":["Omamori"],"max_hp_gain":0,"max_hp_loss":0,"event_name":"WeMeetAgain","floor":8,"gold_loss":73},{"damage_healed":0,"gold_gain":0,"cards_transformed":["Defend_G"],"player_choice":"Change","damage_taken":0,"max_hp_gain":0,"max_hp_loss":0,"event_name":"Living Wall","floor":11,"gold_loss":0,"cards_obtained":["Sucker Punch"]}],"is_beta":false,"boss_relics":[],"items_purged_floors":[],"is_endless":false,"potions_floor_spawned":[1,5,6,13],"killed_by":"Slime Boss","ascension_level":18}}