{"host":"y8cpnk8u7pqs5ve6","time":1610712713,"event":{"mods":["Act Like it!","BaseMod","Gold Saver","Hallownest","Hermit","Minty Spire (QoL Compilation)","Quick Restart","StSLib","The Cursed","The Servant 0.9.4","WarShipGirlsR/’ΩΩ¢…Ÿ≈ÆR mod","Yakumo Yukari mod"],"gold_per_floor":[324,189,189,212,212,256,256,297,297,297,245,283,301,319,319,319,319],"floor_reached":16,"language":"ZHS","playtime":1207,"items_purged":[],"score":257,"play_id":"2304d0ad-18a8-47d5-9a67-f159cd7bbf44","local_time":"20210115201153","is_ascension_mode":true,"campfire_choices":[{"data":"Feel No Pain","floor":7.0,"key":"SMITH"},{"data":"Bash","floor":10.0,"key":"SMITH"},{"data":"Body Slam","floor":15,"key":"SMITH"}],"circlet_count":0,"master_deck":["AscendersBane","Strike_R","Strike_R","Strike_R","Strike_R","Strike_R","Defend_R","Defend_R","Defend_R","Defend_R","Bash+1","Feel No Pain+1","Second Wind","Wild Strike+1","Burning Pact","Wild Strike","Shrug It Off","Body Slam+1","Warcry"],"relics":["Burning Blood","NeowsBlessing","Golden Idol","HornCleat","Ice Cream","Oddly Smooth Stone","Smiling Mask"],"acts_visited":["Exordium"],"potions_floor_usage":[16],"damage_taken":[{"damage":0.0,"enemies":"2 Louse","floor":1.0,"turns":1.0},{"damage":0.0,"enemies":"Small Slimes","floor":4.0,"turns":1.0},{"damage":0.0,"enemies":"Gremlin Nob","floor":6.0,"turns":1.0},{"damage":3.0,"enemies":"3 Sentries","floor":8.0,"turns":15.0},{"damage":22.0,"enemies":"Gremlin Nob","floor":12.0,"turns":4.0},{"damage":0,"enemies":"Cultist","floor":13,"turns":4},{"damage":4,"enemies":"Blue Slaver","floor":14,"turns":3},{"damage":67,"enemies":"The Guardian","floor":16,"turns":11}],"seed_played":"-2273985512708301928","potions_obtained":[{"floor":1.0,"key":"Regen Potion"},{"floor":4.0,"key":"Weak Potion"}],"is_trial":false,"path_per_floor":["M","$","?","M","?","E","R","E","T","R","$","E","M","M","R","B"],"character_chosen":"IRONCLAD","items_purchased":["Second Wind","Wild Strike","Shrug It Off"],"campfire_rested":0,"item_purchase_floors":[2,2,11],"current_hp_per_floor":[74,74,48,54,54,60,60,75,75,75,75,59,65,67,67,0,0],"gold":319,"neow_bonus":"THREE_ENEMY_KILL","is_daily":false,"chose_seed":false,"campfire_upgraded":3,"win_rate":0.0,"timestamp":1610712713,"path_taken":["M","$","?","M","?","E","R","E","T","R","$","E","?","M","R","BOSS"],"items_purchased_type":["Card","Card","Card"],"build_version":"2020-12-22","purchased_purges":0,"victory":false,"max_hp_per_floor":[75,75,75,75,75,75,75,75,75,75,75,75,75,75,75,75,75],"card_choices":[{"not_picked":["Dropkick","Fire Breathing"],"picked":"Feel No Pain","floor":1.0},{"not_picked":["Hemokinesis","True Grit","Twin Strike"],"picked":"SKIP","floor":4.0},{"not_picked":["True Grit","Blood for Blood"],"picked":"Burning Pact","floor":6.0},{"not_picked":["Dual Wield","Headbutt"],"picked":"Wild Strike","floor":8.0},{"not_picked":["Second Wind","Burning Pact"],"picked":"Body Slam","floor":12.0},{"not_picked":["Anger","Havoc"],"picked":"Warcry","floor":13},{"not_picked":["Pommel Strike","Warcry","Fiend Fire"],"picked":"SKIP","floor":14}],"player_experience":217198,"relics_obtained":[{"floor":6.0,"key":"HornCleat"},{"floor":8.0,"key":"Ice Cream"},{"floor":9.0,"key":"Oddly Smooth Stone"},{"floor":12.0,"key":"Smiling Mask"}],"event_choices":[{"damage_healed":0.0,"max_hp_gain":0.0,"max_hp_loss":0.0,"gold_gain":0.0,"event_name":"Golden Idol","player_choice":"Take Damage","floor":3.0,"gold_loss":0.0,"damage_taken":26.0,"relics_obtained":["Golden Idol"]},{"damage_healed":0.0,"max_hp_gain":0.0,"max_hp_loss":0.0,"gold_gain":0.0,"event_name":"Upgrade Shrine","player_choice":"Upgraded","floor":5.0,"gold_loss":0.0,"damage_taken":0.0,"cards_upgraded":["Wild Strike"]}],"is_beta":false,"boss_relics":[],"items_purged_floors":[],"is_endless":false,"potions_floor_spawned":[1,4],"killed_by":"The Guardian","ascension_level":16}}