{"host":"dftyqn972q7tuon4","time":1610680134,"event":{"mods":["AchievementEnabler","BaseMod","Better Altar","Better Match","Better Note","Better Sensory Stone","Better Skull","Better Third Choice","Colored Powertips","Highlight Path","Minty Spire (QoL Compilation)","Permanent Neow","Quick Restart","StSLib"],"gold_per_floor":[113,156,156,3,40,70,84,84,84,84,101,101,101,115,115,115,115],"floor_reached":16,"language":"ENG","playtime":761,"items_purged":["Strike_P"],"score":143,"play_id":"b32ae364-52b7-43e2-b8ae-08aae433cbec","local_time":"20210115040854","is_ascension_mode":true,"campfire_choices":[{"floor":8,"key":"REST"},{"floor":12,"key":"REST"},{"data":"BattleHymn","floor":15,"key":"SMITH"}],"circlet_count":0,"master_deck":["Strike_P","Strike_P","Defend_P","Defend_P","Defend_P","Defend_P","Eruption","Vigilance","Wish","Vengeance","CrushJoints","WindmillStrike","Study","Evaluate","Study","Weave","BattleHymn+1"],"relics":["PureWater","Darkstone Periapt","StrikeDummy","Molten Egg 2"],"acts_visited":["Exordium"],"potions_floor_usage":[6,16],"damage_taken":[{"damage":2,"enemies":"Cultist","floor":1,"turns":3},{"damage":9,"enemies":"2 Louse","floor":2,"turns":3},{"damage":0,"enemies":"Small Slimes","floor":5,"turns":3},{"damage":24,"enemies":"Lagavulin","floor":6,"turns":5},{"damage":16,"enemies":"Blue Slaver","floor":7,"turns":4},{"damage":7,"enemies":"2 Fungi Beasts","floor":11,"turns":4},{"damage":6,"enemies":"Looter","floor":14,"turns":2},{"damage":35,"enemies":"The Guardian","floor":16,"turns":9}],"seed_played":"350262733861073505","potions_obtained":[{"floor":1,"key":"Fire Potion"},{"floor":7,"key":"Fire Potion"},{"floor":14,"key":"BottledMiracle"}],"is_trial":false,"path_per_floor":["M","M","?","$","M","E","M","R","T","$","M","R","?","M","R","B"],"character_chosen":"WATCHER","items_purchased":["WindmillStrike"],"campfire_rested":2,"item_purchase_floors":[4],"current_hp_per_floor":[63,54,54,54,54,30,14,35,35,35,28,49,49,43,43,8,8],"gold":115,"neow_bonus":"ONE_RANDOM_RARE_CARD","is_daily":false,"chose_seed":false,"campfire_upgraded":1,"win_rate":0.0,"timestamp":1610680134,"path_taken":["M","?","?","$","?","E","M","R","T","?","M","R","?","M","R","BOSS"],"items_purchased_type":["Card"],"build_version":"2020-12-22","purchased_purges":1,"victory":false,"max_hp_per_floor":[72,72,72,72,72,72,72,72,72,72,72,72,72,72,72,72,72],"card_choices":[{"not_picked":["ForeignInfluence","EmptyBody"],"picked":"Vengeance","floor":1},{"not_picked":["EmptyFist","Protect"],"picked":"CrushJoints","floor":2},{"not_picked":["MentalFortress","Collect"],"picked":"Study","floor":5},{"not_picked":["FlyingSleeves","SpiritShield"],"picked":"Evaluate","floor":6},{"not_picked":["PathToVictory","FlyingSleeves"],"picked":"Study","floor":7},{"not_picked":["Indignation","PathToVictory"],"picked":"Weave","floor":11},{"not_picked":["EmptyFist+1","Collect"],"picked":"BattleHymn","floor":14}],"player_experience":654404,"relics_obtained":[{"floor":6,"key":"Darkstone Periapt"},{"floor":9,"key":"StrikeDummy"}],"event_choices":[{"cards_removed":["Strike_P"],"damage_healed":0,"gold_gain":0,"player_choice":"Purged","damage_taken":0,"max_hp_gain":0,"max_hp_loss":0,"event_name":"Purifier","floor":3,"gold_loss":0},{"damage_healed":0,"gold_gain":0,"player_choice":"Gave Potion","damage_taken":0,"relics_obtained":["Molten Egg 2"],"max_hp_gain":0,"max_hp_loss":0,"event_name":"WeMeetAgain","floor":13,"gold_loss":0}],"is_beta":false,"boss_relics":[],"items_purged_floors":[4],"is_endless":false,"potions_floor_spawned":[1,7,14],"killed_by":"The Guardian","ascension_level":8}}