{"host":"8i4doyxqctgl5qb0","time":1610686259,"event":{"mods":["AchievementEnabler","BaseMod","Block Reminder","Colored Powertips","Downfall","Minty Spire (QoL Compilation)","Permanent Neow","Potion Indicator Mod","Rare Cards Sparkle","StSLib","SuperFastMode","The Jungle"],"gold_per_floor":[119,4,4,22,42,42,53,53,78,3,103,117,152,152,152,256,256,267,267,267,267,284,284,284,304,349,349,365,290,319,20,20,118,118,130,4,4,17,30,30,30,30],"floor_reached":41,"language":"ZHS","playtime":1327,"items_purged":["Strike_B","Strike_B+1","Defend_B+1"],"score":634,"play_id":"23dae1d5-19bc-470d-9529-18022bbf8c32","local_time":"20210115125059","is_ascension_mode":true,"campfire_choices":[{"data":"White Noise","floor":6.0,"key":"SMITH"},{"data":"Hello World","floor":8.0,"key":"SMITH"},{"floor":15.0,"key":"REST"},{"floor":23.0,"key":"REST"},{"floor":27.0,"key":"REST"},{"floor":32.0,"key":"REST"},{"floor":40.0,"key":"REST"}],"circlet_count":0,"master_deck":["AscendersBane","Strike_B+1","Strike_B+1","Defend_B+1","Defend_B+1","Zap","Dualcast","White Noise+1","Capacitor","Steam","Reinforced Body","Hello World+1","BootSequence","Echo Form","White Noise","FTL","Streamline+1","Stack","Hologram+1","Creative AI","Stack+1","Heatsinks","Reinforced Body+1","Stack+1"],"relics":["Cracked Core","Lantern","Anchor","Boot","Centennial Puzzle","SlaversCollar","Smiling Mask","Pocketwatch","Toxic Egg 2","Philosopher\u0027s Stone"],"acts_visited":["Exordium","TheCity","TheBeyond"],"potions_floor_usage":[],"damage_taken":[{"damage":1.0,"enemies":"Cultist","floor":1.0,"turns":3.0},{"damage":0.0,"enemies":"Small Slimes","floor":4.0,"turns":3.0},{"damage":3.0,"enemies":"Jaw Worm","floor":5.0,"turns":3.0},{"damage":8.0,"enemies":"2 Fungi Beasts","floor":7.0,"turns":4.0},{"damage":2.0,"enemies":"Blue Slaver","floor":12.0,"turns":4.0},{"damage":15.0,"enemies":"3 Sentries","floor":13.0,"turns":8.0},{"damage":30.0,"enemies":"Hexaghost","floor":16.0,"turns":13.0},{"damage":8.0,"enemies":"Shell Parasite","floor":18.0,"turns":6.0},{"damage":20.0,"enemies":"2 Thieves","floor":22.0,"turns":4.0},{"damage":27.0,"enemies":"Cultist and Chosen","floor":25.0,"turns":8.0},{"damage":22.0,"enemies":"Snake Plant","floor":28.0,"turns":6.0},{"damage":19.0,"enemies":"Slavers","floor":30.0,"turns":7.0},{"damage":31.0,"enemies":"Champ","floor":33.0,"turns":11.0},{"damage":46.0,"enemies":"3 Darklings","floor":35.0,"turns":7.0},{"damage":0.0,"enemies":"Orb Walker","floor":38.0,"turns":5.0},{"damage":10.0,"enemies":"3 Darklings","floor":39.0,"turns":8.0},{"damage":34,"enemies":"Reptomancer","floor":41,"turns":4}],"seed_played":"-8825741264192861933","potions_obtained":[{"floor":1.0,"key":"SpeedPotion"},{"floor":5.0,"key":"Weak Potion"},{"floor":16.0,"key":"Explosive Potion"},{"floor":18.0,"key":"Fire Potion"},{"floor":25.0,"key":"FocusPotion"},{"floor":33.0,"key":"PotionOfCapacity"}],"is_trial":false,"path_per_floor":["M","$","$","M","M","R","M","R","T","$","?","M","E","?","R","B",null,"M","?","?","?","M","R","?","M","T","R","M","?","E","$","R","B",null,"M","$","?","M","M","R","E"],"character_chosen":"DEFECT","items_purchased":["White Noise","Capacitor","Toxic Egg 2","Heatsinks"],"campfire_rested":5,"item_purchase_floors":[2,2,31,36],"current_hp_per_floor":[67,67,67,67,64,64,56,56,56,56,56,54,39,39,61,31,64,56,56,42,42,22,46,72,45,45,69,47,47,28,28,52,21,65,19,19,19,19,9,33,0,0],"gold":30,"neow_bonus":"RANDOM_COMMON_RELIC","is_daily":false,"chose_seed":false,"campfire_upgraded":2,"win_rate":0.0,"timestamp":1610686259,"path_taken":["M","?","$","M","M","R","M","R","T","$","?","?","E","?","R","BOSS","M","?","?","?","M","R","?","?","T","R","M","?","E","$","R","BOSS","M","$","?","M","M","R","E"],"items_purchased_type":["Card","Card","Relic","Card"],"build_version":"2020-12-22","purchased_purges":3,"victory":false,"max_hp_per_floor":[75,75,75,75,75,75,75,75,75,75,75,75,75,75,75,75,75,75,75,80,80,80,80,80,80,80,80,80,80,80,80,80,80,80,80,80,80,80,80,80,80,80],"card_choices":[{"not_picked":["Redo","Go for the Eyes","Gash"],"picked":"SKIP","floor":1.0},{"not_picked":["Stack","Compile Driver"],"picked":"Steam","floor":4.0},{"not_picked":["Turbo","Sweeping Beam"],"picked":"Reinforced Body","floor":5.0},{"not_picked":["Gash","Conserve Battery"],"picked":"Hello World","floor":7.0},{"not_picked":["Barrage","Sweeping Beam"],"picked":"BootSequence","floor":12.0},{"not_picked":["Beam Cell","Redo","Ball Lightning"],"picked":"SKIP","floor":13.0},{"not_picked":["Meteor Strike","Thunder Strike"],"picked":"Echo Form","floor":16.0},{"not_picked":["Cold Snap","Streamline+1"],"picked":"White Noise","floor":18.0},{"not_picked":["Hologram","Cold Snap"],"picked":"FTL","floor":22.0},{"not_picked":["Beam Cell","Gash+1"],"picked":"Streamline+1","floor":25.0},{"not_picked":["Compile Driver+1","Recycle+1"],"picked":"Stack","floor":28.0},{"not_picked":["Steam","Go for the Eyes"],"picked":"Hologram+1","floor":30.0},{"not_picked":["Meteor Strike","Seek+1"],"picked":"Creative AI","floor":33.0},{"not_picked":["Darkness+1","Streamline+1"],"picked":"Stack+1","floor":35.0},{"not_picked":["Hologram+1","FTL+1"],"picked":"Reinforced Body+1","floor":38.0},{"not_picked":["Rebound","Gash"],"picked":"Stack+1","floor":39.0}],"player_experience":192353,"relics_obtained":[{"floor":9.0,"key":"Anchor"},{"floor":13.0,"key":"Boot"},{"floor":26.0,"key":"Smiling Mask"},{"floor":30.0,"key":"Pocketwatch"}],"event_choices":[{"damage_healed":0.0,"max_hp_gain":0.0,"max_hp_loss":0.0,"gold_gain":100.0,"event_name":"Golden Shrine","player_choice":"Pray","floor":11.0,"gold_loss":0.0,"damage_taken":0.0},{"damage_healed":0.0,"max_hp_gain":0.0,"max_hp_loss":0.0,"gold_gain":0.0,"event_name":"Dead Adventurer","player_choice":"Searched \u00272\u0027 times","floor":14.0,"gold_loss":0.0,"damage_taken":0.0,"relics_obtained":["Centennial Puzzle"]},{"damage_healed":0.0,"max_hp_gain":0.0,"max_hp_loss":0.0,"gold_gain":0.0,"event_name":"Back to Basics","player_choice":"Simplicity","floor":19.0,"gold_loss":0.0,"damage_taken":0.0,"cards_upgraded":["Strike_B","Strike_B","Strike_B","Defend_B","Defend_B","Defend_B","Defend_B"]},{"damage_healed":0.0,"max_hp_gain":5.0,"max_hp_loss":0.0,"gold_gain":0.0,"event_name":"Forgotten Altar","player_choice":"Shed Blood","floor":20.0,"gold_loss":0.0,"damage_taken":19.0},{"damage_healed":26.0,"max_hp_gain":0.0,"max_hp_loss":0.0,"gold_gain":0.0,"event_name":"The Library","player_choice":"Heal","floor":24.0,"gold_loss":0.0,"damage_taken":0.0},{"cards_removed":["Defend_B"],"damage_healed":0.0,"max_hp_gain":0.0,"max_hp_loss":0.0,"gold_gain":0.0,"event_name":"Beggar","player_choice":"Gave Gold","floor":29.0,"gold_loss":75.0,"damage_taken":0.0},{"damage_healed":0.0,"max_hp_gain":0.0,"max_hp_loss":0.0,"gold_gain":0.0,"event_name":"Mysterious Sphere","player_choice":"Ignored","floor":37.0,"gold_loss":0.0,"damage_taken":0.0}],"is_beta":false,"boss_relics":[{"not_picked":["Ectoplasm","Velvet Choker"],"picked":"SlaversCollar"},{"not_picked":["Coffee Dripper","Fusion Hammer"],"picked":"Philosopher\u0027s Stone"}],"items_purged_floors":[10,31,36],"is_endless":false,"potions_floor_spawned":[1,5,12,16,18,25,33],"killed_by":"Reptomancer","ascension_level":11}}