{"host":"8pjvbxl6xo882v42","time":1610726110,"event":{"mods":["AchievementEnabler","BaseMod","Minty Spire (QoL Compilation)","Replay The Spire","StSLib","The Cursed"],"gold_per_floor":[109,158,26,26,41,82,82,102,102,121,155,173,173,187,187,286,286,305,305,305,324,18,49,49,49,49,82,82,2,16,34,34,128,128,141,157,490,490,508,508,524,524,524,559,569,12,64,82,82,82],"floor_reached":51,"language":"FRA","playtime":2972,"items_purged":["Parasite","Strike_R+1"],"score":1468,"play_id":"cd65b3f7-1728-4755-9612-e7688e08eafb","local_time":"20210115165510","is_ascension_mode":true,"campfire_choices":[{"data":"Whirlwind","floor":7.0,"key":"SMITH"},{"data":"Offering","floor":24.0,"key":"SMITH"},{"floor":28.0,"key":"REST"},{"data":"Seeing Red","floor":32.0,"key":"SMITH"},{"floor":40.0,"key":"REST"},{"data":"Power Through","floor":42.0,"key":"SMITH"},{"floor":49.0,"key":"REST"}],"circlet_count":0,"master_deck":["AscendersBane","Strike_R+1","Strike_R+1","Strike_R+1","Strike_R+1","Defend_R+1","Defend_R+1","Defend_R+1","Defend_R+1","Bash","Whirlwind+1","Replay:Undeath\u0027s Touch","Pummel","Run Through","Seeing Red+1","Fiend Fire+1","Offering+1","Battle Trance","ReplayTheSpireMod:Stacked","Flex","Shrug It Off","ReplayTheSpireMod:Stacked","Shrug It Off+1","Offering","Flex","Power Through+1","Impervious","Flash of Steel","Madness","Survey Options","Disarm","Ghostly Armor"],"relics":["Burning Blood","NeowsBlessing","The Courier","Chemical X","Replay:Towering Pillar of Hats","Singing Bowl","Ornamental Fan","Cursed Key","Enchiridion","ReplayTheSpireMod:Ring of Collecting","BargainBundle","ReplayTheSpireMod:TigerMarble","PreservedInsect","Regal Pillow","ChewingGum","Omamori","Shuriken","Toy Ornithopter","Girya"],"acts_visited":["Exordium","TheCity","TheBeyond"],"potions_floor_usage":[50,50],"damage_taken":[{"damage":0.0,"enemies":"Cultist","floor":1.0,"turns":1.0},{"damage":0.0,"enemies":"Small Slimes","floor":5.0,"turns":1.0},{"damage":0.0,"enemies":"3 Sentries","floor":6.0,"turns":1.0},{"damage":0.0,"enemies":"2 Louse","floor":8.0,"turns":1.0},{"damage":2.0,"enemies":"Looter","floor":10.0,"turns":4.0},{"damage":25.0,"enemies":"Lagavulin","floor":11.0,"turns":6.0},{"damage":9.0,"enemies":"Blue Slaver","floor":12.0,"turns":2.0},{"damage":0.0,"enemies":"2 Fungi Beasts","floor":14.0,"turns":2.0},{"damage":51.0,"enemies":"The Guardian","floor":16.0,"turns":13.0},{"damage":6.0,"enemies":"Chosen","floor":18.0,"turns":2.0},{"damage":7.0,"enemies":"Spheric Guardian","floor":21.0,"turns":2.0},{"damage":6.0,"enemies":"Replay:Snechameleon","floor":23.0,"turns":5.0},{"damage":31.0,"enemies":"Gremlin Leader","floor":27.0,"turns":3.0},{"damage":6.0,"enemies":"Snake Plant","floor":30.0,"turns":2.0},{"damage":6.0,"enemies":"Snecko","floor":31.0,"turns":1.0},{"damage":50.0,"enemies":"Automaton","floor":33.0,"turns":10.0},{"damage":0.0,"enemies":"Orb Walker","floor":35.0,"turns":1.0},{"damage":34.0,"enemies":"3 Shapes","floor":36.0,"turns":1.0},{"damage":12.0,"enemies":"Maw","floor":39.0,"turns":3.0},{"damage":9.0,"enemies":"4 Shapes","floor":41.0,"turns":1.0},{"damage":12.0,"enemies":"Nemesis","floor":44.0,"turns":3.0},{"damage":10.0,"enemies":"Sphere and 2 Shapes","floor":45.0,"turns":1.0},{"damage":1.0,"enemies":"2 Orb Walkers","floor":47.0,"turns":2.0},{"damage":25.0,"enemies":"Maw","floor":48.0,"turns":7.0},{"damage":80,"enemies":"Awakened One","floor":50,"turns":22}],"seed_played":"984655028337866186","potions_obtained":[{"floor":1.0,"key":"Adrenaline Potion"},{"floor":2.0,"key":"Dexterity Potion"},{"floor":8.0,"key":"Fire Potion"},{"floor":16.0,"key":"LiquidBronze"},{"floor":18.0,"key":"Strength Potion"},{"floor":27.0,"key":"LiquidMemories"},{"floor":35.0,"key":"AttackPotion"},{"floor":39.0,"key":"DistilledChaos"},{"floor":44.0,"key":"PowerPotion"}],"is_trial":false,"path_per_floor":["M","?","$","?","M","E","R","M","T","M","E","M","?","M","R","B",null,"M","?","?","M","$","E","R","?","T","E","R","$","M","M","R","B",null,"M","M","?","?","M","R","M","R","T","E","M","$","?","M","R","B",null],"character_chosen":"IRONCLAD","items_purchased":["Chemical X","BargainBundle","Flex","ReplayTheSpireMod:TigerMarble","Shrug It Off","Regen Potion","Flash of Steel","Shuriken","Toy Ornithopter","Madness","Survey Options"],"campfire_rested":3,"item_purchase_floors":[3,22,22,22,22,22,46,46,46,46,46],"current_hp_per_floor":[74,44,44,18,24,30,30,36,36,42,25,22,22,30,54,9,63,63,42,42,41,41,57,57,57,57,34,73,73,73,73,73,29,69,75,47,47,47,43,83,82,82,82,82,78,78,83,64,88,24],"gold":82,"neow_bonus":"THREE_ENEMY_KILL","is_daily":false,"chose_seed":false,"campfire_upgraded":4,"win_rate":0.0,"timestamp":1610726110,"path_taken":["M","?","$","?","M","E","R","M","T","M","E","M","?","M","R","BOSS","M","?","?","?","$","E","R","?","T","E","R","$","M","M","R","BOSS","M","M","?","?","M","R","M","R","T","E","?","$","?","M","R","BOSS"],"items_purchased_type":["Relic","Relic","Card","Relic","Card","Potion","Card","Relic","Relic","Card","Card"],"build_version":"2020-12-22","purchased_purges":2,"victory":true,"max_hp_per_floor":[75,75,75,75,75,75,75,75,75,77,79,79,79,81,81,81,81,81,81,81,81,78,80,80,80,80,82,82,82,82,82,82,82,82,82,82,82,82,84,84,86,86,86,88,88,88,88,88,88,88],"card_choices":[{"not_picked":["ReplayTheSpireMod:Limb From Limb","Ghostly Armor"],"picked":"Whirlwind","floor":1.0},{"not_picked":["Evolve","Clothesline"],"picked":"Replay:Undeath\u0027s Touch","floor":2.0},{"not_picked":["Heavy Blade","Sentinel"],"picked":"Pummel","floor":5.0},{"not_picked":["ReplayTheSpireMod:Strike From Hell","Sword Boomerang"],"picked":"Run Through","floor":6.0},{"not_picked":["Pommel Strike","Barricade"],"picked":"Seeing Red","floor":8.0},{"not_picked":["Warcry","Replay:Undeath\u0027s Touch","Havoc"],"picked":"Singing Bowl","floor":10.0},{"not_picked":["Body Slam","Havoc","Perfected Strike"],"picked":"Singing Bowl","floor":11.0},{"not_picked":["Headbutt","Burning Pact"],"picked":"Fiend Fire","floor":12.0},{"not_picked":["Thunderclap","True Grit","Twin Strike"],"picked":"Singing Bowl","floor":14.0},{"not_picked":["Hemogenesis","Juggernaut"],"picked":"Offering","floor":16.0},{"not_picked":["Combust","Uppercut"],"picked":"Battle Trance","floor":18.0},{"not_picked":["Shrug It Off","Dual Wield+1"],"picked":"ReplayTheSpireMod:Stacked","floor":21.0},{"not_picked":["Heavy Blade","Hemokinesis","Iron Wave"],"picked":"Singing Bowl","floor":23.0},{"not_picked":["Cleave","Clothesline","Sword Boomerang"],"picked":"Singing Bowl","floor":27.0},{"not_picked":["ReplayTheSpireMod:Strike From Hell","Havoc"],"picked":"ReplayTheSpireMod:Stacked","floor":30.0},{"not_picked":["Anger","Clothesline"],"picked":"Shrug It Off+1","floor":31.0},{"not_picked":["Eclipse","Reaper"],"picked":"Offering","floor":33.0},{"not_picked":["Dual Wield","Wild Strike"],"picked":"Flex","floor":35.0},{"not_picked":["Armaments+1","Perfected Strike"],"picked":"Power Through","floor":36.0},{"not_picked":["Flex","Rampage","Wild Strike"],"picked":"Singing Bowl","floor":39.0},{"not_picked":["Sword Boomerang+1","True Grit","Barricade"],"picked":"Singing Bowl","floor":41.0},{"not_picked":["Replay:Undeath\u0027s Touch","Headbutt+1","Thunderclap"],"picked":"Singing Bowl","floor":44.0},{"not_picked":["Thunderclap","ReplayTheSpireMod:Strike From Hell"],"picked":"Impervious","floor":45.0},{"not_picked":["Headbutt","ReplayTheSpireMod:LeadingStrike"],"picked":"Disarm","floor":47.0},{"not_picked":["Uppercut","Second Wind+1"],"picked":"Ghostly Armor","floor":48.0}],"player_experience":332640,"relics_obtained":[{"floor":2.0,"key":"The Courier"},{"floor":6.0,"key":"Replay:Towering Pillar of Hats"},{"floor":9.0,"key":"Singing Bowl"},{"floor":11.0,"key":"Ornamental Fan"},{"floor":19.0,"key":"Enchiridion"},{"floor":20.0,"key":"ReplayTheSpireMod:Ring of Collecting"},{"floor":23.0,"key":"PreservedInsect"},{"floor":27.0,"key":"Regal Pillow"},{"floor":44.0,"key":"Omamori"},{"floor":47.0,"key":"Girya"}],"event_choices":[{"damage_healed":0.0,"max_hp_gain":0.0,"max_hp_loss":0.0,"gold_gain":0.0,"event_name":"Golden Idol","player_choice":"Take Damage","floor":4.0,"gold_loss":0.0,"damage_taken":26.0,"relics_obtained":["Golden Idol"]},{"damage_healed":0.0,"max_hp_gain":0.0,"max_hp_loss":0.0,"gold_gain":0.0,"event_name":"Liars Game","player_choice":"Ignored","floor":13.0,"gold_loss":0.0,"damage_taken":0.0},{"damage_healed":0.0,"max_hp_gain":0.0,"max_hp_loss":0.0,"gold_gain":0.0,"event_name":"Cursed Tome","player_choice":"Obtained Book","floor":19.0,"gold_loss":0.0,"damage_taken":21.0},{"damage_healed":0.0,"max_hp_gain":0.0,"max_hp_loss":0.0,"gold_gain":0.0,"event_name":"Back to Basics","player_choice":"Simplicity","floor":25.0,"gold_loss":0.0,"damage_taken":0.0,"cards_upgraded":["Strike_R","Strike_R","Strike_R","Strike_R","Strike_R","Defend_R","Defend_R","Defend_R","Defend_R"]},{"damage_healed":0.0,"max_hp_gain":0.0,"max_hp_loss":0.0,"gold_gain":333.0,"event_name":"The Moai Head","player_choice":"Gave Idol","floor":37.0,"relics_lost":["Golden Idol"],"gold_loss":0.0,"damage_taken":0.0},{"damage_healed":0.0,"max_hp_gain":0.0,"max_hp_loss":0.0,"gold_gain":0.0,"event_name":"SecretPortal","player_choice":"Ignored","floor":38.0,"gold_loss":0.0,"damage_taken":0.0},{"damage_healed":0.0,"max_hp_gain":0.0,"max_hp_loss":0.0,"gold_gain":0.0,"event_name":"Mysterious Sphere","player_choice":"Fight","floor":47.0,"gold_loss":0.0,"damage_taken":0.0}],"is_beta":false,"boss_relics":[{"not_picked":["Tiny House","SlaversCollar"],"picked":"Cursed Key"},{"not_picked":["Ring of Chaos","Busted Crown"],"picked":"ChewingGum"}],"items_purged_floors":[22,29],"is_endless":false,"potions_floor_spawned":[1,8,11,16,18,27,30,31,35,39,44],"ascension_level":19}}