{"host":"00tqcjwpycel7e54","time":1610723732,"event":{"mods":["ATMod(阿瑾Mod)","Act Like it!","BaseMod","Colored Powertips","Decade(王小明)","Hermit","Highlight Path","Hubris","Luminous","Marisa（F雨　魔理沙）","Minty Spire (QoL Compilation)","Reimu（博丽灵梦）","Remilia（蕾米莉亚）","Robot Space Explorer","SOS（斯巴达之子）","Shop Mod","Spicy Shops","StSLib","The Administrix","The Animator","The Bug Knight","The Construct","The Cursed","The Gatherer","The Hierophant","The Mystic","The Runesmith","The Servant 0.9.4","WarShipGirlsR/战舰少女R mod","Youmu（魂魄妖梦）","Yuyuko","vexMod","【遗物卡牌】REMEMod"],"gold_per_floor":[212,212,226,236,115,147,159,184,253,428,61,93,93,124,124,221,221,231,231,245,261,278,303,303,335,335,105,123,123,123,136,136,241,241,251,151,169,180,32,32,59,77,102,118,133,133,166,181,181,181],"floor_reached":51,"language":"ZHS","playtime":3233,"items_purged":["Doubt"],"score":1047,"play_id":"f754a1ff-a5c8-4edc-a704-bbed13666c21","local_time":"20210115231532","is_ascension_mode":true,"metric_token":2133,"campfire_choices":[{"data":"AT_Desolate","floor":15.0,"key":"SMITH"},{"data":"Gatherer:EnergyBasket","floor":24.0,"key":"SMITH"},{"data":"Gatherer:BigPouch","floor":29.0,"key":"SMITH"},{"data":"Gatherer:QuickSynthesis","floor":32.0,"key":"SMITH"},{"data":"Gatherer:BlackTea","floor":40.0,"key":"SMITH"},{"data":"Gatherer:QuickSynthesis","floor":46.0,"key":"SMITH"},{"floor":49,"key":"REST"}],"circlet_count":0,"master_deck":["Gatherer:Strike_Gatherer","Gatherer:Strike_Gatherer","Gatherer:Strike_Gatherer","Gatherer:Strike_Gatherer","Gatherer:Strike_Gatherer","Gatherer:Defend_Gatherer","Gatherer:Defend_Gatherer","Gatherer:Defend_Gatherer","Gatherer:Defend_Gatherer","Gatherer:Centralize+1","Gatherer:FlowerWhip+1","AT_Desolate+1","Gatherer:GatherMaterial+1","Gatherer:WitheringStrike","Gatherer:Transmute","Gatherer:WoolGloves","Gatherer:EnergyBasket+1","Gatherer:WitheringStrike","Gatherer:Nutrients","Gatherer:Duality","Gatherer:Photoscythe","Gluttony_TH","Gatherer:QuickSynthesis+1","Gatherer:FragileHammer","Gatherer:QuickSynthesis+1","Gatherer:FeelingFine","Gatherer:EnergyBasket","Gatherer:BigPouch+1","Gatherer:DrugPower","Gatherer:BlackTea+1","Gatherer:GatherMaterial+1","Gatherer:SmartManeuver+1","Parasite","Gatherer:UpgradeBag+1","Gatherer:BigPouch","Gatherer:EnergyBasket+1"],"relics":["Gatherer:AlchemyBag","AT_ATBox","REME_ComplimentaryCards","vexMod:ScavengeHelm","AT_ChloranthyRing","Bottled Lightning","REME_LimitBreaker","PreservedInsect","Potion Belt","hubris:OldNail","hubris:Towel","AT_RedTearstoneRing","Black Star","War Paint","Meat on the Bone","Question Card","Strawberry","Vajra","hubris:CuriousFeather","vexMod:DeviousBotling","hubris:EmptyBottle","AT_GuinsooRageblade","AT_BellDemon","Mastiff:ReiMu","AT_TimeSand","AT_GoldPhoenixTree","AT_EbonyIvory","Shuriken","vexMod:InvisibilityCloak","AT_BellowingDragoncrestRing"],"acts_visited":["Exordium","TheCity","TheBeyond"],"potions_floor_usage":[50,50],"damage_taken":[{"damage":1.0,"enemies":"2 Louse","floor":1.0,"turns":2.0},{"damage":1.0,"enemies":"Jaw Worm","floor":3.0,"turns":3.0},{"damage":7.0,"enemies":"Small Slimes","floor":4.0,"turns":2.0},{"damage":9.0,"enemies":"Gremlin Nob","floor":6.0,"turns":3.0},{"damage":1.0,"enemies":"Blue Slaver","floor":7.0,"turns":2.0},{"damage":5.0,"enemies":"Lagavulin","floor":8.0,"turns":6.0},{"damage":0.0,"enemies":"Gremlin Nob","floor":12.0,"turns":2.0},{"damage":0.0,"enemies":"HollowMod:MossKnight","floor":14.0,"turns":5.0},{"damage":9.0,"enemies":"Hexaghost","floor":16.0,"turns":7.0},{"damage":10.0,"enemies":"3 Byrds","floor":18.0,"turns":7.0},{"damage":9.0,"enemies":"Spheric Guardian","floor":20.0,"turns":4.0},{"damage":13.0,"enemies":"Shelled Parasite and Fungi","floor":21.0,"turns":7.0},{"damage":47.0,"enemies":"Centurion and Healer","floor":22.0,"turns":8.0},{"damage":2.0,"enemies":"Gremlin Leader","floor":23.0,"turns":2.0},{"damage":8.0,"enemies":"Slavers","floor":25.0,"turns":3.0},{"damage":11.0,"enemies":"Snake Plant","floor":28.0,"turns":3.0},{"damage":0.0,"enemies":"Snecko","floor":31.0,"turns":2.0},{"damage":45.0,"enemies":"Automaton","floor":33.0,"turns":10.0},{"damage":16.0,"enemies":"3 Darklings","floor":35.0,"turns":3.0},{"damage":8.0,"enemies":"3 Shapes","floor":37.0,"turns":4.0},{"damage":2.0,"enemies":"Writhing Mass","floor":38.0,"turns":2.0},{"damage":0.0,"enemies":"Nemesis","floor":41.0,"turns":1.0},{"damage":1.0,"enemies":"3 Darklings","floor":42.0,"turns":4.0},{"damage":0.0,"enemies":"4 Shapes","floor":44.0,"turns":3.0},{"damage":36.0,"enemies":"Jaw Worm Horde","floor":45.0,"turns":2.0},{"damage":0.0,"enemies":"Giant Head","floor":47.0,"turns":3.0},{"damage":13,"enemies":"Transient","floor":48,"turns":5},{"damage":22,"enemies":"Awakened One","floor":50,"turns":4}],"seed_played":"-886088336666743261","potions_obtained":[{"floor":4.0,"key":"GamblersBrew"},{"floor":6.0,"key":"Swift Potion"},{"floor":12.0,"key":"BloodPotion"},{"floor":16.0,"key":"Dexterity Potion"},{"floor":21.0,"key":"REME_GoldPotion"},{"floor":22.0,"key":"construct:ShiftPotion"},{"floor":25.0,"key":"BloodPotion"},{"floor":33.0,"key":"Energy Potion"},{"floor":35.0,"key":"DistilledChaos"},{"floor":37.0,"key":"REME_GoldPotion"},{"floor":41.0,"key":"Dexterity Potion"},{"floor":47.0,"key":"GamblersBrew"}],"is_trial":false,"path_per_floor":["M","?","M","M","$","E","M","E","T","?","$","E","?","E","R","B",null,"M","?","M","M","M","E","R","E","T","$","M","R","?","M","R","B",null,"M","NS","M","M","$","R","E","M","T","M","M","R","E","M","R","B",null],"character_chosen":"THE_GATHERER","items_purchased":["vexMod:ScavengeHelm","PreservedInsect","Potion Belt","hubris:CuriousFeather","Gatherer:FeelingFine","Gatherer:EnergyBasket","hubris:EmptyBottle"],"campfire_rested":1,"item_purchase_floors":[5,11,11,27,27,27,39],"current_hp_per_floor":[71,71,70,63,63,54,53,48,48,48,48,48,48,48,48,39,72,62,77,68,55,25,23,23,34,34,34,35,35,35,47,47,14,94,78,78,70,68,68,68,68,67,67,67,43,43,55,54,82,60],"gold":181,"neow_bonus":"HUNDRED_GOLD","is_daily":false,"chose_seed":false,"campfire_upgraded":6,"win_rate":0.0,"timestamp":1610723732,"path_taken":["M","?","M","M","$","E","M","E","T","?","$","E","?","E","R","BOSS","M","?","M","M","M","E","R","E","T","$","M","R","?","M","R","BOSS","M","NS","?","M","$","R","E","M","T","M","M","R","E","M","R","BOSS"],"items_purchased_type":["Relic","Relic","Relic","Relic","Card","Card","Relic"],"build_version":"2020-12-22","purchased_purges":1,"victory":true,"max_hp_per_floor":[72,72,72,72,72,72,72,72,72,72,72,72,72,72,72,72,72,72,87,87,87,87,87,87,94,94,94,94,94,94,94,94,94,94,94,94,94,94,94,94,94,94,94,94,94,94,94,94,94,94],"card_choices":[{"not_picked":["Gatherer:Misfortune","Gatherer:SaveValuables"],"picked":"Gatherer:GatherMaterial","floor":1.0},{"not_picked":["Gatherer:EchoOfNature","Gatherer:FruitForce"],"picked":"Gatherer:Transmute","floor":3.0},{"not_picked":["Gatherer:CarefulStrike","Gatherer:Enchant"],"picked":"Gatherer:WoolGloves","floor":4.0},{"not_picked":["Gatherer:SmartManeuver","Gatherer:Examine"],"picked":"Gatherer:EnergyBasket","floor":6.0},{"not_picked":["Gatherer:BalancedGrowth","Gatherer:AcidicSpray","Gatherer:GatherMaterial"],"picked":"SKIP","floor":7.0},{"not_picked":["Gatherer:Transmute","Gatherer:FlowerPower"],"picked":"Gatherer:WitheringStrike","floor":8.0},{"not_picked":["Gatherer:FeelingFine","Gatherer:FlowerFalling"],"picked":"Gatherer:Nutrients","floor":12.0},{"not_picked":["Gatherer:FlowerBeam","Gatherer:Photoscythe"],"picked":"Gatherer:Duality","floor":14.0},{"not_picked":["Gatherer:BomberForm","Gatherer:FlamingBottle"],"picked":"Gatherer:Photoscythe","floor":16.0},{"not_picked":["Gatherer:GatherMaterial+1","Gatherer:TreeGrowth"],"picked":"Gatherer:WitheringStrike+1","floor":18.0},{"not_picked":["Gatherer:GlowingPlant","Gatherer:Snatch"],"picked":"Gatherer:QuickSynthesis","floor":20.0},{"not_picked":["Gatherer:EnergyBasket","Gatherer:FlowerShield+1"],"picked":"Gatherer:FragileHammer+1","floor":21.0},{"not_picked":["Gatherer:Frenzy","Gatherer:RecipeChange"],"picked":"Gatherer:FragileHammer","floor":22.0},{"not_picked":["Gatherer:PotentialSlash","Gatherer:MiningStrike"],"picked":"Gatherer:QuickSynthesis","floor":23.0},{"not_picked":["Gatherer:TreeGrowth","Gatherer:BalancedGrowth","Gatherer:CarefulStrike+1"],"picked":"SKIP","floor":25.0},{"not_picked":["Gatherer:TreeGrowth","Gatherer:BalancedGrowth","Gatherer:CarefulStrike+1"],"picked":"SKIP","floor":25.0},{"not_picked":["Gatherer:Snatch","Gatherer:RottenStipe","Gatherer:Bulldoze"],"picked":"Gatherer:BigPouch","floor":28.0},{"not_picked":["Gatherer:GatherMaterial","Gatherer:AcidicSpray","Gatherer:Transmute"],"picked":"Gatherer:DrugPower","floor":31.0},{"not_picked":["Gatherer:Bulldoze","Gatherer:MindSearch","Gatherer:Overflowing"],"picked":"Gatherer:BlackTea","floor":33.0},{"not_picked":["Gatherer:AromaProtection","Gatherer:RecipeChange+1","Gatherer:PotentialSlash+1"],"picked":"Gatherer:GatherMaterial+1","floor":35.0},{"not_picked":["Gatherer:FragileHammer","Gatherer:BambuSword+1","Gatherer:FlowerFalling"],"picked":"Gatherer:SmartManeuver+1","floor":37.0},{"not_picked":["Gatherer:QuickSynthesis","Gatherer:ScentOfRosmari","Gatherer:GatherMaterial"],"picked":"Gatherer:UpgradeBag+1","floor":38.0},{"not_picked":["Gatherer:FlowerShield+1","Gatherer:DrugPower","Gatherer:CollectorsShot+1"],"picked":"Gatherer:BigPouch","floor":41.0},{"not_picked":["Gatherer:Frenzy","Gatherer:FlowerShield","Gatherer:BigPouch","Gatherer:Convert+1"],"picked":"SKIP","floor":42.0},{"not_picked":["Gatherer:VenomBarrier+1","Gatherer:OddSpoils","Gatherer:SaveValuables+1","Gatherer:QuickSynthesis"],"picked":"SKIP","floor":44.0},{"not_picked":["Gatherer:CollectorsShot","Gatherer:FlowerFalling","Gatherer:Convert+1","Gatherer:SealedBomb"],"picked":"SKIP","floor":45.0},{"not_picked":["Gatherer:AcidicSpray+1","Gatherer:Misfortune+1","Gatherer:Convert","Gatherer:FlowerFalling+1"],"picked":"SKIP","floor":47.0},{"not_picked":["Gatherer:ScentOfRosmari","Gatherer:CarefulStrike+1","Gatherer:SaveValuables"],"picked":"Gatherer:EnergyBasket+1","floor":48}],"player_experience":721333,"relics_obtained":[{"floor":6.0,"key":"AT_ChloranthyRing"},{"floor":8.0,"key":"Bottled Lightning"},{"floor":9.0,"key":"REME_LimitBreaker"},{"floor":12.0,"key":"hubris:OldNail"},{"floor":14.0,"key":"AT_RedTearstoneRing"},{"floor":23.0,"key":"War Paint"},{"floor":23.0,"key":"Meat on the Bone"},{"floor":25.0,"key":"Question Card"},{"floor":25.0,"key":"Strawberry"},{"floor":26.0,"key":"Vajra"},{"floor":41.0,"key":"AT_GuinsooRageblade"},{"floor":41.0,"key":"AT_BellDemon"},{"floor":43.0,"key":"Mastiff:ReiMu"},{"floor":44.0,"key":"AT_TimeSand"},{"floor":45.0,"key":"AT_GoldPhoenixTree"},{"floor":47.0,"key":"AT_EbonyIvory"},{"floor":47.0,"key":"Shuriken"},{"floor":47.0,"key":"vexMod:InvisibilityCloak"},{"floor":48,"key":"AT_BellowingDragoncrestRing"}],"event_choices":[{"damage_healed":0.0,"max_hp_gain":0.0,"max_hp_loss":0.0,"gold_gain":175.0,"event_name":"Liars Game","player_choice":"AGREE","floor":10.0,"gold_loss":0.0,"damage_taken":0.0,"cards_obtained":["Doubt"]},{"cards_removed":["Gatherer:Defend_Gatherer"],"damage_healed":0.0,"max_hp_gain":0.0,"max_hp_loss":0.0,"gold_gain":0.0,"event_name":"Purifier","player_choice":"Purged","floor":30.0,"gold_loss":0.0,"damage_taken":0.0}],"is_beta":false,"boss_relics":[{"not_picked":["hubris:RunicObelisk","construct:WeddingRing"],"picked":"Black Star"},{"not_picked":["Runic Dome","Runic Pyramid"],"picked":"vexMod:DeviousBotling"}],"items_purged_floors":[11],"is_endless":false,"potions_floor_spawned":[4,6,12,16,21,22,25,33,35,37,41,47],"ascension_level":1}}