{"host":"ac78wf4m5y9yc4g3","time":1610744398,"event":{"mods":["BaseMod","Better Third Choice","Downfall","Hermit","Marisa????????","Minty Spire (QoL Compilation)","StSLib","The Servant 0.9.4","The Wild Card"],"gold_per_floor":[99,111,124,124,135,0,0,0,0,0],"floor_reached":8,"language":"POL","playtime":315,"items_purged":[],"score":46,"play_id":"7333f367-16b8-4ce3-b500-fb8f92e1877f","local_time":"20210115215958","is_ascension_mode":false,"campfire_choices":[{"floor":1,"key":"RECALL"}],"circlet_count":0,"master_deck":["hexamod:Strike","hexamod:Strike","hexamod:Strike","hexamod:Strike","hexamod:Defend","hexamod:Defend","hexamod:Defend","hexamod:Defend","hexamod:Sear","hexamod:AdvancingGuard","hexamod:NightmareGuise","hexamod:Hexaguard","hexamod:SixthSeal","expansioncontent:TimeRipple","hexamod:BacktrackSmack"],"relics":["hexamod:SpiritBrand","Bottled Lightning"],"acts_visited":["Exordium"],"potions_floor_usage":[],"damage_taken":[{"damage":1,"enemies":"2 Louse","floor":2,"turns":3},{"damage":0,"enemies":"Cultist","floor":3,"turns":4},{"damage":0,"enemies":"Jaw Worm","floor":5,"turns":6},{"damage":0,"enemies":"downfall:FleeingMerchant","floor":6,"turns":4},{"damage":3,"enemies":"3 Sentries","floor":8,"turns":4}],"seed_played":"4370218968518288287","potions_obtained":[{"floor":3,"key":"FearPotion"},{"floor":5,"key":"FairyPotion"}],"is_trial":false,"path_per_floor":["R","M","M","?","M","$","T","E"],"character_chosen":"THE_SPIRIT","items_purchased":["expansioncontent:TimeRipple","hexamod:BacktrackSmack"],"campfire_rested":0,"item_purchase_floors":[6,6],"current_hp_per_floor":[77,76,76,76,76,76,76,73,73,73],"gold":0,"neow_bonus":"TEN_PERCENT_HP_BONUS","is_daily":false,"chose_seed":false,"campfire_upgraded":0,"win_rate":0.0,"timestamp":1610744398,"path_taken":["R","M","M","?","M","$","T","E"],"items_purchased_type":["Card","Card"],"build_version":"2020-12-22","purchased_purges":0,"victory":false,"max_hp_per_floor":[77,77,77,77,77,77,77,77,77,77],"card_choices":[{"not_picked":["hexamod:ShieldOfDarkness","hexamod:Rewind"],"picked":"hexamod:AdvancingGuard","floor":2},{"not_picked":["hexamod:HeatCrush","hexamod:SwordOfDarkness"],"picked":"hexamod:NightmareGuise","floor":3},{"not_picked":["hexamod:RainOfEmbers","hexamod:ThermalTransfer"],"picked":"hexamod:Hexaguard","floor":5},{"not_picked":["hexamod:SpectersWail","hexamod:RetreatToShadows"],"picked":"hexamod:SixthSeal","floor":6}],"player_experience":52999,"relics_obtained":[{"floor":7,"key":"Bottled Lightning"}],"event_choices":[{"cards_removed":["hexamod:Float"],"damage_healed":0,"gold_gain":0,"player_choice":"Offered Basic","damage_taken":0,"max_hp_gain":0,"max_hp_loss":0,"event_name":"Bonfire Elementals","floor":4,"gold_loss":0}],"is_beta":false,"boss_relics":[],"items_purged_floors":[],"is_endless":false,"potions_floor_spawned":[3,5],"killed_by":"3 Sentries","ascension_level":0}}