{"host":"9kesdg97wkrx2bva","time":1610670124,"event":{"mods":["AchievementEnabler","BaseMod","Colored Map","Downfall","GifTheSpireLib","Infinite Spire","Minty Spire (QoL Compilation)","Replay The Spire","StSLib"],"gold_per_floor":[215,215,215,231,247,282,300,300,300],"floor_reached":8,"language":"ENG","playtime":237,"items_purged":[],"score":104,"play_id":"66a5e383-0853-4266-a44a-bbbe20865214","local_time":"20210114192204","is_ascension_mode":true,"campfire_choices":[],"circlet_count":0,"master_deck":["AscendersBane","Strike_B","Strike_B","Strike_B","Strike_B","Defend_B","Defend_B","Defend_B","Defend_B","Zap+1","Dualcast+1","Rebound","Consume","Crystallizer","Gash"],"relics":["Cracked Core","Symbiotic Virus"],"acts_visited":["Exordium"],"potions_floor_usage":[6,8],"damage_taken":[{"damage":7,"enemies":"Small Slimes","floor":1,"turns":3},{"damage":1,"enemies":"Cultist","floor":4,"turns":3},{"damage":3,"enemies":"2 Louse","floor":5,"turns":3},{"damage":21,"enemies":"Gremlin Nob","floor":6,"turns":4},{"damage":5,"enemies":"2 Fungi Beasts","floor":7,"turns":3},{"damage":30,"enemies":"3 Sentries","floor":8,"turns":4}],"seed_played":"-2760395625307646305","potions_obtained":[{"floor":1,"key":"Energy Potion"},{"floor":7,"key":"PowerPotion"}],"is_trial":false,"path_per_floor":["M","?","?","M","M","E","M","E"],"character_chosen":"DEFECT","items_purchased":[],"campfire_rested":0,"item_purchase_floors":[],"current_hp_per_floor":[57,57,57,56,53,32,27,0,0],"gold":300,"neow_bonus":"HUNDRED_GOLD","is_daily":false,"chose_seed":false,"campfire_upgraded":0,"win_rate":0.0,"timestamp":1610670124,"path_taken":["M","?","?","M","M","E","?","E"],"items_purchased_type":[],"build_version":"2020-12-22","purchased_purges":0,"victory":false,"max_hp_per_floor":[71,71,71,71,71,71,71,71,71],"card_choices":[{"not_picked":["Fusion","Panic Button"],"picked":"Rebound","floor":1},{"not_picked":["Undo","Reinforced Body","Stack"],"picked":"SKIP","floor":4},{"not_picked":["Ball Lightning","Cold Snap"],"picked":"Consume","floor":5},{"not_picked":["Rebound","ReplayRNGCard"],"picked":"Crystallizer","floor":6},{"not_picked":["Beam Cell","Force Field"],"picked":"Gash","floor":7}],"player_experience":933808,"relics_obtained":[{"floor":6,"key":"Symbiotic Virus"}],"event_choices":[{"damage_healed":0,"gold_gain":0,"player_choice":"Forge","damage_taken":0,"max_hp_gain":0,"max_hp_loss":0,"event_name":"Accursed Blacksmith","floor":3,"gold_loss":0,"cards_upgraded":["Dualcast"]}],"is_beta":false,"boss_relics":[],"items_purged_floors":[],"is_endless":false,"potions_floor_spawned":[1,7],"killed_by":"3 Sentries","ascension_level":16}}