{"host":"xj2wyr3bqqv4irjd","time":1610715175,"event":{"mods":["Act Like it!","BaseMod","Colored Powertips","Highlight Path","Marisa£¨ìFÓê¡¡Ä§ÀíÉ³£©","Minty Spire (QoL Compilation)","Quick Restart","Rare Cards Sparkle","Replay The Spire","Shop Mod","Spicy Shops","StSLib","The Senshi","[IsaacMod]ÒÔÈö¼âËþ","É³µñ²ÄÖÊ°ümod"],"gold_per_floor":[359,370,383,403,418,418,443,443,495,509,100,100,129,129,129,225,225,246,105,30,43,43,43,67,67,67],"floor_reached":25,"language":"ZHS","playtime":6026,"items_purged":["Strike_R+1","Strike_R"],"score":405,"play_id":"09bee624-4ad7-4646-8355-6a1cfe22e4bd","local_time":"20210115205255","is_ascension_mode":true,"campfire_choices":[{"data":"Armaments","floor":6.0,"key":"SMITH"},{"data":"Brutality","floor":8.0,"key":"SMITH"},{"data":"Shrug It Off","floor":12.0,"key":"SMITH"},{"data":"Inflame","floor":15.0,"key":"SMITH"},{"data":"Pummel","floor":23.0,"key":"SMITH"}],"circlet_count":0,"master_deck":["AscendersBane","Strike_R","Strike_R","Defend_R","Defend_R","Defend_R","Defend_R","Bash","Hemokinesis+1","Shrug It Off+1","Armaments+1","Brutality+1","Inflame+1","Barricade","Cleave","Pummel+1","Pommel Strike"],"relics":["Burning Blood","HushsDoor","DoctorsRemote","King of Hearts","Potion Belt","MerchantsRug","Toxic Egg 2","Golden Idol","Ring of Chaos","Replay:Wax Seal"],"acts_visited":["Exordium","TheCity"],"potions_floor_usage":[24,25,25],"damage_taken":[{"damage":3.0,"enemies":"Small Slimes","floor":1.0,"turns":3.0},{"damage":0.0,"enemies":"Jaw Worm","floor":2.0,"turns":1.0},{"damage":3.0,"enemies":"Cultist","floor":3.0,"turns":3.0},{"damage":0.0,"enemies":"Looter","floor":4.0,"turns":1.0},{"damage":6.0,"enemies":"Large Slime","floor":5.0,"turns":6.0},{"damage":12.0,"enemies":"Gremlin Nob","floor":7.0,"turns":3.0},{"damage":11.0,"enemies":"3 Louse","floor":10.0,"turns":5.0},{"damage":8.0,"enemies":"Replay:BlueRogue","floor":13.0,"turns":6.0},{"damage":25.0,"enemies":"The Guardian","floor":16.0,"turns":12.0},{"damage":0.0,"enemies":"3 Byrds","floor":18.0,"turns":1.0},{"damage":26.0,"enemies":"2 Thieves","floor":21.0,"turns":4.0},{"damage":17,"enemies":"Centurion and Healer","floor":24,"turns":5},{"damage":45,"enemies":"Slavers","floor":25,"turns":4}],"seed_played":"-3296304363280552196","potions_obtained":[{"floor":3.0,"key":"Swift Potion"},{"floor":4.0,"key":"EssenceOfSteel"},{"floor":7.0,"key":"BloodPotion"},{"floor":13.0,"key":"FearPotion"},{"floor":16.0,"key":"Reflective Coating"},{"floor":18.0,"key":"Dexterity Potion"},{"floor":24,"key":"Languid Potion"}],"is_trial":false,"path_per_floor":["M","M","M","M","M","R","E","R","T","M","$","R","E","?","R","B",null,"M","$","?","M","?","R","M","E"],"character_chosen":"IRONCLAD","items_purchased":["Whetstone","MerchantsRug","Replay:Wax Seal"],"campfire_rested":0,"item_purchase_floors":[11,11,19],"current_hp_per_floor":[53,59,62,68,68,68,62,62,62,57,57,57,55,29,29,10,59,65,65,65,45,45,45,49,4,4],"gold":67,"neow_bonus":"TWO_FIFTY_GOLD","is_daily":false,"chose_seed":false,"campfire_upgraded":5,"win_rate":0.0,"timestamp":1610715175,"path_taken":["M","M","M","M","M","R","E","R","T","M","$","R","E","?","R","BOSS","M","$","?","?","?","R","M","E"],"items_purchased_type":["Relic","Relic","Relic"],"build_version":"2020-12-22","purchased_purges":2,"victory":false,"max_hp_per_floor":[75,75,75,75,75,75,75,75,75,75,75,75,75,75,75,75,75,75,75,75,75,75,75,75,75,75],"card_choices":[{"not_picked":[],"picked":"Bomb","floor":0.0},{"not_picked":["Warcry","Replay:Undeath\u0027s Touch"],"picked":"Hemokinesis","floor":1.0},{"not_picked":["Iron Wave","Corruption","Uppercut"],"picked":"SKIP","floor":2.0},{"not_picked":["ReplayReversal","Clash"],"picked":"Shrug It Off","floor":3.0},{"not_picked":["Iron Wave","True Grit","Dropkick"],"picked":"SKIP","floor":4.0},{"not_picked":["Warcry","Heavy Blade"],"picked":"Armaments","floor":5.0},{"not_picked":["True Grit","Second Wind"],"picked":"Brutality","floor":7.0},{"not_picked":["Iron Wave","Sword Boomerang","Wild Strike"],"picked":"SKIP","floor":10.0},{"not_picked":["Seeing Red+1","Warcry+1"],"picked":"Inflame","floor":13.0},{"not_picked":["Double Tap+1","Juggernaut"],"picked":"Barricade","floor":16.0},{"not_picked":["Flex+1","Evolve"],"picked":"Cleave","floor":18.0},{"not_picked":["Sever Soul","Havoc+1"],"picked":"Pummel","floor":21.0},{"not_picked":["Headbutt","Feel No Pain+1"],"picked":"Pommel Strike","floor":24}],"player_experience":445256,"relics_obtained":[{"floor":7.0,"key":"King of Hearts"},{"floor":9.0,"key":"Potion Belt"},{"floor":13.0,"key":"Toxic Egg 2"}],"event_choices":[{"damage_healed":0.0,"max_hp_gain":0.0,"max_hp_loss":0.0,"gold_gain":0.0,"event_name":"Golden Idol","player_choice":"Take Damage","floor":14.0,"gold_loss":0.0,"damage_taken":26.0,"relics_obtained":["Golden Idol"]},{"cards_removed":["Strike_R"],"damage_healed":0.0,"max_hp_gain":0.0,"max_hp_loss":0.0,"gold_gain":0.0,"event_name":"Beggar","player_choice":"Gave Gold","floor":20.0,"gold_loss":75.0,"damage_taken":0.0}],"is_beta":false,"boss_relics":[{"not_picked":["Sozu","Replay:Wanted Poster"],"picked":"Ring of Chaos"},{"not_picked":[]}],"items_purged_floors":[11,19],"is_endless":false,"potions_floor_spawned":[3,4,7,13,16,18,24],"killed_by":"Slavers","ascension_level":18}}