{"host":"txhhdwa0hqfs4jhb","time":1610729853,"event":{"mods":["BaseMod","Better Third Choice","Downfall","Filter the Spire","Hermit","Mad Scientist","Minty Spire (QoL Compilation)","Relic Stats","Replay The Spire","StSLib","Thieving Mod"],"gold_per_floor":[109,119,119,134,134,169,169,262,288,288,288],"floor_reached":10,"language":"ENG","playtime":519,"items_purged":[],"score":112,"play_id":"53953dbb-131d-4392-a669-f29455307182","local_time":"20210115165733","is_ascension_mode":true,"campfire_choices":[{"floor":7,"key":"REST"}],"circlet_count":0,"master_deck":["AscendersBane","Strike_G","Strike_G","Strike_G","Strike_G","Strike_G","Defend_G","Defend_G","Defend_G+1","Defend_G","Injury","Replay:Bag of Tricks","Dash","Backflip","Quick Slash"],"relics":["Ring of the Snake","Snecko Eye","Membership Card","Ornamental Fan","Regal Pillow","Tiny Chest"],"acts_visited":["Exordium"],"potions_floor_usage":[],"damage_taken":[{"damage":0.0,"enemies":"Jaw Worm","floor":1.0,"turns":4.0},{"damage":7.0,"enemies":"2 Louse","floor":2.0,"turns":5.0},{"damage":10,"enemies":"Small Slimes","floor":4,"turns":5},{"damage":19,"enemies":"3 Sentries","floor":6,"turns":11},{"damage":43,"enemies":"Gremlin Nob","floor":10,"turns":4}],"seed_played":"1019011518061653472","potions_obtained":[{"floor":4,"key":"Elixir"}],"is_trial":false,"path_per_floor":["M","M","$","M","?","E","R","?","T","E"],"character_chosen":"THE_SILENT","items_purchased":[],"campfire_rested":1,"item_purchase_floors":[],"current_hp_per_floor":[59,52,32,22,22,3,37,37,37,0,0],"gold":288,"neow_bonus":"CURSED_BOSS_RELIC","is_daily":false,"chose_seed":false,"campfire_upgraded":0,"win_rate":0.0,"timestamp":1610729853,"path_taken":["M","M","$","M","?","E","R","?","T","E"],"items_purchased_type":[],"build_version":"2020-12-22","purchased_purges":0,"victory":false,"max_hp_per_floor":[66,66,66,66,66,66,66,66,66,66,66],"relic_stats":{"Regal Pillow":15,"counters":[5,29],"Ornamental Fan":[28],"Snecko Eye":[54,35,44,41],"Tiny Chest":0,"obtain_stats":[{"Regal Pillow":6,"Ornamental Fan":3,"Snecko Eye":0,"Tiny Chest":9,"Membership Card":3,"Ring of the Snake":0},{"Regal Pillow":4,"Ornamental Fan":2,"Snecko Eye":0,"Tiny Chest":4,"Membership Card":2,"Ring of the Snake":0},{"Regal Pillow":25,"Ornamental Fan":9,"Snecko Eye":0,"Tiny Chest":25,"Membership Card":9,"Ring of the Snake":0}],"Ring of the Snake":[10]},"card_choices":[{"not_picked":["Bane","Endless Agony"],"picked":"Terror","floor":1.0},{"not_picked":["Catalyst","Finisher"],"picked":"Blade Dance","floor":2.0},{"not_picked":["Setup","Outmaneuver","Prepared"],"picked":"SKIP","floor":4},{"not_picked":["PiercingWail","Dagger Throw"],"picked":"Replay:Bag of Tricks","floor":6},{"not_picked":["Hidden Blade","Bane"],"picked":"Dash","floor":8},{"not_picked":["Flying Knee","Cloak And Dagger"],"picked":"Backflip","floor":8},{"not_picked":["Bane","Blade Dance"],"picked":"Quick Slash","floor":8}],"player_experience":298113,"relics_obtained":[{"floor":6,"key":"Regal Pillow"},{"floor":9,"key":"Tiny Chest"}],"event_choices":[],"is_beta":false,"boss_relics":[],"items_purged_floors":[],"is_endless":false,"potions_floor_spawned":[4],"killed_by":"Gremlin Nob","ascension_level":14}}