{"host":"9kesdg97wkrx2bva","time":1610692395,"event":{"mods":["AchievementEnabler","BaseMod","Colored Map","Downfall","GifTheSpireLib","Infinite Spire","Minty Spire (QoL Compilation)","Replay The Spire","StSLib"],"gold_per_floor":[17,17,17,30,55,55,55,55,110,126,139,139,173,198,198,198,198],"floor_reached":16,"language":"ENG","playtime":295,"items_purged":[],"score":184,"play_id":"917510a6-5f6c-432b-bdf4-8d674c8b8fce","local_time":"20210115013315","is_ascension_mode":true,"campfire_choices":[{"data":"Sunder","floor":6,"key":"SMITH"},{"data":"Zap","floor":12,"key":"SMITH"},{"floor":15,"key":"REST"}],"circlet_count":0,"master_deck":["AscendersBane","Strike_B","Strike_B","Strike_B","Defend_B","Defend_B","Defend_B","Defend_B","Zap+1","Dualcast","Sunder+1","Ball Lightning","Force Field","Skim","Lockon","Consume","Gash"],"relics":["Cracked Core","Pocketwatch","Golden Idol","Replay:Antivirus Software","Akabeko"],"acts_visited":["Exordium"],"potions_floor_usage":[13,16],"damage_taken":[{"damage":4,"enemies":"Small Slimes","floor":1,"turns":3},{"damage":4,"enemies":"Jaw Worm","floor":4,"turns":4},{"damage":0,"enemies":"Cultist","floor":5,"turns":2},{"damage":11,"enemies":"Blue Slaver","floor":10,"turns":3},{"damage":12,"enemies":"Exordium Wildlife","floor":11,"turns":3},{"damage":25,"enemies":"Lagavulin","floor":13,"turns":5},{"damage":0,"enemies":"2 Fungi Beasts","floor":14,"turns":2},{"damage":29,"enemies":"The Guardian","floor":16,"turns":4}],"seed_played":"4498158290338852145","potions_obtained":[{"floor":1,"key":"hexamod:EctoCoolerPotion"},{"floor":5,"key":"SteroidPotion"},{"floor":11,"key":"Explosive Potion"}],"is_trial":false,"path_per_floor":["M","$","?","M","M","R","$","?","T","M","M","R","E","M","R","B"],"character_chosen":"DEFECT","items_purchased":[],"campfire_rested":1,"item_purchase_floors":[],"current_hp_per_floor":[60,60,60,56,56,56,56,56,56,45,33,33,8,8,27,0,0],"gold":198,"neow_bonus":"ONE_RARE_RELIC","is_daily":false,"chose_seed":false,"campfire_upgraded":2,"win_rate":0.0,"timestamp":1610692395,"path_taken":["M","$","?","M","M","R","$","?","T","?","M","R","E","M","R","BOSS"],"items_purchased_type":[],"build_version":"2020-12-22","purchased_purges":0,"victory":false,"max_hp_per_floor":[71,71,64,64,64,64,64,64,64,64,64,64,64,64,64,64,64],"card_choices":[{"not_picked":["Sweeping Beam","Rebound"],"picked":"Sunder","floor":1},{"not_picked":["Conserve Battery","Capacitor"],"picked":"Ball Lightning","floor":4},{"not_picked":["Tempest","Compile Driver"],"picked":"Force Field","floor":5},{"not_picked":["Undo","Capacitor"],"picked":"Lockon","floor":10},{"not_picked":["Steam","Mirror Shield"],"picked":"Consume","floor":11},{"not_picked":["Compile Driver","Meteor Strike","Tempest"],"picked":"SKIP","floor":13},{"not_picked":["Hologram","Coolheaded"],"picked":"Gash","floor":14}],"player_experience":938211,"relics_obtained":[{"floor":9,"key":"Replay:Antivirus Software"},{"floor":13,"key":"Akabeko"}],"event_choices":[{"damage_healed":0,"gold_gain":0,"player_choice":"Lose Max HP","damage_taken":0,"relics_obtained":["Golden Idol"],"max_hp_gain":0,"max_hp_loss":7,"event_name":"Golden Idol","floor":3,"gold_loss":0},{"damage_healed":0,"gold_gain":0,"cards_transformed":["Strike_B"],"player_choice":"Transformed","damage_taken":0,"max_hp_gain":0,"max_hp_loss":0,"event_name":"Transmorgrifier","floor":8,"gold_loss":0,"cards_obtained":["Skim"]}],"is_beta":false,"boss_relics":[],"items_purged_floors":[],"is_endless":false,"potions_floor_spawned":[1,5,10,11],"killed_by":"The Guardian","ascension_level":16}}