{"host":"d7v3kvhe79blqf0r","time":1610688695,"event":{"mods":["ATMod(°¢èªMod)","Act Like it!","BaseMod","CapriCore","Dota2Spire","Downfall","Gensokyo","Koishi","Lobotomy","LobotomyExtend","Marisa£¨ìFÓê¡¡Ä§ÀíÉ³£©","Minty Spire (QoL Compilation)","MostiFishMod","Quick Restart","Replay The Spire","RumiaBox-Â¶Ã×æ«µÄÉñÃØºÐ×Ó","StSLib","The Alterego","The Immortal","UnlockEverythingMod","WarShipGirlsR/Õ½½¢ÉÙÅ®R mod","Yakumo Yukari mod","Youmu£¨»êÆÇÑýÃÎ£©","Yuyuko","¡¾ÒÅÎï¿¨ÅÆ¡¿REMEMod"],"gold_per_floor":[99,111,131,142,162,162,189,189,29,39,39,39,39,58,76,76,76,76],"floor_reached":16,"language":"ZHS","playtime":998,"items_purged":[],"score":94,"play_id":"cb1cc716-c62b-432e-92f3-775bb26dd1ff","local_time":"20210115133135","is_ascension_mode":false,"campfire_choices":[{"data":"AT_EmpoweredMortalDraw","floor":1,"key":"SMITH"},{"floor":6,"key":"RECALL"},{"data":"Slimebound:Grow","floor":12,"key":"SMITH"}],"circlet_count":0,"master_deck":["Slimebound:Strike_Slimebound","Slimebound:Strike_Slimebound","Slimebound:Tackle","Slimebound:Defend_Slimebound","Slimebound:Defend_Slimebound","Slimebound:Defend_Slimebound","Slimebound:Defend_Slimebound","Slimebound:Split","Slimebound:CorrosiveSpit","Slimebound:MassRepurpose","AT_EmpoweredMortalDraw+1","Slimebound:ViciousTackle","Slimebound:SplitLeeching","Slimebound:FirmFortitude","Slimebound:FirmFortitude","Slimebound:FlameTackle","Slimebound:Grow+1","Slimebound:SlimeSpikes","Slimebound:MegaLick"],"relics":["Slimebound:AbsorbEndCombat","AT_ATBox","REME_ComplimentaryCards","DaveBox","RhineCircuit","Slimebound:SelfDamagePreventRelic","downfall:BrokenWingStatue"],"acts_visited":["Exordium"],"potions_floor_usage":[8,14,14],"damage_taken":[{"damage":0,"enemies":"Small Slimes","floor":2,"turns":1},{"damage":4,"enemies":"Cultist","floor":3,"turns":2},{"damage":4,"enemies":"2 Louse","floor":4,"turns":2},{"damage":7,"enemies":"2 Fungi Beasts","floor":5,"turns":3},{"damage":0,"enemies":"downfall:FleeingMerchant","floor":9,"turns":4},{"damage":14,"enemies":"Gremlin Gang","floor":10,"turns":3},{"damage":0,"enemies":"Large Slime","floor":14,"turns":3},{"damage":4,"enemies":"3 Louse","floor":15,"turns":3},{"damage":73,"enemies":"downfall:Defect","floor":16,"turns":6}],"seed_played":"-6117464881491202315","potions_obtained":[{"floor":2,"key":"REME_GoldPotion"},{"floor":4,"key":"Energy Potion"},{"floor":8,"key":"hexamod:EctoCoolerPotion"},{"floor":8,"key":"Strength Potion"},{"floor":14,"key":"FearPotion"}],"is_trial":false,"path_per_floor":["R","M","M","M","M","R","T","?","$","M","?","R","?","M","M","B"],"character_chosen":"SLIMEBOUND","items_purchased":["Slimebound:SelfDamagePreventRelic"],"campfire_rested":0,"item_purchase_floors":[9],"current_hp_per_floor":[60,60,60,60,60,60,60,60,60,50,50,50,50,56,60,0,0,0],"gold":76,"neow_bonus":"TRANSFORM_CARD","is_daily":false,"chose_seed":false,"campfire_upgraded":2,"win_rate":0.0,"timestamp":1610688695,"path_taken":["R","M","M","M","M","R","T","?","?","M","?","R","?","M","M","BOSS"],"items_purchased_type":["Relic"],"build_version":"2020-12-22","purchased_purges":0,"victory":false,"max_hp_per_floor":[60,60,60,60,60,60,60,60,60,60,60,60,60,60,60,60,60,60],"card_choices":[{"not_picked":["Slimebound:GrowthPunch","Slimebound:FinishingTackle"],"picked":"Slimebound:SplitLeeching","floor":2},{"not_picked":["Slimebound:GoopTackle","Slimebound:BestDefense"],"picked":"Slimebound:FirmFortitude","floor":3},{"not_picked":["Slimebound:Repurpose","Slimebound:SlimeSpikes"],"picked":"Slimebound:FirmFortitude","floor":4},{"not_picked":["Slimebound:ComboTackle","Slimebound:Chomp","Slimebound:LeechEnergy"],"picked":"SKIP","floor":5},{"not_picked":["Slimebound:SplitLeeching","Slimebound:ProtectTheBoss"],"picked":"Slimebound:FlameTackle","floor":9},{"not_picked":["Slimebound:RainOfGoop","Slimebound:SamplingLick"],"picked":"Slimebound:Grow","floor":10},{"not_picked":["Slimebound:SplitAcid","Slimebound:Dissolve"],"picked":"Slimebound:SlimeSpikes","floor":14},{"not_picked":["Slimebound:ViciousTackle","Slimebound:RejuvenatingLick"],"picked":"Slimebound:MegaLick","floor":15}],"player_experience":84389,"relics_obtained":[],"event_choices":[{"damage_healed":0,"gold_gain":0,"player_choice":"Got Potions","damage_taken":0,"max_hp_gain":0,"max_hp_loss":0,"event_name":"Lab","floor":8,"gold_loss":0},{"damage_healed":0,"gold_gain":0,"player_choice":"Leave","damage_taken":0,"max_hp_gain":0,"max_hp_loss":0,"event_name":"FaceTrader","floor":13,"gold_loss":0}],"is_beta":false,"boss_relics":[],"items_purged_floors":[],"is_endless":false,"potions_floor_spawned":[2,4,14],"killed_by":"downfall:Defect","ascension_level":0}}