{"host":"mtg945c5jssv10ty","time":1610747112,"event":{"mods":["Ascension Unlocker","BaseMod","Downfall","Minty Spire (QoL Compilation)","StSLib"],"gold_per_floor":[99,99,99,99,99,99,99,99,99,99,99,99,99,99],"floor_reached":12,"language":"ENG","playtime":194,"items_purged":[],"score":130,"play_id":"0337269b-2841-4bb3-aae9-5802a882c225","local_time":"20210115164512","is_ascension_mode":true,"campfire_choices":[{"floor":1.0,"key":"RECALL"},{"floor":11.0,"key":"REST"}],"circlet_count":0,"master_deck":["Slimebound:Strike_Slimebound","Slimebound:Strike_Slimebound","Slimebound:Strike_Slimebound","Slimebound:Tackle","Slimebound:Defend_Slimebound","Slimebound:Defend_Slimebound","Slimebound:Defend_Slimebound","Slimebound:Split","Slimebound:CorrosiveSpit","sneckomod:SnekBeam","sneckomod:Unknown","sneckomod:Unknown","sneckomod:Unknown","sneckomod:Unknown","sneckomod:Unknown","sneckomod:Unknown","sneckomod:Unknown","sneckomod:Unknown"],"relics":["Slimebound:AbsorbEndCombat"],"acts_visited":["Exordium","TheBeyond","TheCity"],"potions_floor_usage":[],"damage_taken":[{"damage":0.0,"enemies":"Jaw Worm","floor":2.0,"turns":1.0},{"damage":0.0,"enemies":"Small Slimes","floor":5.0,"turns":1.0},{"damage":0.0,"enemies":"Gremlin Nob","floor":8.0,"turns":1.0},{"damage":0,"enemies":"IC_MUSHROOM_ARCHETYPE","floor":12,"turns":1}],"seed_played":"8600191640074708750","potions_obtained":[],"is_trial":false,"path_per_floor":["R","M","?","?","M","?","T","E","M","R","R","M"],"character_chosen":"SLIMEBOUND","items_purchased":[],"campfire_rested":1,"item_purchase_floors":[],"current_hp_per_floor":[71,71,71,71,71,71,71,71,71,71,71,71,71,71],"gold":99,"neow_bonus":"TEN_PERCENT_HP_BONUS","is_daily":false,"chose_seed":false,"campfire_upgraded":0,"win_rate":0.0,"timestamp":1610747112,"path_taken":["R","M","?","?","M","?","T","E","M","R","M"],"items_purchased_type":[],"build_version":"2020-12-22","purchased_purges":0,"victory":false,"max_hp_per_floor":[71,71,71,71,71,71,71,71,71,71,71,71,71,71],"card_choices":[{"not_picked":["Slimebound:Prepare","Slimebound:LivingWall","Slimebound:Recollect"],"picked":"SKIP","floor":2.0},{"not_picked":["Slimebound:SamplingLick","Slimebound:Schlurp","Slimebound:LivingWall"],"picked":"SKIP","floor":5.0},{"not_picked":["Slimebound:LeechEnergy","Slimebound:BestDefense","Slimebound:FinishingTackle"],"picked":"SKIP","floor":8.0}],"player_experience":218367,"relics_obtained":[],"event_choices":[{"cards_removed":["Slimebound:Defend_Slimebound"],"damage_healed":0.0,"max_hp_gain":0.0,"max_hp_loss":0.0,"gold_gain":0.0,"event_name":"The Cleric","player_choice":"Card Removal","floor":6.0,"gold_loss":0.0,"damage_taken":0.0}],"is_beta":false,"boss_relics":[],"items_purged_floors":[],"is_endless":false,"potions_floor_spawned":[8],"killed_by":"IC_MUSHROOM_ARCHETYPE","ascension_level":1}}