{"host":"baymyijz6sxaqj5s","time":1610736403,"event":{"mods":["AchievementEnabler","BaseMod","Colored Map","Colored Powertips","DeckTracker","Highlight Path","KOR Keyword Fix","Keyboard Shortcuts","Minty Spire (QoL Compilation)","Quick Restart","StSLib","SuperFastMode"],"gold_per_floor":[117,117,58,77,87,87,107,119,146,176,208,232,244,276,288,397,409,441,553,579,537,192,192,221,221,274,274,274],"floor_reached":27,"language":"KOR","playtime":570,"items_purged":[],"score":261,"play_id":"cdca56f7-e2bc-400c-8c3a-8bb6b28d0d73","local_time":"20210116034643","is_ascension_mode":true,"campfire_choices":[{"data":"Bash","floor":6,"key":"SMITH"},{"floor":15,"key":"REST"},{"floor":23,"key":"REST"},{"floor":25,"key":"REST"}],"circlet_count":0,"master_deck":["Strike_R","Strike_R","Strike_R","Strike_R","Strike_R+1","Defend_R+1","Defend_R","Defend_R","Defend_R","Bash+1","Burning Pact","Sword Boomerang","Body Slam","Inflame","Demon Form","Thunderclap","Body Slam","Ghostly Armor","Heavy Blade+1"],"relics":["Burning Blood","Happy Flower","MawBank","Red Skull","Velvet Choker","TungstenRod","Art of War","Ancient Tea Set"],"acts_visited":["Exordium","TheCity"],"potions_floor_usage":[11,16,16,16,24],"damage_taken":[{"damage":7,"enemies":"Small Slimes","floor":1,"turns":4},{"damage":2,"enemies":"2 Louse","floor":4,"turns":3},{"damage":0,"enemies":"Cultist","floor":5,"turns":3},{"damage":21,"enemies":"Lots of Slimes","floor":7,"turns":5},{"damage":13,"enemies":"Blue Slaver","floor":8,"turns":3},{"damage":12,"enemies":"3 Louse","floor":10,"turns":4},{"damage":2,"enemies":"Exordium Thugs","floor":11,"turns":4},{"damage":10,"enemies":"2 Fungi Beasts","floor":12,"turns":3},{"damage":18,"enemies":"Lots of Slimes","floor":14,"turns":4},{"damage":54,"enemies":"Slime Boss","floor":16,"turns":11},{"damage":22,"enemies":"2 Thieves","floor":18,"turns":4},{"damage":54,"enemies":"3 Byrds","floor":20,"turns":5},{"damage":37,"enemies":"Gremlin Leader","floor":24,"turns":7},{"damage":53,"enemies":"Slavers","floor":27,"turns":3}],"seed_played":"1205632760710560346","potions_obtained":[{"floor":4,"key":"Weak Potion"},{"floor":7,"key":"ColorlessPotion"},{"floor":10,"key":"Regen Potion"},{"floor":12,"key":"Strength Potion"},{"floor":18,"key":"Dexterity Potion"}],"is_trial":false,"path_per_floor":["M","?","?","M","M","R","M","M","T","M","M","M","?","M","R","B",null,"M","?","M","$","$","R","E","R","T","E"],"character_chosen":"IRONCLAD","items_purchased":["Body Slam","TungstenRod","Ghostly Armor"],"campfire_rested":3,"item_purchase_floors":[21,22,22],"current_hp_per_floor":[87,69,69,73,79,79,64,57,57,51,67,63,51,39,65,17,88,72,72,24,24,24,50,19,45,45,0,0],"gold":274,"neow_bonus":"TEN_PERCENT_HP_BONUS","is_daily":false,"chose_seed":false,"campfire_upgraded":1,"win_rate":0.0,"timestamp":1610736403,"path_taken":["M","?","?","?","M","R","M","M","T","M","M","?","?","M","R","BOSS","M","?","M","?","$","R","E","R","T","E"],"items_purchased_type":["Card","Relic","Card"],"build_version":"2020-12-22","purchased_purges":0,"victory":false,"max_hp_per_floor":[88,88,88,88,88,88,88,88,88,88,88,88,88,88,88,88,88,88,88,88,88,88,88,88,88,88,88,88],"card_choices":[{"not_picked":["Anger","Uppercut","Perfected Strike"],"picked":"SKIP","floor":1},{"not_picked":["Pommel Strike","Wild Strike","True Grit"],"picked":"SKIP","floor":4},{"not_picked":["True Grit","Blood for Blood","Perfected Strike"],"picked":"SKIP","floor":5},{"not_picked":["Warcry","Wild Strike"],"picked":"Burning Pact","floor":7},{"not_picked":["Warcry","Pommel Strike"],"picked":"Sword Boomerang","floor":8},{"not_picked":["Cleave","Clash","Headbutt"],"picked":"SKIP","floor":10},{"not_picked":["Intimidate","Dark Embrace","Havoc"],"picked":"SKIP","floor":11},{"not_picked":["Warcry","Battle Trance"],"picked":"Body Slam","floor":12},{"not_picked":["Burning Pact","Blood for Blood"],"picked":"Inflame","floor":14},{"not_picked":["Barricade","Reaper"],"picked":"Demon Form","floor":16},{"not_picked":["Intimidate","Havoc+1","Twin Strike"],"picked":"SKIP","floor":18},{"not_picked":["Dual Wield","Infernal Blade"],"picked":"Thunderclap","floor":20},{"not_picked":["Disarm","Clothesline"],"picked":"Heavy Blade+1","floor":24}],"player_experience":92675,"relics_obtained":[{"floor":9,"key":"MawBank"},{"floor":24,"key":"Art of War"},{"floor":26,"key":"Ancient Tea Set"}],"event_choices":[{"damage_healed":0,"gold_gain":0,"player_choice":"Entered Light","damage_taken":18,"max_hp_gain":0,"max_hp_loss":0,"event_name":"Shining Light","floor":2,"gold_loss":0,"cards_upgraded":["Strike_R","Defend_R"]},{"damage_healed":0,"gold_gain":0,"player_choice":"Paid Gold","damage_taken":0,"relics_obtained":["Happy Flower"],"max_hp_gain":0,"max_hp_loss":0,"event_name":"WeMeetAgain","floor":3,"gold_loss":59},{"damage_healed":0,"gold_gain":0,"player_choice":"Success","damage_taken":12,"relics_obtained":["Red Skull"],"max_hp_gain":0,"max_hp_loss":0,"event_name":"Scrap Ooze","floor":13,"gold_loss":0},{"damage_healed":0,"gold_gain":100,"player_choice":"Pray","damage_taken":0,"max_hp_gain":0,"max_hp_loss":0,"event_name":"Golden Shrine","floor":19,"gold_loss":0}],"is_beta":false,"boss_relics":[{"not_picked":["Runic Dome","SacredBark"],"picked":"Velvet Choker"}],"items_purged_floors":[],"is_endless":false,"potions_floor_spawned":[4,7,10,12,18],"killed_by":"Slavers","ascension_level":3}}