{"host":"x21cvmfdo17nyhii","time":1610752708,"event":{"mods":["AchievementEnabler","BaseMod","Colored Map","Colored Powertips","DeckTracker","Highlight Path","Minty Spire (QoL Compilation)","Quick Restart","Rare Cards Sparkle","SuperFastMode"],"gold_per_floor":[116,116,81,156,176,209,209,230,307,345,345,33,52,76,76,201,201,221,257,74,173,189,189,213,12,12,12,35,35,55,74,74,205,205,224,224,224,90,90,90,90,312,312,312,333,333,333,348,348,348],"floor_reached":51,"language":"ENG","playtime":972,"items_purged":["Strike_R","Strike_R+1"],"score":778,"play_id":"f01e47bd-31cd-475e-a766-0c9ec527d0ea","local_time":"20210115151828","is_ascension_mode":false,"campfire_choices":[{"data":"Flex","floor":7.0,"key":"SMITH"},{"data":"Madness","floor":15.0,"key":"SMITH"},{"data":"Whirlwind","floor":23.0,"key":"SMITH"},{"data":"Double Tap","floor":27.0,"key":"SMITH"},{"data":"Dual Wield","floor":29.0,"key":"SMITH"},{"data":"Flex","floor":32.0,"key":"SMITH"},{"data":"Whirlwind","floor":40.0,"key":"SMITH"},{"data":"Madness","floor":44.0,"key":"SMITH"},{"data":"Madness","floor":46.0,"key":"SMITH"},{"floor":49.0,"key":"REST"}],"circlet_count":0,"master_deck":["Strike_R+1","Strike_R+1","Strike_R+1","Defend_R+1","Defend_R+1","Defend_R+1","Defend_R+1","Bash+1","Thunderclap+1","Flex+1","Iron Wave+1","Madness+1","Cleave+1","Headbutt+1","Double Tap+1","Dual Wield+1","Armaments+1","Whirlwind+1","Burning Pact+1","Bloodletting+1","Whirlwind+1","Madness+1","Madness+1"],"relics":["Burning Blood","NeowsBlessing","Golden Idol","Bag of Preparation","Eternal Feather","Ornamental Fan","HandDrill","Busted Crown","Red Mask","Happy Flower","ClockworkSouvenir","Mummified Hand","Runic Cube","Mark of the Bloom","Mercury Hourglass"],"acts_visited":["Exordium","TheCity","TheBeyond"],"potions_floor_usage":[50,50],"damage_taken":[{"damage":0.0,"enemies":"Jaw Worm","floor":1.0,"turns":1.0},{"damage":0.0,"enemies":"Small Slimes","floor":5.0,"turns":1.0},{"damage":0.0,"enemies":"Lagavulin","floor":6.0,"turns":1.0},{"damage":0.0,"enemies":"2 Louse","floor":8.0,"turns":2.0},{"damage":20.0,"enemies":"Gremlin Nob","floor":10.0,"turns":4.0},{"damage":4.0,"enemies":"Exordium Wildlife","floor":13.0,"turns":4.0},{"damage":0.0,"enemies":"Lots of Slimes","floor":14.0,"turns":1.0},{"damage":0.0,"enemies":"Slime Boss","floor":16.0,"turns":6.0},{"damage":1.0,"enemies":"Chosen","floor":18.0,"turns":3.0},{"damage":2.0,"enemies":"Masked Bandits","floor":19.0,"turns":3.0},{"damage":5.0,"enemies":"Spheric Guardian","floor":22.0,"turns":3.0},{"damage":12.0,"enemies":"Snake Plant","floor":24.0,"turns":3.0},{"damage":0.0,"enemies":"Shelled Parasite and Fungi","floor":28.0,"turns":1.0},{"damage":0.0,"enemies":"Centurion and Healer","floor":30.0,"turns":2.0},{"damage":0.0,"enemies":"Snecko","floor":31.0,"turns":2.0},{"damage":22.0,"enemies":"Champ","floor":33.0,"turns":5.0},{"damage":7.0,"enemies":"3 Darklings","floor":35.0,"turns":3.0},{"damage":0.0,"enemies":"Orb Walker","floor":45.0,"turns":2.0},{"damage":0.0,"enemies":"Jaw Worm Horde","floor":48.0,"turns":1.0},{"damage":64,"enemies":"Awakened One","floor":50,"turns":6}],"seed_played":"1956874421441129823","potions_obtained":[{"floor":5.0,"key":"Fire Potion"},{"floor":8.0,"key":"LiquidMemories"},{"floor":10.0,"key":"DuplicationPotion"},{"floor":28.0,"key":"Swift Potion"},{"floor":33.0,"key":"SpeedPotion"}],"is_trial":false,"path_per_floor":["M","?","?","?","M","E","R","M","T","E","?","$","M","M","R","B",null,"M","?","$","?","M","R","M","$","T","R","M","R","M","M","R","B",null,"M","?","?","$","?","R","$","?","T","R","M","R","?","M","R","B",null],"character_chosen":"IRONCLAD","items_purchased":["HandDrill","Madness","Whirlwind","Happy Flower","Flex","ClockworkSouvenir","Whirlwind"],"campfire_rested":1,"item_purchase_floors":[12,12,20,20,25,25,38],"current_hp_per_floor":[80,60,80,69,75,80,80,80,80,66,50,50,52,58,67,73,80,80,80,80,80,80,80,74,74,74,80,80,80,80,80,80,64,80,79,79,79,79,69,69,69,69,69,69,69,69,69,69,69,5],"gold":348,"neow_bonus":"THREE_ENEMY_KILL","is_daily":false,"chose_seed":false,"campfire_upgraded":9,"win_rate":0.0,"timestamp":1610752708,"path_taken":["M","?","?","?","?","E","R","M","T","E","?","$","M","M","R","BOSS","M","?","$","?","M","R","M","?","T","R","M","R","M","?","R","BOSS","M","?","?","$","?","R","$","?","T","R","?","R","?","M","R","BOSS"],"items_purchased_type":["Relic","Card","Card","Relic","Card","Relic","Card"],"build_version":"2020-12-22","purchased_purges":2,"victory":true,"max_hp_per_floor":[80,80,80,80,80,80,80,80,80,80,80,80,80,80,80,80,80,80,80,80,80,80,80,80,80,80,80,80,80,80,80,80,80,80,80,80,80,80,80,80,80,80,80,80,80,80,80,80,80,80],"card_choices":[{"not_picked":["Body Slam","Perfected Strike"],"picked":"Thunderclap","floor":1.0},{"not_picked":["Sword Boomerang","Twin Strike"],"picked":"Flex","floor":5.0},{"not_picked":["Iron Wave","Havoc","Power Through"],"picked":"SKIP","floor":6.0},{"not_picked":["True Grit","Carnage","Clash"],"picked":"SKIP","floor":8.0},{"not_picked":["Exhume","Searing Blow"],"picked":"Iron Wave","floor":10.0},{"not_picked":["Twin Strike","Sword Boomerang"],"picked":"Cleave","floor":13.0},{"not_picked":["Sentinel","Wild Strike"],"picked":"Headbutt","floor":14.0},{"not_picked":["Exhume","Limit Break"],"picked":"Double Tap","floor":16.0},{"not_picked":[],"picked":"Dual Wield","floor":18.0},{"not_picked":[],"picked":"Armaments+1","floor":19.0},{"not_picked":["Anger"],"picked":"SKIP","floor":22.0},{"not_picked":["Havoc"],"picked":"SKIP","floor":24.0},{"not_picked":["Thunderclap"],"picked":"SKIP","floor":28.0},{"not_picked":[],"picked":"Burning Pact","floor":30.0},{"not_picked":["Bloodletting"],"picked":"SKIP","floor":31.0},{"not_picked":[],"picked":"Bloodletting","floor":31.0},{"not_picked":["Iron Wave+1"],"picked":"SKIP","floor":35.0},{"not_picked":["Thunderclap+1"],"picked":"SKIP","floor":45.0},{"not_picked":["Heavy Blade"],"picked":"SKIP","floor":48.0}],"player_experience":413846,"relics_obtained":[{"floor":6.0,"key":"Bag of Preparation"},{"floor":9.0,"key":"Eternal Feather"},{"floor":10.0,"key":"Ornamental Fan"},{"floor":19.0,"key":"Red Mask"},{"floor":26.0,"key":"Mummified Hand"},{"floor":43.0,"key":"Mercury Hourglass"}],"event_choices":[{"damage_healed":0.0,"max_hp_gain":0.0,"max_hp_loss":0.0,"gold_gain":0.0,"event_name":"Golden Idol","player_choice":"Take Damage","floor":2.0,"gold_loss":0.0,"damage_taken":20.0,"relics_obtained":["Golden Idol"]},{"damage_healed":20.0,"max_hp_gain":0.0,"max_hp_loss":0.0,"gold_gain":0.0,"event_name":"The Cleric","player_choice":"Healed","floor":3.0,"gold_loss":35.0,"damage_taken":0.0},{"damage_healed":0.0,"max_hp_gain":0.0,"max_hp_loss":0.0,"gold_gain":75.0,"event_name":"World of Goop","player_choice":"Gather Gold","floor":4.0,"gold_loss":0.0,"damage_taken":11.0},{"damage_healed":0.0,"max_hp_gain":0.0,"max_hp_loss":0.0,"gold_gain":0.0,"event_name":"Shining Light","player_choice":"Entered Light","floor":11.0,"gold_loss":0.0,"damage_taken":16.0,"cards_upgraded":["Defend_R","Strike_R"]},{"damage_healed":0.0,"max_hp_gain":0.0,"max_hp_loss":0.0,"gold_gain":0.0,"event_name":"Masked Bandits","player_choice":"Fought Bandits","floor":19.0,"gold_loss":0.0,"damage_taken":0.0},{"damage_healed":0.0,"max_hp_gain":0.0,"max_hp_loss":0.0,"gold_gain":99.0,"event_name":"Nest","player_choice":"Stole From Cult","floor":21.0,"gold_loss":0.0,"damage_taken":0.0},{"damage_healed":0.0,"max_hp_gain":0.0,"max_hp_loss":0.0,"gold_gain":0.0,"event_name":"Mysterious Sphere","player_choice":"Ignored","floor":36.0,"gold_loss":0.0,"damage_taken":0.0},{"damage_healed":0.0,"max_hp_gain":0.0,"max_hp_loss":0.0,"gold_gain":0.0,"event_name":"MindBloom","player_choice":"Upgrade","floor":37.0,"gold_loss":0.0,"damage_taken":0.0,"cards_upgraded":["Strike_R","Strike_R","Strike_R","Defend_R","Defend_R","Defend_R","Bash","Thunderclap","Iron Wave","Cleave","Headbutt","Burning Pact","Bloodletting"],"relics_obtained":["Mark of the Bloom"]},{"damage_healed":0.0,"max_hp_gain":0.0,"max_hp_loss":0.0,"gold_gain":0.0,"event_name":"Winding Halls","player_choice":"Embrace Madness","floor":39.0,"gold_loss":0.0,"damage_taken":10.0,"cards_obtained":["Madness","Madness"]},{"damage_healed":0.0,"max_hp_gain":0.0,"max_hp_loss":0.0,"gold_gain":222.0,"event_name":"Tomb of Lord Red Mask","player_choice":"Wore Mask","floor":42.0,"gold_loss":0.0,"damage_taken":0.0},{"cards_removed":["Flex"],"damage_healed":0.0,"max_hp_gain":0.0,"max_hp_loss":0.0,"gold_gain":0.0,"event_name":"Falling","player_choice":"Removed Skill","floor":47.0,"gold_loss":0.0,"damage_taken":0.0}],"is_beta":false,"boss_relics":[{"not_picked":["Coffee Dripper","Runic Pyramid"],"picked":"Busted Crown"},{"not_picked":["Runic Dome","Sozu"],"picked":"Runic Cube"}],"items_purged_floors":[12,38],"is_endless":false,"potions_floor_spawned":[5,8,10,14,18,28,30,33],"ascension_level":0}}