{"host":"gmh2c2g66mxmprnw","time":1610749858,"event":{"mods":["BaseMod","Better Match","Colored Powertips","Friendly Minions","Highlight Path","Infinite Spire","Minty Spire (QoL Compilation)","Quick Restart","Relic Sorter","Replay The Spire","Shop Mod","StSLib"],"gold_per_floor":[216,216,230,405,430,430,473,473,473,498,516,547,61,77,77,207,207,226,247,22,93,148,148,173,173],"floor_reached":24,"language":"ENG","playtime":1505,"items_purged":["Doubt"],"score":221,"play_id":"828d4f01-eeb6-4bf3-9c96-3a3ae2d5331d","local_time":"20210115133058","is_ascension_mode":true,"campfire_choices":[{"data":"Neutralize","floor":6.0,"key":"SMITH"},{"floor":15.0,"key":"REST"},{"floor":23,"key":"REST"}],"circlet_count":0,"master_deck":["Strike_G","Strike_G","Strike_G","Strike_G","Strike_G","Defend_G","Defend_G","Defend_G","Defend_G","Defend_G","Survivor","Neutralize+1","Cloak And Dagger","Cloak And Dagger","Flying Knee","Envenom","Slice","Well Laid Plans","Crippling Poison","Bane","Prepared","Fluid Movement","Crippling Poison+1","After Image","Cloak And Dagger+1","Dagger Spray","Infinite Blades","Terror","Catalyst"],"relics":["Ring of the Snake","Golden Idol","FaceOfCleric","Letter Opener","Bottled Flame","MerchantsRug","WristBlade","Replay:Bandana"],"acts_visited":["Exordium","TheCity"],"potions_floor_usage":[16,16,21],"damage_taken":[{"damage":0.0,"enemies":"2 Louse","floor":1.0,"turns":3.0},{"damage":1.0,"enemies":"Small Slimes","floor":3.0,"turns":3.0},{"damage":0.0,"enemies":"Cultist","floor":5.0,"turns":5.0},{"damage":22.0,"enemies":"3 Sentries","floor":7.0,"turns":11.0},{"damage":1.0,"enemies":"3 Louse","floor":10.0,"turns":6.0},{"damage":1.0,"enemies":"Exordium Thugs","floor":11.0,"turns":6.0},{"damage":8.0,"enemies":"Lagavulin","floor":12.0,"turns":6.0},{"damage":0.0,"enemies":"Lots of Slimes","floor":14.0,"turns":2.0},{"damage":7,"enemies":"Slime Boss","floor":16,"turns":8},{"damage":1,"enemies":"Chosen","floor":18,"turns":6},{"damage":16,"enemies":"2 Thieves","floor":19,"turns":4},{"damage":12,"enemies":"Centurion and Healer","floor":21,"turns":7},{"damage":22,"enemies":"Snake Plant","floor":22,"turns":5},{"damage":51,"enemies":"Slavers","floor":24,"turns":3}],"seed_played":"-4305461014332649532","potions_obtained":[{"floor":5.0,"key":"Weak Potion"},{"floor":10.0,"key":"SteroidPotion"},{"floor":11.0,"key":"Poison Potion"},{"floor":12.0,"key":"SkillPotion"},{"floor":19,"key":"Languid Potion"},{"floor":21,"key":"Venom Potion"}],"is_trial":false,"path_per_floor":["M","?","M","?","M","R","E","?","T","M","M","E","$","M","R","B",null,"M","M","$","M","M","R","E"],"character_chosen":"THE_SILENT","items_purchased":["MerchantsRug","Bane","Prepared","Fluid Movement","Crippling Poison+1","FearPotion","AttackPotion","Replay:Bandana","Infinite Blades"],"campfire_rested":2,"item_purchase_floors":[13,13,13,13,13,13,13,20,20],"current_hp_per_floor":[70,53,52,52,52,52,30,30,30,30,30,23,23,24,46,40,75,75,60,60,49,28,51,0,0],"gold":173,"neow_bonus":"HUNDRED_GOLD","is_daily":false,"chose_seed":false,"campfire_upgraded":1,"win_rate":0.0,"timestamp":1610749858,"path_taken":["M","?","M","?","M","R","E","?","T","?","M","E","$","M","R","BOSS","M","M","$","M","M","R","E"],"items_purchased_type":["Relic","Card","Card","Card","Card","Potion","Potion","Relic","Card"],"build_version":"2020-12-22","purchased_purges":1,"victory":false,"max_hp_per_floor":[70,70,70,70,70,70,70,70,70,71,72,73,73,74,74,75,75,76,77,77,78,79,79,79,79],"card_choices":[{"not_picked":["Sucker Punch","Eviscerate"],"picked":"Cloak And Dagger","floor":1.0},{"not_picked":["Deflect","Poisoned Stab"],"picked":"Cloak And Dagger","floor":3.0},{"not_picked":["Hidden Blade","Escape Plan"],"picked":"Flying Knee","floor":5.0},{"not_picked":["Quick Slash","Noxious Fumes"],"picked":"Envenom","floor":7.0},{"not_picked":["Sucker Punch","Prepared"],"picked":"Slice","floor":10.0},{"not_picked":["Toxin Wave","Grand Finale"],"picked":"Well Laid Plans","floor":11.0},{"not_picked":["Poisoned Stab","Acrobatics"],"picked":"Crippling Poison","floor":12.0},{"not_picked":["ReplayTheSpireMod:The Works","Flying Knee","ReplayTheSpireMod:Shiv Toss"],"picked":"SKIP","floor":14.0},{"not_picked":["A Thousand Cuts","Night Terror"],"picked":"After Image","floor":16},{"not_picked":["ReplayTheSpireMod:Speed Training","Flying Knee"],"picked":"Cloak And Dagger+1","floor":18},{"not_picked":["Concentrate","Slice"],"picked":"Dagger Spray","floor":19},{"not_picked":["Dodge and Roll","Sneak Up"],"picked":"Terror","floor":21},{"not_picked":["Sucker Punch","Slice"],"picked":"Catalyst","floor":22}],"player_experience":2186047,"relics_obtained":[{"floor":7.0,"key":"infinitespire:Eraser"},{"floor":9.0,"key":"Letter Opener"},{"floor":12.0,"key":"Bottled Flame"}],"event_choices":[{"damage_healed":0.0,"max_hp_gain":0.0,"max_hp_loss":0.0,"gold_gain":0.0,"event_name":"Golden Idol","player_choice":"Take Damage","floor":2.0,"gold_loss":0.0,"damage_taken":17.0,"relics_obtained":["Golden Idol"]},{"damage_healed":0.0,"max_hp_gain":0.0,"max_hp_loss":0.0,"gold_gain":175.0,"event_name":"Liars Game","player_choice":"AGREE","floor":4.0,"gold_loss":0.0,"damage_taken":0.0,"cards_obtained":["Doubt"]},{"damage_healed":0.0,"max_hp_gain":0.0,"max_hp_loss":0.0,"gold_gain":0.0,"event_name":"FaceTrader","player_choice":"Trade","floor":8.0,"gold_loss":0.0,"damage_taken":0.0,"relics_obtained":["FaceOfCleric"]}],"is_beta":false,"boss_relics":[{"not_picked":["ReplayTheSpireMod:DimensionalGlitch","Ring of the Serpent"],"picked":"WristBlade"}],"items_purged_floors":[13],"is_endless":false,"potions_floor_spawned":[5,10,11,12,19,21],"killed_by":"Slavers","ascension_level":1}}