{"host":"v9ordiuf4xzdpttp","time":1610744426,"event":{"mods":["AchievementEnabler","Act Like it!","AlwaysNeverKeys","Aspiration","Bard","Bartender","BaseMod","Better Third Choice","Better Vampires","BetterRewards","CCEM","Colored Map","Conspire","Dio Mod","Downfall","Energized Spire","Filter the Spire","Gold Saver","GungeonMod","Halation","Hubris","Hunter ??","Infinite Spire","Ironclad Rager","Jedi Mod","Marked Mod","Melee Mod","Minty Spire (QoL Compilation)","Pale of the Ancients","Poor People Problems","Remove Card Discount Mod","Replay The Spire","Robot Space Explorer","SOS???????","Shop Mod","Small Relic Pack","Somnambulant","Spicy Shops","StSLib","The Bladedancer","The Bug Knight","The Construct","The Death Knight","The Exalted","The Hayseed","The Hierophant","The Jungle","The Mystic","The Runesmith","The Saiyan","The Senshi","The Servant 0.9.4","The Wild Card","TheBandit","vexMod","??????REMEMod"],"gold_per_floor":[159,159,189,32,92,92,92],"floor_reached":6,"language":"ENG","playtime":284,"items_purged":["DeathKnight:Strike_DeathKnight","DeathKnight:Defend_DeathKnight","DeathKnight:Defend_DeathKnight"],"score":38,"play_id":"c3e7932e-5395-4eb7-93a9-a7de771bf642","local_time":"20210115160026","daily_mods":["DeadlyEvents","Elite Swarm","Midas"],"is_ascension_mode":true,"campfire_choices":[],"circlet_count":0,"master_deck":["DeathKnight:Strike_DeathKnight","DeathKnight:Strike_DeathKnight","DeathKnight:Strike_DeathKnight","DeathKnight:Strike_DeathKnight","DeathKnight:Defend_DeathKnight","DeathKnight:Defend_DeathKnight","DeathKnight:Defend_DeathKnight","DeathKnight:RuneTap+1","DeathKnight:RuneStrike","expansioncontent:Hexaburn+1","DeathKnight:DeathAndDecay+1","DeathKnight:DeathGrip","DeathKnight:DancingRuneblade"],"relics":["DeathKnight:BrokenRuneblade","REME_ComplimentaryCards","mysticmod:CrystalBall","Guide Book"],"acts_visited":["Exordium"],"potions_floor_usage":[],"damage_taken":[{"damage":15,"enemies":"Jaw Worm","floor":1,"turns":4},{"damage":12,"enemies":"Cultist","floor":3,"turns":3},{"damage":0,"enemies":"Small Slimes","floor":5,"turns":2},{"damage":49,"enemies":"3 Sentries","floor":6,"turns":4}],"seed_played":"-4700200284541031278","potions_obtained":[{"floor":3,"key":"Dexterity Potion"}],"is_trial":true,"path_per_floor":["M","?","M","$","M","E"],"character_chosen":"DEATH_KNIGHT","items_purchased":["Guide Book"],"campfire_rested":0,"item_purchase_floors":[4],"current_hp_per_floor":[60,60,48,48,48,0,0],"gold":92,"neow_bonus":"","is_daily":false,"chose_seed":false,"campfire_upgraded":0,"win_rate":0.0,"timestamp":1610744426,"path_taken":["M","?","?","$","M","E"],"items_purchased_type":["Relic"],"build_version":"2020-12-22","purchased_purges":3,"victory":false,"max_hp_per_floor":[75,75,75,75,75,75,75],"card_choices":[{"not_picked":["DeathKnight:BloodPact","DeathKnight:RunicCorruption"],"picked":"DeathKnight:DeathAndDecay","floor":1},{"not_picked":["DeathKnight:Rot","DeathKnight:RunicCorruption"],"picked":"DeathKnight:DeathGrip","floor":3},{"not_picked":["DeathKnight:UnholyFrenzy","DeathKnight:DeathAndDecay"],"picked":"DeathKnight:DancingRuneblade","floor":5}],"player_experience":274974,"relics_obtained":[],"event_choices":[{"damage_healed":0,"gold_gain":0,"player_choice":"Upgraded","damage_taken":0,"max_hp_gain":0,"max_hp_loss":0,"event_name":"Upgrade Shrine","floor":2,"gold_loss":0,"cards_upgraded":["DeathKnight:RuneTap"]}],"is_beta":false,"boss_relics":[],"items_purged_floors":[4,4,4],"is_endless":false,"potions_floor_spawned":[3],"killed_by":"3 Sentries","ascension_level":1}}