{"host":"Kdaddybrian","time":1610677922,"event":{"mods":["AchievementEnabler","BaseMod","Bestiary","Colored Powertips","Minty Spire (QoL Compilation)","Potion Indicator Mod","Quick Restart","Rare Cards Sparkle","Relic Stats","StSLib","Uncapped"],"gold_per_floor":[109,124,124,199,215,215,45,45,68,98,98,116,134,160,160,160,160],"floor_reached":16,"language":"ENG","playtime":465,"items_purged":[],"score":165,"play_id":"b65e7e39-f6a5-4db0-bd6e-6d2d63555553","local_time":"20210114213202","is_ascension_mode":true,"campfire_choices":[{"data":"Barrage","floor":6,"key":"SMITH"},{"data":"Scrape","floor":8,"key":"SMITH"},{"floor":11,"key":"REST"},{"data":"Defragment","floor":15,"key":"SMITH"}],"circlet_count":0,"master_deck":["AscendersBane","Strike_B","Strike_B","Strike_B","Strike_B","Defend_B","Defend_B","Defend_B","Defend_B","Zap","Dualcast","Go for the Eyes","White Noise+1","Barrage+1","Capacitor","Gash","Scrape+1","Defragment+1","Sunder","Turbo","Undo+1"],"relics":["Cracked Core","Boot","Ancient Tea Set","Calipers","Toxic Egg 2"],"acts_visited":["Exordium"],"potions_floor_usage":[13],"damage_taken":[{"damage":2,"enemies":"Jaw Worm","floor":1,"turns":3},{"damage":1,"enemies":"2 Louse","floor":2,"turns":3},{"damage":0,"enemies":"Cultist","floor":5,"turns":3},{"damage":25,"enemies":"3 Sentries","floor":10,"turns":5},{"damage":9,"enemies":"Red Slaver","floor":12,"turns":2},{"damage":15,"enemies":"Gremlin Gang","floor":13,"turns":3},{"damage":16,"enemies":"Gremlin Nob","floor":14,"turns":3},{"damage":21,"enemies":"The Guardian","floor":16,"turns":2}],"seed_played":"-1272494397033307184","potions_obtained":[{"floor":5,"key":"BlessingOfTheForge"},{"floor":10,"key":"Regen Potion"}],"is_trial":false,"path_per_floor":["M","M","?","?","M","R","$","R","T","E","R","M","M","E","R","B"],"character_chosen":"DEFECT","items_purchased":["Capacitor","Gash","Scrape"],"campfire_rested":1,"item_purchase_floors":[7,7,7],"current_hp_per_floor":[66,65,65,54,54,54,54,54,54,29,51,42,36,20,20,0,0],"gold":160,"neow_bonus":"RANDOM_COMMON_RELIC","is_daily":false,"chose_seed":false,"campfire_upgraded":3,"win_rate":0.0,"timestamp":1610677922,"path_taken":["M","M","?","?","M","R","?","R","T","E","R","M","M","E","R","BOSS"],"items_purchased_type":["Card","Card","Card"],"build_version":"2020-12-18","purchased_purges":0,"victory":false,"max_hp_per_floor":[75,75,75,75,75,75,75,75,75,75,75,75,75,75,75,75,75],"relic_stats":{"counters":[8,24],"Boot":[24],"obtain_stats":[{"Calipers":10,"Toxic Egg 2":14,"Cracked Core":0,"Boot":0,"Ancient Tea Set":9},{"Calipers":4,"Toxic Egg 2":7,"Cracked Core":0,"Boot":0,"Ancient Tea Set":3},{"Calipers":14,"Toxic Egg 2":22,"Cracked Core":0,"Boot":0,"Ancient Tea Set":9}]},"card_choices":[{"not_picked":["Steam","Stack"],"picked":"Go for the Eyes","floor":1},{"not_picked":["Redo","Fusion"],"picked":"White Noise","floor":2},{"not_picked":["Glacier","Skim"],"picked":"Barrage","floor":5},{"not_picked":["Redo","Ball Lightning"],"picked":"Defragment","floor":10},{"not_picked":["Sweeping Beam","Barrage"],"picked":"Sunder","floor":12},{"not_picked":["Hologram","Blizzard"],"picked":"Turbo","floor":13},{"not_picked":["Reprogram+1","Static Discharge"],"picked":"Undo+1","floor":14}],"player_experience":2958435,"relics_obtained":[{"floor":9,"key":"Ancient Tea Set"},{"floor":10,"key":"Calipers"},{"floor":14,"key":"Toxic Egg 2"}],"event_choices":[{"damage_healed":0,"gold_gain":0,"player_choice":"Grow","damage_taken":0,"max_hp_gain":0,"max_hp_loss":0,"event_name":"Living Wall","floor":3,"gold_loss":0,"cards_upgraded":["White Noise"]},{"damage_healed":0,"gold_gain":75,"player_choice":"Gather Gold","damage_taken":11,"max_hp_gain":0,"max_hp_loss":0,"event_name":"World of Goop","floor":4,"gold_loss":0}],"is_beta":true,"boss_relics":[],"items_purged_floors":[],"is_endless":false,"potions_floor_spawned":[5,10],"killed_by":"The Guardian","ascension_level":10}}