{"host":"gmh2c2g66mxmprnw","time":1610713957,"event":{"mods":["BaseMod","Better Match","Colored Powertips","Displayed Cursed Tome","Friendly Minions","Highlight Path","Infinite Spire","Minty Spire (QoL Compilation)","Quick Restart","Relic Sorter","Replay The Spire","Shop Mod","StSLib"],"gold_per_floor":[114,163,163,88,102,112,126,153,153,153,165,196,196,222,222,321,321,336,336,336,336,336,336,365,365,365,63,75,87,114,124,124,229,229,247,82,82,82,116,116,71,71,97,132,169,169,101,116,206,304,304,319,101,51,226,151,151,95,135,147,192,212,243,284,314,326,440,452,458,134,134,140,140,140,79,79,79,125,156,156,32,30,30,134,134,160,160,186,84,43,42,73,73,96,96,91,112,103,126,126,220,220,255,255,287,462,462,382,382,17,17,17,29,96,104,113,113,204,204,243,243,243,256,290,320,320,320,343,380,380,140,140,179,179,288,288,322,322,347,89,106,106,144,144,144,144,122,122,52,68,113,121,121],"floor_reached":152,"language":"ENG","playtime":10354,"items_purged":["Pain","Defy Death","Shame","Strike_R","Strike_R","Replay:Undeath\u0027s Touch","Doubt","Strike_R","Rage","Regret","Doubt","Fire Breathing","Injury","CommonCold","Spreading Infection","Berserk+1"],"score":2820,"play_id":"195ff662-0990-47bc-b332-83d0f2bb0da8","local_time":"20210115033237","is_ascension_mode":true,"campfire_choices":[{"data":"Evolve","floor":10.0,"key":"SMITH"},{"data":"Fire Breathing","floor":13.0,"key":"SMITH"},{"data":"infinitespire:NeuralNetwork","floor":23.0,"key":"SMITH"},{"floor":32.0,"key":"DIG"},{"data":"Berserk","floor":40.0,"key":"SMITH"},{"data":"infinitespire:Punishment","floor":42.0,"key":"SMITH"},{"data":"Pommel Strike","floor":46.0,"key":"SMITH"},{"data":"ReplayTheSpireMod:Uncanny Aura","floor":57.0,"key":"SMITH"},{"data":"HandOfGreed","floor":66.0,"key":"SMITH"},{"data":"Rupture","floor":74.0,"key":"SMITH"},{"data":"Feel No Pain","floor":76.0,"key":"SMITH"},{"floor":100.0,"key":"REST"},{"data":"infinitespire:Starlight","floor":109.0,"key":"SMITH"},{"data":"Immolate","floor":109.0,"key":"SMITH"},{"data":"Brutality","floor":112.0,"key":"SMITH"},{"data":"Feed","floor":112.0,"key":"SMITH"},{"data":"Dark Embrace","floor":117.0,"key":"SMITH"},{"data":"Sadistic Nature","floor":117.0,"key":"SMITH"},{"data":"Combust","floor":127.0,"key":"SMITH"},{"data":"infinitespire:UltimateForm","floor":127.0,"key":"SMITH"},{"data":"Flex","floor":134.0,"key":"SMITH"},{"data":"Feel No Pain","floor":134.0,"key":"SMITH"},{"data":"Hemogenesis","floor":142.0,"key":"SMITH"},{"data":"True Grit","floor":142.0,"key":"SMITH"},{"data":"Rupture","floor":148.0,"key":"SMITH"},{"data":"Power Through","floor":148.0,"key":"SMITH"}],"circlet_count":0,"master_deck":["Defend_R","Defend_R","Defend_R+1","Defend_R+1","Fire Breathing+1","Evolve+1","Intimidate+1","True Grit+1","Cleave+1","Power Through+1","infinitespire:NeuralNetwork+1","infinitespire:Punishment+1","Headbutt+1","ReplayTheSpireMod:IOU","ReplayTheSpireMod:Muscle Training+1","ReplayTheSpireMod:IOU","ReplayTheSpireMod:IOU","HandOfGreed+1","infinitespire:UltimateForm+1","Wild Strike+1","Immolate+1","ReplayTheSpireMod:Uncanny Aura+1","Bloodletting+1","Feel No Pain+1","Brutality+1","Rupture+1","infinitespire:Starlight+1","Dual Wield+1","Whirlwind+1","Feed+1","ReplayTheSpireMod:IOU","ReplayTheSpireMod:IOU","ReplayTheSpireMod:IOU","Sadistic Nature+1","ReplayTheSpireMod:IOU","Dark Embrace+1","ReplayTheSpireMod:IOU","Combust+1","Feel No Pain+1","Flex+1","Hemogenesis+1","ReplayTheSpireMod:IOU","Rupture+1","ReplayTheSpireMod:IOU","Heavy Blade+1","Flame Barrier+1"],"relics":["Black Blood","ReplayTheSpireMod:EnergyBall","Electric Blood","Pen Nib","Letter Opener","Happy Flower","InkBottle","Replay:Wax Seal","WarpedTongs","Mirror","Bottled Tornado","Centennial Puzzle","Lantern","Sozu","Quantum Egg","ReplayTheSpireMod:TigerMarble","MerchantsRug","Art of War","Toolbox","MealTicket","Red Skull","infinitespire:Burning Sword","HandDrill","ReplayTheSpireMod:Lightbulb","Runic Cube","infinitespire:Satchel","StrikeDummy","Mark of Pain","Ancient Tea Set","Anchor","Smiling Mask","Busted Crown","infinitespire:Midas Blood","MutagenicStrength","Bronze Scales","Replay:Arrowhead","Pet Ghost","Medical Kit","ChewingGum","Bag of Marbles","Ginger","Champion Belt","Chemical X","Cursed Key","infinitespire:Lucky Rock","Another Sword","infinitespire:CheckeredPen","ClockworkSouvenir","infinitespire:Lychee Nut","Blood Vial","Onion Ring","infinitespire:EvilPickle","Coffee Dripper","Lee\u0027s Waffle","Juzu Bracelet","Question Card","Bird Faced Urn","Thread and Needle"],"acts_visited":["Exordium","TheCity","TheBeyond","Exordium","TheCity","TheBeyond","Exordium","TheCity","TheBeyond"],"potions_floor_usage":[],"damage_taken":[{"damage":6.0,"enemies":"Cultist","floor":1.0,"turns":3.0},{"damage":6.0,"enemies":"2 Louse","floor":5.0,"turns":3.0},{"damage":3.0,"enemies":"Jaw Worm","floor":6.0,"turns":3.0},{"damage":16.0,"enemies":"Large Slime","floor":7.0,"turns":5.0},{"damage":14.0,"enemies":"Replay:BlueRogue","floor":8.0,"turns":7.0},{"damage":2.0,"enemies":"3 Louse","floor":11.0,"turns":6.0},{"damage":12.0,"enemies":"Gremlin Nob","floor":12.0,"turns":2.0},{"damage":39.0,"enemies":"Lagavulin","floor":14.0,"turns":9.0},{"damage":0.0,"enemies":"Slime Boss","floor":16.0,"turns":7.0},{"damage":2.0,"enemies":"Chosen","floor":18.0,"turns":4.0},{"damage":14.0,"enemies":"Nightmare","floor":24.0,"turns":7.0},{"damage":0.0,"enemies":"3 Byrds","floor":28.0,"turns":4.0},{"damage":15.0,"enemies":"Snake Plant","floor":29.0,"turns":2.0},{"damage":3.0,"enemies":"Replay:Snechameleon","floor":30.0,"turns":4.0},{"damage":1.0,"enemies":"Snecko","floor":31.0,"turns":3.0},{"damage":15.0,"enemies":"Automaton","floor":33.0,"turns":8.0},{"damage":8.0,"enemies":"Orb Walker","floor":35.0,"turns":2.0},{"damage":6.0,"enemies":"3 Shapes","floor":39.0,"turns":3.0},{"damage":18.0,"enemies":"Nemesis","floor":44.0,"turns":5.0},{"damage":16.0,"enemies":"Spire Growth","floor":45.0,"turns":4.0},{"damage":18.0,"enemies":"Nightmare","floor":47.0,"turns":3.0},{"damage":3.0,"enemies":"Writhing Mass","floor":48.0,"turns":4.0},{"damage":0.0,"enemies":"Time Eater","floor":50.0,"turns":1.0},{"damage":0.0,"enemies":"2 Louse","floor":52.0,"turns":1.0},{"damage":9.0,"enemies":"Jaw Worm","floor":56.0,"turns":3.0},{"damage":10.0,"enemies":"3 Sentries","floor":58.0,"turns":2.0},{"damage":10.0,"enemies":"Cultist","floor":59.0,"turns":4.0},{"damage":6.0,"enemies":"Lagavulin","floor":61.0,"turns":2.0},{"damage":4.0,"enemies":"Large Slime","floor":62.0,"turns":4.0},{"damage":3.0,"enemies":"Looter","floor":63.0,"turns":4.0},{"damage":9.0,"enemies":"Blue Slaver","floor":64.0,"turns":2.0},{"damage":6.0,"enemies":"3 Sentries","floor":65.0,"turns":3.0},{"damage":0.0,"enemies":"The Guardian","floor":67.0,"turns":1.0},{"damage":0.0,"enemies":"3 Byrds","floor":69.0,"turns":3.0},{"damage":20.0,"enemies":"2 Thieves","floor":72.0,"turns":2.0},{"damage":79.0,"enemies":"Nightmare","floor":75.0,"turns":5.0},{"damage":10.0,"enemies":"Slavers","floor":78.0,"turns":1.0},{"damage":9.0,"enemies":"Cultist and Chosen","floor":79.0,"turns":3.0},{"damage":40.0,"enemies":"Snecko","floor":82.0,"turns":4.0},{"damage":0.0,"enemies":"Champ","floor":84.0,"turns":1.0},{"damage":14.0,"enemies":"Orb Walker","floor":86.0,"turns":3.0},{"damage":0.0,"enemies":"3 Shapes","floor":88.0,"turns":5.0},{"damage":14.0,"enemies":"Spire Growth","floor":89.0,"turns":2.0},{"damage":0.0,"enemies":"Transient","floor":90.0,"turns":5.0},{"damage":81.0,"enemies":"Nightmare","floor":91.0,"turns":6.0},{"damage":26.0,"enemies":"3 Darklings","floor":92.0,"turns":3.0},{"damage":1.0,"enemies":"Writhing Mass","floor":96.0,"turns":3.0},{"damage":0.0,"enemies":"4 Shapes","floor":97.0,"turns":5.0},{"damage":0.0,"enemies":"Giant Head","floor":98.0,"turns":4.0},{"damage":0.0,"enemies":"Spire Growth","floor":99.0,"turns":3.0},{"damage":0.0,"enemies":"infinitespire:MassOfShapes","floor":101.0,"turns":1.0},{"damage":0.0,"enemies":"Small Slimes","floor":103.0,"turns":2.0},{"damage":1.0,"enemies":"Cultist","floor":105.0,"turns":2.0},{"damage":5.0,"enemies":"3 Sentries","floor":108.0,"turns":3.0},{"damage":5.0,"enemies":"Lagavulin","floor":113.0,"turns":2.0},{"damage":0.0,"enemies":"infinitespire:Voidling","floor":115.0,"turns":1.0},{"damage":5.0,"enemies":"3 Louse","floor":116.0,"turns":3.0},{"damage":1.0,"enemies":"Slime Boss","floor":118.0,"turns":2.0},{"damage":6.0,"enemies":"Spheric Guardian","floor":120.0,"turns":2.0},{"damage":7.0,"enemies":"2 Thieves","floor":123.0,"turns":1.0},{"damage":14.0,"enemies":"Centurion and Healer","floor":124.0,"turns":1.0},{"damage":9.0,"enemies":"Slavers","floor":125.0,"turns":1.0},{"damage":21.0,"enemies":"Book of Stabbing","floor":129.0,"turns":3.0},{"damage":7.0,"enemies":"Snake Plant","floor":133.0,"turns":1.0},{"damage":40.0,"enemies":"Pondfish","floor":135.0,"turns":4.0},{"damage":11.0,"enemies":"Orb Walker","floor":137.0,"turns":1.0},{"damage":11.0,"enemies":"3 Darklings","floor":139.0,"turns":3.0},{"damage":10.0,"enemies":"Sphere and 2 Shapes","floor":141.0,"turns":1.0},{"damage":15.0,"enemies":"Nightmare","floor":143.0,"turns":3.0},{"damage":22.0,"enemies":"Giant Head","floor":149.0,"turns":2.0},{"damage":41.0,"enemies":"Transient","floor":150.0,"turns":4.0},{"damage":3.0,"enemies":"2 Orb Walkers","floor":151.0,"turns":1.0},{"damage":145,"enemies":"Time Eater","floor":152,"turns":3}],"seed_played":"-8470847918495569681","potions_obtained":[{"floor":5.0,"key":"Swift Potion"},{"floor":11.0,"key":"Death Potion"},{"floor":14.0,"key":"ElixirPotion"},{"floor":16.0,"key":"Explosive Potion"}],"is_trial":false,"path_per_floor":["M","T","?","$","M","M","M","E","T","R","M","E","R","E","R","B",null,"M","AVR","?","?","?","R","NM","?","T","$","M","M","E","M","R","B",null,"M","$","?","AVR","M","R","$","R","T","E","M","R","NM","M","R","B",null,"M","$","?","?","M","R","E","M","T","E","M","M","M","E","R","B",null,"M","$","?","M","?","R","NM","R","T","E","M","?","$","M","R","B",null,"M","?","M","M","M","NM","M","AVR","T","?","M","M","E","M","R","B",null,"M","?","M","?","AVR","E","R","$","T","R","E","$","M","M","R","B",null,"M","?","AVR","M","M","E","?","R","T","E","?","$","T","M","R","B",null,"M","?","M","$","M","R","NM","?","T","?","$","R","E","M","R","B"],"character_chosen":"IRONCLAD","items_purchased":["MerchantsRug","Art of War","Toolbox","Combust","HandDrill","ReplayTheSpireMod:Lightbulb","DollysMirror","Replay:Undeath\u0027s Touch","Ancient Tea Set","ReplayTheSpireMod:Uncanny Aura","Fire Breathing","Rupture","infinitespire:Midas Blood","Medical Kit","Champion Belt","Feed","Chemical X","Sadistic Nature","Dark Embrace","ClockworkSouvenir","infinitespire:Lychee Nut","Blood Vial","Lee\u0027s Waffle","Juzu Bracelet","Rupture"],"campfire_rested":1,"item_purchase_floors":[27,27,27,36,36,36,41,41,53,53,53,70,70,81,110,110,114,114,114,131,131,131,140,140,147],"current_hp_per_floor":[88,88,88,88,88,88,78,70,70,70,74,68,68,35,61,67,88,88,88,88,67,67,67,59,59,59,59,65,61,64,69,69,60,88,86,88,88,88,88,88,88,88,88,76,66,66,59,62,62,68,93,93,93,93,93,90,90,86,82,82,82,90,93,90,90,90,93,93,93,93,93,79,79,79,75,75,75,71,90,90,93,59,59,65,93,85,85,93,85,93,18,8,8,8,8,13,23,39,60,89,95,97,97,97,97,97,97,97,97,97,97,97,101,101,101,116,116,116,116,116,116,116,120,118,120,120,120,120,111,111,90,90,90,90,83,90,90,90,94,101,101,101,105,105,105,105,105,105,105,109,109,0,0],"gold":121,"neow_bonus":"TEN_PERCENT_HP_BONUS","is_daily":false,"chose_seed":false,"campfire_upgraded":24,"win_rate":0.0,"timestamp":1610713957,"path_taken":["M","?","?","$","M","M","?","E","T","R","M","E","R","E","R","BOSS","M","AVR","?","?","?","R","NM","?","T","$","M","M","E","M","R","BOSS","M","$","?","AVR","M","R","$","R","T","E","M","R","NM","M","R","BOSS","M","$","?","?","M","R","E","M","T","E","M","M","M","E","R","BOSS","M","$","?","M","?","R","NM","R","T","E","?","?","$","M","R","BOSS","M","?","M","?","M","NM","M","AVR","T","?","?","M","E","M","R","BOSS","M","?","M","?","AVR","E","R","$","T","R","E","$","M","M","R","BOSS","M","?","AVR","M","M","E","?","R","T","E","?","$","?","M","R","BOSS","M","?","M","$","M","R","NM","?","T","?","$","R","E","M","R","BOSS"],"items_purchased_type":["Relic","Relic","Relic","Card","Relic","Relic","Relic","Card","Relic","Card","Card","Card","Relic","Relic","Relic","Card","Relic","Card","Card","Relic","Relic","Relic","Relic","Relic","Card"],"build_version":"2020-12-22","purchased_purges":16,"victory":false,"max_hp_per_floor":[88,88,88,88,88,88,88,88,88,88,88,88,88,88,88,88,88,88,88,88,88,88,88,88,88,88,88,88,88,88,88,88,88,88,88,88,88,88,88,88,88,88,88,88,88,88,93,93,93,93,93,93,93,93,93,93,93,93,93,93,93,93,93,93,93,93,93,93,93,93,93,93,93,93,93,93,93,93,93,93,93,93,93,93,93,93,93,93,93,93,93,93,93,93,93,93,97,97,97,97,97,97,97,97,97,97,97,97,97,97,97,97,101,101,101,116,116,116,116,116,116,116,120,120,120,120,120,120,120,120,90,90,90,90,90,90,90,90,94,101,101,101,105,105,105,105,105,105,105,109,109,109,109],"card_choices":[{"not_picked":["Cleave","Flex"],"picked":"Fire Breathing","floor":1.0},{"not_picked":["Clash","Iron Wave"],"picked":"Evolve","floor":5.0},{"not_picked":["Inflame","Pummel"],"picked":"Intimidate","floor":6.0},{"not_picked":["Warcry","Wild Strike"],"picked":"True Grit","floor":7.0},{"not_picked":["Brutality","Sever Soul"],"picked":"Defy Death","floor":8.0},{"not_picked":["Headbutt","Rupture"],"picked":"Pommel Strike","floor":11.0},{"not_picked":["Disarm","Sword Boomerang"],"picked":"Cleave","floor":12.0},{"not_picked":["Pommel Strike","Burning Pact"],"picked":"Power Through","floor":14.0},{"not_picked":["Reaper","Immolate"],"picked":"Berserk","floor":16.0},{"not_picked":["Metallicize","Headbutt","Iron Wave"],"picked":"SKIP","floor":18.0},{"not_picked":["infinitespire:FutureSight","ReplayTheSpireMod:Black Plague"],"picked":"infinitespire:NeuralNetwork","floor":21.0},{"not_picked":["ReplayTheSpireMod:Echoes of Time","infinitespire:Menacing"],"picked":"infinitespire:Punishment","floor":24.0},{"not_picked":["Flame Barrier","Sword Boomerang"],"picked":"Headbutt+1","floor":24.0},{"not_picked":["Sword Boomerang","Havoc+1","Clash+1"],"picked":"SKIP","floor":28.0},{"not_picked":["Searing Blow+1","Massacre"],"picked":"ReplayTheSpireMod:Muscle Training","floor":29.0},{"not_picked":["Warcry","ReplayTheSpireMod:Stacked","Replay:Many Hands"],"picked":"SKIP","floor":30.0},{"not_picked":["Intimidate","Warcry+1"],"picked":"Rage","floor":31.0},{"not_picked":["Brutality","Double Tap"],"picked":"Berserk","floor":33.0},{"not_picked":["Heavy Blade+1","Body Slam","Headbutt+1"],"picked":"SKIP","floor":35.0},{"not_picked":["ReplayTheSpireMod:Trickstab","Jack Of All Trades"],"picked":"HandOfGreed","floor":37.0},{"not_picked":["Twin Strike+1","Replay:Undeath\u0027s Touch+1"],"picked":"Spot Weakness+1","floor":39.0},{"not_picked":["infinitespire:OneForAll+1","Pommel Strike+1","Run Through"],"picked":"SKIP","floor":44.0},{"not_picked":["Twin Strike","Sword Boomerang","Disarm"],"picked":"SKIP","floor":45.0},{"not_picked":["Heavy Blade","Defy Death"],"picked":"Wild Strike+1","floor":47.0},{"not_picked":["Run Through+1","ReplayReversal"],"picked":"Dropkick+1","floor":48.0},{"not_picked":["Hemogenesis","Offering"],"picked":"Immolate","floor":50.0},{"not_picked":["infinitespire:OneForAll","Flex","Body Slam"],"picked":"SKIP","floor":52.0},{"not_picked":["Dual Wield","Clothesline","ReplayTheSpireMod:LeadingStrike"],"picked":"SKIP","floor":56.0},{"not_picked":["Headbutt","Cleave"],"picked":"Bloodletting","floor":58.0},{"not_picked":["Twin Strike","Bloodletting","Heavy Blade"],"picked":"SKIP","floor":59.0},{"not_picked":["Flame Barrier","Shockwave","Shrug It Off"],"picked":"SKIP","floor":61.0},{"not_picked":["ReplayTheSpireMod:LeadingStrike","Body Slam"],"picked":"Feel No Pain","floor":62.0},{"not_picked":["Flame Barrier","Life Link","Flex"],"picked":"SKIP","floor":63.0},{"not_picked":["Flame Barrier","Life Link","Flex"],"picked":"SKIP","floor":63.0},{"not_picked":["Hemokinesis","Perfected Strike","Massacre"],"picked":"SKIP","floor":64.0},{"not_picked":["Clothesline","Shrug It Off","Uppercut"],"picked":"SKIP","floor":65.0},{"not_picked":["infinitespire:FinalStrike","infinitespire:DeathsTouch"],"picked":"ReplayTheSpireMod:??????????????????????","floor":67.0},{"not_picked":["Corruption","Reaper"],"picked":"Brutality","floor":67.0},{"not_picked":["Iron Wave"],"picked":"SKIP","floor":69.0},{"not_picked":["Ghostly Armor"],"picked":"SKIP","floor":72.0},{"not_picked":["infinitespire:Menacing","infinitespire:NeuralNetwork"],"picked":"infinitespire:SealOfDarkness+","floor":75.0},{"not_picked":["Perfected Strike+1"],"picked":"SKIP","floor":75.0},{"not_picked":["Perfected Strike+1"],"picked":"SKIP","floor":75.0},{"not_picked":["Clothesline"],"picked":"SKIP","floor":78.0},{"not_picked":["Intimidate"],"picked":"SKIP","floor":79.0},{"not_picked":["Havoc"],"picked":"SKIP","floor":82.0},{"not_picked":["Shockwave+1"],"picked":"SKIP","floor":86.0},{"not_picked":["Shrug It Off"],"picked":"SKIP","floor":88.0},{"not_picked":["Shrug It Off"],"picked":"SKIP","floor":88.0},{"not_picked":["Clothesline"],"picked":"SKIP","floor":89.0},{"not_picked":["Wild Strike"],"picked":"SKIP","floor":90.0},{"not_picked":["Clash"],"picked":"SKIP","floor":91.0},{"not_picked":["Armaments"],"picked":"SKIP","floor":92.0},{"not_picked":["True Grit"],"picked":"SKIP","floor":96.0},{"not_picked":["True Grit"],"picked":"SKIP","floor":96.0},{"not_picked":[],"picked":"Dual Wield+1","floor":97.0},{"not_picked":[],"picked":"Whirlwind+1","floor":98.0},{"not_picked":["Intimidate+1"],"picked":"SKIP","floor":99.0},{"not_picked":["Intimidate+1"],"picked":"SKIP","floor":99.0},{"not_picked":[],"picked":"ReplayTheSpireMod:Muscle Training","floor":103.0},{"not_picked":["ReplayTheSpireMod:Limb From Limb"],"picked":"SKIP","floor":105.0},{"not_picked":["Whirlwind"],"picked":"SKIP","floor":108.0},{"not_picked":["Whirlwind"],"picked":"SKIP","floor":108.0},{"not_picked":["Twin Strike"],"picked":"SKIP","floor":113.0},{"not_picked":["Havoc"],"picked":"SKIP","floor":115.0},{"not_picked":["ReplayTheSpireMod:Stacked"],"picked":"SKIP","floor":116.0},{"not_picked":[],"picked":"Brutality","floor":118.0},{"not_picked":["ReplayTheSpireMod:Limb From Limb+1"],"picked":"SKIP","floor":120.0},{"not_picked":[],"picked":"Combust","floor":123.0},{"not_picked":["Hemokinesis"],"picked":"SKIP","floor":124.0},{"not_picked":["Hemokinesis"],"picked":"SKIP","floor":124.0},{"not_picked":["Pommel Strike"],"picked":"SKIP","floor":125.0},{"not_picked":[],"picked":"Feel No Pain","floor":129.0},{"not_picked":[],"picked":"Flex","floor":133.0},{"not_picked":[],"picked":"Hemogenesis","floor":135.0},{"not_picked":["Pommel Strike"],"picked":"SKIP","floor":137.0},{"not_picked":["Intimidate+1"],"picked":"SKIP","floor":139.0},{"not_picked":["Iron Wave+1"],"picked":"SKIP","floor":141.0},{"not_picked":["Headbutt+1"],"picked":"SKIP","floor":143.0},{"not_picked":["Exhume","Burning Pact"],"picked":"SKIP","floor":149.0},{"not_picked":["Pummel"],"picked":"Heavy Blade+1","floor":150.0},{"not_picked":["True Grit+1"],"picked":"Flame Barrier+1","floor":151.0}],"player_experience":2147691,"relics_obtained":[{"floor":2.0,"key":"War Paint"},{"floor":8.0,"key":"Mirror"},{"floor":9.0,"key":"Bottled Tornado"},{"floor":12.0,"key":"Centennial Puzzle"},{"floor":14.0,"key":"Lantern"},{"floor":24.0,"key":"Quantum Egg"},{"floor":26.0,"key":"ReplayTheSpireMod:TigerMarble"},{"floor":30.0,"key":"MealTicket"},{"floor":32.0,"key":"Red Skull"},{"floor":43.0,"key":"infinitespire:Satchel"},{"floor":44.0,"key":"StrikeDummy"},{"floor":47.0,"key":"Durian"},{"floor":58.0,"key":"MawBank"},{"floor":60.0,"key":"InkBottle"},{"floor":61.0,"key":"Anchor"},{"floor":65.0,"key":"Smiling Mask"},{"floor":75.0,"key":"Bronze Scales"},{"floor":77.0,"key":"Replay:Arrowhead"},{"floor":78.0,"key":"Pet Ghost"},{"floor":91.0,"key":"Happy Flower"},{"floor":94.0,"key":"Potion Belt"},{"floor":98.0,"key":"Bag of Marbles"},{"floor":108.0,"key":"Ginger"},{"floor":111.0,"key":"Letter Opener"},{"floor":113.0,"key":"Pen Nib"},{"floor":125.0,"key":"Another Sword"},{"floor":128.0,"key":"Toy Ornithopter"},{"floor":129.0,"key":"infinitespire:CheckeredPen"},{"floor":132.0,"key":"Onion Ring"},{"floor":143.0,"key":"Question Card"},{"floor":149.0,"key":"Bird Faced Urn"},{"floor":151.0,"key":"Thread and Needle"}],"event_choices":[{"damage_healed":0.0,"max_hp_gain":0.0,"max_hp_loss":0.0,"gold_gain":0.0,"event_name":"Accursed Blacksmith","player_choice":"Rummage","floor":3.0,"gold_loss":0.0,"damage_taken":0.0,"relics_obtained":["WarpedTongs"],"cards_obtained":["Pain"]},{"damage_healed":0.0,"max_hp_gain":0.0,"max_hp_loss":0.0,"gold_gain":0.0,"event_name":"Vampires","player_choice":"Ignored","floor":20.0,"gold_loss":0.0,"damage_taken":0.0},{"cards_removed":["Strike_R"],"damage_healed":0.0,"max_hp_gain":0.0,"max_hp_loss":0.0,"gold_gain":0.0,"event_name":"Back to Basics","player_choice":"Elegance","floor":22.0,"gold_loss":0.0,"damage_taken":0.0},{"damage_healed":0.0,"max_hp_gain":0.0,"max_hp_loss":0.0,"gold_gain":0.0,"event_name":"Addict","player_choice":"Stole Relic","floor":25.0,"gold_loss":0.0,"damage_taken":0.0,"relics_obtained":["Replay:Wax Seal"],"cards_obtained":["Shame"]},{"damage_healed":0.0,"max_hp_gain":0.0,"max_hp_loss":0.0,"gold_gain":0.0,"event_name":"SensoryStone","player_choice":"Memory 1","floor":37.0,"gold_loss":0.0,"damage_taken":0.0},{"cards_removed":["Combust"],"damage_healed":0.0,"max_hp_gain":0.0,"max_hp_loss":0.0,"gold_gain":0.0,"event_name":"The Cleric","player_choice":"Card Removal","floor":54.0,"gold_loss":50.0,"damage_taken":0.0},{"damage_healed":0.0,"max_hp_gain":0.0,"max_hp_loss":0.0,"gold_gain":175.0,"event_name":"Liars Game","player_choice":"AGREE","floor":55.0,"gold_loss":0.0,"damage_taken":0.0,"cards_obtained":["Doubt"]},{"damage_healed":0.0,"max_hp_gain":0.0,"max_hp_loss":0.0,"gold_gain":0.0,"event_name":"Drug Dealer","player_choice":"Inject Mutagens","floor":71.0,"gold_loss":0.0,"damage_taken":0.0,"relics_obtained":["MutagenicStrength"]},{"cards_removed":["Strike_R"],"damage_healed":0.0,"max_hp_gain":0.0,"max_hp_loss":0.0,"gold_gain":0.0,"event_name":"Purifier","player_choice":"Purged","floor":73.0,"gold_loss":0.0,"damage_taken":0.0},{"damage_healed":0.0,"max_hp_gain":0.0,"max_hp_loss":0.0,"gold_gain":0.0,"event_name":"Ghosts","player_choice":"Ignored","floor":80.0,"gold_loss":0.0,"damage_taken":0.0},{"damage_healed":0.0,"max_hp_gain":0.0,"max_hp_loss":0.0,"gold_gain":0.0,"event_name":"The Woman in Blue","player_choice":"Bought 0 Potions","floor":87.0,"gold_loss":0.0,"damage_taken":0.0},{"cards_removed":["Spot Weakness"],"damage_healed":0.0,"max_hp_gain":0.0,"max_hp_loss":0.0,"gold_gain":0.0,"event_name":"Purifier","player_choice":"Purged","floor":95.0,"gold_loss":0.0,"damage_taken":0.0},{"damage_healed":0.0,"max_hp_gain":0.0,"max_hp_loss":0.0,"gold_gain":0.0,"event_name":"Big Fish","player_choice":"Box","floor":104.0,"gold_loss":0.0,"damage_taken":0.0,"relics_obtained":["War Paint"],"cards_obtained":["Regret"]},{"damage_healed":0.0,"max_hp_gain":0.0,"max_hp_loss":0.0,"gold_gain":175.0,"event_name":"Liars Game","player_choice":"AGREE","floor":106.0,"gold_loss":0.0,"damage_taken":0.0,"cards_obtained":["Doubt"]},{"cards_removed":["ReplayTheSpireMod:Doomed"],"damage_healed":0.0,"max_hp_gain":0.0,"max_hp_loss":0.0,"gold_gain":0.0,"event_name":"Back to Basics","player_choice":"Elegance","floor":121.0,"gold_loss":0.0,"damage_taken":0.0},{"cards_removed":["Berserk"],"damage_healed":0.0,"max_hp_gain":0.0,"max_hp_loss":0.0,"gold_gain":0.0,"event_name":"Falling","player_choice":"Removed Power","floor":138.0,"gold_loss":0.0,"damage_taken":0.0},{"damage_healed":0.0,"max_hp_gain":0.0,"max_hp_loss":0.0,"gold_gain":0.0,"event_name":"SensoryStone","player_choice":"Memory 1","floor":144.0,"gold_loss":0.0,"damage_taken":0.0},{"damage_healed":0.0,"max_hp_gain":0.0,"max_hp_loss":0.0,"gold_gain":0.0,"event_name":"Tomb of Lord Red Mask","player_choice":"Ignored","floor":146.0,"gold_loss":0.0,"damage_taken":0.0},{"damage_healed":0.0,"max_hp_gain":0.0,"max_hp_loss":0.0,"gold_gain":0.0,"event_name":"Mysterious Sphere","player_choice":"Fight","floor":151.0,"gold_loss":0.0,"damage_taken":0.0}],"is_beta":false,"boss_relics":[{"not_picked":["Black Star","Fusion Hammer"],"picked":"Sozu"},{"not_picked":["Runic Pyramid","Runic Dome"],"picked":"infinitespire:Burning Sword"},{"not_picked":["Painkiller Herb","ReplayTheSpireMod:SealedPack"],"picked":"Mark of Pain"},{"not_picked":["Black Star","Coffee Dripper"],"picked":"Busted Crown"},{"not_picked":["SlaversCollar","SacredBark"],"picked":"ChewingGum"},{"not_picked":["Runic Pyramid","Painkiller Herb"],"picked":"Black Blood"},{"not_picked":["Honey Jar","Painkiller Herb"],"picked":"Replay:Grab Bag"},{"not_picked":["infinitespire:Cupcake","Abe\u0027s Treasure"],"picked":"Electric Blood"},{"not_picked":["Velvet Choker","Ooze Armor"],"picked":"Cursed Key"},{"not_picked":["Ring of Chaos","SlaversCollar"],"picked":"Kintsugi"},{"not_picked":["ReplayTheSpireMod:SealedPack","ReplayTheSpireMod:DimensionalGlitch"],"picked":"Coffee Dripper"}],"items_purged_floors":[4,19,27,36,38,41,70,81,93,107,110,114,122,131,140,147],"is_endless":true,"potions_floor_spawned":[5,11,14,16,28,29,30,35,39,59,61,62,64,65,67,69,78,89,90,97,99,101,103,116,118,120,125,143,149,151],"killed_by":"Time Eater","ascension_level":1}}