{"host":"ixbvfs3so5a39bhe","time":1610708026,"event":{"mods":["BaseMod","Minty Spire (QoL Compilation)","Quick Restart","StSLib"],"gold_per_floor":[118,130,205,205,23,53,53,65,65,65,76,76,76],"floor_reached":12,"language":"ZHS","playtime":313,"items_purged":["Strike_R"],"score":118,"play_id":"298906c1-8697-48dd-b5d4-464f777854f2","local_time":"20210115185346","is_ascension_mode":true,"campfire_choices":[{"data":"Dark Embrace","floor":7,"key":"SMITH"}],"circlet_count":0,"master_deck":["Strike_R","Strike_R","Strike_R","Strike_R","Defend_R","Defend_R","Defend_R","Defend_R+1","Bash","Burning Pact","Dark Embrace+1","Fire Breathing"],"relics":["Burning Blood","NeowsBlessing","Molten Egg 2","Toxic Egg 2"],"acts_visited":["Exordium"],"potions_floor_usage":[12],"damage_taken":[{"damage":0,"enemies":"Small Slimes","floor":1,"turns":1},{"damage":0,"enemies":"Jaw Worm","floor":2,"turns":1},{"damage":0,"enemies":"Lagavulin","floor":6,"turns":1},{"damage":16,"enemies":"Cultist","floor":8,"turns":4},{"damage":26,"enemies":"Blue Slaver","floor":11,"turns":4},{"damage":44,"enemies":"Gremlin Nob","floor":12,"turns":5}],"seed_played":"-5765123675439255058","potions_obtained":[{"floor":2,"key":"SkillPotion"},{"floor":6,"key":"Strength Potion"}],"is_trial":false,"path_per_floor":["M","M","?","?","$","E","R","M","T","$","M","E"],"character_chosen":"IRONCLAD","items_purchased":["Burning Pact","Dark Embrace"],"campfire_rested":0,"item_purchase_floors":[5,5],"current_hp_per_floor":[80,80,69,69,69,75,75,65,65,65,45,1,1],"gold":76,"neow_bonus":"THREE_ENEMY_KILL","is_daily":false,"chose_seed":false,"campfire_upgraded":1,"win_rate":0.0,"timestamp":1610708026,"path_taken":["M","M","?","?","$","E","R","M","T","$","M","E"],"items_purchased_type":["Card","Card"],"build_version":"2020-12-22","purchased_purges":1,"victory":false,"max_hp_per_floor":[80,80,80,80,80,80,80,80,80,80,80,80,80],"card_choices":[{"not_picked":["Havoc","Infernal Blade","Intimidate"],"picked":"SKIP","floor":1},{"not_picked":["Hemokinesis","Sword Boomerang","Rupture"],"picked":"SKIP","floor":2},{"not_picked":["Sword Boomerang+1","Cleave+1","Shockwave"],"picked":"SKIP","floor":6},{"not_picked":["Headbutt+1","Armaments","Feed+1"],"picked":"SKIP","floor":8},{"not_picked":["Clash+1","Dual Wield+1"],"picked":"Fire Breathing","floor":11}],"player_experience":151624,"relics_obtained":[{"floor":6,"key":"Molten Egg 2"},{"floor":9,"key":"Toxic Egg 2"}],"event_choices":[{"damage_healed":0,"gold_gain":75,"player_choice":"Gather Gold","damage_taken":11,"max_hp_gain":0,"max_hp_loss":0,"event_name":"World of Goop","floor":3,"gold_loss":0},{"damage_healed":0,"gold_gain":0,"player_choice":"Upgraded","damage_taken":0,"max_hp_gain":0,"max_hp_loss":0,"event_name":"Upgrade Shrine","floor":4,"gold_loss":0,"cards_upgraded":["Defend_R"]}],"is_beta":false,"boss_relics":[],"items_purged_floors":[5],"is_endless":false,"potions_floor_spawned":[2,6],"killed_by":"Gremlin Nob","ascension_level":3}}