{"host":"dztixnx9b0gu6w9i","time":1610752709,"event":{"mods":["BaseMod","Bestiary","Minty Spire (QoL Compilation)","Relic Stats","Slay the Relics Exporter","SpireBot","ojb\u0027s Better Paths Mod","ojb\u0027s Info Mod"],"gold_per_floor":[112,123,123,143,143,143,178,178,201,219,251,264,277,277,277,351,351,366,27,27,207,223,243,260,260,260,260,260,288,306,333,333,408,408,425,444,444,456,473,503,503,522,522,550,550,850,869,884,884,884,884,884,884,129,129,129],"floor_reached":55,"language":"ENG","playtime":7707,"items_purged":["Strike_R"],"score":2061,"play_id":"11f64af9-8444-4d94-8db1-983f34d7f104","local_time":"20210115181829","is_ascension_mode":true,"campfire_choices":[{"data":"Armaments","floor":6,"key":"SMITH"},{"data":"Bludgeon","floor":8,"key":"SMITH"},{"data":"Combust","floor":15,"key":"SMITH"},{"data":"Corruption","floor":25,"key":"SMITH"},{"data":"RitualDagger","floor":28,"key":"SMITH"},{"data":"Dark Embrace","floor":32,"key":"SMITH"},{"data":"Brutality","floor":41,"key":"SMITH"},{"floor":49,"key":"RECALL"},{"data":"Impervious","floor":53,"key":"SMITH"}],"circlet_count":0,"master_deck":["AscendersBane","Strike_R","Strike_R","Strike_R+1","Strike_R","Defend_R","Defend_R+1","Defend_R","Defend_R+1","Bash+1","Shockwave","Armaments+1","Heavy Blade","Bludgeon+1","Combust+1","Inflame","Corruption+1","Exhume","Burning Pact+1","Dark Embrace+1","Dark Shackles","Clothesline+1","Feel No Pain","RitualDagger+1","Limit Break","Impervious+1","Shrug It Off+1","Dual Wield","Brutality+1","Sword Boomerang+1","Battle Trance+1","Battle Trance","Clothesline+1","Master of Strategy","Feel No Pain","Warcry"],"relics":["Burning Blood","StoneCalendar","Spirit Poop","Akabeko","Whetstone","Smiling Mask","Paper Frog","Coffee Dripper","Brimstone","Ice Cream","War Paint","PreservedInsect","Philosopher\u0027s Stone","Nunchaku","Vajra","Self Forming Clay"],"acts_visited":["Exordium","TheCity","TheBeyond","TheEnding"],"potions_floor_usage":[7,11,22,29,31,40,51,51,55,55],"damage_taken":[{"damage":3,"enemies":"2 Louse","floor":1,"turns":3},{"damage":12,"enemies":"Small Slimes","floor":2,"turns":4},{"damage":1,"enemies":"Cultist","floor":4,"turns":3},{"damage":24,"enemies":"Gremlin Nob","floor":7,"turns":4},{"damage":5,"enemies":"3 Louse","floor":10,"turns":4},{"damage":2,"enemies":"Lagavulin","floor":11,"turns":5},{"damage":4,"enemies":"Exordium Wildlife","floor":12,"turns":3},{"damage":1,"enemies":"Looter","floor":13,"turns":2},{"damage":2,"enemies":"Slime Boss","floor":16,"turns":5},{"damage":9,"enemies":"2 Thieves","floor":18,"turns":3},{"damage":2,"enemies":"Spheric Guardian","floor":22,"turns":2},{"damage":14,"enemies":"Snake Plant","floor":23,"turns":2},{"damage":0,"enemies":"Sentry and Sphere","floor":24,"turns":4},{"damage":4,"enemies":"Gremlin Leader","floor":29,"turns":5},{"damage":0,"enemies":"3 Cultists","floor":30,"turns":5},{"damage":23,"enemies":"Book of Stabbing","floor":31,"turns":3},{"damage":6,"enemies":"Champ","floor":33,"turns":6},{"damage":2,"enemies":"3 Shapes","floor":35,"turns":2},{"damage":14,"enemies":"3 Darklings","floor":36,"turns":5},{"damage":0,"enemies":"Spire Growth","floor":38,"turns":4},{"damage":35,"enemies":"4 Shapes","floor":39,"turns":4},{"damage":1,"enemies":"Giant Head","floor":40,"turns":4},{"damage":5,"enemies":"Transient","floor":42,"turns":6},{"damage":21,"enemies":"Nemesis","floor":44,"turns":4},{"damage":1,"enemies":"3 Darklings","floor":47,"turns":2},{"damage":5,"enemies":"Sphere and 2 Shapes","floor":48,"turns":5},{"damage":45,"enemies":"Awakened One","floor":50,"turns":6},{"damage":5,"enemies":"Donu and Deca","floor":51,"turns":5},{"damage":66,"enemies":"Shield and Spear","floor":55,"turns":2}],"seed_played":"-4957164236474811574","potions_obtained":[{"floor":2,"key":"DistilledChaos"},{"floor":10,"key":"PowerPotion"},{"floor":13,"key":"SteroidPotion"},{"floor":16,"key":"FearPotion"},{"floor":18,"key":"Fire Potion"},{"floor":23,"key":"Swift Potion"},{"floor":33,"key":"Weak Potion"},{"floor":35,"key":"ElixirPotion"},{"floor":39,"key":"Swift Potion"},{"floor":47,"key":"Swift Potion"}],"is_trial":false,"path_per_floor":["M","M","?","M","?","R","E","R","T","M","E","M","M","?","R","B",null,"M","$","?","?","M","M","M","R","T","?","R","E","M","E","R","B",null,"M","M","?","M","M","E","R","M","T","E","?","?","M","M","R","B","B",null,"R","$","E"],"character_chosen":"IRONCLAD","items_purchased":["Dark Embrace","Brimstone","Dark Shackles","Master of Strategy","Feel No Pain","PowerPotion","SkillPotion","Warcry","Self Forming Clay"],"campfire_rested":0,"item_purchase_floors":[19,19,19,54,54,54,54,54,54],"current_hp_per_floor":[71,65,70,75,75,75,57,57,57,58,62,64,69,64,64,68,77,74,74,74,55,59,51,57,57,57,51,51,53,59,42,42,42,71,75,67,67,73,44,49,49,50,50,35,66,66,66,66,66,27,28,57,57,57,0,0],"gold":129,"neow_bonus":"ONE_RARE_RELIC","is_daily":false,"chose_seed":false,"campfire_upgraded":8,"win_rate":0.0,"timestamp":1610752709,"path_taken":["M","M","?","M","?","R","E","R","T","?","E","M","M","?","R","BOSS","M","$","?","?","?","M","M","R","T","?","R","E","M","E","R","BOSS","M","M","?","?","M","E","R","M","T","E","?","?","?","M","R","BOSS","BOSS","R","$","E"],"items_purchased_type":["Card","Relic","Card","Card","Card","Potion","Potion","Card","Relic"],"build_version":"2020-12-22","purchased_purges":1,"victory":false,"max_hp_per_floor":[75,75,80,80,80,80,80,80,80,80,80,80,80,80,80,80,80,80,80,80,80,80,80,80,80,80,80,80,80,80,80,80,80,80,80,80,80,80,80,80,80,80,80,80,66,66,66,66,66,66,66,66,66,66,66,66],"relic_stats":{"Nunchaku":[5],"counters":[29,112],"Self Forming Clay":[3],"StoneCalendar":[0],"PreservedInsect":257,"Whetstone":["Bash","Strike_R"],"War Paint":["Defend_R","Defend_R"],"Smiling Mask":25,"obtain_stats":[{"Ice Cream":26,"Self Forming Clay":54,"Spirit Poop":5,"Vajra":44,"StoneCalendar":0,"PreservedInsect":31,"Whetstone":9,"War Paint":29,"Smiling Mask":11,"Burning Blood":0,"Akabeko":7,"Nunchaku":40,"Brimstone":19,"Philosopher\u0027s Stone":34,"Coffee Dripper":17,"Paper Frog":14},{"Ice Cream":13,"Self Forming Clay":28,"Spirit Poop":3,"Vajra":24,"StoneCalendar":0,"PreservedInsect":16,"Whetstone":4,"War Paint":14,"Smiling Mask":6,"Burning Blood":0,"Akabeko":4,"Nunchaku":22,"Brimstone":10,"Philosopher\u0027s Stone":17,"Coffee Dripper":9,"Paper Frog":8},{"Ice Cream":44,"Self Forming Clay":110,"Spirit Poop":10,"Vajra":92,"StoneCalendar":0,"PreservedInsect":57,"Whetstone":14,"War Paint":49,"Smiling Mask":23,"Burning Blood":0,"Akabeko":14,"Nunchaku":82,"Brimstone":36,"Philosopher\u0027s Stone":63,"Coffee Dripper":33,"Paper Frog":28}],"Burning Blood":162},"card_choices":[{"not_picked":["True Grit","Warcry"],"picked":"Shockwave","floor":1},{"not_picked":["Entrench","Sword Boomerang"],"picked":"Armaments","floor":2},{"not_picked":["Bloodletting","Intimidate"],"picked":"Heavy Blade","floor":4},{"not_picked":["Warcry","Clothesline"],"picked":"Bludgeon","floor":7},{"not_picked":["Intimidate","Rampage","Body Slam"],"picked":"SKIP","floor":10},{"not_picked":["True Grit","Blood for Blood"],"picked":"Combust","floor":11},{"not_picked":["Anger","Feel No Pain"],"picked":"Inflame","floor":12},{"not_picked":["Warcry","Body Slam"],"picked":"Corruption","floor":13},{"not_picked":["Bludgeon","Demon Form"],"picked":"Exhume","floor":16},{"not_picked":["Twin Strike","Warcry"],"picked":"Burning Pact","floor":18},{"not_picked":["Dark Embrace","Clothesline+1","Armaments"],"picked":"SKIP","floor":22},{"not_picked":["Dark Embrace","Armaments"],"picked":"Clothesline+1","floor":22},{"not_picked":["Intimidate","Evolve+1","Armaments"],"picked":"SKIP","floor":23},{"not_picked":["Intimidate","Evolve+1","Armaments"],"picked":"SKIP","floor":23},{"not_picked":["Iron Wave","Clash"],"picked":"Feel No Pain","floor":24},{"not_picked":["Bloodletting","Iron Wave"],"picked":"Limit Break","floor":29},{"not_picked":["Headbutt","Carnage","Twin Strike"],"picked":"SKIP","floor":30},{"not_picked":["Flex","Intimidate","Body Slam"],"picked":"SKIP","floor":31},{"not_picked":["Flex","Intimidate","Body Slam"],"picked":"SKIP","floor":31},{"not_picked":["Demon Form","Juggernaut"],"picked":"Impervious","floor":33},{"not_picked":["Perfected Strike","Iron Wave"],"picked":"Shrug It Off+1","floor":35},{"not_picked":["Inflame","Combust"],"picked":"Dual Wield","floor":36},{"not_picked":["Double Tap","Twin Strike","Anger+1"],"picked":"SKIP","floor":38},{"not_picked":["Metallicize","Body Slam","Anger"],"picked":"SKIP","floor":39},{"not_picked":["True Grit","Havoc+1"],"picked":"Brutality","floor":40},{"not_picked":["Iron Wave","Whirlwind+1"],"picked":"Sword Boomerang+1","floor":42},{"not_picked":["Perfected Strike","Bludgeon"],"picked":"Battle Trance+1","floor":44},{"not_picked":["Perfected Strike","Heavy Blade+1"],"picked":"Battle Trance","floor":47},{"not_picked":["Combust+1","Perfected Strike"],"picked":"Clothesline+1","floor":48}],"player_experience":8162079,"relics_obtained":[{"floor":7,"key":"Akabeko"},{"floor":9,"key":"Whetstone"},{"floor":11,"key":"Smiling Mask"},{"floor":26,"key":"Ice Cream"},{"floor":29,"key":"War Paint"},{"floor":31,"key":"PreservedInsect"},{"floor":40,"key":"Nunchaku"},{"floor":44,"key":"Vajra"}],"event_choices":[{"damage_healed":0,"gold_gain":0,"player_choice":"Donut","damage_taken":0,"max_hp_gain":5,"max_hp_loss":0,"event_name":"Big Fish","floor":3,"gold_loss":0},{"cards_removed":["Decay"],"damage_healed":0,"gold_gain":0,"player_choice":"Offered Curse","damage_taken":0,"relics_obtained":["Spirit Poop"],"max_hp_gain":0,"max_hp_loss":0,"event_name":"Bonfire Elementals","floor":5,"gold_loss":0},{"damage_healed":0,"gold_gain":0,"player_choice":"Success","damage_taken":5,"relics_obtained":["Paper Frog"],"max_hp_gain":0,"max_hp_loss":0,"event_name":"Scrap Ooze","floor":14,"gold_loss":0},{"damage_healed":0,"gold_gain":0,"player_choice":"Ignored","damage_taken":0,"max_hp_gain":0,"max_hp_loss":0,"event_name":"The Mausoleum","floor":20,"gold_loss":0},{"damage_healed":0,"gold_gain":180,"player_choice":"GOLD GOLD ","damage_taken":19,"max_hp_gain":0,"max_hp_loss":0,"event_name":"Knowing Skull","floor":21,"potions_obtained":[],"gold_loss":0,"cards_obtained":[]},{"damage_healed":0,"gold_gain":0,"player_choice":"Joined the Cult","damage_taken":6,"max_hp_gain":0,"max_hp_loss":0,"event_name":"Nest","floor":27,"gold_loss":0,"cards_obtained":["RitualDagger"]},{"damage_healed":0,"gold_gain":0,"player_choice":"Upgraded","damage_taken":0,"max_hp_gain":0,"max_hp_loss":0,"event_name":"Upgrade Shrine","floor":37,"gold_loss":0,"cards_upgraded":["Burning Pact"]},{"damage_healed":66,"gold_gain":0,"player_choice":"Heal","damage_taken":0,"max_hp_gain":0,"max_hp_loss":14,"event_name":"The Moai Head","floor":45,"gold_loss":0},{"damage_healed":0,"gold_gain":300,"player_choice":"Gold","damage_taken":0,"max_hp_gain":0,"max_hp_loss":0,"event_name":"Wheel of Change","floor":46,"gold_loss":0}],"is_beta":false,"boss_relics":[{"not_picked":["Velvet Choker","Calling Bell"],"picked":"Coffee Dripper"},{"not_picked":["Tiny House","Black Blood"],"picked":"Philosopher\u0027s Stone"}],"items_purged_floors":[54],"is_endless":false,"potions_floor_spawned":[2,10,13,16,18,23,24,33,35,39,47,48],"killed_by":"Shield and Spear","ascension_level":20}}