{"host":"7rmsgc3rayi00cdt","time":1610729574,"event":{"mods":["BaseMod","Minty Spire (QoL Compilation)"],"gold_per_floor":[115,115,115,126,142,142,160,192,192,250,270,270,25,41,41,115,115,135,150,167,167,167,167,7,7,7,19,19,19],"floor_reached":28,"language":"ENG","playtime":883,"items_purged":["Regret"],"score":396,"play_id":"eb954341-f4b2-4c97-9888-7b1bdb73d4e9","local_time":"20210115165254","is_ascension_mode":true,"campfire_choices":[{"floor":6.0,"key":"REST"},{"floor":15,"key":"REST"},{"floor":23,"key":"REST"}],"circlet_count":0,"master_deck":["AscendersBane","Strike_B","Strike_B","Strike_B","Strike_B","Defend_B","Defend_B","Defend_B","Defend_B","Zap+1","Dualcast","Gash","Leap","Hologram","Streamline","Auto Shields","Go for the Eyes","BootSequence+1","All For One"],"relics":["Cracked Core","Ice Cream","Singing Bowl","Symbiotic Virus","Eternal Feather","Gremlin Horn","SlaversCollar","Darkstone Periapt","The Courier"],"acts_visited":["Exordium","TheCity"],"potions_floor_usage":[10,14,16,20,20],"damage_taken":[{"damage":0.0,"enemies":"2 Louse","floor":1.0,"turns":2.0},{"damage":4.0,"enemies":"Jaw Worm","floor":4.0,"turns":3.0},{"damage":2.0,"enemies":"Small Slimes","floor":5.0,"turns":3.0},{"damage":7.0,"enemies":"Looter","floor":7.0,"turns":3.0},{"damage":22.0,"enemies":"3 Sentries","floor":8.0,"turns":8.0},{"damage":19,"enemies":"3 Sentries","floor":10,"turns":6},{"damage":9,"enemies":"Gremlin Gang","floor":11,"turns":4},{"damage":4,"enemies":"Red Slaver","floor":14,"turns":3},{"damage":7,"enemies":"The Guardian","floor":16,"turns":10},{"damage":5,"enemies":"3 Byrds","floor":18,"turns":5},{"damage":15,"enemies":"Shell Parasite","floor":19,"turns":5},{"damage":48,"enemies":"3 Cultists","floor":20,"turns":6},{"damage":37,"enemies":"Cultist and Chosen","floor":27,"turns":6},{"damage":23,"enemies":"Gremlin Leader","floor":28,"turns":3}],"seed_played":"-8117306264311806233","potions_obtained":[{"floor":4.0,"key":"Strength Potion"},{"floor":5.0,"key":"Fire Potion"},{"floor":14,"key":"AttackPotion"},{"floor":19,"key":"SteroidPotion"}],"is_trial":false,"path_per_floor":["M","?","?","M","M","R","M","E","T","?","M","?","$","M","R","B",null,"M","M","M","T","?","R","$","?","T","M","E"],"character_chosen":"DEFECT","items_purchased":["Fruit Juice","Block Potion","All For One"],"campfire_rested":3,"item_purchase_floors":[13,13,24],"current_hp_per_floor":[46,46,46,42,40,61,56,34,34,17,8,8,8,9,42,37,71,66,53,7,7,7,41,41,58,58,23,0,0],"gold":19,"neow_bonus":"ONE_RARE_RELIC","is_daily":false,"chose_seed":false,"campfire_upgraded":0,"win_rate":0.0,"timestamp":1610729574,"path_taken":["M","?","?","M","M","R","?","E","T","?","M","?","?","M","R","BOSS","M","M","?","?","?","R","$","?","T","?","E"],"items_purchased_type":["Potion","Potion","Card"],"build_version":"2020-12-22","purchased_purges":1,"victory":false,"max_hp_per_floor":[71,71,71,71,71,71,73,73,73,75,75,75,75,80,80,82,82,82,84,86,86,86,86,86,86,86,88,88,88],"card_choices":[{"not_picked":["Turbo","Chaos"],"picked":"Gash","floor":1.0},{"not_picked":["Steam","Stack"],"picked":"Leap","floor":4.0},{"not_picked":["Conserve Battery","Leap"],"picked":"Hologram","floor":5.0},{"not_picked":["Doom and Gloom","Rainbow","Compile Driver"],"picked":"Singing Bowl","floor":7.0},{"not_picked":["Rebound","Undo"],"picked":"Streamline","floor":8},{"not_picked":["Coolheaded","Capacitor","Redo"],"picked":"Singing Bowl","floor":10},{"not_picked":["Conserve Battery","Beam Cell"],"picked":"Auto Shields","floor":11},{"not_picked":["Doom and Gloom","Coolheaded"],"picked":"Go for the Eyes","floor":14},{"not_picked":["Meteor Strike","Multi-Cast","Hyperbeam"],"picked":"Singing Bowl","floor":16},{"not_picked":["Turbo","Stack"],"picked":"BootSequence+1","floor":18},{"not_picked":["Fusion","Turbo","Conserve Battery"],"picked":"Singing Bowl","floor":19},{"not_picked":["Steam","Barrage+1","Darkness"],"picked":"Singing Bowl","floor":20},{"not_picked":["Coolheaded","Go for the Eyes","Chaos"],"picked":"Singing Bowl","floor":27}],"player_experience":767541,"relics_obtained":[{"floor":8,"key":"Symbiotic Virus"},{"floor":9,"key":"Eternal Feather"},{"floor":10,"key":"Gremlin Horn"},{"floor":21,"key":"Darkstone Periapt"},{"floor":26,"key":"The Courier"}],"event_choices":[{"damage_healed":0.0,"max_hp_gain":0.0,"max_hp_loss":0.0,"gold_gain":0.0,"event_name":"Living Wall","player_choice":"Grow","floor":2.0,"gold_loss":0.0,"damage_taken":0.0,"cards_upgraded":["Zap"]},{"damage_healed":0.0,"max_hp_gain":0.0,"max_hp_loss":0.0,"gold_gain":0.0,"event_name":"Big Fish","player_choice":"Box","floor":3.0,"gold_loss":0.0,"damage_taken":0.0,"relics_obtained":["Singing Bowl"],"cards_obtained":["Regret"]},{"damage_healed":0,"gold_gain":0,"player_choice":"Searched \u00272\u0027 times","damage_taken":0,"max_hp_gain":0,"max_hp_loss":0,"event_name":"Dead Adventurer","floor":10,"gold_loss":0},{"damage_healed":0,"gold_gain":0,"player_choice":"Ignored","damage_taken":0,"max_hp_gain":0,"max_hp_loss":0,"event_name":"Shining Light","floor":12,"gold_loss":0},{"damage_healed":0,"gold_gain":0,"player_choice":"Ignored","damage_taken":0,"max_hp_gain":0,"max_hp_loss":0,"event_name":"Vampires","floor":22,"gold_loss":0},{"damage_healed":17,"gold_gain":0,"player_choice":"Heal","damage_taken":0,"max_hp_gain":0,"max_hp_loss":0,"event_name":"The Library","floor":25,"gold_loss":0}],"is_beta":false,"boss_relics":[{"not_picked":["SacredBark","Velvet Choker"],"picked":"SlaversCollar"}],"items_purged_floors":[13],"is_endless":false,"potions_floor_spawned":[4,5,14,19],"killed_by":"Gremlin Leader","ascension_level":16}}