{"host":"9l1knhxfturzliqa","time":1610677948,"event":{"mods":["BaseMod","Colored Map","Colored Powertips","DeckTracker","Highlight Path","Keyboard Shortcuts","Minty Spire (QoL Compilation)","Random Character Button"],"gold_per_floor":[112,130,100,112,112,112,126,126,126,126,145,145,145,70,70,169,169,204,232,244,244],"floor_reached":20,"language":"KOR","playtime":886,"items_purged":["Strike_G"],"score":303,"play_id":"61cf82fa-4456-451a-90e9-1c1418afb5cd","local_time":"20210115113228","is_ascension_mode":true,"campfire_choices":[{"data":"Flechettes","floor":6.0,"key":"SMITH"},{"data":"Outmaneuver","floor":10.0,"key":"SMITH"},{"data":"PiercingWail","floor":12.0,"key":"SMITH"},{"data":"Neutralize","floor":15.0,"key":"SMITH"}],"circlet_count":0,"master_deck":["AscendersBane","Strike_G","Strike_G","Strike_G","Strike_G","Defend_G","Defend_G","Defend_G","Defend_G","Defend_G","Survivor","Neutralize+1","Poisoned Stab","Cloak And Dagger","Flechettes+1","Outmaneuver+1","PiercingWail+1","A Thousand Cuts","CurseOfTheBell","Sucker Punch","Reflex"],"relics":["Ring of the Snake","Pocketwatch","White Beast Statue","Pear","Golden Idol","Calling Bell","MawBank","Shuriken","StoneCalendar"],"acts_visited":["Exordium","TheCity"],"potions_floor_usage":[18,19],"damage_taken":[{"damage":1.0,"enemies":"Cultist","floor":1.0,"turns":4.0},{"damage":1.0,"enemies":"Small Slimes","floor":2.0,"turns":3.0},{"damage":0.0,"enemies":"2 Louse","floor":4.0,"turns":3.0},{"damage":1.0,"enemies":"Red Slaver","floor":7.0,"turns":3.0},{"damage":4.0,"enemies":"Large Slime","floor":11.0,"turns":5.0},{"damage":25.0,"enemies":"The Guardian","floor":16.0,"turns":12.0},{"damage":31,"enemies":"2 Thieves","floor":18,"turns":5},{"damage":12,"enemies":"Spheric Guardian","floor":19,"turns":4},{"damage":20,"enemies":"Snake Plant","floor":20,"turns":3}],"seed_played":"-7795392813753342008","potions_obtained":[{"floor":3.0,"key":"SkillPotion"},{"floor":3.0,"key":"Dexterity Potion"},{"floor":7.0,"key":"Strength Potion"},{"floor":11.0,"key":"CultistPotion"},{"floor":16.0,"key":"SkillPotion"},{"floor":18,"key":"Weak Potion"},{"floor":19,"key":"Explosive Potion"}],"is_trial":false,"path_per_floor":["M","M","?","M","?","R","M","?","T","R","M","R","?","$","R","B",null,"M","M","M"],"character_chosen":"THE_SILENT","items_purchased":[],"campfire_rested":0,"item_purchase_floors":[],"current_hp_per_floor":[58,57,57,57,50,50,49,44,54,54,50,50,50,50,50,25,58,27,15,0,0],"gold":244,"neow_bonus":"ONE_RARE_RELIC","is_daily":false,"chose_seed":false,"campfire_upgraded":4,"win_rate":0.0,"timestamp":1610677948,"path_taken":["M","M","?","?","?","R","M","?","T","R","M","R","?","?","R","BOSS","M","M","M"],"items_purchased_type":[],"build_version":"2020-12-22","purchased_purges":1,"victory":false,"max_hp_per_floor":[66,66,66,66,66,66,66,66,76,76,76,76,69,69,69,69,69,69,69,69,69],"card_choices":[{"not_picked":["Outmaneuver","Distraction"],"picked":"Poisoned Stab","floor":1.0},{"not_picked":["Terror","Sucker Punch"],"picked":"Cloak And Dagger","floor":2.0},{"not_picked":["PiercingWail","Dodge and Roll"],"picked":"Flechettes","floor":4.0},{"not_picked":["Skewer","Deadly Poison"],"picked":"Outmaneuver","floor":7.0},{"not_picked":["Bouncing Flask","Tools of the Trade"],"picked":"PiercingWail","floor":11.0},{"not_picked":["Tools of the Trade","Venomology"],"picked":"A Thousand Cuts","floor":16.0},{"not_picked":["Underhanded Strike","Cloak And Dagger"],"picked":"Sucker Punch","floor":18},{"not_picked":["Flying Knee","Deadly Poison"],"picked":"Reflex","floor":19}],"player_experience":446079,"relics_obtained":[{"floor":9.0,"key":"Pear"},{"floor":17.0,"key":"MawBank"},{"floor":17.0,"key":"Shuriken"},{"floor":17.0,"key":"StoneCalendar"}],"event_choices":[{"damage_healed":0.0,"max_hp_gain":0.0,"max_hp_loss":0.0,"gold_gain":0.0,"event_name":"The Woman in Blue","player_choice":"Bought 2 Potions","floor":3.0,"gold_loss":0.0,"damage_taken":0.0},{"cards_removed":["Injury"],"damage_healed":0.0,"max_hp_gain":0.0,"max_hp_loss":0.0,"gold_gain":0.0,"event_name":"Golden Wing","player_choice":"Card Removal","floor":5.0,"gold_loss":0.0,"damage_taken":7.0},{"damage_healed":0.0,"max_hp_gain":0.0,"max_hp_loss":0.0,"gold_gain":0.0,"event_name":"Scrap Ooze","player_choice":"Success","floor":8.0,"gold_loss":0.0,"damage_taken":5.0,"relics_obtained":["White Beast Statue"]},{"damage_healed":0.0,"max_hp_gain":0.0,"max_hp_loss":7.0,"gold_gain":0.0,"event_name":"Golden Idol","player_choice":"Lose Max HP","floor":13.0,"gold_loss":0.0,"damage_taken":0.0,"relics_obtained":["Golden Idol"]}],"is_beta":false,"boss_relics":[{"not_picked":["Black Star","WristBlade"],"picked":"Calling Bell"}],"items_purged_floors":[14],"is_endless":false,"potions_floor_spawned":[7,11,16,18,19],"killed_by":"Snake Plant","ascension_level":17}}