{"host":"71zygvukkr9gbg44","time":1610722006,"event":{"mods":["BaseMod","Downfall","Marisa£®ÏF”Í°°ƒß¿Ì…≥£©","Minty Spire (QoL Compilation)","StSLib","The Bug Knight"],"gold_per_floor":[111,186,266,191,208,240,240,275,275,302,302,330,342,356,356,452,452,466,330,330,340,350,378,398,398,398],"floor_reached":25,"language":"ZHS","playtime":1164,"items_purged":["Strike_B","Defend_B"],"score":301,"play_id":"8f9b8323-f063-4265-898d-31e0dfadc82d","local_time":"20210115224646","is_ascension_mode":true,"campfire_choices":[{"data":"Dualcast","floor":7.0,"key":"SMITH"},{"floor":11.0,"key":"REST"},{"data":"Zap","floor":15.0,"key":"SMITH"}],"circlet_count":0,"master_deck":["Strike_B","Strike_B","Defend_B","Zap+1","Dualcast+1","Doom and Gloom+1","Leap+1","Machine Learning+1","Conserve Battery","Compile Driver","Rebound","Self Repair","FTL","Double Energy","Rainbow","Defragment","Static Discharge","Ball Lightning","Fission"],"relics":["Astrolabe","HollowMod:PaleOreRelic","Bottled Lightning","Pen Nib","Strawberry","Inserter","Letter Opener"],"acts_visited":["Exordium","TheCity"],"potions_floor_usage":[25],"damage_taken":[{"damage":2.0,"enemies":"Jaw Worm","floor":1.0,"turns":3.0},{"damage":1.0,"enemies":"Cultist","floor":5.0,"turns":3.0},{"damage":4.0,"enemies":"Gremlin Nob","floor":6.0,"turns":4.0},{"damage":2.0,"enemies":"3 Sentries","floor":8.0,"turns":4.0},{"damage":18.0,"enemies":"Gremlin Nob","floor":10.0,"turns":4.0},{"damage":19.0,"enemies":"Lagavulin","floor":12.0,"turns":6.0},{"damage":0.0,"enemies":"2 Louse","floor":13.0,"turns":3.0},{"damage":7.0,"enemies":"Lots of Slimes","floor":14.0,"turns":2.0},{"damage":25.0,"enemies":"The Guardian","floor":16.0,"turns":8.0},{"damage":15.0,"enemies":"Shell Parasite","floor":18.0,"turns":5.0},{"damage":0.0,"enemies":"Chosen","floor":21.0,"turns":4.0},{"damage":21.0,"enemies":"Centurion and Healer","floor":22.0,"turns":6.0},{"damage":54.0,"enemies":"Slavers","floor":23.0,"turns":6.0},{"damage":21.0,"enemies":"Shelled Parasite and Fungi","floor":24.0,"turns":3.0},{"damage":13,"enemies":"Gremlin Leader","floor":25,"turns":3}],"seed_played":"478862036502639554","potions_obtained":[{"floor":8.0,"key":"Dexterity Potion"},{"floor":10.0,"key":"Weak Potion"},{"floor":12.0,"key":"FocusPotion"},{"floor":14.0,"key":"Fruit Juice"},{"floor":18.0,"key":"Fruit Juice"},{"floor":22.0,"key":"EntropicBrew"}],"is_trial":false,"path_per_floor":["M","?","?","$","M","E","R","E","T","E","R","E","M","M","R","B",null,"M","$","?","M","M","E","M","E"],"character_chosen":"DEFECT","items_purchased":["Defragment"],"campfire_rested":1,"item_purchase_floors":[19],"current_hp_per_floor":[73,62,62,62,61,57,57,55,55,37,59,54,61,59,59,41,87,84,84,84,91,77,30,9,0,0],"gold":398,"neow_bonus":"BOSS_RELIC","is_daily":false,"chose_seed":false,"campfire_upgraded":2,"win_rate":0.0,"timestamp":1610722006,"path_taken":["M","?","?","$","M","E","R","E","T","E","R","E","M","M","R","BOSS","M","$","?","?","M","E","M","E"],"items_purchased_type":["Card"],"build_version":"2020-12-22","purchased_purges":2,"victory":false,"max_hp_per_floor":[75,75,75,75,75,75,75,75,75,75,75,82,82,87,87,87,87,92,92,92,92,92,92,92,92,92],"card_choices":[{"not_picked":["Hologram","Sweeping Beam"],"picked":"Conserve Battery","floor":1.0},{"not_picked":["Scrape","Sweeping Beam"],"picked":"Compile Driver","floor":5.0},{"not_picked":["Coolheaded","Turbo"],"picked":"Rebound","floor":6.0},{"not_picked":["Stack","Conserve Battery","Go for the Eyes"],"picked":"SKIP","floor":8.0},{"not_picked":["FTL","Cold Snap"],"picked":"Self Repair","floor":10.0},{"not_picked":["Genetic Algorithm","Sunder"],"picked":"FTL","floor":12.0},{"not_picked":["White Noise","Redo"],"picked":"Double Energy","floor":13.0},{"not_picked":["Sweeping Beam","Beam Cell","Turbo"],"picked":"SKIP","floor":14.0},{"not_picked":["Seek","Reboot"],"picked":"Rainbow","floor":16.0},{"not_picked":["Hologram","Barrage","Stack"],"picked":"SKIP","floor":18.0},{"not_picked":["Hologram+1","Heatsinks"],"picked":"Static Discharge","floor":21.0},{"not_picked":["Rebound","Conserve Battery+1","Leap"],"picked":"SKIP","floor":22.0},{"not_picked":["Reinforced Body","Genetic Algorithm"],"picked":"Ball Lightning","floor":23.0},{"not_picked":["Gash+1","Ball Lightning"],"picked":"Fission","floor":24.0}],"player_experience":49452,"relics_obtained":[{"floor":6.0,"key":"HollowMod:PaleOreRelic"},{"floor":8.0,"key":"Bottled Lightning"},{"floor":10.0,"key":"Pen Nib"},{"floor":12.0,"key":"Strawberry"},{"floor":23.0,"key":"Letter Opener"}],"event_choices":[{"damage_healed":0.0,"max_hp_gain":0.0,"max_hp_loss":0.0,"gold_gain":75.0,"event_name":"World of Goop","player_choice":"Gather Gold","floor":2.0,"gold_loss":0.0,"damage_taken":11.0},{"damage_healed":0.0,"max_hp_gain":0.0,"max_hp_loss":0.0,"gold_gain":80.0,"event_name":"Golden Wing","player_choice":"Gained Gold","floor":3.0,"gold_loss":0.0,"damage_taken":0.0},{"damage_healed":0.0,"max_hp_gain":0.0,"max_hp_loss":0.0,"gold_gain":0.0,"event_name":"Match and Keep!","player_choice":"0 cards matched","floor":20.0,"gold_loss":0.0,"damage_taken":0.0,"cards_obtained":[]}],"is_beta":false,"boss_relics":[{"not_picked":["Ectoplasm","Runic Pyramid"],"picked":"Inserter"}],"items_purged_floors":[4,19],"is_endless":false,"potions_floor_spawned":[8,10,12,14,18,22],"killed_by":"Gremlin Leader","ascension_level":2}}