{"host":"a2lvm7nbw6nkrc91","time":1610670245,"event":{"mods":["BaseMod","Friendly Minions","Hermit","Lobotomy","Minty Spire (QoL Compilation)","Replay The Spire","StSLib"],"gold_per_floor":[115,125,145,164,177,177,207,226,252,252,252,283,55,55,55,163,163,193,219,219,231,231],"floor_reached":21,"language":"KOR","playtime":791,"items_purged":["hermit:Defend_Hermit"],"score":191,"play_id":"9676d63f-37d3-486b-8dff-16503afc0a12","local_time":"20210115092405","is_ascension_mode":false,"campfire_choices":[{"data":"hermit:Vantage","floor":6.0,"key":"SMITH"},{"floor":10.0,"key":"REST"},{"data":"hermit:Combo","floor":15.0,"key":"SMITH"}],"circlet_count":0,"master_deck":["hermit:Strike_Hermit","hermit:Strike_Hermit","hermit:Strike_Hermit","hermit:Strike_Hermit","hermit:Defend_Hermit","hermit:Defend_Hermit","hermit:Defend_Hermit","hermit:Snapshot","hermit:Covet","BodiesMountain","hermit:Vantage+1","Freischutz","hermit:TrackingShot","Bloodbath","hermit:Headshot","Laetitia","hermit:RoundhouseKick","GalaxyChild","hermit:CalledShot","GreedKing","hermit:Gambit","hermit:Brawl","hermit:Combo+1","Rudolta","hermit:Gambit","LaLuna","hermit:BodyArmor+1"],"relics":["hermit:Momento","CogitoBucket","Vajra","Bag of Preparation","Replay:Bandana","hermit:PetGhost","Molten Egg 2","Busted Crown"],"acts_visited":["Exordium","TheCity"],"potions_floor_usage":[21,21,21],"damage_taken":[{"damage":1.0,"enemies":"Cultist","floor":1.0,"turns":3.0},{"damage":8.0,"enemies":"Jaw Worm","floor":2.0,"turns":4.0},{"damage":1.0,"enemies":"2 Louse","floor":3.0,"turns":2.0},{"damage":10.0,"enemies":"Large Slime","floor":4.0,"turns":6.0},{"damage":14.0,"enemies":"Blue Slaver","floor":5.0,"turns":3.0},{"damage":13.0,"enemies":"Lagavulin","floor":7.0,"turns":4.0},{"damage":10.0,"enemies":"Looter","floor":8.0,"turns":4.0},{"damage":13.0,"enemies":"3 Sentries","floor":12.0,"turns":5.0},{"damage":27.0,"enemies":"Slime Boss","floor":16.0,"turns":5.0},{"damage":25.0,"enemies":"2 Thieves","floor":18.0,"turns":3.0},{"damage":22,"enemies":"Shell Parasite","floor":19,"turns":4},{"damage":100112,"enemies":"Chosen and Byrds","floor":21,"turns":5}],"seed_played":"5599814427915825904","potions_obtained":[{"floor":2.0,"key":"ColorlessPotion"},{"floor":4.0,"key":"FearPotion"},{"floor":5.0,"key":"Regen Potion"},{"floor":7.0,"key":"CultistPotion"},{"floor":19,"key":"Venom Potion"}],"is_trial":false,"path_per_floor":["M","M","M","M","M","R","E","M","T","R","?","E","$","T","R","B",null,"M","M","?","M"],"character_chosen":"HERMIT","items_purchased":["hermit:PetGhost"],"campfire_rested":1,"item_purchase_floors":[13],"current_hp_per_floor":[74,68,68,60,48,48,37,31,31,53,53,45,45,45,45,25,75,53,36,36,0,0],"gold":231,"neow_bonus":"","is_daily":false,"chose_seed":false,"campfire_upgraded":2,"win_rate":0.0,"timestamp":1610670245,"path_taken":["M","?","M","M","?","R","E","M","T","R","?","E","$","?","R","BOSS","M","M","?","M"],"items_purchased_type":["Relic"],"build_version":"2020-12-22","purchased_purges":1,"victory":false,"max_hp_per_floor":[75,75,75,75,75,75,75,75,75,75,75,75,75,75,75,75,75,75,75,75,75,75],"card_choices":[{"not_picked":["Woodsman","MeatLantern"],"picked":"BodiesMountain","floor":1.0},{"not_picked":["hermit:Dive","hermit:Scavenge"],"picked":"hermit:Vantage","floor":1.0},{"not_picked":["Murderer","MeatLantern"],"picked":"Freischutz","floor":2.0},{"not_picked":["hermit:Feint","hermit:Dive"],"picked":"hermit:TrackingShot","floor":2.0},{"not_picked":["Wellcheers","Murderer"],"picked":"Bloodbath","floor":3.0},{"not_picked":["hermit:CalledShot","hermit:Maintenance"],"picked":"hermit:Headshot","floor":3.0},{"not_picked":["Murderer","PunishingBird"],"picked":"Laetitia","floor":4.0},{"not_picked":["hermit:WideOpen","hermit:Desperado"],"picked":"hermit:RoundhouseKick","floor":4.0},{"not_picked":["FairyFestival","QueenOfHatred"],"picked":"GalaxyChild","floor":5.0},{"not_picked":["hermit:Manifest","hermit:HeroicBravado"],"picked":"hermit:CalledShot","floor":5.0},{"not_picked":["BeautyBeast","Variant","MHz"],"picked":"Singing Bowl","floor":7.0},{"not_picked":["WallGazer","OldLady"],"picked":"GreedKing","floor":7.0},{"not_picked":["hermit:Glare","hermit:Horror"],"picked":"hermit:Gambit","floor":7.0},{"not_picked":["hermit:SprayPray","hermit:Coalescence"],"picked":"hermit:Brawl","floor":8.0},{"not_picked":["Wellcheers","Murderer","QueenOfHatred"],"picked":"Singing Bowl","floor":12.0},{"not_picked":["hermit:Grudge","hermit:DeadMansHand"],"picked":"hermit:Combo","floor":12.0},{"not_picked":["HappyTeddy","BeautyBeast"],"picked":"Rudolta","floor":16.0},{"not_picked":["hermit:Roughhouse+1","hermit:HighNoon"],"picked":"hermit:Gambit","floor":16.0},{"not_picked":["Scorched","Wellcheers"],"picked":"LaLuna","floor":18.0},{"not_picked":["hermit:HighCaliber+1"],"picked":"SKIP","floor":18.0},{"not_picked":["hermit:HighCaliber+1"],"picked":"SKIP","floor":18.0},{"not_picked":[],"picked":"hermit:BodyArmor+1","floor":19}],"player_experience":504211,"relics_obtained":[{"floor":7.0,"key":"Vajra"},{"floor":9.0,"key":"Bag of Preparation"},{"floor":12.0,"key":"Replay:Bandana"},{"floor":14.0,"key":"Molten Egg 2"}],"event_choices":[{"damage_healed":0.0,"max_hp_gain":0.0,"max_hp_loss":0.0,"gold_gain":0.0,"event_name":"Match and Keep!","player_choice":"0 cards matched","floor":11.0,"gold_loss":0.0,"damage_taken":0.0,"cards_obtained":[]},{"damage_healed":0,"gold_gain":0,"player_choice":"Bought 0 Potions","damage_taken":0,"max_hp_gain":0,"max_hp_loss":0,"event_name":"The Woman in Blue","floor":20,"gold_loss":0}],"is_beta":false,"boss_relics":[{"not_picked":["Pandora\u0027s Box","Runic Pyramid"],"picked":"Busted Crown"}],"items_purged_floors":[13],"is_endless":false,"potions_floor_spawned":[2,4,5,7,19],"killed_by":"Chosen and Byrds","ascension_level":0}}