{"host":"5dk97cf2ubw2v967","time":1610740503,"event":{"mods":["BaseMod","Better Altar","Better Vampires","Block Reminder","Colored Powertips","Downfall","Googly Eyes","Highlight Path","Minty Spire (QoL Compilation)","Permanent Neow","Potion Indicator Mod","Quick Restart","Relic Filter","Relic Stats","Say the Spire","Spicy Shops","StSLib","Waifu the Spire","everything is the same but u backflip on backflip"],"gold_per_floor":[111,186,186,186,11,11,24,24,49,61,73,73],"floor_reached":11,"language":"ENG","playtime":252,"items_purged":["Strike_G","Defend_G"],"score":118,"play_id":"181c9a20-9789-4fe4-8fbb-9cba8a81f752","local_time":"20210115195503","is_ascension_mode":true,"campfire_choices":[{"floor":6,"key":"REST"},{"data":"Predator","floor":8,"key":"SMITH"}],"circlet_count":0,"master_deck":["AscendersBane","Strike_G","Strike_G","Strike_G","Defend_G","Defend_G","Defend_G","Survivor+1","Neutralize+1","Slice","Predator+1"],"relics":["Empty Cage","Golden Idol","MawBank","Regal Pillow"],"acts_visited":["Exordium"],"potions_floor_usage":[11],"damage_taken":[{"damage":4,"enemies":"Small Slimes","floor":1,"turns":5},{"damage":11,"enemies":"2 Louse","floor":7,"turns":3},{"damage":0,"enemies":"3 Sentries","floor":11,"turns":3}],"seed_played":"-5341784167334278244","potions_obtained":[{"floor":1,"key":"SkillPotion"}],"is_trial":false,"path_per_floor":["M","?","?","?","$","R","M","R","T","?","E"],"character_chosen":"THE_SILENT","items_purchased":[],"campfire_rested":1,"item_purchase_floors":[],"current_hp_per_floor":[55,44,24,24,24,42,31,31,31,5,5,5],"gold":73,"neow_bonus":"BOSS_RELIC","is_daily":false,"chose_seed":false,"campfire_upgraded":1,"win_rate":0.0,"timestamp":1610740503,"path_taken":["M","?","?","?","$","R","M","R","T","?","E"],"items_purchased_type":[],"build_version":"2020-12-22","purchased_purges":2,"victory":false,"max_hp_per_floor":[66,66,66,60,60,60,60,60,60,60,60,60],"relic_stats":{"Regal Pillow":0,"counters":[3,11],"Golden Idol":3,"MawBank":24,"obtain_stats":[{"Regal Pillow":10,"Golden Idol":4,"Empty Cage":0,"MawBank":9,"Ring of the Snake":0},{"Regal Pillow":2,"Golden Idol":1,"Empty Cage":0,"MawBank":2,"Ring of the Snake":0},{"Regal Pillow":8,"Golden Idol":5,"Empty Cage":0,"MawBank":8,"Ring of the Snake":0}]},"card_choices":[{"not_picked":["Expertise","Dagger Throw"],"picked":"Slice","floor":1},{"not_picked":["Masterful Stab","Crippling Poison"],"picked":"Predator","floor":7}],"player_experience":1161982,"relics_obtained":[{"floor":9,"key":"MawBank"}],"event_choices":[{"damage_healed":0,"gold_gain":75,"player_choice":"Gather Gold","damage_taken":11,"max_hp_gain":0,"max_hp_loss":0,"event_name":"World of Goop","floor":2,"gold_loss":0},{"damage_healed":0,"gold_gain":0,"player_choice":"Entered Light","damage_taken":20,"max_hp_gain":0,"max_hp_loss":0,"event_name":"Shining Light","floor":3,"gold_loss":0,"cards_upgraded":["Neutralize","Survivor"]},{"damage_healed":0,"gold_gain":0,"player_choice":"Lose Max HP","damage_taken":0,"relics_obtained":["Golden Idol"],"max_hp_gain":0,"max_hp_loss":6,"event_name":"Golden Idol","floor":4,"gold_loss":0},{"damage_healed":0,"gold_gain":0,"player_choice":"Success","damage_taken":26,"relics_obtained":["Regal Pillow"],"max_hp_gain":0,"max_hp_loss":0,"event_name":"Scrap Ooze","floor":10,"gold_loss":0}],"is_beta":false,"boss_relics":[],"items_purged_floors":[5,5],"is_endless":false,"potions_floor_spawned":[1],"killed_by":"3 Sentries","ascension_level":20}}