{"host":"dztixnx9b0gu6w9i","time":1610744978,"event":{"mods":["BaseMod","Bestiary","Minty Spire (QoL Compilation)","Relic Stats","Slay the Relics Exporter","SpireBot","ojb\u0027s Better Paths Mod","ojb\u0027s Info Mod"],"gold_per_floor":[114,128,128,146,146,146,37,63,89,89,115,115,115,415,415,415,415],"floor_reached":16,"language":"ENG","playtime":2129,"items_purged":[],"score":212,"play_id":"d076e173-9c30-48fc-8699-0ac30e3afb35","local_time":"20210115160938","is_ascension_mode":true,"campfire_choices":[{"data":"Eruption","floor":6,"key":"SMITH"},{"data":"FlyingSleeves","floor":10,"key":"SMITH"},{"data":"BowlingBash","floor":13,"key":"SMITH"},{"data":"Vigilance","floor":15,"key":"SMITH"}],"circlet_count":0,"master_deck":["AscendersBane","Strike_P","Strike_P+1","Strike_P+1","Defend_P","Defend_P","Defend_P+1","Eruption+1","Vigilance+1","CurseOfTheBell","FlyingSleeves+1","Vengeance","LessonLearned","FlyingSleeves","BowlingBash+1","ReachHeaven","Swivel","Regret"],"relics":["Calling Bell","Potion Belt","Blue Candle","WingedGreaves","Smiling Mask","Pear","Tiny Chest","Old Coin"],"acts_visited":["Exordium"],"potions_floor_usage":[8],"damage_taken":[{"damage":7,"enemies":"Small Slimes","floor":1,"turns":4},{"damage":7,"enemies":"Jaw Worm","floor":2,"turns":3},{"damage":8,"enemies":"2 Louse","floor":4,"turns":2},{"damage":5,"enemies":"3 Sentries","floor":8,"turns":3},{"damage":16,"enemies":"Gremlin Nob","floor":11,"turns":3},{"damage":23,"enemies":"Hexaghost","floor":16,"turns":4}],"seed_played":"8634951774283822006","potions_obtained":[{"floor":8,"key":"StancePotion"}],"is_trial":false,"path_per_floor":["M","M","?","M","?","R","$","E","T","R","E","?","R","?","R","B"],"character_chosen":"WATCHER","items_purchased":["Strength Potion","BowlingBash"],"campfire_rested":0,"item_purchase_floors":[7,7],"current_hp_per_floor":[54,47,47,39,34,34,34,39,39,39,23,16,16,16,16,0,0],"gold":415,"neow_bonus":"BOSS_RELIC","is_daily":false,"chose_seed":false,"campfire_upgraded":4,"win_rate":0.0,"timestamp":1610744978,"path_taken":["M","M","?","M","?","R","$","E","T","R","E","?","R","?","R","BOSS"],"items_purchased_type":["Potion","Card"],"build_version":"2020-12-22","purchased_purges":0,"victory":false,"max_hp_per_floor":[68,68,68,68,68,68,68,78,78,78,78,78,78,78,78,78,78],"relic_stats":{"counters":[6,19],"Blue Candle":[2],"Tiny Chest":0,"Smiling Mask":0,"obtain_stats":[{"Calling Bell":0,"Potion Belt":0,"Pear":8,"Blue Candle":0,"Tiny Chest":11,"WingedGreaves":0,"PureWater":0,"Smiling Mask":5,"Old Coin":14},{"Calling Bell":0,"Potion Belt":0,"Pear":4,"Blue Candle":0,"Tiny Chest":5,"WingedGreaves":0,"PureWater":0,"Smiling Mask":3,"Old Coin":5},{"Calling Bell":0,"Potion Belt":0,"Pear":12,"Blue Candle":0,"Tiny Chest":15,"WingedGreaves":0,"PureWater":0,"Smiling Mask":9,"Old Coin":15}]},"card_choices":[{"not_picked":["InnerPeace","PathToVictory"],"picked":"FlyingSleeves","floor":1},{"not_picked":["Prostrate","Adaptation"],"picked":"Vengeance","floor":2},{"not_picked":["Fasting2","Wireheading"],"picked":"FlyingSleeves","floor":4},{"not_picked":["MasterReality","Consecrate"],"picked":"ReachHeaven","floor":8},{"not_picked":["Protect","CutThroughFate"],"picked":"Swivel","floor":11}],"player_experience":8159950,"relics_obtained":[{"floor":0,"key":"Potion Belt"},{"floor":0,"key":"Blue Candle"},{"floor":0,"key":"WingedGreaves"},{"floor":8,"key":"Pear"},{"floor":11,"key":"Tiny Chest"}],"event_choices":[{"damage_healed":0,"gold_gain":0,"cards_transformed":["Defend_P"],"player_choice":"Change","damage_taken":0,"max_hp_gain":0,"max_hp_loss":0,"event_name":"Living Wall","floor":3,"gold_loss":0,"cards_obtained":["LessonLearned"]},{"damage_healed":0,"gold_gain":0,"player_choice":"Success","damage_taken":5,"relics_obtained":["Smiling Mask"],"max_hp_gain":0,"max_hp_loss":0,"event_name":"Scrap Ooze","floor":5,"gold_loss":0},{"cards_removed":["Strike_P"],"damage_healed":0,"gold_gain":0,"player_choice":"Card Removal","damage_taken":7,"max_hp_gain":0,"max_hp_loss":0,"event_name":"Golden Wing","floor":12,"gold_loss":0},{"damage_healed":0,"gold_gain":0,"player_choice":"Box","damage_taken":0,"relics_obtained":["Old Coin"],"max_hp_gain":0,"max_hp_loss":0,"event_name":"Big Fish","floor":14,"gold_loss":0,"cards_obtained":["Regret"]}],"is_beta":false,"boss_relics":[],"items_purged_floors":[],"is_endless":false,"potions_floor_spawned":[8],"killed_by":"Hexaghost","ascension_level":20}}