{"host":"1pwde2j81wdvsae3","time":1610683696,"event":{"mods":["BaseMod","Minty Spire (QoL Compilation)","Replay The Spire","Shop Mod","StSLib"],"gold_per_floor":[114,131,131,131,148,173,173,203,203,203,203,203,220,251,251,350,350,360,310,326,326,326],"floor_reached":21,"language":"ZHS","playtime":841,"items_purged":[],"score":315,"play_id":"ad2945b8-86cf-4f4b-83ec-a976d9b623b3","local_time":"20210115120816","is_ascension_mode":true,"campfire_choices":[{"floor":7,"key":"REST"},{"floor":10,"key":"REST"},{"data":"Armaments","floor":12,"key":"SMITH"},{"floor":15,"key":"REST"}],"circlet_count":0,"master_deck":["AscendersBane","Strike_R","Strike_R","Strike_R","Strike_R","Strike_R","Defend_R","Defend_R","Defend_R","Defend_R","Bash+1","Anger","Armaments+1","Dual Wield","Dark Embrace+1","Brutality+1","Hallucinations","Flex","Juggernaut+1","Berserk+1","Disarm","Evolve+1"],"relics":["Burning Blood","NeowsBlessing","Frozen Egg 2","Replay:Towering Pillar of Hats","Replay:Kaleidoscope","WingedGreaves","Ring of Peace","ReplayTheSpireMod:Ring of Exchange","Vajra","Replay:Grab Bag","Cursed Key","Busted Crown","Black Star"],"acts_visited":["Exordium","TheCity"],"potions_floor_usage":[8,14,21],"damage_taken":[{"damage":0,"enemies":"2 Louse","floor":1,"turns":1},{"damage":0,"enemies":"Jaw Worm","floor":2,"turns":1},{"damage":0,"enemies":"Small Slimes","floor":5,"turns":1},{"damage":52,"enemies":"Lagavulin","floor":6,"turns":9},{"damage":36,"enemies":"Replay:BlueRogue","floor":8,"turns":7},{"damage":18,"enemies":"Gremlin Gang","floor":13,"turns":6},{"damage":29,"enemies":"Lagavulin","floor":14,"turns":6},{"damage":36,"enemies":"Fading Forest","floor":16,"turns":11},{"damage":22,"enemies":"Chosen","floor":18,"turns":5},{"damage":15,"enemies":"3 Byrds","floor":20,"turns":5},{"damage":46,"enemies":"Snecko","floor":21,"turns":5}],"seed_played":"-4739669094650112453","potions_obtained":[{"floor":5,"key":"Dexterity Potion"},{"floor":8,"key":"BlessingOfTheForge"},{"floor":13,"key":"Flashbang"},{"floor":16,"key":"AttackPotion"}],"is_trial":false,"path_per_floor":["M","M","?","?","M","E","R","E","T","R","?","R","M","E","R","B",null,"M","?","M","M"],"character_chosen":"IRONCLAD","items_purchased":[],"campfire_rested":3,"item_purchase_floors":[],"current_hp_per_floor":[78,80,80,77,80,34,58,28,28,52,52,52,40,17,41,20,65,49,49,40,0,0],"gold":326,"neow_bonus":"THREE_ENEMY_KILL","is_daily":false,"chose_seed":false,"campfire_upgraded":1,"win_rate":0.0,"timestamp":1610683696,"path_taken":["M","M","?","?","M","E","R","E","T","R","?","R","?","E","R","BOSS","M","?","?","M"],"items_purchased_type":[],"build_version":"2020-12-22","purchased_purges":0,"victory":false,"max_hp_per_floor":[80,80,80,80,80,80,80,80,80,80,80,80,80,80,80,80,80,80,80,80,80,80],"card_choices":[{"not_picked":["Heavy Blade","Run Through"],"picked":"Anger","floor":1},{"not_picked":["Dropkick","Burning Pact"],"picked":"Armaments","floor":2},{"not_picked":["Body Slam","Run Through"],"picked":"Dual Wield","floor":5},{"not_picked":["True Grit","Life Link+1"],"picked":"Dark Embrace+1","floor":6},{"not_picked":["Armaments","Sword Boomerang"],"picked":"Brutality+1","floor":8},{"not_picked":["Massacre","Anger"],"picked":"Flex","floor":13},{"not_picked":["ReplayTheSpireMod:Limb From Limb","Pummel"],"picked":"Juggernaut+1","floor":14},{"not_picked":["Fiend Fire","Eclipse"],"picked":"Berserk+1","floor":16},{"not_picked":[],"picked":"Disarm","floor":18},{"not_picked":[],"picked":"Evolve+1","floor":20}],"player_experience":203147,"relics_obtained":[{"floor":6,"key":"Replay:Towering Pillar of Hats"},{"floor":8,"key":"Replay:Kaleidoscope"},{"floor":9,"key":"WingedGreaves"},{"floor":11,"key":"Ring of Peace"},{"floor":11,"key":"ReplayTheSpireMod:Ring of Exchange"},{"floor":14,"key":"Vajra"}],"event_choices":[{"damage_healed":0,"gold_gain":0,"player_choice":"Success","damage_taken":3,"relics_obtained":["Frozen Egg 2"],"max_hp_gain":0,"max_hp_loss":0,"event_name":"Scrap Ooze","floor":4,"gold_loss":0},{"damage_healed":0,"gold_gain":0,"player_choice":"Bet on Murderer","damage_taken":0,"max_hp_gain":0,"max_hp_loss":0,"event_name":"The Joust","floor":19,"gold_loss":50}],"is_beta":false,"boss_relics":[{"not_picked":["Honey Jar","Replay:Bronze Core"],"picked":"Replay:Grab Bag"},{"not_picked":["Runic Dome","Velvet Choker"],"picked":"Cursed Key"},{"not_picked":["Philosopher\u0027s Stone","Ooze Armor"],"picked":"Busted Crown"},{"not_picked":["Ring of Chaos","SacredBark"],"picked":"Black Star"}],"items_purged_floors":[],"is_endless":false,"potions_floor_spawned":[5,8,13,16,18,20],"killed_by":"Snecko","ascension_level":12}}