{"host":"1bf4lopb4xlrny0j","time":1610703103,"event":{"mods":["100% Spire Juice","Act Like it!","Aspiration","Astrologer","BaseMod","CapriCore","Chen","Colored Powertips","Gensokyo","Hubris","Koishi","Marisa£®ÏF”Í°°ƒß¿Ì…≥£©","Minty Spire (QoL Compilation)","Reimu£®≤©¿ˆ¡È√Œ£©","Remilia£®¿Ÿ√◊¿Ú—«£©","Replay The Spire","Spicy Shops","StSLib","The Administrix","The Gatherer","The Immortal","The Mystic","The Runesmith","The Servant 0.9.4","Yakumo Yukari mod","Youmu£®ªÍ∆«—˝√Œ£©","Yuyuko","vexMod"],"gold_per_floor":[109,120,138,38,53,82,97,97,147,147,159,189,208,223,223,319,319,332,349,349,349],"floor_reached":20,"language":"ZHS","playtime":1264,"items_purged":[],"score":190,"play_id":"38229b58-97f9-4da5-9c18-9883e083337d","local_time":"20210115173143","is_ascension_mode":false,"campfire_choices":[{"data":"OctopathBindingBorder2:ReiMu","floor":8.0,"key":"SMITH"},{"data":"NB:ReiMu","floor":10.0,"key":"SMITH"},{"floor":15.0,"key":"REST"}],"circlet_count":0,"master_deck":["Strike_Lin:ReiMu+1","Strike_Lin:ReiMu+1","Strike_Lin:ReiMu+1","Strike_Lin:ReiMu+1","Defend_Lin:ReiMu","Defend_Lin:ReiMu","Defend_Lin:ReiMu","Defend_Lin:ReiMu","NB:ReiMu+1","Stagnation:ReiMu","SubcavityInstant:ReiMu","Enchanting:ReiMu","Conquer:ReiMu","OctopathBindingBorder2:ReiMu+1","ForcedLanding:ReiMu","Enchanting:ReiMu","TightArray:ReiMu","TightArray:ReiMu","TightArray:ReiMu","CleanRite:ReiMu"],"relics":["ShineYinYang:ReiMu","NeowsBlessing","Replay:Bottled Eggs","Mummified Hand","vexMod:FocusSash","Replay:Grab Bag","vexMod:CursedCompass","SlaversCollar"],"acts_visited":["Gensokyo:Gensokyo","TheCity"],"potions_floor_usage":[],"damage_taken":[{"damage":0.0,"enemies":"Gensokyo:3_Fairies","floor":1.0,"turns":2.0},{"damage":0.0,"enemies":"Gensokyo:Python","floor":2.0,"turns":1.0},{"damage":0.0,"enemies":"Gensokyo:Gryphon","floor":3.0,"turns":1.0},{"damage":5.0,"enemies":"Gensokyo:3_Kodama","floor":5.0,"turns":2.0},{"damage":2.0,"enemies":"Gensokyo:Mamizou","floor":6.0,"turns":9.0},{"damage":9.0,"enemies":"Gensokyo:2_Rabbits","floor":7.0,"turns":3.0},{"damage":3.0,"enemies":"Gensokyo:VengefulSpirit","floor":11.0,"turns":4.0},{"damage":26.0,"enemies":"Gensokyo:Cirno","floor":12.0,"turns":6.0},{"damage":0.0,"enemies":"Gensokyo:LivingMonolith","floor":13.0,"turns":3.0},{"damage":8.0,"enemies":"Gensokyo:Kitsune","floor":14.0,"turns":3.0},{"damage":15.0,"enemies":"Gensokyo:Kokoro","floor":16.0,"turns":8.0},{"damage":24.0,"enemies":"3 Byrds","floor":18.0,"turns":4.0},{"damage":13,"enemies":"2 Thieves","floor":19,"turns":5},{"damage":31,"enemies":"Centurion and Healer","floor":20,"turns":8}],"seed_played":"7692628039509146946","potions_obtained":[{"floor":3.0,"key":"FearPotion"},{"floor":6.0,"key":"GrandPatriotsElixir:ReiMu"},{"floor":7.0,"key":"GamblersBrew"}],"is_trial":false,"path_per_floor":["M","M","M","?","M","E","M","R","T","R","M","E","M","M","R","B",null,"M","M","M"],"character_chosen":"REIMU","items_purchased":[],"campfire_rested":1,"item_purchase_floors":[],"current_hp_per_floor":[65,65,65,65,60,58,49,49,49,49,46,20,20,12,31,16,65,41,28,0,0],"gold":349,"neow_bonus":"THREE_ENEMY_KILL","is_daily":false,"chose_seed":false,"campfire_upgraded":2,"win_rate":0.0,"timestamp":1610703103,"path_taken":["M","M","M","?","M","E","M","R","T","R","M","E","M","M","R","BOSS","M","?","M"],"items_purchased_type":[],"build_version":"2020-12-22","purchased_purges":0,"victory":false,"max_hp_per_floor":[65,65,65,65,65,65,65,65,65,65,65,65,65,65,65,65,65,65,65,65,65],"card_choices":[{"not_picked":["MountainWay:ReiMu","Amulet:ReiMu"],"picked":"SubcavityInstant:ReiMu","floor":1.0},{"not_picked":["SubcavityInstant:ReiMu","TightArray:ReiMu"],"picked":"Enchanting:ReiMu","floor":2.0},{"not_picked":["Meditation:ReiMu","LearningPray:ReiMu"],"picked":"Conquer:ReiMu","floor":3.0},{"not_picked":["KamiSacrifice:ReiMu","BarrageOfMoneybags:ReiMu"],"picked":"OctopathBindingBorder2:ReiMu","floor":5.0},{"not_picked":["TightArray:ReiMu","EmergencyTakeOff:ReiMu"],"picked":"ForcedLanding:ReiMu","floor":6.0},{"not_picked":["Gathering:ReiMu","WonderfulDomain:ReiMu"],"picked":"Enchanting:ReiMu","floor":7.0},{"not_picked":["LearningPray:ReiMu","Revelation:ReiMu","UpKicking:ReiMu"],"picked":"SKIP","floor":11.0},{"not_picked":["Amulet:ReiMu","AirManeuver:ReiMu"],"picked":"TightArray:ReiMu","floor":12.0},{"not_picked":["Dreaming:ReiMu","Enchanting:ReiMu"],"picked":"TightArray:ReiMu","floor":13.0},{"not_picked":["SpringWay:ReiMu","UpKicking:ReiMu"],"picked":"TightArray:ReiMu","floor":14.0},{"not_picked":["Determination:ReiMu","HakureiPhantom:ReiMu"],"picked":"CleanRite:ReiMu","floor":16.0},{"not_picked":["SealNeedle:ReiMu","LearningPray:ReiMu+1","SubcavityInstant:ReiMu+1"],"picked":"SKIP","floor":18.0},{"not_picked":["SpringWay:ReiMu","SpreadBorder2:ReiMu","Meditation:ReiMu+1"],"picked":"SKIP","floor":19}],"player_experience":254824,"relics_obtained":[{"floor":6.0,"key":"Mummified Hand"},{"floor":12.0,"key":"vexMod:FocusSash"}],"event_choices":[],"is_beta":false,"boss_relics":[{"not_picked":["Velvet Choker","Replay:Wanted Poster"],"picked":"Replay:Grab Bag"},{"not_picked":["vexMod:FluxCapacitor","Cursed Key"],"picked":"vexMod:CursedCompass"},{"not_picked":["Sozu","vexMod:RockOfEvil"],"picked":"SlaversCollar"},{"not_picked":["aspiration:SecretTechniqueScroll","hubris:Backtick"],"picked":"ShineYinYang:ReiMu"}],"items_purged_floors":[],"is_endless":false,"potions_floor_spawned":[3,6,7,11,14,18],"killed_by":"Centurion and Healer","ascension_level":0}}