{"host":"9l1knhxfturzliqa","time":1610683896,"event":{"mods":["BaseMod","Colored Map","Colored Powertips","DeckTracker","Highlight Path","Keyboard Shortcuts","Minty Spire (QoL Compilation)","Random Character Button"],"gold_per_floor":[113,113,124,135,146,178,178,198,198,213,223,223,243,254,254,328,328,345,315,329,345,364,364,389,22,22,38,38,49,49,66,66,139,139,150,168,183,183,6,6,38,38,38,38,57,57,57],"floor_reached":46,"language":"KOR","playtime":4392,"items_purged":[],"score":963,"play_id":"9bebbf97-cf1a-4ef0-bfd5-a9feec16470a","local_time":"20210115131136","is_ascension_mode":true,"campfire_choices":[{"floor":7.0,"key":"REST"},{"data":"Grand Finale","floor":12.0,"key":"SMITH"},{"floor":15.0,"key":"REST"},{"data":"Malaise","floor":23.0,"key":"SMITH"},{"data":"Well Laid Plans","floor":28.0,"key":"SMITH"},{"data":"Tactician","floor":32.0,"key":"SMITH"},{"data":"Leg Sweep","floor":40.0,"key":"SMITH"},{"data":"Neutralize","floor":42.0,"key":"SMITH"},{"floor":44.0,"key":"REST"}],"circlet_count":0,"master_deck":["AscendersBane","Strike_G","Strike_G","Strike_G","Strike_G","Defend_G","Defend_G","Defend_G","Defend_G","Survivor","Neutralize+1","Grand Finale+1","PiercingWail","Backflip","PiercingWail+1","Glass Knife","Tactician+1","Well Laid Plans+1","Dagger Spray","Expertise","Malaise+1","PiercingWail","Leg Sweep+1","Dagger Throw","Corpse Explosion+1","Mayhem+1","Noxious Fumes+1","PiercingWail","Envenom+1","CurseOfTheBell","Underhanded Strike+1","Cloak And Dagger+1","Wraith Form v2+1","Reflex+1","Injury","Venomology"],"relics":["Ring of the Snake","Bird Faced Urn","Pantograph","Cursed Key","Frozen Egg 2","Lee\u0027s Waffle","Calling Bell","War Paint","Pear","Tingsha","Sundial","Nunchaku"],"acts_visited":["Exordium","TheCity","TheBeyond"],"potions_floor_usage":[],"damage_taken":[{"damage":0.0,"enemies":"2 Louse","floor":1.0,"turns":4.0},{"damage":17.0,"enemies":"Cultist","floor":3.0,"turns":6.0},{"damage":2.0,"enemies":"Jaw Worm","floor":4.0,"turns":5.0},{"damage":21.0,"enemies":"Exordium Thugs","floor":5.0,"turns":10.0},{"damage":17.0,"enemies":"3 Sentries","floor":6.0,"turns":13.0},{"damage":8.0,"enemies":"Blue Slaver","floor":8.0,"turns":4.0},{"damage":0.0,"enemies":"Looter","floor":10.0,"turns":4.0},{"damage":2.0,"enemies":"Red Slaver","floor":11.0,"turns":5.0},{"damage":4.0,"enemies":"Blue Slaver","floor":13.0,"turns":5.0},{"damage":5.0,"enemies":"Looter","floor":14.0,"turns":3.0},{"damage":13.0,"enemies":"The Guardian","floor":16.0,"turns":13.0},{"damage":17.0,"enemies":"3 Byrds","floor":18.0,"turns":8.0},{"damage":14.0,"enemies":"Shell Parasite","floor":20.0,"turns":10.0},{"damage":13.0,"enemies":"Centurion and Healer","floor":21.0,"turns":6.0},{"damage":5.0,"enemies":"Snecko","floor":22.0,"turns":11.0},{"damage":24.0,"enemies":"Slavers","floor":24.0,"turns":13.0},{"damage":0.0,"enemies":"Snake Plant","floor":27.0,"turns":7.0},{"damage":15.0,"enemies":"Shelled Parasite and Fungi","floor":29.0,"turns":4.0},{"damage":23.0,"enemies":"Snecko","floor":31.0,"turns":6.0},{"damage":71.0,"enemies":"Champ","floor":33.0,"turns":14.0},{"damage":14.0,"enemies":"3 Shapes","floor":35.0,"turns":7.0},{"damage":11.0,"enemies":"3 Darklings","floor":36.0,"turns":4.0},{"damage":42.0,"enemies":"Sphere and 2 Shapes","floor":37.0,"turns":8.0},{"damage":67.0,"enemies":"Reptomancer","floor":41.0,"turns":7.0},{"damage":42.0,"enemies":"Transient","floor":45.0,"turns":6.0},{"damage":48,"enemies":"Giant Head","floor":46,"turns":7}],"seed_played":"-8947487166631056168","potions_obtained":[{"floor":5.0,"key":"Dexterity Potion"},{"floor":10.0,"key":"EssenceOfSteel"},{"floor":11.0,"key":"FearPotion"},{"floor":13.0,"key":"AttackPotion"},{"floor":16.0,"key":"SneckoOil"},{"floor":19.0,"key":"Fruit Juice"},{"floor":19.0,"key":"PowerPotion"},{"floor":21.0,"key":"CunningPotion"},{"floor":22.0,"key":"SkillPotion"},{"floor":29.0,"key":"CultistPotion"},{"floor":35.0,"key":"ColorlessPotion"}],"is_trial":false,"path_per_floor":["M","?","M","M","M","E","R","M","T","M","M","R","M","M","R","B",null,"M","?","M","M","M","R","E","$","T","M","R","M","$","M","R","B",null,"M","M","M","?","$","R","E","R","T","R","M","E"],"character_chosen":"THE_SILENT","items_purchased":["Lee\u0027s Waffle","Mayhem+1","Wraith Form v2+1"],"campfire_rested":3,"item_purchase_floors":[25,25,39],"current_hp_per_floor":[59,59,42,40,19,2,21,15,15,17,15,15,13,10,29,43,60,43,48,38,27,24,24,2,78,78,78,78,67,67,50,50,10,71,63,56,20,88,88,88,25,25,25,51,19,0,0],"gold":57,"neow_bonus":"TRANSFORM_TWO_CARDS","is_daily":false,"chose_seed":false,"campfire_upgraded":6,"win_rate":0.0,"timestamp":1610683896,"path_taken":["M","?","M","?","M","E","R","M","T","M","M","R","M","M","R","BOSS","M","?","M","M","M","R","E","$","T","M","R","M","?","M","R","BOSS","M","M","M","?","?","R","E","R","T","R","M","E"],"items_purchased_type":["Relic","Card","Card"],"build_version":"2020-12-22","purchased_purges":0,"victory":false,"max_hp_per_floor":[66,66,66,66,66,66,66,66,66,66,66,66,66,66,66,66,66,66,71,71,71,71,71,71,78,78,78,78,78,78,78,78,78,88,88,88,88,88,88,88,88,88,88,88,88,88,88],"card_choices":[{"not_picked":["Quick Slash","Dodge and Roll"],"picked":"Backflip","floor":1.0},{"not_picked":["Footwork","Underhanded Strike"],"picked":"PiercingWail","floor":3.0},{"not_picked":["Bane","Noxious Fumes"],"picked":"Glass Knife","floor":4.0},{"not_picked":["Eviscerate","Prepared"],"picked":"Tactician","floor":5.0},{"not_picked":["Leg Sweep","Noxious Fumes"],"picked":"Well Laid Plans","floor":6.0},{"not_picked":["Poisoned Stab","Choke","Endless Agony"],"picked":"SKIP","floor":8.0},{"not_picked":["Flying Knee","Outmaneuver","Setup"],"picked":"SKIP","floor":10.0},{"not_picked":["Bane","Poisoned Stab","Setup"],"picked":"SKIP","floor":11.0},{"not_picked":["Accuracy","Eviscerate"],"picked":"Dagger Spray","floor":13.0},{"not_picked":["Leg Sweep","Caltrops"],"picked":"Expertise","floor":14.0},{"not_picked":["Unload","Storm of Steel"],"picked":"Malaise","floor":16.0},{"not_picked":["Deflect","Prepared"],"picked":"PiercingWail","floor":18.0},{"not_picked":["Masterful Stab","Dagger Spray","Backstab+1"],"picked":"SKIP","floor":20.0},{"not_picked":["Dagger Spray","Accuracy"],"picked":"Leg Sweep","floor":21.0},{"not_picked":["Poisoned Stab","Outmaneuver"],"picked":"Dagger Throw","floor":22.0},{"not_picked":["Infinite Blades+1","Expertise"],"picked":"Corpse Explosion","floor":24.0},{"not_picked":["Skewer","Slice"],"picked":"Noxious Fumes+1","floor":27.0},{"not_picked":["Endless Agony","Finisher"],"picked":"PiercingWail","floor":29.0},{"not_picked":["Choke","Outmaneuver","Flying Knee"],"picked":"SKIP","floor":31.0},{"not_picked":["Grand Finale","Corpse Explosion"],"picked":"Envenom+1","floor":33.0},{"not_picked":["Slice","Predator"],"picked":"Underhanded Strike+1","floor":35.0},{"not_picked":["Flying Knee","Backflip"],"picked":"Cloak And Dagger+1","floor":36.0},{"not_picked":["Sucker Punch+1","Deadly Poison","Poisoned Stab"],"picked":"SKIP","floor":37.0},{"not_picked":["Skewer","Deflect"],"picked":"Reflex+1","floor":41.0},{"not_picked":["Acrobatics","PiercingWail"],"picked":"Venomology","floor":45.0}],"player_experience":446965,"relics_obtained":[{"floor":6.0,"key":"Bird Faced Urn"},{"floor":9.0,"key":"Pantograph"},{"floor":24.0,"key":"Frozen Egg 2"},{"floor":34.0,"key":"War Paint"},{"floor":34.0,"key":"Pear"},{"floor":34.0,"key":"Tingsha"},{"floor":41.0,"key":"Sundial"},{"floor":43.0,"key":"Nunchaku"}],"event_choices":[{"cards_removed":["Normality"],"damage_healed":0.0,"max_hp_gain":0.0,"max_hp_loss":0.0,"gold_gain":0.0,"event_name":"Purifier","player_choice":"Purged","floor":2.0,"gold_loss":0.0,"damage_taken":0.0},{"damage_healed":0.0,"max_hp_gain":0.0,"max_hp_loss":0.0,"gold_gain":0.0,"event_name":"The Woman in Blue","player_choice":"Bought 2 Potions","floor":19.0,"gold_loss":0.0,"damage_taken":0.0},{"damage_healed":68.0,"max_hp_gain":0.0,"max_hp_loss":0.0,"gold_gain":0.0,"event_name":"Wheel of Change","player_choice":"Full Heal","floor":38.0,"gold_loss":0.0,"damage_taken":0.0}],"is_beta":false,"boss_relics":[{"not_picked":["Runic Dome","Fusion Hammer"],"picked":"Cursed Key"},{"not_picked":["Sozu","Ring of the Serpent"],"picked":"Calling Bell"}],"items_purged_floors":[],"is_endless":false,"potions_floor_spawned":[5,10,11,13,16,21,22,29,35],"killed_by":"Giant Head","ascension_level":17}}