{"host":"9jj9tzo2iym4bpat","time":1610689843,"event":{"mods":["Act Like it!","BaseMod","CapriCore","Colored Map","Dark Map","Luminous","Marisa????????","Minty Spire (QoL Compilation)","Permanent Neow","StSLib","Td1madao Mod","The Animator","The Immortal","The Marked","The Servant 0.9.4","Yakumo Yukari mod"],"gold_per_floor":[130,145,145,145,0,0,0,0,26,64,64,64,102,127,127,256,256,270,284,307,307,307],"floor_reached":21,"language":"ENG","playtime":760,"items_purged":[],"score":206,"play_id":"90e0d36d-cd6c-4b68-89d2-79675c8ae6cc","local_time":"20210114235043","is_ascension_mode":true,"campfire_choices":[{"data":"Photoelasticity_Doppler_Effect_purple","floor":6,"key":"SMITH"},{"data":"EighthInstrument_OneDividesIntoTwo_purple","floor":8,"key":"SMITH"},{"floor":12,"key":"REST"},{"floor":15,"key":"REST"}],"circlet_count":0,"master_deck":["AT_purpleEX","AT_purpleEX","AT_purpleEX","AT_purpleEX","Defend_purpleEX+1","Defend_purpleEX","Defend_purpleEX","Defend_purpleEX+1","Observe_purple_1","Observe_purple_2","EighthInstrument_OneDividesIntoTwo_purple+1","Photoelasticity_Doppler_Effect_purple+1","Injury","MeetDecomposer_purple","Observe_purple_1","Umbrella_purple","Shallow_ocean_purpleEX","D_absorption_purple","WatchEChange_purple","OmniscientAndOmnipotent_Monster_purple+1","StateErode_purple"],"relics":["Boundary_crack","Memoryfragments_purpleEX","Incense Burner","Pantograph","Golden Idol","Bronze Scales","War Paint","Strawberry","Ornamental Fan","Black Star"],"acts_visited":["Exordium","TheCity"],"potions_floor_usage":[13,16,21],"damage_taken":[{"damage":0,"enemies":"2 Louse","floor":1,"turns":3},{"damage":4,"enemies":"Small Slimes","floor":2,"turns":5},{"damage":25,"enemies":"Lagavulin","floor":10,"turns":6},{"damage":14,"enemies":"Gremlin Nob","floor":13,"turns":4},{"damage":0,"enemies":"Cultist","floor":14,"turns":2},{"damage":51,"enemies":"Slime Boss","floor":16,"turns":12},{"damage":35,"enemies":"2 Thieves","floor":18,"turns":5},{"damage":15,"enemies":"Shell Parasite","floor":19,"turns":5},{"damage":15,"enemies":"Centurion and Healer","floor":20,"turns":5},{"damage":25,"enemies":"Cultist and Chosen","floor":21,"turns":4}],"seed_played":"-5281467003517911660","potions_obtained":[{"floor":2,"key":"Energy Potion"},{"floor":14,"key":"PowerPotion"},{"floor":20,"key":"Dexterity Potion"}],"is_trial":false,"path_per_floor":["M","M","?","?","$","R","$","R","T","E","?","R","E","M","R","B",null,"M","M","M","M"],"character_chosen":"Youkari","items_purchased":["Bronze Scales"],"campfire_rested":2,"item_purchase_floors":[5],"current_hp_per_floor":[63,61,54,54,54,54,54,54,54,38,38,59,45,46,67,22,70,37,23,8,0,0],"gold":307,"neow_bonus":"ONE_RARE_RELIC","is_daily":false,"chose_seed":false,"campfire_upgraded":2,"win_rate":0.0,"timestamp":1610689843,"path_taken":["M","M","?","?","$","R","$","R","T","E","?","R","E","?","R","BOSS","M","M","M","M"],"items_purchased_type":["Relic"],"build_version":"2020-12-22","purchased_purges":0,"victory":false,"max_hp_per_floor":[63,63,63,63,63,63,63,63,63,70,70,70,70,70,70,70,70,70,70,70,70,70],"card_choices":[{"not_picked":["SfantasyHide_purple","SharpContractionReality_purple"],"picked":"EighthInstrument_OneDividesIntoTwo_purple","floor":1},{"not_picked":["SharpContractionReality_purple","Boundary_of_Extermination_purpleEX"],"picked":"Photoelasticity_Doppler_Effect_purple","floor":2},{"not_picked":["Realm_recovery_purpleEX","SfantasyHide_purple"],"picked":"MeetDecomposer_purple","floor":10},{"not_picked":["WangLiang_LineAndCurveDreams_purple","WeekHit_purple"],"picked":"Umbrella_purple","floor":13},{"not_picked":["Realm_recovery_purpleEX","MeetDecomposer_purple"],"picked":"Shallow_ocean_purpleEX","floor":14},{"not_picked":["WangLiang_LineAndCurveDreams_purple","WasteWire_Metro_purple"],"picked":"D_absorption_purple","floor":16},{"not_picked":["RuleDissolution_purple","Realm_recovery_purpleEX"],"picked":"WatchEChange_purple","floor":18},{"not_picked":["Realm_recovery_purpleEX","DimensionStaggered_purple"],"picked":"OmniscientAndOmnipotent_Monster_purple+1","floor":19},{"not_picked":["RuleDissolution_purple","ExistenceContinue_purple"],"picked":"StateErode_purple","floor":20}],"player_experience":255328,"relics_obtained":[{"floor":9,"key":"War Paint"},{"floor":10,"key":"Strawberry"},{"floor":13,"key":"Ornamental Fan"}],"event_choices":[{"damage_healed":0,"gold_gain":0,"player_choice":"Success","damage_taken":7,"relics_obtained":["Pantograph"],"max_hp_gain":0,"max_hp_loss":0,"event_name":"Scrap Ooze","floor":3,"gold_loss":0},{"damage_healed":0,"gold_gain":0,"player_choice":"Take Wound","damage_taken":0,"relics_obtained":["Golden Idol"],"max_hp_gain":0,"max_hp_loss":0,"event_name":"Golden Idol","floor":4,"gold_loss":0,"cards_obtained":["Injury"]},{"damage_healed":0,"gold_gain":0,"player_choice":"1 cards matched","damage_taken":0,"max_hp_gain":0,"max_hp_loss":0,"event_name":"Match and Keep!","floor":11,"gold_loss":0,"cards_obtained":["Observe_purple_1"]}],"is_beta":false,"boss_relics":[{"not_picked":["Ectoplasm","Runic Pyramid"],"picked":"Black Star"}],"items_purged_floors":[],"is_endless":false,"potions_floor_spawned":[2,14,20],"killed_by":"Cultist and Chosen","ascension_level":2}}