{"host":"if46sxignvy4ka0k","time":1610696231,"event":{"mods":["BaseMod","Minty Spire (QoL Compilation)","StSLib","The Cursed"],"gold_per_floor":[111,111,61,61,61,61,95,111,111,144,159,175,175,136,136,239,239,250,250,268,278,40,40,40,40],"floor_reached":24,"language":"ENG","playtime":964,"items_purged":["Night Terror"],"score":229,"play_id":"95a2f572-7317-4316-a7f5-e48a2ef70ea6","local_time":"20210115013711","is_ascension_mode":false,"campfire_choices":[{"data":"Neutralize","floor":6,"key":"SMITH"},{"data":"A Thousand Cuts","floor":13,"key":"SMITH"},{"floor":15,"key":"REST"},{"floor":23,"key":"REST"}],"circlet_count":0,"master_deck":["Strike_G","Strike_G","Strike_G","Strike_G","Strike_G","Defend_G","Defend_G","Defend_G","Defend_G","Survivor","Neutralize+1","Phantasmal Killer+1","Dagger Spray+1","Poisoned Stab+1","Dash","Sucker Punch","Heel Hook","A Thousand Cuts+1","Predator","A Thousand Cuts","Dagger Throw","Heel Hook","Burst"],"relics":["Ring of the Serpent","Ginger","Paper Crane","Ice Cream","CultistMask"],"acts_visited":["Exordium","TheCity"],"potions_floor_usage":[20,24],"damage_taken":[{"damage":0,"enemies":"Small Slimes","floor":1,"turns":3},{"damage":0,"enemies":"3 Sentries","floor":7,"turns":3},{"damage":0,"enemies":"2 Louse","floor":8,"turns":1},{"damage":10,"enemies":"Lagavulin","floor":10,"turns":7},{"damage":0,"enemies":"Jaw Worm","floor":11,"turns":2},{"damage":0,"enemies":"Large Slime","floor":12,"turns":4},{"damage":28,"enemies":"Hexaghost","floor":16,"turns":9},{"damage":24,"enemies":"Spheric Guardian","floor":18,"turns":5},{"damage":6,"enemies":"Chosen","floor":20,"turns":4},{"damage":17,"enemies":"Centurion and Healer","floor":21,"turns":6},{"damage":36,"enemies":"Book of Stabbing","floor":24,"turns":5}],"seed_played":"2711415742464989443","potions_obtained":[{"floor":7,"key":"SkillPotion"},{"floor":8,"key":"DuplicationPotion"},{"floor":10,"key":"Dexterity Potion"},{"floor":11,"key":"ColorlessPotion"}],"is_trial":false,"path_per_floor":["M","?","$","?","?","R","E","M","T","E","M","M","R","$","R","B",null,"M","?","M","M","$","R","E"],"character_chosen":"THE_SILENT","items_purchased":["Poisoned Stab","Predator","Burst"],"campfire_rested":2,"item_purchase_floors":[3,14,22],"current_hp_per_floor":[63,56,56,56,43,43,43,43,43,33,33,33,33,33,51,23,63,39,39,33,16,16,34,0,0],"gold":40,"neow_bonus":"THREE_RARE_CARDS","is_daily":false,"chose_seed":false,"campfire_upgraded":2,"win_rate":0.0,"timestamp":1610696231,"path_taken":["M","?","$","?","?","R","E","M","T","E","M","?","R","$","R","BOSS","M","?","?","M","$","R","E"],"items_purchased_type":["Card","Card","Card"],"build_version":"2020-12-22","purchased_purges":1,"victory":false,"max_hp_per_floor":[63,63,63,63,63,63,63,63,63,63,63,63,63,63,63,63,63,63,63,63,63,63,63,63,63],"card_choices":[{"not_picked":["Doppelganger","Wraith Form v2"],"picked":"Phantasmal Killer","floor":0},{"not_picked":["Dodge and Roll","Dagger Throw"],"picked":"Dagger Spray","floor":1},{"not_picked":["Flying Knee","Accuracy"],"picked":"Night Terror","floor":7},{"not_picked":["Deadly Poison","Dagger Spray"],"picked":"Dash","floor":8},{"not_picked":["Blade Dance","Dodge and Roll"],"picked":"Sucker Punch","floor":10},{"not_picked":["Backflip","Blur"],"picked":"Heel Hook","floor":11},{"not_picked":["Leg Sweep","Crippling Poison"],"picked":"A Thousand Cuts","floor":12},{"not_picked":["Wraith Form v2","Glass Knife"],"picked":"A Thousand Cuts","floor":16},{"not_picked":["Expertise","Deflect"],"picked":"Dagger Throw","floor":18},{"not_picked":["Dodge and Roll+1","Skewer+1"],"picked":"Heel Hook","floor":20},{"not_picked":["Acrobatics","Expertise+1","Bane"],"picked":"SKIP","floor":21}],"player_experience":2117882,"relics_obtained":[{"floor":7,"key":"Ginger"},{"floor":9,"key":"Paper Crane"},{"floor":10,"key":"Ice Cream"}],"event_choices":[{"cards_removed":["Defend_G"],"damage_healed":0,"gold_gain":0,"player_choice":"Card Removal","damage_taken":7,"max_hp_gain":0,"max_hp_loss":0,"event_name":"Golden Wing","floor":2,"gold_loss":0},{"damage_healed":0,"gold_gain":0,"player_choice":"Grow","damage_taken":0,"max_hp_gain":0,"max_hp_loss":0,"event_name":"Living Wall","floor":4,"gold_loss":0,"cards_upgraded":["Phantasmal Killer"]},{"damage_healed":0,"gold_gain":0,"player_choice":"Entered Light","damage_taken":13,"max_hp_gain":0,"max_hp_loss":0,"event_name":"Shining Light","floor":5,"gold_loss":0,"cards_upgraded":["Dagger Spray","Poisoned Stab"]},{"damage_healed":0,"gold_gain":0,"player_choice":"Trade","damage_taken":0,"relics_obtained":["CultistMask"],"max_hp_gain":0,"max_hp_loss":0,"event_name":"FaceTrader","floor":19,"gold_loss":0}],"is_beta":false,"boss_relics":[{"not_picked":["Empty Cage","Cursed Key"],"picked":"Ring of the Serpent"}],"items_purged_floors":[22],"is_endless":false,"potions_floor_spawned":[7,8,10,11],"killed_by":"Book of Stabbing","ascension_level":0}}