{"host":"y4sghvfd0ewtcchd","time":1610699065,"event":{"mods":["Aspiration","BaseMod","Better Debug","Better Note","Better Third Choice","BetterRewards","Block Reminder","Colored Map","Colored Powertips","Downfall","Highlight Path","Hubris","Infinite Spire","Minty Spire (QoL Compilation)","Relic Sorter","Relic Stats","Replay The Spire","Shop Mod","StSLib","The Jungle","The Saiyan"],"gold_per_floor":[133,159,84,105,145,145,170,220,246,246,54,54,104,140,140,267,267,302,341,44,91,126,178,178,178,205,205,205,304,304,355,355,474,474,500,337,369,405,405,405,464,464,464,516,564,564,599,599,599,617,617,617,939,996,1020],"floor_reached":56,"language":"ENG","playtime":4239,"items_purged":["Overencumbered"],"score":2525,"play_id":"59368e33-60b2-4f6f-96c3-d0a0091cc262","local_time":"20210115112425","is_ascension_mode":true,"campfire_choices":[{"floor":6.0,"key":"REST"},{"data":"Replay:SS_hec_2","floor":10.0,"key":"SMITH"},{"data":"hubris:EnhanceAbility","floor":12.0,"key":"SMITH"},{"data":"Infinite Blades","floor":15.0,"key":"SMITH"},{"floor":25.0,"key":"REST"},{"data":"Tools of the Trade","floor":27.0,"key":"SMITH"},{"data":"Eviscerate","floor":30.0,"key":"SMITH"},{"data":"A Thousand Cuts","floor":32.0,"key":"SMITH"},{"data":"After Image","floor":40,"key":"SMITH"},{"floor":42,"key":"REST"},{"floor":46,"key":"RECALL"},{"data":"Envenom","floor":49,"key":"SMITH"},{"data":"Buffer","floor":52,"key":"SMITH"}],"circlet_count":0,"master_deck":["Strike_G","Strike_G","Strike_G","Strike_G","Strike_G","Defend_G","Defend_G","Defend_G","Defend_G","Defend_G","Survivor","Neutralize","Blade Dance","ReplayTheSpireMod:Scrap Shanks+1","Leg Sweep","Accuracy","Acrobatics","Underhanded Strike","expansioncontent:Flail","Accuracy","Replay:Poison Smokescreen","Outmaneuver+1","Secret Weapon+1","Replay:SS_hec_2+1","Dash","Underhanded Strike","hubris:Sniper","ReplayTheSpireMod:Scrap Shanks","Blade Dance","A Thousand Cuts+1","Blade Dance","hubris:EnhanceAbility+1","Infinite Blades+1","Tools of the Trade+1","Blur+1","Footwork+1","Tactician","Prepared","Eviscerate+1","After Image+1","Turbo+1","Buffer+1","Blade Dance","ReplayTheSpireMod:Scrap Shanks","Envenom+1","ReplayTheSpireMod:Scrap Shanks","Echo Form"],"relics":["Ring of the Snake","hubris:Reverence","Pen Nib","Replay:Bandana","ReplayTheSpireMod:CursedCoin","Replay:WaspNest","hubris:MysteriousPyramids","Regal Pillow","Strawberry","Mummified Hand","Oddly Smooth Stone","Lizard Tail","Replay:Fungal Core","hubris:Potato","hubris:Towel","PreservedInsect","Basket Of Snakes","aspiration:DefectSkillbook","hubris:Icosahedron","The Courier","Pear","hubris:TerracottaHorce","hubris:NiceRug","ReplayFunnel","infinitespire:Satchel","Guide Book","Replay:Bottled Flurry"],"acts_visited":["Exordium","TheCity","TheBeyond","TheEnding"],"potions_floor_usage":[41,50,55,55,55],"damage_taken":[{"damage":1.0,"enemies":"Cultist","floor":1.0,"turns":4.0},{"damage":0.0,"enemies":"Jaw Worm","floor":2.0,"turns":3.0},{"damage":0.0,"enemies":"2 Louse","floor":4.0,"turns":2.0},{"damage":0.0,"enemies":"Large Slime","floor":5.0,"turns":3.0},{"damage":8.0,"enemies":"2 Fungi Beasts","floor":7.0,"turns":3.0},{"damage":0.0,"enemies":"Lagavulin","floor":8.0,"turns":5.0},{"damage":3.0,"enemies":"3 Sentries","floor":13.0,"turns":5.0},{"damage":0.0,"enemies":"Exordium Thugs","floor":14.0,"turns":4.0},{"damage":0.0,"enemies":"The Guardian","floor":16.0,"turns":10.0},{"damage":16.0,"enemies":"3 Byrds","floor":18.0,"turns":4.0},{"damage":0.0,"enemies":"2 Thieves","floor":19.0,"turns":3.0},{"damage":3.0,"enemies":"Shelled Parasite and Fungi","floor":21.0,"turns":4.0},{"damage":0.0,"enemies":"Centurion and Healer","floor":22.0,"turns":5.0},{"damage":17.0,"enemies":"Gremlin Leader","floor":23.0,"turns":5.0},{"damage":16.0,"enemies":"Book of Stabbing","floor":31.0,"turns":4.0},{"damage":10,"enemies":"Champ","floor":33,"turns":7},{"damage":0,"enemies":"Orb Walker","floor":35,"turns":3},{"damage":0,"enemies":"3 Shapes","floor":37,"turns":4},{"damage":0,"enemies":"Spire Growth","floor":38,"turns":4},{"damage":27,"enemies":"Reptomancer","floor":41,"turns":4},{"damage":0,"enemies":"Nemesis","floor":44,"turns":5},{"damage":0,"enemies":"3 Darklings","floor":45,"turns":4},{"damage":0,"enemies":"Sphere and 2 Shapes","floor":47,"turns":4},{"damage":31,"enemies":"Awakened One","floor":50,"turns":7},{"damage":0,"enemies":"hubris:Merchant","floor":53,"turns":6},{"damage":0,"enemies":"Shield and Spear","floor":54,"turns":5},{"damage":0,"enemies":"The Heart","floor":55,"turns":8}],"seed_played":"-7705043663646646581","potions_obtained":[{"floor":2.0,"key":"Fire Potion"},{"floor":4.0,"key":"BlessingOfTheForge"},{"floor":16.0,"key":"hexamod:EctoCoolerPotion"},{"floor":19.0,"key":"Toxic Potion"},{"floor":31.0,"key":"Dexterity Potion"},{"floor":38,"key":"Explosive Potion"},{"floor":41,"key":"Regen Potion"},{"floor":53,"key":"Energy Potion"},{"floor":53,"key":"EssenceOfSteel"}],"is_trial":false,"path_per_floor":["M","M","$","M","M","R","M","E","T","R","$","R","E","M","R","B",null,"M","M","$","M","M","E","?","R","T","R","?","?","R","E","R","B",null,"M","$","M","M","?","R","E","R","T","E","M","R","M","AVR","R","B",null,"R","$","E","B",null],"character_chosen":"THE_SILENT","items_purchased":["Replay:Bandana","Blade Dance","ReplayTheSpireMod:Scrap Shanks","Leg Sweep","ReplayTheSpireMod:CursedCoin","Accuracy","Acrobatics","Underhanded Strike","Replay:WaspNest","hubris:MysteriousPyramids","expansioncontent:Flail","Accuracy","Replay:Poison Smokescreen","Regal Pillow","Outmaneuver+1","Secret Weapon","Replay:SS_hec_2","Dash","Strawberry","Mummified Hand","ReplayTheSpireMod:Scrap Shanks","hubris:EnhanceAbility","hubris:Potato","Buffer"],"campfire_rested":3,"item_purchase_floors":[0,0,0,0,0,0,0,0,0,0,0,0,0,0,0,0,0,0,0,0,3,11,20,36],"current_hp_per_floor":[27,27,27,27,27,65,57,57,57,57,57,57,54,54,54,54,71,55,55,55,52,52,35,35,73,73,73,73,73,73,57,57,47,70,70,70,70,70,70,70,43,77,77,87,87,87,87,87,87,70,83,83,83,83,83],"gold":1020,"neow_bonus":"","is_daily":false,"chose_seed":false,"campfire_upgraded":9,"win_rate":0.0,"timestamp":1610699065,"path_taken":["M","M","$","M","M","R","M","E","T","R","?","R","E","?","R","BOSS","M","M","?","M","M","E","?","R","T","R","?","?","R","E","R","BOSS","M","$","M","M","?","R","E","R","T","E","M","R","M","AVR","R","BOSS","R","$","E","BOSS"],"items_purchased_type":["Relic","Card","Card","Card","Relic","Card","Card","Card","Relic","Relic","Card","Card","Card","Relic","Card","Card","Card","Card","Relic","Relic","Card","Card","Relic","Card"],"build_version":"2020-12-22","purchased_purges":1,"victory":true,"max_hp_per_floor":[77,77,77,77,77,77,77,77,77,77,77,77,77,77,77,77,77,77,77,77,77,77,77,77,77,77,77,77,77,77,77,77,77,77,77,77,77,77,77,77,77,77,77,87,87,87,87,87,87,87,87,87,87,87,87],"relic_stats":{"Regal Pillow":41,"Lizard Tail":0,"counters":[236,1121],"Mummified Hand":[232],"Pen Nib":[16],"PreservedInsect":223,"obtain_stats":[{"TwistedFunnel":0,"infinitespire:BottledMercury":46,"Vampiric Spirits":46,"downfall:HeartBlessingGreen":10,"aspiration:PoetsPen_weak":17,"hubris:MysteriousPyramids":9,"Boot":52,"Sling":55,"Ring of Searing":38,"Blood Vial":43,"Replay:Wanted Poster":34,"infinitespire:ShieldingShard":13,"hubris:HerbalPaste":0,"hubris:AstralHammer":40,"Replay:Bronze Core":34,"MealTicket":48,"hubris:DeckOfHolding":28,"infinitespire:Golems Mask":48,"Fusion Hammer":34,"Replay:Bottled Flurry":46,"Kunai":47,"Replay:Wax Seal":18,"hubris:MobiusCoin":6,"MerchantsRug":53,"Pear":20,"Counterbalance":38,"ReplayTheSpireMod:Ring of Addiction":46,"hubris:SphereOfDissonance":0,"Pen Nib":25,"infinitespire:Magic Flask":9,"aspiration:IroncladSkillbook":17,"aspiration:FrozenJewel":9,"infinitespire:EvilPickle":33,"SlaversCollar":17,"infinitespire:Broken Mirror":54,"Bird Faced Urn":39,"Pandora\u0027s Box":34,"hubris:TenFootPole":2,"infinitespire:PuzzleCube":24,"Unceasing Top":14,"hubris:Reverence":23,"Regal Pillow":29,"aspiration:Lifesprig":0,"Lantern":40,"hubris:Metronome":41,"Torii":7,"Blue Doll":52,"Bag of Preparation":42,"hubris:EmptyBottle":29,"Ancient Tea Set":5,"Cursed Key":34,"Pet Ghost":41,"Replay:Rubber Ducky":36,"Shovel":3,"Ring of Fangs":46,"hubris:Backtick":34,"infinitespire:Bottled Soul":43,"Ring of Peace":38,"aspiration:AnachronicSnailShell":41,"hubris:CuriousFeather":38,"WingedGreaves":36,"Replay:Bottled Eggs":53,"Ring of Panic":10,"InkBottle":25,"aspiration:ChemicalBlood":24,"hubris:GlazedTorus":46,"Ring of the Snake":0,"Potion Belt":44,"Lee\u0027s Waffle":53,"downfall:HeartBlessingRed":10,"Replay:Fungal Core":29,"Basket Of Snakes":31,"Damaru":6,"PreservedInsect":26,"The Courier":41,"Omamori":45,"hubris:Towel":30,"Busted Crown":17,"Ornamental Fan":6,"Art of War":37,"Garlic":11,"ReplayTheSpireMod:Onyx Gauntlets":34,"Toy Ornithopter":46,"infinitespire:Midas Blood":0,"hubris:BottledRain":17,"Ice Cream":44,"Calipers":23,"hubris:CrystalStatue":41,"Vajra":12,"hubris:TerracottaHorce":48,"Centennial Puzzle":48,"Lizard Tail":13,"DollysMirror":20,"Strawberry":49,"aspiration:ArtOfWarUpgrade":49,"Iron Hammer":54,"Happy Flower":43,"hubris:DuctTape":34,"ReplayTheSpireMod:CursedCoin":53,"Replay:Grab Bag":34,"Oddly Smooth Stone":10,"Ring of Chaos":34,"infinitespire:Beetle Shell":53,"SaiyanHeart":0,"aspiration:SeaSaltIceCream":41,"War Paint":9,"aspiration:HiddenCompartment":29,"Question Card":25,"Replay:Baseball":29,"Bottled Flame":8,"ReplayTheSpireMod:Shallot":36,"Bronze Scales":54,"Molten Egg 2":23,"hubris:PeanutButter":9,"ReplayTheSpireMod:TigerMarble":43,"Black Star":17,"Grinning Jar":17,"aspiration:HatOfInfinitePower":37,"Mirror":9,"Meat on the Bone":4,"Pocketwatch":36,"ReplayFunnel":36,"SacredBark":46,"Mango":20,"aspiration:TomeofQuesting":38,"Snake Skull":7,"hubris:SlimyHat":36,"ClockworkSouvenir":53,"aspiration:StickyExplosives_weak":24,"Replay:Bandana":0,"hubris:Icosahedron":47,"aspiration:DefectSkillbook":34,"downfall:HeartBlessingBlue":18,"Mummified Hand":19,"Gambling Chip":0,"Runic Pyramid":21,"hubris:KleinBottle":37,"Gremlin Food":21,"BargainBundle":0,"ReplayTheSpireMod:Ninjato":41,"Quantum Egg":43,"ReplayTheSpireMod:Ring of Sloth":10,"Guide Book":0,"Replay:WaspNest":53,"Orichalcum":47,"Odd Mushroom":13,"Calling Bell":47,"Pondfish Scales":29,"Anchor":37,"CaptainsWheel":17,"infinitespire:Satchel":31,"SaiyanSoul":0,"Bag of Marbles":6,"Snack Pack":0,"Membership Card":20,"PureWater":0,"TungstenRod":29,"hubris:AncientText":36,"FossilizedHelix":36,"hubris:Potato":0,"hubris:NiceRug":53},{"TwistedFunnel":121,"infinitespire:BottledMercury":58,"Vampiric Spirits":144,"downfall:HeartBlessingGreen":6,"aspiration:PoetsPen_weak":187,"hubris:MysteriousPyramids":97,"Boot":32,"Sling":207,"Ring of Searing":83,"Blood Vial":85,"Replay:Wanted Poster":168,"infinitespire:ShieldingShard":70,"hubris:HerbalPaste":92,"hubris:AstralHammer":24,"Replay:Bronze Core":51,"MealTicket":59,"hubris:DeckOfHolding":77,"infinitespire:Golems Mask":144,"Fusion Hammer":196,"Replay:Bottled Flurry":116,"Kunai":88,"Replay:Wax Seal":11,"hubris:MobiusCoin":4,"MerchantsRug":32,"Pear":189,"Counterbalance":24,"ReplayTheSpireMod:Ring of Addiction":27,"hubris:SphereOfDissonance":121,"Pen Nib":16,"infinitespire:Magic Flask":37,"aspiration:IroncladSkillbook":42,"aspiration:FrozenJewel":67,"infinitespire:EvilPickle":51,"SlaversCollar":11,"infinitespire:Broken Mirror":120,"Bird Faced Urn":113,"Pandora\u0027s Box":137,"hubris:TenFootPole":180,"infinitespire:PuzzleCube":45,"Unceasing Top":186,"hubris:Reverence":223,"Regal Pillow":18,"aspiration:Lifesprig":62,"Lantern":171,"hubris:Metronome":200,"Torii":4,"Blue Doll":32,"Bag of Preparation":85,"hubris:EmptyBottle":18,"Ancient Tea Set":4,"Cursed Key":111,"Pet Ghost":24,"Replay:Rubber Ducky":23,"Shovel":2,"Ring of Fangs":27,"hubris:Backtick":196,"infinitespire:Bottled Soul":26,"Ring of Peace":83,"aspiration:AnachronicSnailShell":114,"hubris:CuriousFeather":54,"WingedGreaves":140,"Replay:Bottled Eggs":32,"Ring of Panic":97,"InkBottle":107,"aspiration:ChemicalBlood":15,"hubris:GlazedTorus":88,"Ring of the Snake":0,"Potion Belt":86,"Lee\u0027s Waffle":177,"downfall:HeartBlessingRed":6,"Replay:Fungal Core":165,"Basket Of Snakes":224,"Damaru":67,"PreservedInsect":223,"The Courier":229,"Omamori":27,"hubris:Towel":136,"Busted Crown":131,"Ornamental Fan":151,"Art of War":23,"Garlic":98,"ReplayTheSpireMod:Onyx Gauntlets":196,"Toy Ornithopter":27,"infinitespire:Midas Blood":92,"hubris:BottledRain":158,"Ice Cream":144,"Calipers":105,"hubris:CrystalStatue":114,"Vajra":155,"hubris:TerracottaHorce":232,"Centennial Puzzle":29,"Lizard Tail":216,"DollysMirror":13,"Strawberry":30,"aspiration:ArtOfWarUpgrade":175,"Iron Hammer":146,"Happy Flower":114,"hubris:DuctTape":196,"ReplayTheSpireMod:CursedCoin":60,"Replay:Grab Bag":196,"Oddly Smooth Stone":6,"Ring of Chaos":22,"infinitespire:Beetle Shell":32,"SaiyanHeart":0,"aspiration:SeaSaltIceCream":24,"War Paint":6,"aspiration:HiddenCompartment":78,"Question Card":107,"Replay:Baseball":18,"Bottled Flame":127,"ReplayTheSpireMod:Shallot":112,"Bronze Scales":120,"Molten Egg 2":105,"hubris:PeanutButter":153,"ReplayTheSpireMod:TigerMarble":26,"Black Star":100,"Grinning Jar":158,"aspiration:HatOfInfinitePower":23,"Mirror":127,"Meat on the Bone":94,"Pocketwatch":112,"ReplayFunnel":169,"SacredBark":27,"Mango":13,"aspiration:TomeofQuesting":24,"Snake Skull":184,"hubris:SlimyHat":23,"ClockworkSouvenir":32,"aspiration:StickyExplosives_weak":191,"Replay:Bandana":147,"hubris:Icosahedron":144,"aspiration:DefectSkillbook":225,"downfall:HeartBlessingBlue":11,"Mummified Hand":43,"Gambling Chip":33,"Runic Pyramid":74,"hubris:KleinBottle":23,"Gremlin Food":74,"BargainBundle":62,"ReplayTheSpireMod:Ninjato":143,"Quantum Egg":56,"ReplayTheSpireMod:Ring of Sloth":97,"Guide Book":147,"Replay:WaspNest":60,"Orichalcum":88,"Odd Mushroom":156,"Calling Bell":88,"Pondfish Scales":18,"Anchor":83,"CaptainsWheel":158,"infinitespire:Satchel":80,"SaiyanSoul":0,"Bag of Marbles":36,"Snack Pack":62,"Membership Card":13,"PureWater":0,"TungstenRod":109,"hubris:AncientText":112,"FossilizedHelix":169,"hubris:Potato":179,"hubris:NiceRug":177},{"TwistedFunnel":591,"infinitespire:BottledMercury":304,"Vampiric Spirits":705,"downfall:HeartBlessingGreen":31,"aspiration:PoetsPen_weak":930,"hubris:MysteriousPyramids":480,"Boot":214,"Sling":992,"Ring of Searing":418,"Blood Vial":426,"Replay:Wanted Poster":818,"infinitespire:ShieldingShard":356,"hubris:HerbalPaste":462,"hubris:AstralHammer":137,"Replay:Bronze Core":277,"MealTicket":307,"hubris:DeckOfHolding":389,"infinitespire:Golems Mask":705,"Fusion Hammer":971,"Replay:Bottled Flurry":563,"Kunai":441,"Replay:Wax Seal":49,"hubris:MobiusCoin":22,"MerchantsRug":214,"Pear":941,"Counterbalance":137,"ReplayTheSpireMod:Ring of Addiction":167,"hubris:SphereOfDissonance":591,"Pen Nib":78,"infinitespire:Magic Flask":235,"aspiration:IroncladSkillbook":246,"aspiration:FrozenJewel":343,"infinitespire:EvilPickle":277,"SlaversCollar":49,"infinitespire:Broken Mirror":585,"Bird Faced Urn":547,"Pandora\u0027s Box":666,"hubris:TenFootPole":883,"infinitespire:PuzzleCube":255,"Unceasing Top":919,"hubris:Reverence":1056,"Regal Pillow":94,"aspiration:Lifesprig":323,"Lantern":832,"hubris:Metronome":978,"Torii":22,"Blue Doll":214,"Bag of Preparation":426,"hubris:EmptyBottle":94,"Ancient Tea Set":22,"Cursed Key":542,"Pet Ghost":137,"Replay:Rubber Ducky":126,"Shovel":12,"Ring of Fangs":167,"hubris:Backtick":971,"infinitespire:Bottled Soul":154,"Ring of Peace":418,"aspiration:AnachronicSnailShell":555,"hubris:CuriousFeather":289,"WingedGreaves":683,"Replay:Bottled Eggs":214,"Ring of Panic":480,"InkBottle":523,"aspiration:ChemicalBlood":72,"hubris:GlazedTorus":441,"Ring of the Snake":0,"Potion Belt":431,"Lee\u0027s Waffle":867,"downfall:HeartBlessingRed":31,"Replay:Fungal Core":804,"Basket Of Snakes":1060,"Damaru":343,"PreservedInsect":1056,"The Courier":1082,"Omamori":167,"hubris:Towel":656,"Busted Crown":632,"Ornamental Fan":742,"Art of War":126,"Garlic":487,"ReplayTheSpireMod:Onyx Gauntlets":971,"Toy Ornithopter":167,"infinitespire:Midas Blood":462,"hubris:BottledRain":773,"Ice Cream":705,"Calipers":517,"hubris:CrystalStatue":555,"Vajra":761,"hubris:TerracottaHorce":1095,"Centennial Puzzle":181,"Lizard Tail":1021,"DollysMirror":56,"Strawberry":193,"aspiration:ArtOfWarUpgrade":853,"Iron Hammer":718,"Happy Flower":555,"hubris:DuctTape":971,"ReplayTheSpireMod:CursedCoin":314,"Replay:Grab Bag":971,"Oddly Smooth Stone":31,"Ring of Chaos":116,"infinitespire:Beetle Shell":214,"SaiyanHeart":0,"aspiration:SeaSaltIceCream":137,"War Paint":31,"aspiration:HiddenCompartment":394,"Question Card":523,"Replay:Baseball":94,"Bottled Flame":610,"ReplayTheSpireMod:Shallot":545,"Bronze Scales":585,"Molten Egg 2":517,"hubris:PeanutButter":749,"ReplayTheSpireMod:TigerMarble":154,"Black Star":500,"Grinning Jar":773,"aspiration:HatOfInfinitePower":126,"Mirror":610,"Meat on the Bone":467,"Pocketwatch":545,"ReplayFunnel":823,"SacredBark":167,"Mango":56,"aspiration:TomeofQuesting":137,"Snake Skull":909,"hubris:SlimyHat":126,"ClockworkSouvenir":214,"aspiration:StickyExplosives_weak":948,"Replay:Bandana":725,"hubris:Icosahedron":705,"aspiration:DefectSkillbook":1067,"downfall:HeartBlessingBlue":49,"Mummified Hand":249,"Gambling Chip":226,"Runic Pyramid":381,"hubris:KleinBottle":126,"Gremlin Food":381,"BargainBundle":323,"ReplayTheSpireMod:Ninjato":699,"Quantum Egg":297,"ReplayTheSpireMod:Ring of Sloth":480,"Guide Book":725,"Replay:WaspNest":314,"Orichalcum":441,"Odd Mushroom":763,"Calling Bell":441,"Pondfish Scales":94,"Anchor":418,"CaptainsWheel":773,"infinitespire:Satchel":402,"SaiyanSoul":0,"Bag of Marbles":233,"Snack Pack":323,"Membership Card":56,"PureWater":0,"TungstenRod":530,"hubris:AncientText":545,"FossilizedHelix":823,"hubris:Potato":879,"hubris:NiceRug":867}],"Ring of the Snake":[234]},"card_choices":[{"not_picked":["PiercingWail","Finisher"],"picked":"Underhanded Strike","floor":1.0},{"not_picked":["Backflip","Sucker Punch"],"picked":"hubris:Sniper","floor":2.0},{"not_picked":["hubris:TrickCloak","Outmaneuver"],"picked":"Blade Dance","floor":4.0},{"not_picked":["Underhanded Strike","Deflect"],"picked":"A Thousand Cuts","floor":5.0},{"not_picked":["Quick Slash","Skewer"],"picked":"Blade Dance","floor":7.0},{"not_picked":["Outmaneuver","Backstab","Acrobatics"],"picked":"SKIP","floor":8.0},{"not_picked":["Eviscerate","Die Die Die"],"picked":"Infinite Blades","floor":13.0},{"not_picked":["Poisoned Stab","Dodge and Roll","Flying Knee"],"picked":"SKIP","floor":14.0},{"not_picked":["Corpse Explosion","Unload"],"picked":"Tools of the Trade","floor":16.0},{"not_picked":["Sucker Punch","Dagger Throw"],"picked":"Blur+1","floor":18.0},{"not_picked":["Masterful Stab+1","hubris:SlightOfHand"],"picked":"Footwork+1","floor":19.0},{"not_picked":["Dagger Spray","hubris:SlightOfHand"],"picked":"Tactician","floor":21.0},{"not_picked":["hubris:TrickCloak","Quick Slash+1"],"picked":"Prepared","floor":22.0},{"not_picked":["Glass Knife","infinitespire:Neurotoxin"],"picked":"Eviscerate","floor":23.0},{"not_picked":["Flying Knee+1","Bane+1","Masterful Stab+1"],"picked":"SKIP","floor":31.0},{"not_picked":["Tools of the Trade","Poison Darts"],"picked":"After Image","floor":33},{"not_picked":["Dodge and Roll","Skim","Masterful Stab+1"],"picked":"Turbo+1","floor":35},{"not_picked":["Conserve Battery+1","Beam Cell","Cloak And Dagger+1"],"picked":"Blade Dance","floor":37},{"not_picked":["Acrobatics","Backflip+1","Heel Hook+1","ReplayTheSpireMod:Calculation Training"],"picked":"SKIP","floor":38},{"not_picked":["Finisher","Ball Lightning+1","hubris:SpecializedCircuitry"],"picked":"ReplayTheSpireMod:Scrap Shanks","floor":41},{"not_picked":["Go for the Eyes","Leap","Acrobatics+1"],"picked":"Envenom","floor":44},{"not_picked":["Bane+1","Force Field+1","Deflect+1","Accuracy"],"picked":"SKIP","floor":45},{"not_picked":["Hidden Blade+1","Flying Knee","Loop","Beam Cell"],"picked":"SKIP","floor":47},{"not_picked":[],"picked":"ReplayTheSpireMod:Scrap Shanks","floor":53},{"not_picked":["Sweeping Beam"],"picked":"SKIP","floor":53},{"not_picked":["Masterful Stab"],"picked":"SKIP","floor":53},{"not_picked":["Redo"],"picked":"SKIP","floor":53},{"not_picked":["Coolheaded+1"],"picked":"SKIP","floor":53},{"not_picked":["Replay:SS_fish_2"],"picked":"SKIP","floor":53},{"not_picked":["Midas Touch"],"picked":"SKIP","floor":53},{"not_picked":["Bane+1","Bouncing Flask+1","Blade Dance"],"picked":"Echo Form","floor":54}],"player_experience":568409,"relics_obtained":[{"floor":8.0,"key":"Oddly Smooth Stone"},{"floor":13.0,"key":"Lizard Tail"},{"floor":23.0,"key":"hubris:Reverence"},{"floor":26.0,"key":"PreservedInsect"},{"floor":31.0,"key":"Basket Of Snakes"},{"floor":41,"key":"The Courier"},{"floor":43,"key":"Pen Nib"},{"floor":44,"key":"Pear"},{"floor":53,"key":"ReplayFunnel"},{"floor":53,"key":"infinitespire:Satchel"},{"floor":53,"key":"Guide Book"},{"floor":54,"key":"Replay:Bottled Flurry"}],"event_choices":[{"damage_healed":0.0,"max_hp_gain":0.0,"max_hp_loss":0.0,"gold_gain":99.0,"event_name":"betterThird:BetterNest","player_choice":"Steal","floor":29.0,"gold_loss":0.0,"damage_taken":0.0}],"is_beta":false,"boss_relics":[{"not_picked":["Snecko Scales","SlaversCollar"],"picked":"Replay:Fungal Core"},{"not_picked":["Kintsugi","ChewingGum"],"picked":"aspiration:DefectSkillbook"}],"items_purged_floors":[0],"is_endless":false,"potions_floor_spawned":[2,4,16,19,31,38,41,47],"ascension_level":11}}