{"host":"95i1gxnztdrdyvhi","time":1610735166,"event":{"mods":["100% Spire Juice","AchievementEnabler","Act Like it!","BaseMod","Minty Spire (QoL Compilation)","Quick Restart","StSLib"],"gold_per_floor":[118,118,132,149,74,74,90,90,114,143,143,0,32,32,32,136,136,32,32,52,69,88,88,121,121,121,134,150,22,22,22],"floor_reached":30,"language":"ENG","playtime":1256,"items_purged":["Moonworks:Strike","Moonworks:Strike"],"score":285,"play_id":"ecd541ba-e8e7-47d5-bdce-b92c8be9c04b","local_time":"20210115182606","is_ascension_mode":false,"campfire_choices":[{"data":"Moonworks:IndiscriminateFireSupport","floor":6.0,"key":"SMITH"},{"data":"Moonworks:PlushieMaster","floor":8.0,"key":"SMITH"},{"floor":11.0,"key":"RECALL"},{"data":"Moonworks:Ambush","floor":15.0,"key":"SMITH"},{"data":"Moonworks:Blazing","floor":23,"key":"SMITH"},{"floor":25,"key":"REST"}],"circlet_count":0,"master_deck":["Moonworks:Strike","Moonworks:Strike","Moonworks:Defend","Moonworks:Defend","Moonworks:Defend","Moonworks:Defend","Moonworks:Ambush+1","Moonworks:LongDistanceShot","Moonworks:IndiscriminateFireSupport+1","Moonworks:NicePresent","Moonworks:PlushieMaster+1","Moonworks:Blazing+1","Moonworks:StiffCrystal","Moonworks:EvilSpyWorkPreparation","Moonworks:EvilSpyWorkPreparation+1"],"relics":["Moonworks:BrokenBomb","Moonworks:Homemark","NeowsBlessing","Anchor","Nunchaku","Question Card","Membership Card","Blood Vial","Black Star","Bag of Preparation","Gremlin Horn","Mummified Hand","PreservedInsect"],"acts_visited":["Exordium","TheCity"],"potions_floor_usage":[24,27],"damage_taken":[{"damage":0.0,"enemies":"2 Louse","floor":1.0,"turns":1.0},{"damage":0.0,"enemies":"Jaw Worm","floor":3.0,"turns":1.0},{"damage":0.0,"enemies":"Cultist","floor":4.0,"turns":1.0},{"damage":0.0,"enemies":"3 Louse","floor":7.0,"turns":1.0},{"damage":32.0,"enemies":"Gremlin Nob","floor":10.0,"turns":4.0},{"damage":0.0,"enemies":"3 Sentries","floor":13.0,"turns":2.0},{"damage":1.0,"enemies":"The Guardian","floor":16.0,"turns":13.0},{"damage":7.0,"enemies":"Chosen","floor":18.0,"turns":5.0},{"damage":2.0,"enemies":"Shell Parasite","floor":20.0,"turns":5.0},{"damage":21.0,"enemies":"Snake Plant","floor":21.0,"turns":5.0},{"damage":1,"enemies":"Cultist and Chosen","floor":22,"turns":6},{"damage":16,"enemies":"Gremlin Leader","floor":24,"turns":7},{"damage":0,"enemies":"Centurion and Healer","floor":27,"turns":4},{"damage":28,"enemies":"Snake Plant","floor":28,"turns":5},{"damage":6,"enemies":"Book of Stabbing","floor":30,"turns":3}],"seed_played":"364585503933752767","potions_obtained":[{"floor":3.0,"key":"Swift Potion"},{"floor":4.0,"key":"Dexterity Potion"},{"floor":16.0,"key":"ColorlessPotion"},{"floor":20.0,"key":"Block Potion"}],"is_trial":false,"path_per_floor":["M","?","M","M","$","R","M","R","T","E","R","$","E","?","R","B",null,"M","$","M","M","M","R","E","R","T","M","M","$","E"],"character_chosen":"THE_STARBREAKER","items_purchased":["Membership Card","PreservedInsect"],"campfire_rested":1,"item_purchase_floors":[12,29],"current_hp_per_floor":[60,53,53,53,53,53,53,53,53,21,21,21,21,21,21,22,60,53,53,53,34,35,35,21,39,39,41,15,15,11,11],"gold":22,"neow_bonus":"THREE_ENEMY_KILL","is_daily":false,"chose_seed":false,"campfire_upgraded":4,"win_rate":0.0,"timestamp":1610735166,"path_taken":["M","?","M","M","$","R","M","R","T","E","R","$","E","?","R","BOSS","M","?","M","M","M","R","E","R","T","M","M","$","E"],"items_purchased_type":["Relic","Relic"],"build_version":"2020-12-22","purchased_purges":2,"victory":false,"max_hp_per_floor":[60,60,60,60,60,60,60,60,60,60,60,60,60,60,60,60,60,60,60,60,60,60,60,60,60,60,60,60,60,60,60],"card_choices":[{"not_picked":["Moonworks:LulusLuckyEgg","Moonworks:FinalSurgery"],"picked":"Moonworks:IndiscriminateFireSupport","floor":1.0},{"not_picked":["Moonworks:CloudOfSeagulls","Moonworks:SakisCookie"],"picked":"Moonworks:NicePresent","floor":3.0},{"not_picked":["Moonworks:CloudOfSeagulls","Moonworks:ImOnFire","Moonworks:DeployBits"],"picked":"SKIP","floor":4.0},{"not_picked":["Moonworks:DeployBits","Moonworks:SealedMemories"],"picked":"Moonworks:PlushieMaster","floor":7.0},{"not_picked":["Moonworks:BeyondHell","Moonworks:CloudOfSeagulls","Moonworks:ExtendedPhotonRifle"],"picked":"SKIP","floor":10.0},{"not_picked":["Moonworks:PlushieMaster","Moonworks:NicePresent","Moonworks:ScrambledEve","Moonworks:Bloodlust"],"picked":"SKIP","floor":13.0},{"not_picked":["Moonworks:PlushieMaster","Moonworks:MeltingMemories","Moonworks:ShieldCounter"],"picked":"Moonworks:Blazing","floor":16.0},{"not_picked":["Moonworks:CloudOfSeagulls","Moonworks:BigMagnum+1","Moonworks:SakisCookie+1"],"picked":"Moonworks:StiffCrystal","floor":18.0},{"not_picked":["Moonworks:LulusLuckyEgg","Moonworks:CloudOfSeagulls","Moonworks:DeployBits","Moonworks:BigMagnum"],"picked":"SKIP","floor":20.0},{"not_picked":["Moonworks:Assault+1","Moonworks:ImmovableObject","Moonworks:BeyondHell+1","Moonworks:CompletionReward"],"picked":"SKIP","floor":21.0},{"not_picked":["Moonworks:DeployBits","Moonworks:SweetBattle","Moonworks:BeyondHell","Moonworks:CookingTime"],"picked":"SKIP","floor":22},{"not_picked":["Moonworks:JonathanRush","Moonworks:CloudOfSeagulls+1","Moonworks:LulusLuckyEgg+1","Moonworks:IndiscriminateFireSupport"],"picked":"SKIP","floor":24},{"not_picked":["Moonworks:DeployBits","Moonworks:MixPhenomenon+1","Moonworks:LulusLuckyEgg+1"],"picked":"Moonworks:EvilSpyWorkPreparation","floor":27},{"not_picked":["Moonworks:TreasureThief","Moonworks:CloudOfSeagulls","Moonworks:NicePresent"],"picked":"Moonworks:EvilSpyWorkPreparation+1","floor":28}],"player_experience":653377,"relics_obtained":[{"floor":9.0,"key":"Nunchaku"},{"floor":10.0,"key":"Question Card"},{"floor":13.0,"key":"Blood Vial"},{"floor":24,"key":"Bag of Preparation"},{"floor":24,"key":"Gremlin Horn"},{"floor":26,"key":"Mummified Hand"}],"event_choices":[{"damage_healed":0.0,"max_hp_gain":0.0,"max_hp_loss":0.0,"gold_gain":0.0,"event_name":"Scrap Ooze","player_choice":"Success","floor":2.0,"gold_loss":0.0,"damage_taken":7.0,"relics_obtained":["Anchor"]},{"damage_healed":0.0,"max_hp_gain":0.0,"max_hp_loss":0.0,"gold_gain":0.0,"event_name":"NoteForYourself","player_choice":"Ignored","floor":14.0,"gold_loss":0.0,"damage_taken":0.0}],"is_beta":false,"boss_relics":[{"not_picked":["Tiny House","Calling Bell"],"picked":"Black Star"}],"items_purged_floors":[5,29],"is_endless":false,"potions_floor_spawned":[3,4,16,18,20,22],"killed_by":"Book of Stabbing","ascension_level":0}}