{"host":"51fyd6gkml7xavq8","time":1610694085,"event":{"mods":["BaseMod","BetterRewards","Colored Map","Energized Spire","Infinite Spire","Minty Spire (QoL Compilation)","Replay The Spire","Shop Mod","Spicy Shops","StSLib","The Blue Laboratory","[IsaacMod]????"],"gold_per_floor":[111,138,7,7,4,53,53,74,74,74,0,24,7,56,56,77,77],"floor_reached":16,"language":"ENG","playtime":1474,"items_purged":["Dualcast","Strike_B"],"score":203,"play_id":"cbe4a346-7ac9-423f-ab9c-2050470b67e1","local_time":"20210115040125","is_ascension_mode":true,"campfire_choices":[{"data":"Zap","floor":7.0,"key":"SMITH"},{"floor":10.0,"key":"REST"},{"floor":15.0,"key":"REST"}],"circlet_count":0,"master_deck":["Strike_B","Strike_B","Strike_B+1","Defend_B","Defend_B","Defend_B+1","Defend_B","Zap+1","Capacitor+1","Lockon"],"relics":["HushsDoor","SalivaCoin","Membership Card","Prayer Wheel","MerchantsRug","Singing Bowl","Symbiotic Virus","ReplayTheSpireMod:TigerMarble","Lantern","Odd Mushroom","Simple Rune"],"acts_visited":["Exordium"],"potions_floor_usage":[],"damage_taken":[{"damage":0.0,"enemies":"Small Slimes","floor":1.0,"turns":3.0},{"damage":8.0,"enemies":"Jaw Worm","floor":2.0,"turns":4.0},{"damage":36.0,"enemies":"Gremlin Nob","floor":6.0,"turns":5.0},{"damage":1.0,"enemies":"Cultist","floor":8.0,"turns":4.0},{"damage":0.0,"enemies":"The Mushroom Lair","floor":12.0,"turns":1.0},{"damage":46.0,"enemies":"Lagavulin","floor":14.0,"turns":9.0},{"damage":34,"enemies":"The Guardian","floor":16,"turns":6}],"seed_played":"-589987507120550533","potions_obtained":[{"floor":1.0,"key":"Explosive Potion"},{"floor":6.0,"key":"Adrenaline Potion"},{"floor":12.0,"key":"ColorlessPotion"}],"is_trial":false,"path_per_floor":["M","M","$","?","$","E","R","M","T","R","$","?","$","E","R","B"],"character_chosen":"DEFECT","items_purchased":["Membership Card","Capacitor","MerchantsRug","EntropicBrew","Singing Bowl","Lantern"],"campfire_rested":2,"item_purchase_floors":[0,3,3,5,5,11],"current_hp_per_floor":[68,60,60,60,60,24,24,27,27,50,50,52,52,6,30,0,0],"gold":77,"neow_bonus":"","is_daily":false,"chose_seed":false,"campfire_upgraded":1,"win_rate":0.0,"timestamp":1610694085,"path_taken":["M","M","$","?","$","E","R","M","T","R","?","?","$","E","R","BOSS"],"items_purchased_type":["Relic","Card","Relic","Potion","Relic","Relic"],"build_version":"2020-12-22","purchased_purges":2,"victory":false,"max_hp_per_floor":[75,75,75,75,75,75,75,79,79,79,79,81,81,81,81,81,81],"card_choices":[{"not_picked":["Leap","Go for the Eyes"],"picked":"ReplayTheSpireMod:Fabricate Wheel","floor":1.0},{"not_picked":["Compile Driver","Cold Snap","BootSequence"],"picked":"SKIP","floor":2.0},{"not_picked":["ElectricPowerLearning","Stack","Gash"],"picked":"SKIP","floor":2.0},{"not_picked":["FTL","Streamline"],"picked":"Bomb","floor":6.0},{"not_picked":["White Noise","Stack","Heatsinks"],"picked":"Singing Bowl","floor":8.0},{"not_picked":["Beam Cell","Rainbow","Rebound"],"picked":"Singing Bowl","floor":8.0},{"not_picked":["Aggregate","Coolheaded","Glacier"],"picked":"Singing Bowl","floor":12.0},{"not_picked":["Barrage","ReplayTheSpireMod:GoodbyeWorld"],"picked":"Lockon","floor":14.0}],"player_experience":530712,"relics_obtained":[{"floor":6.0,"key":"Symbiotic Virus"},{"floor":9.0,"key":"ReplayTheSpireMod:TigerMarble"},{"floor":12.0,"key":"Odd Mushroom"},{"floor":14.0,"key":"Simple Rune"}],"event_choices":[{"damage_healed":0.0,"max_hp_gain":0.0,"max_hp_loss":0.0,"gold_gain":0.0,"event_name":"Mushrooms","player_choice":"Fought Mushrooms","floor":12.0,"gold_loss":0.0,"damage_taken":0.0}],"is_beta":false,"boss_relics":[],"items_purged_floors":[11,13],"is_endless":false,"potions_floor_spawned":[1,6,12],"killed_by":"The Guardian","ascension_level":6}}