{"host":"1a3cjta80tad0aqj","time":1610696179,"event":{"mods":["2.2 Compatiblity","AchievementEnabler","BaseMod","Colored Map","DeckTracker","KOR Keyword Fix","Keyboard Shortcuts","Minty Spire (QoL Compilation)","Permanent Neow","Quick Restart","Random Character Button","StSLib","SuperFastMode","everything is the same but u backflip on backflip"],"gold_per_floor":[114,127,6,20,37,63,12,32,32,60,80,30,30,44,44,148,148,161,173,173,184,99,99,126,126,126,141,157,107,107,139,139,234,234,253,253,599,622,622,649,664,664,664],"floor_reached":42,"language":"KOR","playtime":2648,"items_purged":["Defend_R","Strike_R"],"score":503,"play_id":"5ea8b988-47c8-4657-bda2-e8a7cce72c5f","local_time":"20210115163619","is_ascension_mode":false,"campfire_choices":[{"floor":15.0,"key":"REST"},{"data":"Corruption","floor":23.0,"key":"SMITH"},{"floor":25.0,"key":"REST"},{"data":"True Grit","floor":30.0,"key":"SMITH"},{"floor":32.0,"key":"RECALL"}],"circlet_count":0,"master_deck":["Strike_R","Defend_R","Bash","Corruption+1","Armaments","Shrug It Off","True Grit+1","Dropkick","Headbutt","Immolate","Rage","Dual Wield","Metallicize","Impervious","Feel No Pain","Sentinel","Trip","Shockwave+1"],"relics":["Burning Blood","Self Forming Clay","Tiny Chest","Gremlin Horn","Mummified Hand","Black Star","Torii","Du-Vu Doll","Smiling Mask","Regal Pillow","Mercury Hourglass","Turnip","Oddly Smooth Stone","Empty Cage","Old Coin","Juzu Bracelet","Bottled Flame","Lizard Tail"],"acts_visited":["TheCity","TheBeyond"],"potions_floor_usage":[33,40,42],"damage_taken":[{"damage":8.0,"enemies":"Cultist","floor":1.0,"turns":5.0},{"damage":7.0,"enemies":"Jaw Worm","floor":2.0,"turns":5.0},{"damage":2.0,"enemies":"Small Slimes","floor":4.0,"turns":5.0},{"damage":12.0,"enemies":"3 Louse","floor":5.0,"turns":7.0},{"damage":19.0,"enemies":"Lagavulin","floor":6.0,"turns":8.0},{"damage":7.0,"enemies":"Blue Slaver","floor":8.0,"turns":4.0},{"damage":22.0,"enemies":"Gremlin Nob","floor":10.0,"turns":4.0},{"damage":0.0,"enemies":"Large Slime","floor":11.0,"turns":4.0},{"damage":10.0,"enemies":"Looter","floor":14.0,"turns":4.0},{"damage":54.0,"enemies":"Hexaghost","floor":16.0,"turns":10.0},{"damage":17.0,"enemies":"Shell Parasite","floor":18.0,"turns":9.0},{"damage":24.0,"enemies":"Chosen","floor":19.0,"turns":5.0},{"damage":0.0,"enemies":"Snake Plant","floor":21.0,"turns":7.0},{"damage":31.0,"enemies":"Gremlin Leader","floor":24.0,"turns":8.0},{"damage":1.0,"enemies":"Centurion and Healer","floor":27.0,"turns":8.0},{"damage":7.0,"enemies":"Snecko","floor":28.0,"turns":5.0},{"damage":19.0,"enemies":"Book of Stabbing","floor":31.0,"turns":6.0},{"damage":8,"enemies":"Champ","floor":33,"turns":8},{"damage":9,"enemies":"3 Darklings","floor":35,"turns":6},{"damage":12,"enemies":"2 Orb Walkers","floor":37,"turns":5},{"damage":51,"enemies":"Reptomancer","floor":40,"turns":6},{"damage":1,"enemies":"3 Shapes","floor":41,"turns":5},{"damage":43,"enemies":"Nemesis","floor":42,"turns":8}],"seed_played":"-7182902305874541358","potions_obtained":[{"floor":5.0,"key":"Block Potion"},{"floor":6.0,"key":"AttackPotion"},{"floor":10.0,"key":"Ancient Potion"},{"floor":11.0,"key":"Fire Potion"},{"floor":14.0,"key":"GamblersBrew"},{"floor":18.0,"key":"Block Potion"},{"floor":27.0,"key":"Weak Potion"},{"floor":33,"key":"Weak Potion"},{"floor":35,"key":"HeartOfIron"},{"floor":40,"key":"BlessingOfTheForge"}],"is_trial":false,"path_per_floor":["M","M","$","M","M","E","?","M","T","E","M","?","?","M","R","B",null,"M","M","T","M","?","R","E","R","T","M","M","$","R","E","R","B",null,"M","?","?","T","?","E","M","E"],"character_chosen":"IRONCLAD","items_purchased":["True Grit"],"campfire_rested":2,"item_purchase_floors":[3],"current_hp_per_floor":[78,77,77,80,74,61,61,60,60,44,50,50,50,46,70,22,80,69,51,51,57,57,57,32,71,71,76,75,75,75,62,62,60,80,77,77,71,71,71,26,31,28,28],"gold":664,"neow_bonus":"TRANSFORM_CARD","is_daily":false,"chose_seed":false,"campfire_upgraded":2,"win_rate":0.0,"timestamp":1610696179,"path_taken":["M","?","$","M","?","E","?","?","T","E","M","?","?","M","R","BOSS","M","M","?","M","?","R","E","R","T","M","M","$","R","E","R","BOSS","M","?","?","?","?","E","M","E"],"items_purchased_type":["Card"],"build_version":"2020-12-22","purchased_purges":2,"victory":false,"max_hp_per_floor":[80,80,80,80,80,80,80,80,80,80,80,80,80,80,80,80,80,80,80,80,80,80,80,80,80,80,80,80,80,80,80,80,80,80,80,80,80,80,80,80,80,80,80],"card_choices":[{"not_picked":["Clash","Flame Barrier"],"picked":"Armaments","floor":1.0},{"not_picked":["Flame Barrier","Perfected Strike"],"picked":"Shrug It Off","floor":2.0},{"not_picked":["Iron Wave","Combust","Spot Weakness"],"picked":"SKIP","floor":4.0},{"not_picked":["Dual Wield","Fire Breathing"],"picked":"Dropkick","floor":5.0},{"not_picked":["Twin Strike","Anger"],"picked":"Headbutt","floor":6.0},{"not_picked":["Flex","Anger"],"picked":"Immolate","floor":8.0},{"not_picked":["Fiend Fire","Havoc"],"picked":"Rage","floor":10.0},{"not_picked":["Pummel","Havoc"],"picked":"Dual Wield","floor":11.0},{"not_picked":["Flex","Perfected Strike"],"picked":"Metallicize","floor":14.0},{"not_picked":["Corruption","Fiend Fire"],"picked":"Impervious","floor":16.0},{"not_picked":["Pommel Strike","Iron Wave","Sword Boomerang+1"],"picked":"SKIP","floor":18.0},{"not_picked":["Armaments","Clothesline"],"picked":"Feel No Pain","floor":19.0},{"not_picked":["Wild Strike+1","Body Slam+1","Anger"],"picked":"SKIP","floor":21.0},{"not_picked":["Perfected Strike","Pummel+1","Headbutt"],"picked":"SKIP","floor":24.0},{"not_picked":["Wild Strike","Headbutt+1"],"picked":"Sentinel","floor":27.0},{"not_picked":["Infernal Blade","Corruption","Metallicize"],"picked":"SKIP","floor":28.0},{"not_picked":["Demon Form","Twin Strike+1","Iron Wave+1"],"picked":"SKIP","floor":31.0},{"not_picked":["Demon Form","Twin Strike+1","Iron Wave+1"],"picked":"SKIP","floor":31.0},{"not_picked":["Demon Form","Twin Strike+1","Iron Wave+1"],"picked":"SKIP","floor":31.0},{"not_picked":["Perfected Strike","Cleave+1","Body Slam"],"picked":"SKIP","floor":35},{"not_picked":["Transmutation","The Bomb"],"picked":"Trip","floor":36},{"not_picked":["Headbutt+1","Rupture","Clash+1"],"picked":"SKIP","floor":40},{"not_picked":["Rage+1","Whirlwind"],"picked":"Shockwave+1","floor":41}],"player_experience":640056,"relics_obtained":[{"floor":6.0,"key":"Self Forming Clay"},{"floor":9.0,"key":"Gremlin Horn"},{"floor":10.0,"key":"Mummified Hand"},{"floor":20.0,"key":"Torii"},{"floor":24.0,"key":"Smiling Mask"},{"floor":24.0,"key":"Regal Pillow"},{"floor":26.0,"key":"Mercury Hourglass"},{"floor":31.0,"key":"Turnip"},{"floor":31.0,"key":"Oddly Smooth Stone"},{"floor":37,"key":"Old Coin"},{"floor":38,"key":"Juzu Bracelet"},{"floor":40,"key":"Bottled Flame"},{"floor":40,"key":"Lizard Tail"}],"event_choices":[{"damage_healed":0.0,"max_hp_gain":0.0,"max_hp_loss":0.0,"gold_gain":0.0,"event_name":"WeMeetAgain","player_choice":"Paid Gold","floor":7.0,"gold_loss":51.0,"damage_taken":0.0,"relics_obtained":["Tiny Chest"]},{"cards_removed":["Strike_R"],"damage_healed":0.0,"max_hp_gain":0.0,"max_hp_loss":0.0,"gold_gain":0.0,"event_name":"The Cleric","player_choice":"Card Removal","floor":12.0,"gold_loss":50.0,"damage_taken":0.0},{"cards_removed":["Strike_R"],"damage_healed":0.0,"max_hp_gain":0.0,"max_hp_loss":0.0,"gold_gain":0.0,"event_name":"Living Wall","player_choice":"Forget","floor":13.0,"gold_loss":0.0,"damage_taken":0.0},{"damage_healed":0.0,"max_hp_gain":0.0,"max_hp_loss":0.0,"gold_gain":0.0,"event_name":"Addict","player_choice":"Obtained Relic","floor":22.0,"gold_loss":85.0,"damage_taken":0.0,"relics_obtained":["Du-Vu Doll"]},{"damage_healed":0,"gold_gain":0,"player_choice":"Memory 1","damage_taken":0,"max_hp_gain":0,"max_hp_loss":0,"event_name":"SensoryStone","floor":36,"gold_loss":0},{"damage_healed":0,"gold_gain":0,"player_choice":"Fight","damage_taken":0,"max_hp_gain":0,"max_hp_loss":0,"event_name":"Mysterious Sphere","floor":37,"gold_loss":0},{"damage_healed":0,"gold_gain":0,"player_choice":"Ignored","damage_taken":0,"max_hp_gain":0,"max_hp_loss":0,"event_name":"Tomb of Lord Red Mask","floor":39,"gold_loss":0}],"is_beta":false,"boss_relics":[{"not_picked":["Black Blood","Tiny House"],"picked":"Black Star"},{"not_picked":["Busted Crown","SacredBark"],"picked":"Empty Cage"}],"items_purged_floors":[3,29],"is_endless":false,"potions_floor_spawned":[5,6,10,11,14,18,27,33,35,40],"killed_by":"Nemesis","ascension_level":0}}