{"host":"rq107ve574byxhfs","time":1610727846,"event":{"mods":["AchievementEnabler","BaseMod","Colored Map","Minty Spire (QoL Compilation)","StSLib","SuperFastMode","everything is the same but u backflip on backflip"],"gold_per_floor":[118,30,30,30,105,139,139,21,102,102,135,159,84,108,108,222,222,240,140,140,15,38,38,38],"floor_reached":23,"language":"KOR","playtime":400,"items_purged":["Strike_R","Combust","Bludgeon"],"score":441,"play_id":"b2cfa812-e0f1-4dda-b8ad-09f5b9b1c4d0","local_time":"20210116012406","is_ascension_mode":true,"campfire_choices":[{"data":"Inflame","floor":7.0,"key":"SMITH"},{"data":"Battle Trance","floor":10.0,"key":"SMITH"},{"data":"Disarm","floor":15.0,"key":"SMITH"}],"circlet_count":0,"master_deck":["AscendersBane","Bash","Battle Trance+1","Inflame+1","Evolve","Disarm+1","Pummel","Offering","Clothesline","Offering","Limit Break","Power Through","Dual Wield","Second Wind"],"relics":["Burning Blood","NeowsBlessing","Golden Idol","Pen Nib","Bottled Lightning","Toy Ornithopter","Pandora\u0027s Box"],"acts_visited":[],"potions_floor_usage":[],"damage_taken":[{"damage":0.0,"enemies":"Cultist","floor":1.0,"turns":1.0},{"damage":0.0,"enemies":"3 Sentries","floor":6.0,"turns":2.0},{"damage":0.0,"enemies":"Gremlin Nob","floor":11.0,"turns":1.0},{"damage":0.0,"enemies":"Small Slimes","floor":12.0,"turns":2.0},{"damage":0.0,"enemies":"2 Louse","floor":14.0,"turns":2.0},{"damage":25.0,"enemies":"Hexaghost","floor":16.0,"turns":9.0},{"damage":23.0,"enemies":"Spheric Guardian","floor":18.0,"turns":3.0},{"damage":6.0,"enemies":"Chosen","floor":22.0,"turns":3.0},{"damage":0,"enemies":"Slavers","floor":23,"turns":1}],"seed_played":"1735371203452724786","potions_obtained":[{"floor":1.0,"key":"ColorlessPotion"},{"floor":16.0,"key":"Swift Potion"},{"floor":18.0,"key":"CultistPotion"},{"floor":20.0,"key":"DistilledChaos"}],"is_trial":false,"path_per_floor":["M","$","?","?","?","E","R","$","T","R","E","M","?","M","R","B",null,"M","$","?","$","M","E"],"character_chosen":"IRONCLAD","items_purchased":["Inflame","Evolve"],"campfire_rested":0,"item_purchase_floors":[2,8],"current_hp_per_floor":[74,74,51,25,14,20,20,20,20,20,26,32,32,38,38,24,62,45,45,45,45,45,45,45],"gold":38,"neow_bonus":"THREE_ENEMY_KILL","is_daily":false,"chose_seed":false,"campfire_upgraded":3,"win_rate":0.0,"timestamp":1610727846,"path_taken":["M","$","?","?","?","E","R","$","T","R","E","M","?","M","R","BOSS","M","$","?","?","M","E"],"items_purchased_type":["Card","Card"],"build_version":"2020-12-22","purchased_purges":3,"victory":false,"max_hp_per_floor":[75,75,75,75,75,75,75,75,75,75,75,75,75,75,75,75,75,75,75,75,75,75,75,75],"card_choices":[{"not_picked":["Seeing Red","Clash"],"picked":"Battle Trance","floor":1.0},{"not_picked":["Warcry","Rupture","Clash"],"picked":"SKIP","floor":6.0},{"not_picked":["Body Slam","Carnage"],"picked":"Disarm","floor":11.0},{"not_picked":["Uppercut","Second Wind"],"picked":"Pummel","floor":12.0},{"not_picked":["Armaments","Iron Wave","Battle Trance"],"picked":"SKIP","floor":14.0},{"not_picked":["Corruption","Brutality"],"picked":"Offering","floor":16.0},{"not_picked":["Anger","Twin Strike","Body Slam"],"picked":"SKIP","floor":18.0},{"not_picked":["Pommel Strike","Combust+1"],"picked":"Second Wind","floor":22.0}],"player_experience":1322092,"relics_obtained":[{"floor":6.0,"key":"Pen Nib"},{"floor":9.0,"key":"Bottled Lightning"},{"floor":11.0,"key":"Toy Ornithopter"}],"event_choices":[{"damage_healed":0.0,"max_hp_gain":0.0,"max_hp_loss":0.0,"gold_gain":0.0,"event_name":"Shining Light","player_choice":"Entered Light","floor":3.0,"gold_loss":0.0,"damage_taken":23.0,"cards_upgraded":["Strike_R","Strike_R"]},{"damage_healed":0.0,"max_hp_gain":0.0,"max_hp_loss":0.0,"gold_gain":0.0,"event_name":"Golden Idol","player_choice":"Take Damage","floor":4.0,"gold_loss":0.0,"damage_taken":26.0,"relics_obtained":["Golden Idol"]},{"damage_healed":0.0,"max_hp_gain":0.0,"max_hp_loss":0.0,"gold_gain":75.0,"event_name":"World of Goop","player_choice":"Gather Gold","floor":5.0,"gold_loss":0.0,"damage_taken":11.0},{"cards_removed":["Strike_R"],"damage_healed":0.0,"max_hp_gain":0.0,"max_hp_loss":0.0,"gold_gain":0.0,"event_name":"The Cleric","player_choice":"Card Removal","floor":13.0,"gold_loss":75.0,"damage_taken":0.0},{"damage_healed":0.0,"max_hp_gain":0.0,"max_hp_loss":0.0,"gold_gain":0.0,"event_name":"Lab","player_choice":"Got Potions","floor":20.0,"gold_loss":0.0,"damage_taken":0.0}],"is_beta":false,"boss_relics":[{"not_picked":["SlaversCollar","Tiny House"],"picked":"Pandora\u0027s Box"}],"items_purged_floors":[8,19,21],"is_endless":false,"potions_floor_spawned":[1,16,18],"killed_by":"Slavers","ascension_level":16}}