{"host":"r8wnwrggzw8t210b","time":1610710920,"event":{"mods":["BaseMod","Colored Powertips","Downfall","Minty Spire (QoL Compilation)","StSLib"],"gold_per_floor":[113,127,24,37,48,80,80,113,139,151,163,175,187,149,149,272,272,287,287,287,281,304,304,337,360,360,360,374,95,126,145,145,271,271,291,318,341,87,87,87,122,143,191,230,244,244,269,332,332,332,332,332,42,83,83],"floor_reached":56,"language":"ZHS","playtime":3228,"items_purged":["Strike_G","Strike_G","Strike_G","Strike_G","Strike_G"],"score":1355,"play_id":"f7c99cce-b2a6-42fe-bfef-35c0b00296bb","local_time":"20210115194200","is_ascension_mode":true,"campfire_choices":[{"data":"Blade Dance","floor":7.0,"key":"SMITH"},{"floor":13.0,"key":"REST"},{"data":"Backflip","floor":15.0,"key":"SMITH"},{"data":"Bullet Time","floor":23.0,"key":"SMITH"},{"floor":27.0,"key":"REST"},{"floor":32.0,"key":"DIG"},{"floor":40.0,"key":"RECALL"},{"data":"Tactician","floor":46.0,"key":"SMITH"},{"data":"Tactician","floor":49.0,"key":"SMITH"},{"data":"Prepared","floor":52.0,"key":"SMITH"}],"circlet_count":0,"master_deck":["Defend_G","Defend_G","Defend_G","Survivor","Neutralize","Infinite Blades","Blade Dance+1","Prepared+1","Acrobatics","Calculated Gamble","Backflip+1","Finesse","Bullet Time+1","Blade Dance","Malaise","After Image","Escape Plan+1","Eviscerate","Accuracy+1","Finisher","Footwork+1","Backstab","Die Die Die","Reflex+1","Tactician+1","Blade Dance","Acrobatics+1","Tactician+1","Purity"],"relics":["Ring of the Snake","Smiling Mask","Orichalcum","Tiny Chest","MawBank","Golden Idol","Sozu","Bag of Marbles","Bag of Preparation","Frozen Egg 2","Orrery","Shovel","Shuriken","HoveringKite","Nunchaku","Sling","Ancient Tea Set","Ninja Scroll","Calipers","OrangePellets","Eternal Feather"],"acts_visited":["TheCity","TheBeyond","TheEnding"],"potions_floor_usage":[],"damage_taken":[{"damage":2.0,"enemies":"Jaw Worm","floor":1.0,"turns":6.0},{"damage":5.0,"enemies":"Small Slimes","floor":2.0,"turns":4.0},{"damage":1.0,"enemies":"Cultist","floor":4.0,"turns":3.0},{"damage":8.0,"enemies":"2 Fungi Beasts","floor":5.0,"turns":5.0},{"damage":26.0,"enemies":"Lagavulin","floor":6.0,"turns":7.0},{"damage":17.0,"enemies":"3 Sentries","floor":8.0,"turns":9.0},{"damage":21.0,"enemies":"Hexaghost","floor":16.0,"turns":9.0},{"damage":4.0,"enemies":"Shell Parasite","floor":18.0,"turns":8.0},{"damage":7.0,"enemies":"2 Thieves","floor":21.0,"turns":4.0},{"damage":27.0,"enemies":"Shelled Parasite and Fungi","floor":22.0,"turns":7.0},{"damage":20.0,"enemies":"Slavers","floor":24.0,"turns":6.0},{"damage":0.0,"enemies":"Snake Plant","floor":25.0,"turns":8.0},{"damage":7.0,"enemies":"Centurion and Healer","floor":28.0,"turns":5.0},{"damage":0.0,"enemies":"Gremlin Leader","floor":30.0,"turns":7.0},{"damage":0.0,"enemies":"Shelled Parasite and Fungi","floor":31.0,"turns":1.0},{"damage":11.0,"enemies":"Champ","floor":33.0,"turns":5.0},{"damage":1.0,"enemies":"3 Shapes","floor":35.0,"turns":4.0},{"damage":0.0,"enemies":"Orb Walker","floor":37.0,"turns":1.0},{"damage":13.0,"enemies":"Reptomancer","floor":41.0,"turns":4.0},{"damage":0.0,"enemies":"Writhing Mass","floor":42.0,"turns":3.0},{"damage":0.0,"enemies":"Nemesis","floor":44.0,"turns":1.0},{"damage":4.0,"enemies":"4 Shapes","floor":45.0,"turns":1.0},{"damage":7.0,"enemies":"Maw","floor":47.0,"turns":4.0},{"damage":0.0,"enemies":"Mind Bloom Boss Battle","floor":48.0,"turns":3.0},{"damage":12.0,"enemies":"Awakened One","floor":50.0,"turns":7.0},{"damage":18,"enemies":"Shield and Spear","floor":54,"turns":3},{"damage":31,"enemies":"The Heart","floor":55,"turns":6}],"seed_played":"1234062287612500897","potions_obtained":[{"floor":1.0,"key":"SmokeBomb"},{"floor":2.0,"key":"SteroidPotion"},{"floor":6.0,"key":"GhostInAJar"},{"floor":8.0,"key":"CultistPotion"}],"is_trial":false,"path_per_floor":["M","M","$","M","M","E","R","E","T","?","?","?","R","$","R","B",null,"M","T","?","M","M","R","E","M","T","R","M","$","E","M","R","B",null,"M","T","M","$","?","R","E","M","T","E","M","R","M","?","R","B",null,"R","$","E","B",null],"character_chosen":"THE_SILENT","items_purchased":["Prepared","Accuracy+1","Orrery","Sling","Blade Dance","Purity","OrangePellets"],"campfire_rested":2,"item_purchase_floors":[3,29,29,38,38,53,53],"current_hp_per_floor":[68,63,63,62,54,28,28,11,11,11,11,11,30,30,30,9,65,61,61,61,54,27,27,7,7,7,26,19,19,19,19,19,8,65,64,64,64,64,64,64,51,51,51,51,47,47,40,40,40,28,65,65,65,47,16],"gold":83,"neow_bonus":"RANDOM_COMMON_RELIC","is_daily":false,"chose_seed":false,"campfire_upgraded":6,"win_rate":0.0,"timestamp":1610710920,"path_taken":["M","M","$","M","M","E","R","E","T","?","?","?","R","$","R","BOSS","M","?","?","M","M","R","E","M","T","R","M","$","E","?","R","BOSS","M","?","M","$","?","R","E","M","T","E","M","R","M","?","R","BOSS","R","$","E","BOSS"],"items_purchased_type":["Card","Card","Relic","Relic","Card","Card","Relic"],"build_version":"2020-12-22","purchased_purges":5,"victory":true,"max_hp_per_floor":[70,70,70,70,70,70,70,70,70,65,65,65,65,65,65,65,65,65,65,65,65,65,65,65,65,65,65,65,65,65,65,65,65,65,65,65,65,65,65,65,65,65,65,65,65,65,65,65,65,65,65,65,65,65,65],"card_choices":[{"not_picked":["Dodge and Roll","Choke"],"picked":"Infinite Blades","floor":1.0},{"not_picked":["Slice","Noxious Fumes"],"picked":"Blade Dance","floor":2.0},{"not_picked":["Poisoned Stab","Flying Knee","Sucker Punch"],"picked":"SKIP","floor":4.0},{"not_picked":["Riddle With Holes","Dodge and Roll"],"picked":"Acrobatics","floor":5.0},{"not_picked":["Night Terror","Slice"],"picked":"Calculated Gamble","floor":6.0},{"not_picked":["Eviscerate","Terror"],"picked":"Backflip","floor":8.0},{"not_picked":["Burst","Die Die Die"],"picked":"Bullet Time","floor":16.0},{"not_picked":["Slice","Riddle With Holes"],"picked":"Blade Dance","floor":18.0},{"not_picked":["Poisoned Stab+1","Blade Dance"],"picked":"Dagger Spray+1","floor":21.0},{"not_picked":["Prepared","Infinite Blades"],"picked":"After Image","floor":22.0},{"not_picked":["Dodge and Roll+1","Dagger Spray","Heel Hook+1"],"picked":"SKIP","floor":24.0},{"not_picked":["Endless Agony","Cloak And Dagger"],"picked":"Escape Plan+1","floor":25.0},{"not_picked":["Blade Dance","Bouncing Flask"],"picked":"Eviscerate","floor":28.0},{"not_picked":["Burst","Corpse Explosion"],"picked":"Finisher","floor":29.0},{"not_picked":["All Out Attack+1","Dodge and Roll"],"picked":"Footwork+1","floor":29.0},{"not_picked":["Calculated Gamble","Slice","Endless Agony"],"picked":"SKIP","floor":30.0},{"not_picked":["Sucker Punch","Flying Knee"],"picked":"Backstab","floor":31.0},{"not_picked":["Doppelganger","Venomology"],"picked":"Die Die Die","floor":33.0},{"not_picked":["Dagger Spray","Slice+1"],"picked":"Reflex+1","floor":35.0},{"not_picked":["Acrobatics+1","Noxious Fumes+1"],"picked":"Tactician","floor":37.0},{"not_picked":["Dash+1","Blade Dance+1"],"picked":"Acrobatics+1","floor":41.0},{"not_picked":["Calculated Gamble+1","Blur","Blade Dance+1"],"picked":"SKIP","floor":42.0},{"not_picked":["Underhanded Strike","Distraction","Outmaneuver+1"],"picked":"SKIP","floor":44.0},{"not_picked":["Sucker Punch+1","PiercingWail+1"],"picked":"Tactician","floor":45.0},{"not_picked":["Footwork+1","Backflip","Sucker Punch"],"picked":"SKIP","floor":47.0},{"not_picked":["Cloak And Dagger+1","Flechettes","Deadly Poison+1"],"picked":"SKIP","floor":54}],"player_experience":115816,"relics_obtained":[{"floor":6.0,"key":"Orichalcum"},{"floor":8.0,"key":"Tiny Chest"},{"floor":9.0,"key":"MawBank"},{"floor":19.0,"key":"Bag of Marbles"},{"floor":24.0,"key":"Bag of Preparation"},{"floor":26.0,"key":"Frozen Egg 2"},{"floor":30.0,"key":"Shovel"},{"floor":32.0,"key":"Shuriken"},{"floor":36.0,"key":"Nunchaku"},{"floor":41.0,"key":"Ancient Tea Set"},{"floor":44.0,"key":"Ninja Scroll"},{"floor":48.0,"key":"Calipers"},{"floor":54,"key":"Eternal Feather"}],"event_choices":[{"damage_healed":0.0,"max_hp_gain":0.0,"max_hp_loss":5.0,"gold_gain":0.0,"event_name":"Golden Idol","player_choice":"Lose Max HP","floor":10.0,"gold_loss":0.0,"damage_taken":0.0,"relics_obtained":["Golden Idol"]},{"cards_removed":["Defend_G"],"damage_healed":0.0,"max_hp_gain":0.0,"max_hp_loss":0.0,"gold_gain":0.0,"event_name":"Living Wall","player_choice":"Forget","floor":11.0,"gold_loss":0.0,"damage_taken":0.0},{"damage_healed":0.0,"max_hp_gain":0.0,"max_hp_loss":0.0,"gold_gain":0.0,"event_name":"Match and Keep!","player_choice":"1 cards matched","floor":12.0,"gold_loss":0.0,"damage_taken":0.0,"cards_obtained":["Finesse"]},{"damage_healed":0.0,"max_hp_gain":0.0,"max_hp_loss":0.0,"gold_gain":0.0,"cards_transformed":["Defend_G"],"event_name":"Transmorgrifier","player_choice":"Transformed","floor":20.0,"gold_loss":0.0,"damage_taken":0.0,"cards_obtained":["Malaise"]},{"cards_removed":["Dagger Spray"],"damage_healed":0.0,"max_hp_gain":0.0,"max_hp_loss":0.0,"gold_gain":0.0,"event_name":"Falling","player_choice":"Removed Attack","floor":39.0,"gold_loss":0.0,"damage_taken":0.0},{"damage_healed":0.0,"max_hp_gain":0.0,"max_hp_loss":0.0,"gold_gain":0.0,"event_name":"MindBloom","player_choice":"Fight","floor":48.0,"gold_loss":0.0,"damage_taken":0.0}],"is_beta":false,"boss_relics":[{"not_picked":["Tiny House","Calling Bell"],"picked":"Sozu"},{"not_picked":["Ring of the Serpent","SacredBark"],"picked":"HoveringKite"}],"items_purged_floors":[3,14,29,38,53],"is_endless":false,"potions_floor_spawned":[1,2,6,8,18,21,22,30,33,42,44,47,48,54],"ascension_level":1}}