{"host":"jl3raagrljzztomj","time":1610724877,"event":{"mods":["Aspiration","BaseMod","BetterRewards","Colored Map","Colored Powertips","Custom Start","Hermit","Highlight Path","Minty Spire (QoL Compilation)","Permanent Neow","StSLib","SuperFastMode","The Runesmith"],"gold_per_floor":[10,28,28,47,65,65,109,109,135,159,159,175,175,196,196,319,319,339,358,358,358,283,283,318,318,345,50,64,64,100,6,6,6,6],"floor_reached":33,"language":"ENG","playtime":1536,"items_purged":[],"score":340,"play_id":"ab0ba218-8ad2-4466-83a2-096905ee7e27","local_time":"20210115093437","is_ascension_mode":false,"campfire_choices":[{"data":"JustLucky","floor":6,"key":"SMITH"},{"floor":11,"key":"REST"},{"floor":15,"key":"REST"},{"data":"Vigilance","floor":23,"key":"SMITH"},{"floor":25,"key":"REST"},{"data":"Wireheading","floor":32,"key":"SMITH"}],"circlet_count":0,"master_deck":["Defend_P+1","Defend_P+1","Defend_P+1","Eruption+1","Vigilance+1","LessonLearned+1","TalkToTheHand+1","JustLucky+1","Nirvana+1","EmptyFist+1","SandsOfTime","LessonLearned+1","Consecrate+1","CutThroughFate+1","TalkToTheHand","Bite","Bite","Bite","Bite","Bite","Wireheading+1","Consecrate"],"relics":["PureWater","Golden Idol","Kunai","aspiration:PoetsPen_weak","aspiration:RitualStick","aspiration:HummingbirdHeart","MawBank","aspiration:HatOfInfinitePower","Red Mask"],"acts_visited":["Exordium","TheCity"],"potions_floor_usage":[],"damage_taken":[{"damage":0,"enemies":"Small Slimes","floor":1,"turns":5},{"damage":2,"enemies":"Jaw Worm","floor":2,"turns":3},{"damage":0,"enemies":"Cultist","floor":4,"turns":3},{"damage":9,"enemies":"3 Louse","floor":5,"turns":3},{"damage":23,"enemies":"3 Sentries","floor":7,"turns":10},{"damage":3,"enemies":"2 Fungi Beasts","floor":10,"turns":4},{"damage":3,"enemies":"Large Slime","floor":12,"turns":5},{"damage":0,"enemies":"Blue Slaver","floor":14,"turns":2},{"damage":0,"enemies":"The Guardian","floor":16,"turns":13},{"damage":3,"enemies":"Shell Parasite","floor":18,"turns":4},{"damage":0,"enemies":"3 Byrds","floor":19,"turns":4},{"damage":3,"enemies":"Gremlin Leader","floor":24,"turns":4},{"damage":0,"enemies":"Cultist and Chosen","floor":28,"turns":4},{"damage":0,"enemies":"Masked Bandits","floor":30,"turns":2},{"damage":86,"enemies":"Champ","floor":33,"turns":6}],"seed_played":"5140477169447859850","potions_obtained":[{"floor":2,"key":"ColorlessPotion"},{"floor":5,"key":"PowerPotion"},{"floor":14,"key":"EntropicBrew"}],"is_trial":false,"path_per_floor":["M","M","?","M","M","R","E","?","T","M","R","M","?","M","R","B",null,"M","M","?","?","?","R","E","R","T","$","M","?","?","$","R","B"],"character_chosen":"WATCHER","items_purchased":["aspiration:HatOfInfinitePower","Wireheading","Consecrate"],"campfire_rested":3,"item_purchase_floors":[27,31,31],"current_hp_per_floor":[72,70,52,52,43,43,20,6,6,5,26,25,25,27,48,50,72,69,71,72,58,58,58,57,72,72,72,72,72,72,72,72,0,0],"gold":6,"neow_bonus":"THREE_RARE_CARDS","is_daily":false,"chose_seed":false,"campfire_upgraded":3,"win_rate":0.0,"timestamp":1610724877,"path_taken":["M","M","?","M","M","R","E","?","T","M","R","?","?","M","R","BOSS","M","?","?","?","?","R","E","R","T","?","M","?","?","$","R","BOSS"],"items_purchased_type":["Relic","Card","Card"],"build_version":"2020-12-22","purchased_purges":0,"victory":false,"max_hp_per_floor":[72,72,72,72,72,72,72,72,72,72,72,72,72,72,72,72,72,72,72,72,72,72,72,72,72,72,72,72,72,72,72,72,72,72],"card_choices":[{"not_picked":["Wish","Ragnarok"],"picked":"LessonLearned","floor":0},{"not_picked":["FlyingSleeves","Consecrate"],"picked":"TalkToTheHand","floor":1},{"not_picked":["Crescendo","FlyingSleeves","SignatureMove"],"picked":"SKIP","floor":2},{"not_picked":["ClearTheMind","FollowUp","SashWhip"],"picked":"SKIP","floor":4},{"not_picked":["ThirdEye","Prostrate"],"picked":"JustLucky","floor":5},{"not_picked":["Study","Sanctity"],"picked":"Nirvana","floor":7},{"not_picked":["Worship","Conclude"],"picked":"EmptyFist","floor":10},{"not_picked":["Pray","WreathOfFlame"],"picked":"SandsOfTime","floor":12},{"not_picked":["FlurryOfBlows","ClearTheMind","Pray"],"picked":"SKIP","floor":14},{"not_picked":["Wish","Judgement"],"picked":"LessonLearned","floor":16},{"not_picked":["DeceiveReality","ClearTheMind"],"picked":"Consecrate+1","floor":18},{"not_picked":["PathToVictory","Evaluate","ForeignInfluence"],"picked":"SKIP","floor":19},{"not_picked":["Protect","EmptyBody"],"picked":"CutThroughFate+1","floor":24},{"not_picked":["Halt","Crescendo"],"picked":"TalkToTheHand","floor":28}],"player_experience":949935,"relics_obtained":[{"floor":7,"key":"Kunai"},{"floor":9,"key":"Blood Vial"},{"floor":24,"key":"aspiration:HummingbirdHeart"},{"floor":26,"key":"MawBank"},{"floor":30,"key":"Red Mask"}],"event_choices":[{"damage_healed":0,"gold_gain":0,"player_choice":"Take Damage","damage_taken":18,"relics_obtained":["Golden Idol"],"max_hp_gain":0,"max_hp_loss":0,"event_name":"Golden Idol","floor":3,"gold_loss":0},{"damage_healed":0,"gold_gain":0,"player_choice":"Entered Light","damage_taken":14,"max_hp_gain":0,"max_hp_loss":0,"event_name":"Shining Light","floor":8,"gold_loss":0,"cards_upgraded":["Strike_P","Defend_P"]},{"cards_removed":["Strike_P"],"damage_healed":0,"gold_gain":0,"player_choice":"Took Card","damage_taken":0,"max_hp_gain":0,"max_hp_loss":0,"event_name":"NoteForYourself","floor":13,"gold_loss":0,"cards_obtained":["hermit:Strike_Hermit"]},{"cards_removed":["Defend_P"],"damage_healed":0,"gold_gain":0,"player_choice":"Gave Gold","damage_taken":0,"max_hp_gain":0,"max_hp_loss":0,"event_name":"Beggar","floor":22,"gold_loss":75},{"damage_healed":0,"gold_gain":0,"player_choice":"Became a vampire (Vial)","damage_taken":0,"max_hp_gain":0,"max_hp_loss":0,"event_name":"Vampires","floor":29,"relics_lost":["Blood Vial"],"gold_loss":0,"cards_obtained":["Bite","Bite","Bite","Bite","Bite"]},{"damage_healed":0,"gold_gain":0,"player_choice":"Fought Bandits","damage_taken":0,"max_hp_gain":0,"max_hp_loss":0,"event_name":"Masked Bandits","floor":30,"gold_loss":0}],"is_beta":false,"boss_relics":[{"not_picked":["Pandora\u0027s Box","aspiration:FutureDiary"],"picked":"aspiration:PoetsPen_weak"}],"items_purged_floors":[],"is_endless":false,"potions_floor_spawned":[2,5,14,16,28],"killed_by":"Champ","ascension_level":0}}