{"host":"1fgbilnqahig8ycc","time":1610674965,"event":{"mods":["AchievementEnabler","BaseMod","Bestiary","Better Match","Better Vampires","BetterRewards","Colored Map","Colored Powertips","Dark Map","Downfall","Energized Spire","Friendly Minions","Hermit","Hubris","Jorbs\u0027s Wanderer Trilogy","Minty Spire (QoL Compilation)","Quick Restart","Rare Cards Sparkle","Relic Stats","Replay The Spire","Spicy Shops","StSLib","The Administrix","The Bug Knight","The Cursed","The Gatherer","The Hierophant","The Marked","The Servant 0.9.4","TheBandit"],"gold_per_floor":[109,128,128,139,149,149,177,177,477,1,29,29,15,39,39,133,133,144,144,144,44,44,44],"floor_reached":22,"language":"ENG","playtime":1455,"items_purged":["Pride","Pain"],"score":367,"play_id":"d0f2a8dc-2a1f-49b8-8030-1ef3b1ce24f4","local_time":"20210114174245","is_ascension_mode":false,"campfire_choices":[{"data":"hierophant:ChurchCoffers","floor":6.0,"key":"SMITH"},{"data":"hierophant:Rebuild","floor":8.0,"key":"SMITH"},{"data":"hierophant:Doomsaying","floor":12.0,"key":"SMITH"},{"data":"hierophant:Sermon","floor":15.0,"key":"SMITH"}],"circlet_count":0,"master_deck":["hierophant:Strike_Hierophant","hierophant:Strike_Hierophant","hierophant:Strike_Hierophant","hierophant:Strike_Hierophant","hierophant:Punish","hierophant:Defend_Hierophant","hierophant:Defend_Hierophant","hierophant:Defend_Hierophant","hierophant:Defend_Hierophant","hierophant:ChurchCoffers+1","hierophant:Encroach","hierophant:Embezzle","hierophant:DisplayOfPower+1","hierophant:Doomsaying+1","hierophant:Rebuild+1","hierophant:Upheaval","hierophant:SolarFlare","hierophant:Sermon+1","hierophant:Invocation"],"relics":["hierophant:PropheticMaskRelic","Replay:Ringing Soul","Torii","Old Coin","Replay:Wax Seal","Lee\u0027s Waffle","Ginger","Lantern","Odd Mushroom","ReplayTheSpireMod:DimensionalGlitch","WarpedTongs"],"acts_visited":["Exordium","TheCity"],"potions_floor_usage":[],"damage_taken":[{"damage":12.0,"enemies":"Small Slimes","floor":1.0,"turns":3.0},{"damage":4.0,"enemies":"Cultist","floor":2.0,"turns":4.0},{"damage":0.0,"enemies":"2 Louse","floor":4.0,"turns":1.0},{"damage":9.0,"enemies":"Blue Slaver","floor":5.0,"turns":5.0},{"damage":49.0,"enemies":"Gremlin Nob","floor":7.0,"turns":6.0},{"damage":21.0,"enemies":"3 Sentries","floor":11.0,"turns":9.0},{"damage":2.0,"enemies":"Exordium Thugs","floor":13.0,"turns":4.0},{"damage":1.0,"enemies":"The Mushroom Lair","floor":14.0,"turns":4.0},{"damage":39.0,"enemies":"Hexaghost","floor":16.0,"turns":11.0},{"damage":11,"enemies":"Spheric Guardian","floor":18,"turns":4},{"damage":0,"enemies":"2 Thieves","floor":22,"turns":1}],"seed_played":"-853288065819599507","potions_obtained":[{"floor":3.0,"key":"Reflective Coating"},{"floor":3.0,"key":"Death Potion"},{"floor":3.0,"key":"SneckoOil"},{"floor":4.0,"key":"Milkshake"},{"floor":5.0,"key":"FearPotion"},{"floor":13.0,"key":"Doom Potion"},{"floor":14.0,"key":"LiquidMemories"}],"is_trial":false,"path_per_floor":["M","M","?","M","M","R","E","R","T","$","E","R","M","?","R","B",null,"M","?","?","$","M"],"character_chosen":"HIEROPHANT","items_purchased":["Replay:Ringing Soul","Replay:Wax Seal","Lee\u0027s Waffle","hierophant:Upheaval","Ginger","Strength Potion"],"campfire_rested":0,"item_purchase_floors":[0,10,10,10,10,10],"current_hp_per_floor":[69,68,68,71,65,65,19,19,19,103,82,82,83,85,85,49,112,101,101,104,104,104,104],"gold":44,"neow_bonus":"","is_daily":false,"chose_seed":false,"campfire_upgraded":4,"win_rate":0.0,"timestamp":1610674965,"path_taken":["M","M","?","M","M","R","E","R","T","?","E","R","M","?","R","BOSS","M","?","?","$","?"],"items_purchased_type":["Relic","Relic","Relic","Card","Relic","Potion"],"build_version":"2020-12-22","purchased_purges":2,"victory":false,"max_hp_per_floor":[81,84,84,87,90,90,93,93,93,103,103,103,106,109,109,112,112,112,112,115,115,115,115],"relic_stats":{"Lee\u0027s Waffle":81,"Torii":33,"counters":[18,82],"Ginger":[0],"obtain_stats":[{"Lee\u0027s Waffle":10,"Lantern":11,"Torii":7,"hierophant:PropheticMaskRelic":0,"Blue Doll":11,"Bag of Preparation":2,"Ginger":10,"Orichalcum":14,"Odd Mushroom":14,"Old Coin":9,"WarpedTongs":20,"Replay:Ringing Soul":0,"Replay:Baseball":6,"Replay:Wax Seal":10,"ReplayTheSpireMod:DimensionalGlitch":17},{"Lee\u0027s Waffle":12,"Lantern":13,"Torii":12,"hierophant:PropheticMaskRelic":0,"Blue Doll":5,"Bag of Preparation":1,"Ginger":12,"Orichalcum":6,"Odd Mushroom":15,"Old Coin":12,"WarpedTongs":17,"Replay:Ringing Soul":7,"Replay:Baseball":4,"Replay:Wax Seal":12,"ReplayTheSpireMod:DimensionalGlitch":16},{"Lee\u0027s Waffle":50,"Lantern":59,"Torii":50,"hierophant:PropheticMaskRelic":0,"Blue Doll":18,"Bag of Preparation":3,"Ginger":50,"Orichalcum":22,"Odd Mushroom":67,"Old Coin":50,"WarpedTongs":81,"Replay:Ringing Soul":31,"Replay:Baseball":17,"Replay:Wax Seal":50,"ReplayTheSpireMod:DimensionalGlitch":77}],"WarpedTongs":[1]},"card_choices":[{"not_picked":["hierophant:Repentance","hierophant:FlamingChariot"],"picked":"hierophant:Encroach","floor":1.0},{"not_picked":["hierophant:RustyCrate","hierophant:MintersHammer"],"picked":"hierophant:Embezzle","floor":2.0},{"not_picked":["hierophant:Zeal","hierophant:Exaltation"],"picked":"hierophant:DisplayOfPower","floor":4.0},{"not_picked":["hierophant:SecretStash","hierophant:DisplayOfPower"],"picked":"hierophant:Doomsaying","floor":5.0},{"not_picked":["hierophant:MorningPrayer","hierophant:Mercenaries"],"picked":"hierophant:Rebuild","floor":7.0},{"not_picked":["hierophant:PassingBell","hierophant:Flagellation","hierophant:DisplayOfPower"],"picked":"SKIP","floor":11.0},{"not_picked":["hierophant:Doomsaying","hierophant:Generosity"],"picked":"hierophant:SolarFlare","floor":13.0},{"not_picked":["hierophant:ThreeLashes","hierophant:FlamingChariot"],"picked":"hierophant:Sermon","floor":14.0},{"not_picked":["hierophant:BulkyChest","hierophant:DivineIntervention"],"picked":"hierophant:Invocation","floor":16.0},{"not_picked":["hierophant:Flagellation","hierophant:RustyCrate","hierophant:ConvertCurrency"],"picked":"SKIP","floor":18}],"player_experience":387881,"relics_obtained":[{"floor":7.0,"key":"Torii"},{"floor":9.0,"key":"Old Coin"},{"floor":11.0,"key":"Lantern"},{"floor":14.0,"key":"Odd Mushroom"}],"event_choices":[{"damage_healed":0.0,"max_hp_gain":0.0,"max_hp_loss":0.0,"gold_gain":0.0,"event_name":"Lab","player_choice":"Got Potions","floor":3.0,"gold_loss":0.0,"damage_taken":0.0},{"damage_healed":0.0,"max_hp_gain":0.0,"max_hp_loss":0.0,"gold_gain":0.0,"event_name":"Mushrooms","player_choice":"Fought Mushrooms","floor":14.0,"gold_loss":0.0,"damage_taken":0.0},{"damage_healed":0,"gold_gain":0,"player_choice":"Rummage","damage_taken":0,"relics_obtained":["WarpedTongs"],"max_hp_gain":0,"max_hp_loss":0,"event_name":"Accursed Blacksmith","floor":20,"gold_loss":0,"cards_obtained":["Pain"]}],"is_beta":false,"boss_relics":[{"not_picked":["Kintsugi","Honey Jar"],"picked":"ReplayTheSpireMod:DimensionalGlitch"}],"items_purged_floors":[10,21],"is_endless":false,"potions_floor_spawned":[4,5,13,14],"killed_by":"2 Thieves","ascension_level":0}}