{"host":"blqtz7f1wyqlnbm9","time":1610675166,"event":{"mods":["BaseMod","Minty Spire (QoL Compilation)","Replay The Spire","StSLib"],"gold_per_floor":[109,126,142,159,179,212,57,69,69,69,83,96,96,113,113,113,113],"floor_reached":16,"language":"ZHS","playtime":740,"items_purged":["Strike_G"],"score":124,"play_id":"11b028cd-0f8c-4ef5-8e1f-d4d8c6ab7dc6","local_time":"20210115094606","is_ascension_mode":true,"campfire_choices":[{"data":"Concentrate","floor":10,"key":"SMITH"},{"floor":15,"key":"REST"}],"circlet_count":0,"master_deck":["Strike_G","Strike_G","Strike_G","Strike_G","Defend_G","Defend_G","Defend_G","Defend_G","Survivor","Neutralize","Dodge and Roll","Concentrate+1","Distraction","Bane","Backstab","Dagger Throw","Footwork","Sneak Up","Dagger Throw"],"relics":["Ring of the Snake","Bottled Flame","Regal Pillow","Shuriken"],"acts_visited":["Exordium"],"potions_floor_usage":[5,6,11,16],"damage_taken":[{"damage":5.0,"enemies":"Cultist","floor":1.0,"turns":4.0},{"damage":7.0,"enemies":"Small Slimes","floor":2.0,"turns":5.0},{"damage":5.0,"enemies":"Jaw Worm","floor":3.0,"turns":3.0},{"damage":5.0,"enemies":"3 Louse","floor":4.0,"turns":6.0},{"damage":12,"enemies":"Exordium Thugs","floor":5,"turns":6},{"damage":9,"enemies":"Replay:BlueRogue","floor":6,"turns":8},{"damage":0,"enemies":"Blue Slaver","floor":8,"turns":5},{"damage":0,"enemies":"Large Slime","floor":11,"turns":2},{"damage":1,"enemies":"3 Louse","floor":12,"turns":3},{"damage":13,"enemies":"Red Slaver","floor":14,"turns":5},{"damage":64,"enemies":"Fading Forest","floor":16,"turns":10}],"seed_played":"-1051455356913791993","potions_obtained":[{"floor":1.0,"key":"Flashbang"},{"floor":5,"key":"Swift Potion"},{"floor":6,"key":"SteroidPotion"},{"floor":8,"key":"LifebloodPotion"}],"is_trial":false,"path_per_floor":["M","M","M","M","M","E","$","M","T","R","M","M","?","M","R","B"],"character_chosen":"THE_SILENT","items_purchased":["Footwork"],"campfire_rested":1,"item_purchase_floors":[7],"current_hp_per_floor":[65,58,53,48,36,27,27,27,27,27,27,26,14,1,37,0,0],"gold":113,"neow_bonus":"TRANSFORM_CARD","is_daily":false,"chose_seed":false,"campfire_upgraded":1,"win_rate":0.0,"timestamp":1610675166,"path_taken":["M","M","M","M","M","E","$","?","T","R","?","M","?","M","R","BOSS"],"items_purchased_type":["Card"],"build_version":"2020-12-22","purchased_purges":1,"victory":false,"max_hp_per_floor":[70,70,70,70,70,70,70,70,70,70,70,70,70,70,70,70,70],"card_choices":[{"not_picked":["Predator","Acrobatics"],"picked":"Concentrate","floor":1.0},{"not_picked":["Underhanded Strike","Dodge and Roll"],"picked":"Distraction","floor":2.0},{"not_picked":["Hidden Blade","PiercingWail","Deflect"],"picked":"SKIP","floor":3.0},{"not_picked":["Wraith Form v2","Deadly Poison"],"picked":"Bane","floor":4.0},{"not_picked":["Outmaneuver","Hidden Blade"],"picked":"Backstab","floor":5},{"not_picked":["Backflip","Hidden Blade"],"picked":"Dagger Throw","floor":6},{"not_picked":["Concentrate","Cloak And Dagger","Distraction"],"picked":"SKIP","floor":8},{"not_picked":["Replay:Poison Smokescreen","ReplayTheSpireMod:Shiv Toss"],"picked":"Sneak Up","floor":11},{"not_picked":["Sneak Up","Sucker Punch","Deflect"],"picked":"SKIP","floor":12},{"not_picked":["Underhanded Strike","Flying Knee"],"picked":"Dagger Throw","floor":14}],"player_experience":204974,"relics_obtained":[{"floor":6,"key":"Bottled Flame"},{"floor":9,"key":"Regal Pillow"}],"event_choices":[{"damage_healed":0,"gold_gain":0,"player_choice":"Success","damage_taken":12,"relics_obtained":["Shuriken"],"max_hp_gain":0,"max_hp_loss":0,"event_name":"Scrap Ooze","floor":13,"gold_loss":0}],"is_beta":false,"boss_relics":[],"items_purged_floors":[7],"is_endless":false,"potions_floor_spawned":[1,5,6,8],"killed_by":"Fading Forest","ascension_level":3}}