{"host":"ibonnlq6s1c814xj","time":1610736200,"event":{"mods":["BaseMod","BetterRewards","Minty Spire (QoL Compilation)","Shop Mod","【功能Mod】聪明的最终Boss","【遗物卡牌】REMEMod"],"gold_per_floor":[136,173,173,234,283,283,340,340,340,515,291,375,445,510,510,664,664,724,724,724,741,338,338,338,338],"floor_reached":24,"language":"ZHS","playtime":1552,"items_purged":["Doubt","Strike_R"],"score":196,"play_id":"c154507b-31a0-4534-b641-46a0ea180db5","local_time":"20210116024320","is_ascension_mode":false,"campfire_choices":[{"data":"Apotheosis","floor":6.0,"key":"SMITH"},{"floor":15,"key":"REST"},{"data":"Perseverance","floor":23,"key":"SMITH"}],"circlet_count":0,"master_deck":["Strike_R","Defend_R","Defend_R","Defend_R+1","Defend_R","Bash","Perseverance+1","HandOfGreed","Metallicize","Apotheosis+1","Limit Break+1","Entrench","Exhume","REME_ACTH","Fire Breathing","Flex","Thinking Ahead","Immolate"],"relics":["Burning Blood","REME_ComplimentaryCards","Bottled Lightning","Strawberry","Regal Pillow","TungstenRod","Happy Flower","MerchantsRug","REME_LowDesire","REME_HandOfSuture","Art of War","War Paint"],"acts_visited":["Exordium","TheCity"],"potions_floor_usage":[16,16,21],"damage_taken":[{"damage":6.0,"enemies":"Cultist","floor":1.0,"turns":4.0},{"damage":3.0,"enemies":"Jaw Worm","floor":2.0,"turns":3.0},{"damage":0.0,"enemies":"Small Slimes","floor":4.0,"turns":5.0},{"damage":7.0,"enemies":"Lagavulin","floor":7.0,"turns":12.0},{"damage":12.0,"enemies":"3 Louse","floor":12.0,"turns":8.0},{"damage":0,"enemies":"Exordium Wildlife","floor":13,"turns":7},{"damage":14,"enemies":"Exordium Thugs","floor":14,"turns":8},{"damage":1,"enemies":"Slime Boss","floor":16,"turns":11},{"damage":0,"enemies":"3 Byrds","floor":18,"turns":8},{"damage":0,"enemies":"Chosen","floor":21,"turns":4},{"damage":79,"enemies":"Book of Stabbing","floor":24,"turns":8}],"seed_played":"9218688703614693663","potions_obtained":[{"floor":1.0,"key":"BlessingOfTheForge"},{"floor":12.0,"key":"Swift Potion"},{"floor":13,"key":"Energy Potion"},{"floor":14,"key":"DuplicationPotion"},{"floor":21,"key":"Energy Potion"}],"is_trial":false,"path_per_floor":["M","M","?","M","T","R","E","?","T","?","$","M","M","M","R","B",null,"M","?","?","M","$","R","E"],"character_chosen":"IRONCLAD","items_purchased":["Bottled Lightning","HandOfGreed","Metallicize","Apotheosis","Limit Break","MerchantsRug","War Paint","Immolate"],"campfire_rested":1,"item_purchase_floors":[0,0,0,0,0,11,22,22],"current_hp_per_floor":[44,47,47,53,60,60,59,59,59,59,59,53,59,51,87,87,87,87,71,71,77,77,77,0,0],"gold":338,"neow_bonus":"","is_daily":false,"chose_seed":false,"campfire_upgraded":2,"win_rate":0.0,"timestamp":1610736200,"path_taken":["M","?","?","M","?","R","E","?","T","?","$","M","?","M","R","BOSS","M","?","?","M","$","R","E"],"items_purchased_type":["Relic","Card","Card","Card","Card","Relic","Relic","Card"],"build_version":"2020-12-22","purchased_purges":2,"victory":false,"max_hp_per_floor":[80,80,80,80,87,87,87,87,87,87,87,87,87,87,87,87,87,87,92,92,92,92,92,92,92],"card_choices":[{"not_picked":["Headbutt","Heavy Blade"],"picked":"Entrench","floor":1.0},{"not_picked":["Rampage","Fire Breathing","Shrug It Off"],"picked":"SKIP","floor":2.0},{"not_picked":["Armaments","Anger","Sword Boomerang"],"picked":"SKIP","floor":4.0},{"not_picked":["Inflame","Heavy Blade","Disarm"],"picked":"SKIP","floor":7.0},{"not_picked":["True Grit","Iron Wave","Bludgeon"],"picked":"SKIP","floor":12.0},{"not_picked":["Second Wind","Hemokinesis","Anger"],"picked":"SKIP","floor":13},{"not_picked":["Warcry","Headbutt","Flex"],"picked":"SKIP","floor":14},{"not_picked":["Feed","Limit Break"],"picked":"REME_ACTH","floor":16},{"not_picked":["Shrug It Off","Perfected Strike+1","Inflame","REME_AllRoundStrike"],"picked":"SKIP","floor":18},{"not_picked":["Burning Pact+1","Shrug It Off","Perfected Strike"],"picked":"Thinking Ahead","floor":21}],"player_experience":239489,"relics_obtained":[{"floor":5.0,"key":"Strawberry"},{"floor":7.0,"key":"Regal Pillow"},{"floor":9.0,"key":"Happy Flower"},{"floor":17,"key":"REME_HandOfSuture"},{"floor":17,"key":"Art of War"}],"event_choices":[{"damage_healed":0.0,"max_hp_gain":0.0,"max_hp_loss":0.0,"gold_gain":0.0,"cards_transformed":["Strike_R"],"event_name":"Living Wall","player_choice":"Change","floor":3.0,"gold_loss":0.0,"damage_taken":0.0,"cards_obtained":["Exhume"]},{"damage_healed":0.0,"max_hp_gain":0.0,"max_hp_loss":0.0,"gold_gain":0.0,"event_name":"Dead Adventurer","player_choice":"Searched \u00271\u0027 times","floor":8.0,"gold_loss":0.0,"damage_taken":0.0,"relics_obtained":["TungstenRod"]},{"damage_healed":0.0,"max_hp_gain":0.0,"max_hp_loss":0.0,"gold_gain":175.0,"event_name":"Liars Game","player_choice":"AGREE","floor":10.0,"gold_loss":0.0,"damage_taken":0.0,"cards_obtained":["Doubt"]},{"damage_healed":0,"gold_gain":0,"player_choice":"Shed Blood","damage_taken":22,"max_hp_gain":5,"max_hp_loss":0,"event_name":"Forgotten Altar","floor":19,"gold_loss":0},{"damage_healed":0,"gold_gain":0,"cards_transformed":["Strike_R","Strike_R"],"player_choice":"Became Test Subject","damage_taken":0,"max_hp_gain":0,"max_hp_loss":0,"event_name":"Drug Dealer","floor":20,"gold_loss":0,"cards_obtained":["Fire Breathing","Flex"]}],"is_beta":false,"boss_relics":[{"not_picked":["REME_DemonsWealth","Busted Crown"],"picked":"REME_LowDesire"}],"items_purged_floors":[11,22],"is_endless":false,"potions_floor_spawned":[1,12,13,14,21],"killed_by":"Book of Stabbing","ascension_level":0}}