{"host":"1ecbliur7lfoj0sl","time":1610690181,"event":{"mods":["BaseMod","Minty Spire (QoL Compilation)","StSLib","TheWitcher","Waifu the Spire"],"gold_per_floor":[125,125,125,147,147,147,20,20,20],"floor_reached":8,"language":"ZHS","playtime":398,"items_purged":["SnafuTest:DefaultCommonAttack"],"score":44,"play_id":"cc261d6e-25fa-4a77-930c-1d62fadd9015","local_time":"20210115135621","is_ascension_mode":false,"campfire_choices":[{"data":"SnafuTest:SignAxii","floor":6,"key":"SMITH"}],"circlet_count":0,"master_deck":["SnafuTest:BountyHunt","SnafuTest:DefaultCommonSkill","SnafuTest:DefaultCommonSkill","SnafuTest:SignAxii+1","SnafuTest:SpellIncendiaryShower","SnafuTest:PowerAlwaysAWay"],"relics":["SnafuTest:UnstableMutagenRelic","SnafuTest:IgniRelic"],"acts_visited":["Exordium"],"potions_floor_usage":[],"damage_taken":[{"damage":5,"enemies":"Jaw Worm","floor":1,"turns":5},{"damage":3,"enemies":"2 Louse","floor":4,"turns":2},{"damage":69,"enemies":"Gremlin Nob","floor":8,"turns":5}],"seed_played":"7524918896656380399","potions_obtained":[{"floor":1,"key":"LiquidMemories"}],"is_trial":false,"path_per_floor":["M","?","?","M","?","R","$","E"],"character_chosen":"THE_WITCHER","items_purchased":["SnafuTest:PowerAlwaysAWay"],"campfire_rested":0,"item_purchase_floors":[7],"current_hp_per_floor":[49,42,47,44,44,44,44,0,0],"gold":20,"neow_bonus":"REMOVE_TWO","is_daily":false,"chose_seed":false,"campfire_upgraded":1,"win_rate":0.0,"timestamp":1610690181,"path_taken":["M","?","?","M","?","R","$","E"],"items_purchased_type":["Card"],"build_version":"2020-12-22","purchased_purges":1,"victory":false,"max_hp_per_floor":[75,75,80,80,80,80,80,80,80],"card_choices":[{"not_picked":["SnafuTest:SpellArcaneDomain","SnafuTest:SneakKill"],"picked":"SnafuTest:SpellIncendiaryShower","floor":1},{"not_picked":["SnafuTest:ScholarsIntrigue","SnafuTest:BombNorthernWind","SnafuTest:SpellSageOmniscience"],"picked":"SKIP","floor":4}],"player_experience":1122,"relics_obtained":[],"event_choices":[{"cards_removed":["SnafuTest:DefaultCommonAttack"],"damage_healed":0,"gold_gain":0,"player_choice":"Card Removal","damage_taken":7,"max_hp_gain":0,"max_hp_loss":0,"event_name":"Golden Wing","floor":2,"gold_loss":0},{"damage_healed":0,"gold_gain":0,"player_choice":"Donut","damage_taken":0,"max_hp_gain":5,"max_hp_loss":0,"event_name":"Big Fish","floor":3,"gold_loss":0},{"damage_healed":0,"gold_gain":0,"player_choice":"Gave Potion","damage_taken":0,"relics_obtained":["SnafuTest:IgniRelic"],"max_hp_gain":0,"max_hp_loss":0,"event_name":"WeMeetAgain","floor":5,"gold_loss":0}],"is_beta":false,"boss_relics":[],"items_purged_floors":[7],"is_endless":false,"potions_floor_spawned":[1],"killed_by":"Gremlin Nob","ascension_level":0}}