{"host":"8i4doyxqctgl5qb0","time":1610689862,"event":{"mods":["AchievementEnabler","BaseMod","Block Reminder","Colored Powertips","Downfall","Minty Spire (QoL Compilation)","Permanent Neow","Potion Indicator Mod","Rare Cards Sparkle","StSLib","SuperFastMode","The Jungle"],"gold_per_floor":[112,124,136,150,170,195,195,120,120,120,132,132,163,179,179,179,179],"floor_reached":16,"language":"ZHS","playtime":387,"items_purged":["Clumsy"],"score":202,"play_id":"ef729085-1759-40b9-99d9-f00a87e211ef","local_time":"20210115135102","is_ascension_mode":true,"campfire_choices":[{"floor":7,"key":"REST"},{"data":"Searing Blow","floor":12,"key":"SMITH"},{"floor":15,"key":"REST"}],"circlet_count":0,"master_deck":["AscendersBane","Strike_R","Strike_R","Strike_R","Strike_R","Strike_R","Defend_R","Defend_R","Defend_R","Defend_R","Bash","Heavy Blade","Pummel","Pummel","Twin Strike","Barricade","Searing Blow+1","Impervious"],"relics":["Burning Blood","Oddly Smooth Stone","Self Forming Clay","CaptainsWheel"],"acts_visited":["Exordium"],"potions_floor_usage":[5],"damage_taken":[{"damage":6.0,"enemies":"Cultist","floor":1.0,"turns":4.0},{"damage":4.0,"enemies":"Jaw Worm","floor":2.0,"turns":4.0},{"damage":1.0,"enemies":"2 Louse","floor":3.0,"turns":3.0},{"damage":15.0,"enemies":"Large Slime","floor":4.0,"turns":5.0},{"damage":0,"enemies":"Blue Slaver","floor":5,"turns":1},{"damage":45,"enemies":"3 Sentries","floor":6,"turns":10},{"damage":11,"enemies":"Looter","floor":11,"turns":2},{"damage":29,"enemies":"Gremlin Nob","floor":13,"turns":4},{"damage":13,"enemies":"Large Slime","floor":14,"turns":6},{"damage":106,"enemies":"Hexaghost","floor":16,"turns":17}],"seed_played":"-662611238242550788","potions_obtained":[{"floor":2.0,"key":"SteroidPotion"},{"floor":3.0,"key":"Ancient Potion"},{"floor":6,"key":"FairyPotion"}],"is_trial":false,"path_per_floor":["M","M","M","M","M","E","R","$","T","?","M","R","E","M","R","B"],"character_chosen":"IRONCLAD","items_purchased":[],"campfire_rested":2,"item_purchase_floors":[],"current_hp_per_floor":[88,90,95,86,92,53,81,81,81,81,76,76,53,46,74,0,0],"gold":179,"neow_bonus":"TWENTY_PERCENT_HP_BONUS","is_daily":false,"chose_seed":false,"campfire_upgraded":1,"win_rate":0.0,"timestamp":1610689862,"path_taken":["M","M","M","?","M","E","R","$","T","?","M","R","E","M","R","BOSS"],"items_purchased_type":[],"build_version":"2020-12-22","purchased_purges":1,"victory":false,"max_hp_per_floor":[96,96,96,96,96,96,96,96,96,96,96,96,96,96,96,96,96],"card_choices":[{"not_picked":["Thunderclap","Feel No Pain"],"picked":"Heavy Blade","floor":1.0},{"not_picked":["Clash","Sever Soul"],"picked":"Pummel","floor":2.0},{"not_picked":["Ghostly Armor","True Grit"],"picked":"Pummel","floor":3.0},{"not_picked":["Perfected Strike","Headbutt"],"picked":"Twin Strike","floor":4.0},{"not_picked":["Clash","Second Wind","Clothesline"],"picked":"SKIP","floor":5},{"not_picked":["True Grit","Reckless Charge"],"picked":"Barricade","floor":6},{"not_picked":["True Grit","Second Wind"],"picked":"Searing Blow","floor":11},{"not_picked":["Clothesline","Perfected Strike"],"picked":"Impervious","floor":13},{"not_picked":["Fire Breathing","Sever Soul","Twin Strike"],"picked":"SKIP","floor":14}],"player_experience":195804,"relics_obtained":[{"floor":6,"key":"Oddly Smooth Stone"},{"floor":9,"key":"Self Forming Clay"},{"floor":13,"key":"CaptainsWheel"}],"event_choices":[{"damage_healed":0,"gold_gain":0,"player_choice":"Bought 0 Potions","damage_taken":0,"max_hp_gain":0,"max_hp_loss":0,"event_name":"The Woman in Blue","floor":10,"gold_loss":0}],"is_beta":false,"boss_relics":[],"items_purged_floors":[8],"is_endless":false,"potions_floor_spawned":[2,3,6,14],"killed_by":"Hexaghost","ascension_level":11}}