{"host":"h9d5il8g1iqie9ys","time":1610721905,"event":{"mods":["BaseMod","Colored Powertips","Decade(???)","Hero for Fun","Luminous","Marisa????????","Minty Spire (QoL Compilation)","StSLib","The Administrix","The Animator","The Bug Knight","The Cursed","The Death Knight","The Exalted","The Necromancer","The Poker Player","The Saiyan","The Servant 0.9.4","The Showman","The Wild Card"],"gold_per_floor":[117,117,126,126,152,187,231,231,231],"floor_reached":8,"language":"ENG","playtime":300,"items_purged":[],"score":118,"play_id":"1607eb9f-a0fc-4eb4-947c-ea41abbbd7dc","local_time":"20210115214505","daily_mods":["Vintage","Heirloom","Time Dilation","Flight","DeadlyEvents","Elite Swarm","Lethality"],"is_ascension_mode":true,"campfire_choices":[],"circlet_count":0,"master_deck":["Luminous:Light_Flash_Shower","Luminous:Light_Flash_Shower","Luminous:Light_Flash_Shower","Luminous:Dark_Abyssal_Drop","Luminous:Dark_Abyssal_Drop","Luminous:Dark_Abyssal_Drop","Luminous:Defend_Luminous","Luminous:Defend_Luminous","Luminous:Defend_Luminous","Luminous:Defend_Luminous","Luminous:Switch_Luminous","theWildCard:Michael","Luminous:Mirror_Force_Luminous","Luminous:Equalize_Luminous"],"relics":["Luminous:MirrorRelic","Shovel","CeramicFish","Pantograph","Ancient Tea Set","Bird Faced Urn","CaptainsWheel"],"acts_visited":["Exordium"],"potions_floor_usage":[],"damage_taken":[{"damage":11,"enemies":"Jaw Worm","floor":1,"turns":2},{"damage":28,"enemies":"3 Sentries","floor":6,"turns":6},{"damage":15,"enemies":"Gremlin Nob","floor":7,"turns":3},{"damage":18,"enemies":"Lagavulin","floor":8,"turns":2}],"seed_played":"5161459641257265333","potions_obtained":[{"floor":6,"key":"Weak Potion"}],"is_trial":true,"path_per_floor":["M","?","?","?","T","E","E","E"],"character_chosen":"LuminousClass","items_purchased":[],"campfire_rested":0,"item_purchase_floors":[],"current_hp_per_floor":[64,61,61,61,61,33,18,0,0],"gold":231,"neow_bonus":"","is_daily":false,"chose_seed":false,"campfire_upgraded":0,"win_rate":0.0,"timestamp":1610721905,"path_taken":["M","?","?","?","?","E","E","E"],"items_purchased_type":[],"build_version":"2020-12-22","purchased_purges":0,"victory":false,"max_hp_per_floor":[75,75,75,75,75,75,75,75,75],"card_choices":[{"not_picked":["Luminous:Armageddon_Luminous","Luminous:Balance_Baptism"],"picked":"Luminous:Mirror_Force_Luminous","floor":6},{"not_picked":["Luminous:Date_of_Light_Luminous","Luminous:Dark_Crescendo_Luminous"],"picked":"Luminous:Equalize_Luminous","floor":7}],"player_experience":208375,"relics_obtained":[{"floor":1,"key":"CeramicFish"},{"floor":5,"key":"Ancient Tea Set"},{"floor":6,"key":"Bird Faced Urn"},{"floor":7,"key":"CaptainsWheel"}],"event_choices":[{"damage_healed":0,"gold_gain":0,"player_choice":"Success","damage_taken":3,"relics_obtained":["Pantograph"],"max_hp_gain":0,"max_hp_loss":0,"event_name":"Scrap Ooze","floor":2,"gold_loss":0},{"damage_healed":0,"gold_gain":0,"player_choice":"Ignored","damage_taken":0,"max_hp_gain":0,"max_hp_loss":0,"event_name":"Golden Wing","floor":4,"gold_loss":0}],"is_beta":false,"boss_relics":[],"items_purged_floors":[],"is_endless":true,"potions_floor_spawned":[6],"killed_by":"Lagavulin","ascension_level":1}}