{"host":"xt797mi8yhee06c1","time":1610712821,"event":{"mods":["BaseMod","Bestiary","Koishi","Marisa£¨Ùöéë¡¡Øª×âÞÞ£©","Minty Spire (QoL Compilation)","Poor People Problems","Prisma Mod","Relic Filter","Shop Mod","Spicy Shops","StSLib","The Marked","The Servant 0.9.4","WarShipGirlsR/??á´Ò³R mod"],"gold_per_floor":[119,119,44,44,17,17,36,50,50,50,71,31,47,65,65,65,65],"floor_reached":16,"language":"KOR","playtime":588,"items_purged":["Regret"],"score":92,"play_id":"b52d9ca5-ed87-4703-b6a7-d53930541ea2","local_time":"20210115211341","is_ascension_mode":false,"campfire_choices":[{"data":"Defy","floor":6,"key":"SMITH"},{"data":"KidneyShot","floor":15,"key":"SMITH"}],"circlet_count":0,"master_deck":["Strike_S","Strike_S","Strike_S","Strike_S","Defend_S","Defend_S","Defend_S","Defend_S","KidneyShot+1","Exchange","Defy+1","ShatteredReality","DualDimension+1","BottledTime","Rearm","KillingDoll+1"],"relics":["Uniform","NeowsBlessing","Singing Bowl","Golden Idol","Molten Egg 2"],"acts_visited":["Exordium"],"potions_floor_usage":[13,14],"damage_taken":[{"damage":0,"enemies":"Small Slimes","floor":1,"turns":1},{"damage":0,"enemies":"2 Louse","floor":7,"turns":1},{"damage":0,"enemies":"Cultist","floor":8,"turns":1},{"damage":4,"enemies":"3 Louse","floor":11,"turns":4},{"damage":0,"enemies":"Gremlin Gang","floor":13,"turns":7},{"damage":0,"enemies":"Blue Slaver","floor":14,"turns":4},{"damage":0,"enemies":"Slime Boss","floor":16,"turns":1}],"seed_played":"-6894647398369323888","potions_obtained":[{"floor":8,"key":"Swift Potion"},{"floor":11,"key":"LiquidBronze"},{"floor":12,"key":"PowerPotion"},{"floor":12,"key":"Fire Potion"},{"floor":14,"key":"EssenceOfSteel"}],"is_trial":false,"path_per_floor":["M","?","$","?","$","R","M","M","T","?","M","?","M","M","R","B"],"character_chosen":"THE_SERVANT","items_purchased":["ShatteredReality"],"campfire_rested":0,"item_purchase_floors":[5],"current_hp_per_floor":[65,65,65,49,49,49,51,51,51,51,47,47,47,47,47,47,47],"gold":65,"neow_bonus":"THREE_ENEMY_KILL","is_daily":false,"chose_seed":false,"campfire_upgraded":2,"win_rate":0.0,"timestamp":1610712821,"path_taken":["M","?","$","?","$","R","M","M","T","?","?","?","M","M","R","BOSS"],"items_purchased_type":["Card"],"build_version":"2020-12-22","purchased_purges":1,"victory":false,"max_hp_per_floor":[65,65,65,65,65,65,67,67,67,67,67,67,67,67,67,67,67],"card_choices":[{"not_picked":["FastForward","TimeWarp"],"picked":"Defy","floor":1},{"not_picked":["FastForward","Potential","Spin"],"picked":"Singing Bowl","floor":7},{"not_picked":["Unruled","Defy"],"picked":"DualDimension","floor":8},{"not_picked":["FastForward","Replace"],"picked":"BottledTime","floor":11},{"not_picked":["Alleviate","Defy"],"picked":"Rearm","floor":13},{"not_picked":["BottledTime","Rewind"],"picked":"KillingDoll+1","floor":14}],"player_experience":368357,"relics_obtained":[{"floor":9,"key":"Molten Egg 2"}],"event_choices":[{"damage_healed":0,"gold_gain":0,"player_choice":"Box","damage_taken":0,"relics_obtained":["Singing Bowl"],"max_hp_gain":0,"max_hp_loss":0,"event_name":"Big Fish","floor":2,"gold_loss":0,"cards_obtained":["Regret"]},{"damage_healed":0,"gold_gain":0,"player_choice":"Take Damage","damage_taken":16,"relics_obtained":["Golden Idol"],"max_hp_gain":0,"max_hp_loss":0,"event_name":"Golden Idol","floor":4,"gold_loss":0},{"damage_healed":0,"gold_gain":0,"player_choice":"Upgraded","damage_taken":0,"max_hp_gain":0,"max_hp_loss":0,"event_name":"Upgrade Shrine","floor":10,"gold_loss":0,"cards_upgraded":["DualDimension"]},{"damage_healed":0,"gold_gain":0,"player_choice":"Bought 3 Potions","damage_taken":0,"max_hp_gain":0,"max_hp_loss":0,"event_name":"The Woman in Blue","floor":12,"gold_loss":0}],"is_beta":false,"boss_relics":[],"items_purged_floors":[3],"is_endless":false,"potions_floor_spawned":[8,11,14],"killed_by":"Slime Boss","ascension_level":0}}