{"host":"czen9m7c7ttmirt2","time":1610695871,"event":{"mods":["AchievementEnabler","Aspiration","BaseMod","Better Third Choice","Colored Map","Colored Powertips","Conspire","Hubris","Minty Spire (QoL Compilation)","Replay The Spire","StSLib"],"gold_per_floor":[117,129,139,139,151,151,169,227,254,254,254,284,284,300,300,404,404,417,417,417,417,517,533,533,113,113,113,113,113,81,109,109,211,211,227,227,227],"floor_reached":36,"language":"ENG","playtime":1893,"items_purged":["Writhe"],"score":462,"play_id":"6be2ea1a-e46a-4a21-a70e-fda00b658a2f","local_time":"20210115013111","is_ascension_mode":true,"campfire_choices":[{"floor":6,"key":"RECALL"},{"floor":10,"key":"REST"},{"floor":15,"key":"REST"},{"data":"Electrodynamics","floor":24,"key":"SMITH"},{"floor":28,"key":"REST"},{"floor":32,"key":"REST"}],"circlet_count":0,"master_deck":["Defend_B","Defend_B","Defend_B","Defend_B","Zap","Dualcast","Self Repair","Conserve Battery+1","Coolheaded","Darkness+1","ReplayTheSpireMod:System Scan","Parasite","conspire:SharedLibrary","Neutralize","Sucker Punch","ReplayTheSpireMod:Tripwire","FIFO Queue","Electrodynamics+1","Reinforced Body+1","Bite","Bite","Bite","Bite","Bite","Necronomicurse","hubris:PowerSurge+1","Redo+1","Chrysalis","ReplaySolidLightProjector","Stack+1","Rainbow","Machine Learning","Leap"],"relics":["Cracked Core","Smiling Mask","War Paint","conspire:SeveredTorchhead","Emotion Chip","Necronomicon","Dream Catcher","hubris:CrystalStatue","hubris:Icosahedron","hubris:FruitBowl","Replay:Wax Seal","Nuclear Battery"],"acts_visited":["Exordium","TheCity","TheBeyond"],"potions_floor_usage":[7,8,36,36,36],"damage_taken":[{"damage":0,"enemies":"Small Slimes","floor":1,"turns":3},{"damage":5,"enemies":"2 Louse","floor":2,"turns":3},{"damage":1,"enemies":"conspire:RoseBush","floor":3,"turns":2},{"damage":11,"enemies":"3 Louse","floor":5,"turns":5},{"damage":24,"enemies":"Lots of Slimes","floor":7,"turns":7},{"damage":29,"enemies":"Lagavulin Event","floor":8,"turns":7},{"damage":48,"enemies":"3 Sentries","floor":12,"turns":9},{"damage":4,"enemies":"Blue Slaver","floor":14,"turns":4},{"damage":67,"enemies":"Fading Forest","floor":16,"turns":11},{"damage":12,"enemies":"3 Byrds","floor":18,"turns":5},{"damage":15,"enemies":"Chosen","floor":23,"turns":6},{"damage":12,"enemies":"3 Cultists","floor":30,"turns":3},{"damage":2,"enemies":"conspire:Head Lice","floor":31,"turns":5},{"damage":31,"enemies":"conspire:MysteriousRune","floor":33,"turns":8},{"damage":50,"enemies":"3 Shapes","floor":35,"turns":4},{"damage":30,"enemies":"conspire:MimicChest","floor":36,"turns":3}],"seed_played":"3241019201267051853","potions_obtained":[{"floor":3,"key":"DistilledChaos"},{"floor":5,"key":"AttackPotion"},{"floor":7,"key":"LifebloodPotion"},{"floor":16,"key":"LiquidMemories"},{"floor":23,"key":"Toxic Potion"},{"floor":31,"key":"Block Potion"}],"is_trial":false,"path_per_floor":["M","M","M","?","M","R","M","?","T","R","?","E","?","M","R","B",null,"M","?","?","?","?","M","R","$","T","?","R","$","M","E","R","B",null,"M","?"],"character_chosen":"DEFECT","items_purchased":["Redo+1","Dream Catcher","Chrysalis","hubris:FruitBowl"],"campfire_rested":4,"item_purchase_floors":[25,25,25,29],"current_hp_per_floor":[82,82,82,82,78,78,61,39,39,63,82,41,41,44,68,30,82,77,57,57,41,41,43,43,43,43,43,57,38,32,43,57,41,57,16,0,0],"gold":227,"neow_bonus":"TEN_PERCENT_HP_BONUS","is_daily":false,"chose_seed":false,"campfire_upgraded":1,"win_rate":0.0,"timestamp":1610695871,"path_taken":["M","M","M","?","M","R","M","?","T","R","?","E","?","M","R","BOSS","M","?","?","?","?","?","R","$","T","?","R","?","M","E","R","BOSS","M","?"],"items_purchased_type":["Card","Relic","Card","Relic"],"build_version":"2020-12-22","purchased_purges":1,"victory":false,"max_hp_per_floor":[82,82,82,82,82,82,82,82,82,82,82,82,82,82,82,82,82,82,57,57,57,57,57,57,57,57,57,57,57,57,57,57,57,57,57,57,57],"card_choices":[{"not_picked":["BasicCrystalCard","aspiration:Polymerization"],"picked":"Self Repair","floor":1},{"not_picked":["Coolheaded","Steam"],"picked":"Conserve Battery","floor":2},{"not_picked":["Go for the Eyes","Hologram"],"picked":"Coolheaded","floor":3},{"not_picked":["Go for the Eyes","Barrage"],"picked":"Darkness","floor":5},{"not_picked":["Recycle","Steam"],"picked":"Fusion","floor":7},{"not_picked":["Barrage","Gash"],"picked":"ReplayTheSpireMod:System Scan","floor":8},{"not_picked":["FTL","Stack"],"picked":"conspire:SharedLibrary","floor":12},{"not_picked":["Stack","Compile Driver"],"picked":"FIFO Queue","floor":14},{"not_picked":["Buffer","ReplayTheSpireMod:Omega Cannon"],"picked":"Electrodynamics","floor":16},{"not_picked":["Time Bomb","Hologram"],"picked":"Reinforced Body+1","floor":18},{"not_picked":["Sweeping Beam","Capacitor"],"picked":"hubris:PowerSurge+1","floor":23},{"not_picked":["Ball Lightning","ReplayGash"],"picked":"ReplaySolidLightProjector","floor":28},{"not_picked":["Leap","Static Discharge+1","Stack"],"picked":"SKIP","floor":30},{"not_picked":["Blizzard","Barrage+1"],"picked":"Stack+1","floor":31},{"not_picked":["Static Discharge","Turbo"],"picked":"Rainbow","floor":32},{"not_picked":["hubris:Prefetch","Electrodynamics"],"picked":"Machine Learning","floor":33},{"not_picked":["Force Field+1","Stack"],"picked":"Leap","floor":35}],"player_experience":201969,"relics_obtained":[{"floor":8,"key":"Smiling Mask"},{"floor":12,"key":"War Paint"},{"floor":21,"key":"Necronomicon"},{"floor":26,"key":"hubris:CrystalStatue"},{"floor":31,"key":"Replay:Wax Seal"}],"event_choices":[{"damage_healed":0,"gold_gain":0,"player_choice":"Ignored","damage_taken":0,"max_hp_gain":0,"max_hp_loss":0,"event_name":"Golden Wing","floor":4,"gold_loss":0},{"damage_healed":0,"gold_gain":30,"player_choice":"Searched \u00273\u0027 times","damage_taken":0,"max_hp_gain":0,"max_hp_loss":0,"event_name":"Dead Adventurer","floor":8,"gold_loss":0},{"damage_healed":20,"gold_gain":0,"player_choice":"Healed and dodged fight","damage_taken":0,"max_hp_gain":0,"max_hp_loss":0,"event_name":"Mushrooms","floor":11,"gold_loss":0,"cards_obtained":["Parasite"]},{"damage_healed":0,"gold_gain":0,"player_choice":"Became a vampire","damage_taken":0,"max_hp_gain":0,"max_hp_loss":25,"event_name":"Vampires","floor":19,"gold_loss":0,"cards_obtained":["Bite","Bite","Bite","Bite","Bite"]},{"damage_healed":0,"gold_gain":0,"player_choice":"Opened","damage_taken":0,"relics_obtained":["Emotion Chip"],"max_hp_gain":0,"max_hp_loss":0,"event_name":"The Mausoleum","floor":20,"gold_loss":0,"cards_obtained":["Writhe"]},{"damage_healed":0,"gold_gain":0,"player_choice":"Obtained Book","damage_taken":16,"max_hp_gain":0,"max_hp_loss":0,"event_name":"Cursed Tome","floor":21,"gold_loss":0},{"damage_healed":0,"gold_gain":100,"player_choice":"Pray","damage_taken":0,"max_hp_gain":0,"max_hp_loss":0,"event_name":"Golden Shrine","floor":22,"gold_loss":0}],"is_beta":false,"boss_relics":[{"not_picked":["hubris:BlackHole","aspiration:IroncladSkillbook"],"picked":"conspire:SeveredTorchhead"},{"not_picked":["Runic Dome","Coffee Dripper"],"picked":"Nuclear Battery"}],"items_purged_floors":[25],"is_endless":false,"potions_floor_spawned":[3,5,7,16,23,31,33],"killed_by":"conspire:MimicChest","ascension_level":3}}