{"host":"5yoj846f700ld8qy","time":1610747570,"event":{"mods":["AchievementEnabler","BaseMod","Better Altar","Better Match","Better Note","Better Sensory Stone","Better Skull","Better Third Choice","Colored Map","Colored Powertips","Minty Spire (QoL Compilation)","StSLib"],"gold_per_floor":[118,133,133,8,25,25,39,39,39,59,93,106,106,106],"floor_reached":13,"language":"ENG","playtime":654,"items_purged":[],"score":157,"play_id":"aa2d4cb2-d578-460a-81d3-1bd1e8ec840a","local_time":"20210115235250","is_ascension_mode":true,"campfire_choices":[{"data":"Carnage","floor":6,"key":"SMITH"},{"floor":8,"key":"REST"}],"circlet_count":0,"master_deck":["AscendersBane","Strike_R","Strike_R","Strike_R","Strike_R","Strike_R","Defend_R","Defend_R","Defend_R","Defend_R","Bash","Bloodletting","Flex","Carnage+1","Searing Blow","Blood for Blood","Burning Pact","Whirlwind+1","Power Through","Dropkick+1"],"relics":["Runic Cube","CultistMask","Molten Egg 2","Paper Frog"],"acts_visited":["Exordium"],"potions_floor_usage":[7,10,12,13],"damage_taken":[{"damage":4,"enemies":"Small Slimes","floor":1,"turns":4},{"damage":9,"enemies":"Cultist","floor":2,"turns":3},{"damage":12,"enemies":"Jaw Worm","floor":5,"turns":2},{"damage":4,"enemies":"Large Slime","floor":7,"turns":6},{"damage":11,"enemies":"Gremlin Gang","floor":10,"turns":4},{"damage":28,"enemies":"Lagavulin","floor":11,"turns":6},{"damage":3,"enemies":"3 Louse","floor":12,"turns":1},{"damage":18,"enemies":"3 Sentries","floor":13,"turns":4}],"seed_played":"2006280669006825228","potions_obtained":[{"floor":2,"key":"Block Potion"},{"floor":5,"key":"Block Potion"},{"floor":10,"key":"Explosive Potion"},{"floor":12,"key":"BlessingOfTheForge"}],"is_trial":false,"path_per_floor":["M","M","?","$","M","R","M","R","T","M","E","M","E"],"character_chosen":"IRONCLAD","items_purchased":["Carnage","Searing Blow"],"campfire_rested":1,"item_purchase_floors":[4,4],"current_hp_per_floor":[64,55,55,55,43,43,39,61,61,50,22,19,1,1],"gold":106,"neow_bonus":"BOSS_RELIC","is_daily":false,"chose_seed":false,"campfire_upgraded":1,"win_rate":0.0,"timestamp":1610747570,"path_taken":["M","M","?","$","M","R","M","R","T","?","E","M","E"],"items_purchased_type":["Card","Card"],"build_version":"2020-12-22","purchased_purges":0,"victory":false,"max_hp_per_floor":[75,75,75,75,75,75,75,75,75,75,75,75,75,75],"card_choices":[{"not_picked":["Warcry","Wild Strike"],"picked":"Bloodletting","floor":1},{"not_picked":["Heavy Blade","Intimidate"],"picked":"Flex","floor":2},{"not_picked":["Metallicize","Body Slam"],"picked":"Blood for Blood","floor":5},{"not_picked":["Pommel Strike","Carnage"],"picked":"Burning Pact","floor":7},{"not_picked":["Armaments","Bloodletting"],"picked":"Whirlwind+1","floor":10},{"not_picked":["Entrench","Corruption"],"picked":"Power Through","floor":11},{"not_picked":["Clothesline+1","Searing Blow+1"],"picked":"Dropkick+1","floor":12}],"player_experience":399357,"relics_obtained":[{"floor":9,"key":"Molten Egg 2"},{"floor":11,"key":"Paper Frog"}],"event_choices":[{"damage_healed":0,"gold_gain":0,"player_choice":"Trade","damage_taken":0,"relics_obtained":["CultistMask"],"max_hp_gain":0,"max_hp_loss":0,"event_name":"FaceTrader","floor":3,"gold_loss":0}],"is_beta":false,"boss_relics":[],"items_purged_floors":[],"is_endless":false,"potions_floor_spawned":[2,5,10,12],"killed_by":"3 Sentries","ascension_level":16}}