{"host":"ny1uxs7aco9qql8p","time":1610740325,"event":{"mods":["AchievementEnabler","Alarm Clock","BaseMod","Bestiary","Colored Map","Colored Powertips","DeckTracker","Filter the Spire","Highlight Path","Minty Spire (QoL Compilation)","Permanent Neow","Quick Restart","Rare Cards Sparkle","Relic Stats"],"gold_per_floor":[117,135,150,39,55,55,66,66,66,83,111,111,125,137,137,237,237,248,35,67,86,103,132,132,31,31,60,71,99,19,19,19],"floor_reached":31,"language":"ENG","playtime":8202,"items_purged":[],"score":339,"play_id":"e954e3ce-3d19-4d06-ad0e-20171f564515","local_time":"20210115145205","is_ascension_mode":true,"campfire_choices":[{"data":"Havoc","floor":6.0,"key":"SMITH"},{"data":"Sentinel","floor":8.0,"key":"SMITH"},{"data":"Immolate","floor":12.0,"key":"SMITH"},{"data":"Feel No Pain","floor":15.0,"key":"SMITH"}],"circlet_count":0,"master_deck":["Strike_R+1","Strike_R+1","Strike_R+1","Strike_R+1","Strike_R+1","Defend_R+1","Defend_R+1","Defend_R+1","Defend_R+1","Bash","Immolate+1","Havoc+1","Warcry","Immolate","Feel No Pain+1","Sentinel+1","Intimidate","Pummel","Havoc","Burning Pact","Combust","Bloodletting","Double Tap","Entrench+1","Fire Breathing","Immolate+1","Evolve","Clash","Combust","Metallicize","Rupture","True Grit","Burning Pact+1","Wild Strike","Juggernaut","Feel No Pain"],"relics":["Burning Blood","Bottled Flame","Bottled Tornado","Philosopher\u0027s Stone","DollysMirror","Red Mask","Gremlin Horn","Pen Nib","Blue Candle"],"acts_visited":["Exordium","TheCity"],"potions_floor_usage":[18,18,29],"damage_taken":[{"damage":1.0,"enemies":"Cultist","floor":1.0,"turns":3.0},{"damage":0.0,"enemies":"2 Louse","floor":2.0,"turns":2.0},{"damage":3.0,"enemies":"Small Slimes","floor":3.0,"turns":3.0},{"damage":11.0,"enemies":"Exordium Wildlife","floor":5.0,"turns":4.0},{"damage":8.0,"enemies":"3 Louse","floor":7.0,"turns":2.0},{"damage":12.0,"enemies":"Looter","floor":10.0,"turns":3.0},{"damage":9.0,"enemies":"3 Sentries","floor":11.0,"turns":2.0},{"damage":0.0,"enemies":"Large Slime","floor":13.0,"turns":4.0},{"damage":0.0,"enemies":"Gremlin Gang","floor":14.0,"turns":1.0},{"damage":48.0,"enemies":"The Guardian","floor":16.0,"turns":10.0},{"damage":0,"enemies":"Spheric Guardian","floor":18,"turns":1},{"damage":1,"enemies":"Masked Bandits","floor":20,"turns":2},{"damage":2,"enemies":"2 Thieves","floor":21,"turns":4},{"damage":0,"enemies":"3 Cultists","floor":22,"turns":2},{"damage":17,"enemies":"Gremlin Leader","floor":23,"turns":6},{"damage":40,"enemies":"Book of Stabbing","floor":27,"turns":6},{"damage":13,"enemies":"Centurion and Healer","floor":28,"turns":5},{"damage":19,"enemies":"Gremlin Leader","floor":29,"turns":4},{"damage":30,"enemies":"Book of Stabbing","floor":31,"turns":5}],"seed_played":"-9037531309595319620","potions_obtained":[{"floor":3.0,"key":"Strength Potion"},{"floor":10.0,"key":"Block Potion"},{"floor":11.0,"key":"DistilledChaos"},{"floor":23,"key":"ElixirPotion"},{"floor":28,"key":"Regen Potion"}],"is_trial":false,"path_per_floor":["M","M","M","$","M","R","M","R","T","M","E","R","M","M","R","B",null,"M","$","?","M","M","E","?","$","T","E","M","E","$","E"],"character_chosen":"IRONCLAD","items_purchased":["Feel No Pain","Sentinel","Fire Breathing","DollysMirror","Rupture","True Grit","Feel No Pain"],"campfire_rested":0,"item_purchase_floors":[4,4,19,19,25,25,30],"current_hp_per_floor":[80,80,80,80,75,75,73,73,73,67,64,64,70,76,76,34,80,80,80,80,80,80,69,69,69,69,35,28,27,27,0,0],"gold":19,"neow_bonus":"ONE_RANDOM_RARE_CARD","is_daily":false,"chose_seed":false,"campfire_upgraded":4,"win_rate":0.0,"timestamp":1610740325,"path_taken":["M","M","?","$","M","R","M","R","T","M","E","R","M","M","R","BOSS","M","$","?","M","M","E","?","$","T","E","?","E","$","E"],"items_purchased_type":["Card","Card","Card","Relic","Card","Card","Card"],"build_version":"2020-12-22","purchased_purges":0,"victory":false,"max_hp_per_floor":[80,80,80,80,80,80,80,80,80,80,80,80,80,80,80,80,80,80,80,80,80,80,80,80,80,80,80,80,80,80,80,80],"relic_stats":{"Gremlin Horn":[5,5],"counters":[19,69],"Blue Candle":[0],"Pen Nib":[2],"obtain_stats":[{"Bottled Flame":9,"Gremlin Horn":23,"DollysMirror":19,"Blue Candle":29,"Philosopher\u0027s Stone":17,"Pen Nib":27,"Red Mask":20,"Bottled Tornado":11,"Burning Blood":0},{"Bottled Flame":5,"Gremlin Horn":15,"DollysMirror":11,"Blue Candle":18,"Philosopher\u0027s Stone":10,"Pen Nib":16,"Red Mask":12,"Bottled Tornado":7,"Burning Blood":0},{"Bottled Flame":14,"Gremlin Horn":49,"DollysMirror":35,"Blue Candle":64,"Philosopher\u0027s Stone":34,"Pen Nib":55,"Red Mask":37,"Bottled Tornado":19,"Burning Blood":0}],"Burning Blood":73},"card_choices":[{"not_picked":["Iron Wave","Heavy Blade"],"picked":"Havoc","floor":1.0},{"not_picked":["Dropkick","Battle Trance"],"picked":"Warcry","floor":2.0},{"not_picked":["Flame Barrier","Flex"],"picked":"Immolate","floor":3.0},{"not_picked":["Whirlwind","Searing Blow"],"picked":"Intimidate","floor":5.0},{"not_picked":["Cleave","Shrug It Off"],"picked":"Pummel","floor":7.0},{"not_picked":["Clash","Disarm"],"picked":"Havoc","floor":10.0},{"not_picked":["Body Slam","Bludgeon"],"picked":"Burning Pact","floor":11.0},{"not_picked":["Bloodletting","Ghostly Armor"],"picked":"Combust","floor":13.0},{"not_picked":["Battle Trance","Clash"],"picked":"Bloodletting","floor":14.0},{"not_picked":["Demon Form","Berserk"],"picked":"Double Tap","floor":16.0},{"not_picked":["Inflame+1","Iron Wave"],"picked":"Entrench+1","floor":18},{"not_picked":["Entrench","Heavy Blade+1"],"picked":"Evolve","floor":20},{"not_picked":["Anger","Shrug It Off"],"picked":"Clash","floor":21},{"not_picked":["Ghostly Armor+1","Body Slam"],"picked":"Combust","floor":22},{"not_picked":["Heavy Blade","Clash"],"picked":"Metallicize","floor":23},{"not_picked":["Cleave+1","Pommel Strike+1"],"picked":"Burning Pact+1","floor":27},{"not_picked":["Flex+1","Perfected Strike+1"],"picked":"Wild Strike","floor":28},{"not_picked":["Evolve","Cleave"],"picked":"Juggernaut","floor":29}],"player_experience":207221,"relics_obtained":[{"floor":9.0,"key":"Bottled Flame"},{"floor":11.0,"key":"Bottled Tornado"},{"floor":20,"key":"Red Mask"},{"floor":23,"key":"Gremlin Horn"},{"floor":27,"key":"Pen Nib"},{"floor":29,"key":"Blue Candle"}],"event_choices":[{"damage_healed":0,"gold_gain":0,"player_choice":"Fought Bandits","damage_taken":0,"max_hp_gain":0,"max_hp_loss":0,"event_name":"Masked Bandits","floor":20,"gold_loss":0},{"damage_healed":0,"gold_gain":0,"player_choice":"Simplicity","damage_taken":0,"max_hp_gain":0,"max_hp_loss":0,"event_name":"Back to Basics","floor":24,"gold_loss":0,"cards_upgraded":["Strike_R","Strike_R","Strike_R","Strike_R","Strike_R","Defend_R","Defend_R","Defend_R","Defend_R"]}],"is_beta":false,"boss_relics":[{"not_picked":["Fusion Hammer","Coffee Dripper"],"picked":"Philosopher\u0027s Stone"}],"items_purged_floors":[],"is_endless":false,"potions_floor_spawned":[3,10,11,13,14,23,28],"killed_by":"Book of Stabbing","ascension_level":1}}