{"host":"cjhtzh7tp54jdfyv","time":1610729570,"event":{"mods":["AchievementEnabler","BaseMod","Colored Map","Colored Powertips","Curses Come First","DeckTracker","Filter the Spire","Minty Spire (QoL Compilation)","RNG Fix","Relic Sorter","Relic Stats","StSLib","UnlockEverythingMod","ojb\u0027s Better Paths Mod","ojb\u0027s Info Mod"],"gold_per_floor":[215,23,43,61,76,101,101,117,117,132,164,176,202,202,202,202,202],"floor_reached":16,"language":"ENG","playtime":1007,"items_purged":[],"score":248,"play_id":"6ccd66f5-ff65-4d01-ab23-9c9394a8fdef","local_time":"20210115115250","is_ascension_mode":true,"campfire_choices":[{"data":"Glass Knife","floor":7,"key":"SMITH"},{"data":"Neutralize","floor":15,"key":"SMITH"}],"circlet_count":0,"master_deck":["AscendersBane","Strike_G","Strike_G","Strike_G","Strike_G","Defend_G","Defend_G","Defend_G","Defend_G","Defend_G","Survivor","Neutralize+1","Eviscerate","Dagger Throw","Poisoned Stab","Poisoned Stab","Glass Knife+1","Backflip","PiercingWail","Slice","Underhanded Strike","Cloak And Dagger"],"relics":["Ring of the Snake","Happy Flower","Vajra","Gremlin Horn","Pen Nib","Oddly Smooth Stone"],"acts_visited":["Exordium"],"potions_floor_usage":[6,13,16],"damage_taken":[{"damage":5,"enemies":"Jaw Worm","floor":1,"turns":7},{"damage":0,"enemies":"Small Slimes","floor":3,"turns":3},{"damage":0,"enemies":"Cultist","floor":4,"turns":4},{"damage":3,"enemies":"3 Louse","floor":5,"turns":4},{"damage":26,"enemies":"Lagavulin","floor":6,"turns":6},{"damage":0,"enemies":"Blue Slaver","floor":8,"turns":2},{"damage":1,"enemies":"Exordium Thugs","floor":10,"turns":3},{"damage":8,"enemies":"Gremlin Nob","floor":11,"turns":3},{"damage":1,"enemies":"3 Louse","floor":12,"turns":4},{"damage":2,"enemies":"3 Sentries","floor":13,"turns":5},{"damage":14,"enemies":"The Guardian","floor":16,"turns":9}],"seed_played":"1365969093154379961","potions_obtained":[{"floor":3,"key":"PowerPotion"},{"floor":6,"key":"Fire Potion"},{"floor":11,"key":"Swift Potion"},{"floor":13,"key":"GamblersBrew"}],"is_trial":false,"path_per_floor":["M","$","M","M","M","E","R","M","T","M","E","M","E","?","R","B"],"character_chosen":"THE_SILENT","items_purchased":["Happy Flower","Dagger Throw"],"campfire_rested":0,"item_purchase_floors":[2,2],"current_hp_per_floor":[54,54,54,54,51,25,25,25,25,24,16,15,13,13,13,0,0],"gold":202,"neow_bonus":"HUNDRED_GOLD","is_daily":false,"chose_seed":false,"campfire_upgraded":2,"win_rate":0.0,"timestamp":1610729570,"path_taken":["M","$","M","?","M","E","R","M","T","M","E","M","E","?","R","BOSS"],"items_purchased_type":["Relic","Card"],"build_version":"2020-12-22","purchased_purges":0,"victory":false,"max_hp_per_floor":[66,66,66,66,66,66,66,66,66,66,66,66,66,66,66,66,66],"relic_stats":{"Happy Flower":[14],"Gremlin Horn":[5,5],"counters":[11,50],"Pen Nib":[3],"obtain_stats":[{"Happy Flower":2,"Gremlin Horn":9,"Vajra":6,"Oddly Smooth Stone":13,"Pen Nib":11,"Ring of the Snake":0},{"Happy Flower":1,"Gremlin Horn":6,"Vajra":5,"Oddly Smooth Stone":10,"Pen Nib":8,"Ring of the Snake":0},{"Happy Flower":7,"Gremlin Horn":26,"Vajra":24,"Oddly Smooth Stone":41,"Pen Nib":32,"Ring of the Snake":0}],"Ring of the Snake":[22]},"card_choices":[{"not_picked":["Well Laid Plans","Bane"],"picked":"Eviscerate","floor":1},{"not_picked":["Quick Slash","Deadly Poison"],"picked":"Poisoned Stab","floor":3},{"not_picked":["Bane","Choke","Dodge and Roll"],"picked":"SKIP","floor":4},{"not_picked":["Flying Knee","Bane"],"picked":"Poisoned Stab","floor":5},{"not_picked":["Predator","Escape Plan"],"picked":"Glass Knife","floor":6},{"not_picked":["Quick Slash","Prepared"],"picked":"Backflip","floor":8},{"not_picked":["Catalyst","Crippling Poison","Dodge and Roll"],"picked":"SKIP","floor":10},{"not_picked":["Blur","Deflect"],"picked":"PiercingWail","floor":11},{"not_picked":["Bane","Quick Slash"],"picked":"Slice","floor":12},{"not_picked":["Flechettes","Poisoned Stab"],"picked":"Underhanded Strike","floor":13}],"player_experience":4550556,"relics_obtained":[{"floor":6,"key":"Vajra"},{"floor":9,"key":"Gremlin Horn"},{"floor":11,"key":"Pen Nib"},{"floor":13,"key":"Oddly Smooth Stone"}],"event_choices":[{"damage_healed":0,"gold_gain":0,"cards_transformed":["Strike_G"],"player_choice":"Change","damage_taken":0,"max_hp_gain":0,"max_hp_loss":0,"event_name":"Living Wall","floor":14,"gold_loss":0,"cards_obtained":["Cloak And Dagger"]}],"is_beta":false,"boss_relics":[],"items_purged_floors":[],"is_endless":false,"potions_floor_spawned":[3,6,11,12,13],"killed_by":"The Guardian","ascension_level":20}}