{"host":"9ndbo4kgsfoemf7y","time":1610706914,"event":{"mods":["AchievementEnabler","BaseMod","Colored Map","DeckTracker","Keyboard Shortcuts","Minty Spire (QoL Compilation)","Permanent Neow","Quick Restart","Relic Stats","StSLib","SuperFastMode"],"gold_per_floor":[116,116,136,156,81,81,110,110,161,173,185,197,227,269,281,370,382,407,419,184,184,184,184,184,184],"floor_reached":24,"language":"KOR","playtime":527,"items_purged":["Decay"],"score":400,"play_id":"7df24dc3-4900-4947-bba6-e0eb9df3b371","local_time":"20210115193514","is_ascension_mode":true,"campfire_choices":[{"data":"Armaments","floor":6.0,"key":"SMITH"},{"data":"Mayhem","floor":8.0,"key":"SMITH"},{"data":"Blood for Blood","floor":10.0,"key":"SMITH"},{"data":"Shockwave","floor":12.0,"key":"SMITH"},{"floor":15,"key":"REST"},{"floor":23,"key":"REST"}],"circlet_count":0,"master_deck":["AscendersBane","Strike_R","Strike_R","Strike_R","Strike_R","Defend_R","Defend_R","Defend_R","Defend_R","Bash","Mayhem+1","Flex","Shockwave+1","Blood for Blood+1","Armaments+1","Perfected Strike","Perfected Strike","Reaper","Limit Break","Evolve","Perfected Strike","Inflame"],"relics":["Burning Blood","Dream Catcher","MawBank","Blood Vial","Pear","Fusion Hammer","DollysMirror","Enchiridion"],"acts_visited":["Exordium","TheCity"],"potions_floor_usage":[14,24,24],"damage_taken":[{"damage":6.0,"enemies":"Cultist","floor":1.0,"turns":4.0},{"damage":5.0,"enemies":"2 Louse","floor":3.0,"turns":3.0},{"damage":14.0,"enemies":"Small Slimes","floor":4.0,"turns":4.0},{"damage":17.0,"enemies":"Lagavulin","floor":7.0,"turns":7.0},{"damage":22.0,"enemies":"Looter","floor":13.0,"turns":4.0},{"damage":6,"enemies":"Gremlin Nob","floor":14,"turns":3},{"damage":14,"enemies":"Slime Boss","floor":16,"turns":8},{"damage":25,"enemies":"Shell Parasite","floor":18,"turns":3},{"damage":77,"enemies":"Slavers","floor":24,"turns":4}],"seed_played":"-6701143449807463777","potions_obtained":[{"floor":3.0,"key":"ColorlessPotion"},{"floor":13.0,"key":"Block Potion"},{"floor":16,"key":"SkillPotion"},{"floor":18,"key":"Regen Potion"}],"is_trial":false,"path_per_floor":["M","?","M","M","$","R","E","R","T","R","?","R","M","E","R","B",null,"M","?","$","?","?","R","E"],"character_chosen":"IRONCLAD","items_purchased":["DollysMirror","Inflame"],"campfire_rested":2,"item_purchase_floors":[20,20],"current_hp_per_floor":[68,68,69,61,61,61,50,50,50,50,32,32,18,30,55,55,78,70,45,45,24,24,51,0,0],"gold":184,"neow_bonus":"RANDOM_COLORLESS_2","is_daily":false,"chose_seed":false,"campfire_upgraded":4,"win_rate":0.0,"timestamp":1610706914,"path_taken":["M","?","M","M","$","R","E","R","T","R","?","R","M","E","R","BOSS","M","?","$","?","?","R","E"],"items_purchased_type":["Relic","Card"],"build_version":"2020-12-22","purchased_purges":1,"victory":false,"max_hp_per_floor":[75,75,75,75,75,75,75,75,75,75,75,75,75,85,85,85,85,85,90,90,90,90,90,90,90],"relic_stats":{"Blood Vial":10,"Dream Catcher":2,"counters":[9,40],"MawBank":132,"obtain_stats":[{"Blood Vial":11,"Dream Catcher":7,"Pear":14,"DollysMirror":20,"Enchiridion":21,"Fusion Hammer":17,"MawBank":9,"Burning Blood":0},{"Blood Vial":4,"Dream Catcher":4,"Pear":6,"DollysMirror":8,"Enchiridion":8,"Fusion Hammer":7,"MawBank":4,"Burning Blood":0},{"Blood Vial":18,"Dream Catcher":18,"Pear":25,"DollysMirror":36,"Enchiridion":36,"Fusion Hammer":33,"MawBank":18,"Burning Blood":0}],"Burning Blood":48},"card_choices":[{"not_picked":["Master of Strategy","Metamorphosis"],"picked":"Mayhem","floor":0.0},{"not_picked":["Body Slam","Rupture"],"picked":"Flex","floor":1.0},{"not_picked":["Anger","Sword Boomerang"],"picked":"Blood for Blood","floor":3.0},{"not_picked":["Anger","Body Slam"],"picked":"Armaments","floor":4.0},{"not_picked":["Sever Soul","Havoc"],"picked":"Perfected Strike","floor":7.0},{"not_picked":["Uppercut","Thunderclap"],"picked":"Perfected Strike","floor":13.0},{"not_picked":["Heavy Blade","Cleave","Clothesline"],"picked":"SKIP","floor":14},{"not_picked":["Iron Wave","Combust"],"picked":"Reaper","floor":15},{"not_picked":["Bludgeon","Immolate"],"picked":"Limit Break","floor":16},{"not_picked":["Thunderclap","Anger"],"picked":"Evolve","floor":18}],"player_experience":819301,"relics_obtained":[{"floor":7.0,"key":"Dream Catcher"},{"floor":9.0,"key":"MawBank"},{"floor":14,"key":"Pear"},{"floor":21,"key":"Enchiridion"}],"event_choices":[{"damage_healed":0.0,"max_hp_gain":0.0,"max_hp_loss":0.0,"gold_gain":0.0,"cards_transformed":["Strike_R"],"event_name":"Living Wall","player_choice":"Change","floor":2.0,"gold_loss":0.0,"damage_taken":0.0,"cards_obtained":["Shockwave"]},{"damage_healed":0.0,"max_hp_gain":0.0,"max_hp_loss":0.0,"gold_gain":0.0,"event_name":"Scrap Ooze","player_choice":"Success","floor":11.0,"gold_loss":0.0,"damage_taken":18.0,"relics_obtained":["Blood Vial"]},{"damage_healed":0,"gold_gain":0,"player_choice":"Shed Blood","damage_taken":30,"max_hp_gain":5,"max_hp_loss":0,"event_name":"Forgotten Altar","floor":19,"gold_loss":0},{"damage_healed":0,"gold_gain":0,"player_choice":"Obtained Book","damage_taken":21,"max_hp_gain":0,"max_hp_loss":0,"event_name":"Cursed Tome","floor":21,"gold_loss":0},{"damage_healed":0,"gold_gain":0,"player_choice":"Ignored","damage_taken":0,"max_hp_gain":0,"max_hp_loss":0,"event_name":"Vampires","floor":22,"gold_loss":0}],"is_beta":false,"boss_relics":[{"not_picked":["Pandora\u0027s Box","SacredBark"],"picked":"Fusion Hammer"}],"items_purged_floors":[5],"is_endless":false,"potions_floor_spawned":[3,13,16,18],"killed_by":"Slavers","ascension_level":20}}