{"host":"cdcsem0stf6rethc","time":1610696064,"event":{"mods":["AchievementEnabler","BaseMod","Colored Map","Highlight Path","Minty Spire (QoL Compilation)","StSLib","The Animator"],"gold_per_floor":[224,256,256,281,51,51,88,88,88,107,107,131,204,230,230,347,347,375,300,300,300,326,326,344,344,369,369,401,401,12,32,32,135,135,151,203,203,213,229,229,259,79,79,34,0,23,47,47,47,63,63],"floor_reached":50,"language":"ENG","playtime":3701,"items_purged":["animator:Strike"],"score":490,"play_id":"906f8547-1ac5-444e-a608-8c6fcb9dc34b","local_time":"20210115153424","is_ascension_mode":false,"campfire_choices":[{"data":"animator:Mitsurugi","floor":6.0,"key":"SMITH"},{"data":"animator:Darkness","floor":11.0,"key":"SMITH"},{"data":"animator:GoblinSlayer","floor":15.0,"key":"SMITH"},{"data":"animator:Spearman","floor":23.0,"key":"SMITH"},{"data":"animator:RoyMustang","floor":25.0,"key":"SMITH"},{"data":"animator:Mitsurugi","floor":27.0,"key":"SMITH"},{"data":"animator:Priestess","floor":32.0,"key":"SMITH"},{"data":"animator:IchigoKurosaki","floor":40.0,"key":"SMITH"},{"data":"animator:LizardPriest","floor":49,"key":"SMITH"}],"circlet_count":0,"master_deck":["animator:Strike_Konosuba","animator:Strike","animator:Defend","animator:Defend","animator:Defend","animator:Kazuma","animator:Aqua","animator:Mitsurugi+1","animator:RoyMustang+1","animator:Darkness+1","animator:Chris","animator:ElricEdward","animator:Verdia","animator:GoblinSlayer+1","animator:Mitsurugi+1","animator:CowGirl","animator:HigakiRinne","animator:Vanir","Writhe","animator:Spearman+1","animator:Lancer+1","animator:ChaikaBohdan","animator:IchigoKurosaki+1","animator:Priestess+1","animator:Wiz","animator:HigakiRinne","animator:Azekura+1","animator:Gillette+1","animator:Guy","animator:ZankiKiguchi","animator:AcuraAkari","animator:LizardPriest+1"],"relics":["animator:LivingPicture","animator:TheMissingPiece","Centennial Puzzle","Bottled Lightning","Meat on the Bone","Darkstone Periapt","Coffee Dripper","Regal Pillow","Enchiridion","Omamori","ClockworkSouvenir","animator:ShionDessert","Busted Crown","Lizard Tail","Letter Opener","Red Mask"],"acts_visited":["TheCity","TheBeyond"],"potions_floor_usage":[50],"damage_taken":[{"damage":0.0,"enemies":"2 Louse","floor":1.0,"turns":3.0},{"damage":2.0,"enemies":"Small Slimes","floor":4.0,"turns":3.0},{"damage":36.0,"enemies":"Gremlin Nob","floor":7.0,"turns":5.0},{"damage":5.0,"enemies":"Jaw Worm","floor":10.0,"turns":3.0},{"damage":3.0,"enemies":"Large Slime","floor":12.0,"turns":7.0},{"damage":13.0,"enemies":"Lagavulin Event","floor":13.0,"turns":6.0},{"damage":0.0,"enemies":"Gremlin Gang","floor":14.0,"turns":4.0},{"damage":21.0,"enemies":"Hexaghost","floor":16.0,"turns":8.0},{"damage":0.0,"enemies":"Chosen","floor":18.0,"turns":5.0},{"damage":4.0,"enemies":"3 Byrds","floor":22.0,"turns":4.0},{"damage":8.0,"enemies":"Cultist and Chosen","floor":24.0,"turns":5.0},{"damage":16.0,"enemies":"Snake Plant","floor":28.0,"turns":2.0},{"damage":0.0,"enemies":"3 Cultists","floor":31.0,"turns":4.0},{"damage":24.0,"enemies":"Automaton","floor":33.0,"turns":8.0},{"damage":4.0,"enemies":"3 Shapes","floor":35.0,"turns":3.0},{"damage":36.0,"enemies":"2 Orb Walkers","floor":36.0,"turns":5.0},{"damage":8.0,"enemies":"3 Darklings","floor":38.0,"turns":4.0},{"damage":7.0,"enemies":"Transient","floor":39.0,"turns":5.0},{"damage":0.0,"enemies":"Spire Growth","floor":41.0,"turns":5.0},{"damage":19.0,"enemies":"Writhing Mass","floor":46.0,"turns":4.0},{"damage":96,"enemies":"Awakened One","floor":50,"turns":9}],"seed_played":"-6253740714310081937","potions_obtained":[{"floor":10.0,"key":"Fire Potion"},{"floor":12.0,"key":"PowerPotion"},{"floor":13.0,"key":"BlessingOfTheForge"},{"floor":24.0,"key":"Regen Potion"},{"floor":36.0,"key":"animator:FalseLifePotion"},{"floor":39.0,"key":"SpeedPotion"}],"is_trial":false,"path_per_floor":["M","?","?","M","$","R","E","?","T","M","R","M","?","M","R","B",null,"M","?","?","?","M","R","M","R","T","R","M","?","$","M","R","B",null,"M","?","?","M","M","R","M","$","T","$","?","M","T","$","R","B"],"character_chosen":"THE_ANIMATOR","items_purchased":["animator:Eris","animator:Darkness","animator:Chris","ClockworkSouvenir","animator:ShionDessert","animator:IchigoKurosaki","animator:ZankiKiguchi","animator:AcuraAkari","animator:LizardPriest"],"campfire_rested":0,"item_purchase_floors":[5,5,5,30,30,30,42,42,44],"current_hp_per_floor":[66,66,63,63,63,63,30,30,30,40,40,39,40,42,42,35,68,68,68,74,58,56,56,50,50,50,50,48,48,48,50,50,41,75,71,49,40,46,42,42,44,44,44,44,44,39,39,39,39,0,0],"gold":63,"neow_bonus":"HUNDRED_GOLD","is_daily":false,"chose_seed":false,"campfire_upgraded":9,"win_rate":0.0,"timestamp":1610696064,"path_taken":["M","?","?","M","$","R","E","?","T","M","R","M","?","M","R","BOSS","M","?","?","?","M","R","?","R","T","R","M","?","$","?","R","BOSS","M","?","?","M","M","R","M","$","T","$","?","M","?","?","R","BOSS"],"items_purchased_type":["Card","Card","Card","Relic","Relic","Card","Card","Card","Card"],"build_version":"2020-12-22","purchased_purges":1,"victory":false,"max_hp_per_floor":[66,66,66,66,66,66,67,67,67,68,68,68,68,68,68,68,68,68,68,74,74,74,74,74,74,74,74,74,74,74,74,74,75,75,75,75,75,75,76,76,76,76,76,76,76,76,76,76,76,76,76],"card_choices":[{"not_picked":["animator:Sloth","animator:Kazuma"],"picked":"animator:Mitsurugi","floor":1.0},{"not_picked":["animator:ShinjiMatou","animator:Spearman"],"picked":"animator:RoyMustang","floor":4.0},{"not_picked":["animator:ChaikaTrabant","animator:Hitei"],"picked":"animator:ElricEdward","floor":7.0},{"not_picked":["animator:Kazuma","animator:Aqua"],"picked":"animator:Verdia","floor":10.0},{"not_picked":["animator:Witch","animator:Azekura"],"picked":"animator:GoblinSlayer","floor":12.0},{"not_picked":["animator:UneriGinkaku","animator:Assassin"],"picked":"animator:Mitsurugi","floor":13.0},{"not_picked":["animator:Gillette","animator:Assassin"],"picked":"animator:CowGirl","floor":14.0},{"not_picked":["animator:Gilgamesh","animator:Albedo"],"picked":"animator:HigakiRinne","floor":16.0},{"not_picked":["animator:Verdia","animator:Darkness"],"picked":"animator:Vanir","floor":18.0},{"not_picked":["animator:Emonzaemon","animator:WinryRockbell"],"picked":"animator:Spearman","floor":22.0},{"not_picked":["animator:Assassin","animator:Gillette"],"picked":"animator:Lancer+1","floor":24.0},{"not_picked":["animator:Emonzaemon","animator:Aqua"],"picked":"animator:ChaikaBohdan","floor":28.0},{"not_picked":["animator:HighElfArcher","animator:DwarfShaman"],"picked":"animator:Priestess","floor":31.0},{"not_picked":["animator:Ainz","animator:Envy"],"picked":"animator:Wiz","floor":33.0},{"not_picked":["animator:ElricEdward"],"picked":"SKIP","floor":35.0},{"not_picked":[],"picked":"animator:Azekura+1","floor":38.0},{"not_picked":[],"picked":"animator:Gillette+1","floor":39.0},{"not_picked":[],"picked":"animator:Guy","floor":41.0},{"not_picked":["animator:Alexander"],"picked":"SKIP","floor":46.0}],"player_experience":148274,"relics_obtained":[{"floor":7.0,"key":"Bottled Lightning"},{"floor":9.0,"key":"Meat on the Bone"},{"floor":13.0,"key":"Darkstone Periapt"},{"floor":21.0,"key":"Enchiridion"},{"floor":26.0,"key":"Omamori"},{"floor":36.0,"key":"Lizard Tail"},{"floor":43.0,"key":"Letter Opener"}],"event_choices":[{"damage_healed":0.0,"max_hp_gain":0.0,"max_hp_loss":0.0,"gold_gain":0.0,"event_name":"Scrap Ooze","player_choice":"Success","floor":3.0,"gold_loss":0.0,"damage_taken":3.0,"relics_obtained":["Centennial Puzzle"]},{"damage_healed":0.0,"max_hp_gain":0.0,"max_hp_loss":0.0,"gold_gain":0.0,"event_name":"Liars Game","player_choice":"Ignored","floor":8.0,"gold_loss":0.0,"damage_taken":0.0},{"damage_healed":0.0,"max_hp_gain":0.0,"max_hp_loss":0.0,"gold_gain":0.0,"event_name":"Dead Adventurer","player_choice":"Searched \u00271\u0027 times","floor":13.0,"gold_loss":0.0,"damage_taken":0.0},{"cards_removed":["animator:Strike"],"damage_healed":0.0,"max_hp_gain":0.0,"max_hp_loss":0.0,"gold_gain":0.0,"event_name":"Beggar","player_choice":"Gave Gold","floor":19.0,"gold_loss":75.0,"damage_taken":0.0},{"damage_healed":0.0,"max_hp_gain":0.0,"max_hp_loss":0.0,"gold_gain":0.0,"event_name":"The Mausoleum","player_choice":"Opened","floor":20.0,"gold_loss":0.0,"damage_taken":0.0,"relics_obtained":["Regal Pillow"],"cards_obtained":["Writhe"]},{"damage_healed":0.0,"max_hp_gain":0.0,"max_hp_loss":0.0,"gold_gain":0.0,"event_name":"Cursed Tome","player_choice":"Obtained Book","floor":21.0,"gold_loss":0.0,"damage_taken":16.0},{"damage_healed":0.0,"max_hp_gain":0.0,"max_hp_loss":0.0,"gold_gain":0.0,"event_name":"The Woman in Blue","player_choice":"Bought 0 Potions","floor":29.0,"gold_loss":0.0,"damage_taken":0.0},{"damage_healed":0.0,"max_hp_gain":0.0,"max_hp_loss":0.0,"gold_gain":0.0,"event_name":"Mysterious Sphere","player_choice":"Fight","floor":36.0,"gold_loss":0.0,"damage_taken":0.0},{"damage_healed":0.0,"max_hp_gain":0.0,"max_hp_loss":0.0,"gold_gain":0.0,"event_name":"Winding Halls","player_choice":"Embrace Madness","floor":37.0,"gold_loss":0.0,"damage_taken":9.0,"cards_obtained":["animator:HigakiRinne"]},{"damage_healed":0.0,"max_hp_gain":0.0,"max_hp_loss":0.0,"gold_gain":0.0,"event_name":"Tomb of Lord Red Mask","player_choice":"Paid","floor":45.0,"gold_loss":34.0,"damage_taken":0.0,"relics_obtained":["Red Mask"]}],"is_beta":false,"boss_relics":[{"not_picked":["Tiny House","Astrolabe"],"picked":"Coffee Dripper"},{"not_picked":["Fusion Hammer","Philosopher\u0027s Stone"],"picked":"Busted Crown"}],"items_purged_floors":[42],"is_endless":false,"potions_floor_spawned":[10,12,13,24,28,31,35,36,38,39],"killed_by":"Awakened One","ascension_level":0}}