{"host":"7f01flv6y0vhl3vt","time":1610739010,"event":{"mods":["Act Like it!","BaseMod","Downfall","Minty Spire (QoL Compilation)","StSLib"],"gold_per_floor":[99,99,99,274,274,274,274,30,56,14,28,28,57,42,57,57,57,57],"floor_reached":16,"language":"ENG","playtime":4745,"items_purged":["Regret"],"score":104,"play_id":"cd81f2e0-2edb-4345-9a44-61e306c10435","local_time":"20210115143010","is_ascension_mode":false,"campfire_choices":[{"floor":1.0,"key":"RECALL"},{"floor":12,"key":"REST"}],"circlet_count":0,"master_deck":["Guardian:Strike_Guardian+1","Guardian:Strike_Guardian","Guardian:Strike_Guardian","Guardian:Strike_Guardian+1","Guardian:Defend_Guardian","Guardian:Defend_Guardian","Guardian:Defend_Guardian","Guardian:Defend_Guardian","Guardian:CurlUp+1","Guardian:TwinSlam","Guardian:TimeBomb","Guardian:Repulse","Doubt","Guardian:MultiBeam","Guardian:Emergency","Guardian:TimeBomb","Guardian:GatlingBeam","Guardian:Recover","Guardian:Emergency","Guardian:Preprogram","Guardian:TemporalShield","Guardian:Gem_Purple"],"relics":["Guardian:ModeShifter","downfall:HeartsMalice","Guardian:PickAxe","Happy Flower","Ancient Tea Set"],"acts_visited":[],"potions_floor_usage":[13,13,14,16],"damage_taken":[{"damage":0.0,"enemies":"Jaw Worm","floor":2.0,"turns":1.0},{"damage":0.0,"enemies":"Small Slimes","floor":3.0,"turns":1.0},{"damage":0.0,"enemies":"Cultist","floor":6.0,"turns":1.0},{"damage":1.0,"enemies":"downfall:FleeingMerchant","floor":8.0,"turns":4.0},{"damage":27.0,"enemies":"Gremlin Nob","floor":9.0,"turns":5.0},{"damage":15.0,"enemies":"downfall:FleeingMerchant","floor":10.0,"turns":4.0},{"damage":12.0,"enemies":"Blue Slaver","floor":11.0,"turns":2.0},{"damage":19,"enemies":"Lagavulin","floor":13,"turns":6},{"damage":20,"enemies":"downfall:FleeingMerchant","floor":14,"turns":4},{"damage":8,"enemies":"3 Louse","floor":15,"turns":3},{"damage":14,"enemies":"downfall:Ironclad","floor":16,"turns":2}],"seed_played":"-2464217318239257226","potions_obtained":[{"floor":9.0,"key":"Regen Potion"},{"floor":11.0,"key":"Fire Potion"},{"floor":13,"key":"EssenceOfSteel"},{"floor":15,"key":"EssenceOfSteel"}],"is_trial":false,"path_per_floor":["R","M","M","?","?","M","T","$","E","$","M","R","E","$","M","B"],"character_chosen":"GUARDIAN","items_purchased":["Guardian:PickAxe","Guardian:Recover"],"campfire_rested":1,"item_purchase_floors":[8,10],"current_hp_per_floor":[80,80,80,80,80,80,80,79,52,37,25,49,42,22,14,0,0,0],"gold":57,"neow_bonus":"THREE_ENEMY_KILL","is_daily":false,"chose_seed":false,"campfire_upgraded":0,"win_rate":0.0,"timestamp":1610739010,"path_taken":["R","M","M","?","?","M","T","$","E","?","?","R","E","$","M","BOSS"],"items_purchased_type":["Relic","Card"],"build_version":"2020-12-22","purchased_purges":1,"victory":false,"max_hp_per_floor":[80,80,80,80,80,80,80,80,80,80,80,80,80,80,80,80,80,80],"card_choices":[{"not_picked":["Guardian:SpikerProtocol","Guardian:Recover"],"picked":"Guardian:TimeBomb","floor":2.0},{"not_picked":["Guardian:PolyBeam","Guardian:VentSteam"],"picked":"Guardian:Repulse","floor":3.0},{"not_picked":["Guardian:SpikerProtocol","Guardian:Gem_Green"],"picked":"Guardian:MultiBeam","floor":6.0},{"not_picked":["Guardian:ChargeCore","Guardian:TemporalShield"],"picked":"Guardian:Emergency","floor":8.0},{"not_picked":["Guardian:PiercingHide","Guardian:TemporalStrike"],"picked":"Guardian:TimeBomb","floor":9.0},{"not_picked":["Guardian:Clone","Guardian:VentSteam"],"picked":"Guardian:GatlingBeam","floor":10.0},{"not_picked":["Guardian:PolyBeam","Guardian:SpikerProtocol"],"picked":"Guardian:Emergency","floor":11.0},{"not_picked":["Guardian:Gem_Red","Guardian:BronzeOrb"],"picked":"Guardian:Preprogram","floor":13},{"not_picked":["Guardian:CrystalBeam","Guardian:PrimingBeam"],"picked":"Guardian:TemporalShield","floor":14},{"not_picked":["Guardian:Gem_Green","Guardian:Reroute"],"picked":"Guardian:Gem_Purple","floor":15}],"player_experience":1263408,"relics_obtained":[{"floor":9.0,"key":"Happy Flower"},{"floor":13,"key":"Ancient Tea Set"}],"event_choices":[],"is_beta":false,"boss_relics":[],"items_purged_floors":[8],"is_endless":false,"potions_floor_spawned":[9,11,13,15],"killed_by":"downfall:Ironclad","ascension_level":0}}