{"host":"mn0tr1eu9x6hkv4e","time":1610713575,"event":{"mods":["100% Spire Juice","ATMod(°¢èªMod)","Act Like it!","Arknights The Spire","BaseMod","Defuse TimeMaze Blight","Downfall","Friendly Minions","Gensokyo","Gremlin Skip","Lobotomy","Luminous","Minty Spire (QoL Compilation)","Quick Restart","READ ME - Guardian Mod","Shop Mod","Spicy Shops","StSLib","Waifu the Spire","WarShipGirlsR/Õ½½¢ÉÙÅ®R mod","Youmu£¨»êÆÇÑýÃÎ£©","óô»ðÖ¸ÄÏ"],"gold_per_floor":[113,3,3,3,3,3,15,15,15,15,32,16959,16959,16959,15903,16024,16024,16044,14652,14532,14532,14532,14112,13662,13662,13711,13711,12414,10906,10925,11175,10274,10371,10371,10371],"floor_reached":34,"language":"ZHS","playtime":3459,"items_purged":["Strike_YM","IrresoluteSoul","Strike_YM","Strike_YM","Pain","Clumsy"],"score":557,"play_id":"9da1b3c5-8cf5-491a-ac8f-b34489bf7cea","local_time":"20210115202615","daily_mods":["Vintage","Heirloom","Time Dilation","Flight"],"is_ascension_mode":false,"campfire_choices":[{"data":"WheelOfPainOfLivingAndDead","floor":6,"key":"SMITH"},{"data":"AT_ManFootWork","floor":8,"key":"SMITH"},{"data":"Defend_YM","floor":10,"key":"SMITH"},{"data":"HiganSword","floor":25,"key":"SMITH"},{"data":"SwordOfBindingDesires","floor":27,"key":"SMITH"}],"circlet_count":0,"master_deck":["Strike_YM","Defend_YM+1","Defend_YM+1","Defend_YM+1","Defend_YM+1","WheelOfPainOfLivingAndDead+1","HiganSword+1","SwordOfBindingDesires+1","SlashOfMeditation+1","Gensokyo:SummonYinYangFox","HellFireSword+1","SwordExtraction+1","CherryBlossomFlashing+1","AsTheSilentNirvana+1","HiganSword+1","Gensokyo:Shovel","HumanGodSword+1","HiganSword+1","PreachingAvici+1"],"relics":["HalfPhantom","AT_ATBox","TungstenRod","Omamori","AT_DeathDance","Gensokyo:NagashiBinaDoll","Happy Flower","Unceasing Top","Blood Vial","Darkstone Periapt","hexamod:BolsterEngine","Dream Catcher","Gensokyo:Justice","AT_RedTearstoneRing","AT_EbonyIvory","Sling","Akabeko","CeramicFish","expansioncontent:StudyCardRelic","Gensokyo:Companionship","Shuriken","MerchantsRug","Question Card","Lizard Tail","Boot","champ:Barbells","Gensokyo:LionMask","Gensokyo:ChorusOfJoy","Frozen Egg 2","Ancient Tea Set","ChestCloth","OrangePellets","Bag of Marbles","AT_SunfireAegis","Bag of Preparation","AT_SilvercatRing","Anchor","Vajra","Bottled Lightning","Molten Egg 2","AT_ChloranthyRing","Mercury Hourglass","AT_ForceNature","Turnip","Toy Ornithopter","Centennial Puzzle","Guardian:PocketSentry","Singing Bowl","Smiling Mask","Toxic Egg 2","Eternal Feather","Black Star"],"acts_visited":["Gensokyo:Gensokyo","Gensokyo:Gensokyoer"],"potions_floor_usage":[],"damage_taken":[{"damage":5,"enemies":"Gensokyo:2_Kodama","floor":1,"turns":4},{"damage":3,"enemies":"Gensokyo:Gryphon","floor":7,"turns":7},{"damage":0,"enemies":"Gensokyo:3_Fairies","floor":11,"turns":6},{"damage":0,"enemies":"Gensokyo:Gryphon_and_Rabbit","floor":12,"turns":7},{"damage":4,"enemies":"Gensokyo:Yukari","floor":16,"turns":8},{"damage":0,"enemies":"Gensokyo:AngelMirror","floor":18,"turns":3},{"damage":0,"enemies":"Gensokyo:3_Dogs","floor":30,"turns":1},{"damage":0,"enemies":"Gensokyo:Kaguya","floor":33,"turns":4}],"seed_played":"7997539506017297975","potions_obtained":[{"floor":11,"key":"Block Potion"},{"floor":12,"key":"SkillPotion"},{"floor":16,"key":"DistilledChaos"}],"is_trial":true,"path_per_floor":["M","COS","?","?","?","R","M","R","T","R","M","M","?","?","R","B",null,"M","$","?","T","?","R","COS","R","T","R","R","R","M","?","R","B",null],"character_chosen":"YOUMU","items_purchased":["AT_RedTearstoneRing","AT_EbonyIvory","Sling","Akabeko","HiganSword","CeramicFish","SwordOfBindingDesires","SlashOfMeditation","Ancient Potion","MerchantsRug","War Paint","HellFireSword","Question Card","Lizard Tail","Boot","champ:Barbells","Orrery","Frozen Egg 2","Ancient Tea Set","HiganSword+1","AT_SunfireAegis","Bag of Preparation","AT_SilvercatRing","Anchor","Vajra","HumanGodSword+1","Bottled Lightning","Molten Egg 2","AT_ChloranthyRing","Mercury Hourglass","AT_ForceNature","Turnip","Toy Ornithopter","Guardian:PocketSentry","Singing Bowl","Smiling Mask","Toxic Egg 2","HiganSword+1","PreachingAvici+1","Eternal Feather"],"campfire_rested":0,"item_purchase_floors":[15,15,15,15,15,15,15,15,15,19,19,19,19,19,19,19,19,23,23,23,28,28,28,28,28,28,28,29,29,29,29,29,29,32,32,32,32,32,32,32],"current_hp_per_floor":[70,70,70,70,70,70,67,67,67,67,79,81,71,71,71,69,85,85,85,85,99,99,99,99,99,99,99,99,105,105,99,105,107,107,107],"gold":10371,"neow_bonus":"","is_daily":false,"chose_seed":false,"campfire_upgraded":5,"win_rate":0.0,"timestamp":1610713575,"path_taken":["M","COS","?","?","?","R","M","R","T","R","M","?","?","?","R","BOSS","M","$","?","?","?","R","COS","R","T","R","R","R","?","?","R","BOSS"],"items_purchased_type":["Relic","Relic","Relic","Relic","Card","Relic","Card","Card","Potion","Relic","Relic","Card","Relic","Relic","Relic","Relic","Relic","Relic","Relic","Card","Relic","Relic","Relic","Relic","Relic","Card","Relic","Relic","Relic","Relic","Relic","Relic","Relic","Relic","Relic","Relic","Relic","Card","Card","Relic"],"build_version":"2020-12-22","purchased_purges":6,"victory":false,"max_hp_per_floor":[75,75,75,75,75,75,75,75,75,75,85,85,85,85,85,85,85,85,85,85,99,99,99,99,99,99,99,99,105,105,99,105,107,107,107],"card_choices":[{"not_picked":["VoidnessSword","HeavenGodSword"],"picked":"IrresoluteSoul","floor":16},{"not_picked":["FourBirthsSword","SwordOfBindingDesires","SlashOfMeditation"],"picked":"SwordExtraction+1","floor":19},{"not_picked":["CrescentMoonSlash","ConstancyOfTheConventionalTruth","SlashOfAscensionToBuddhahood"],"picked":"CherryBlossomFlashing","floor":19},{"not_picked":["ConstancyOfTheConventionalTruth","LowerRealmReflectionSlash+1","ObsessionSword"],"picked":"AsTheSilentNirvana","floor":19},{"not_picked":["HeavenGodSword+1","WickedSoul+1","SlashOfTheEternalFuture+1","HellRealmSword+1"],"picked":"Singing Bowl","floor":33}],"player_experience":3664,"relics_obtained":[{"floor":1,"key":"Omamori"},{"floor":7,"key":"Unceasing Top"},{"floor":9,"key":"Blood Vial"},{"floor":11,"key":"Pear"},{"floor":12,"key":"hexamod:BolsterEngine"},{"floor":18,"key":"Shuriken"},{"floor":21,"key":"Mango"},{"floor":26,"key":"Bag of Marbles"},{"floor":30,"key":"Centennial Puzzle"}],"event_choices":[],"is_beta":false,"boss_relics":[{"not_picked":["Pandora\u0027s Box","Snecko Eye"],"picked":"expansioncontent:StudyCardRelic"},{"not_picked":["Busted Crown","Calling Bell"],"picked":"Black Star"}],"items_purged_floors":[15,19,28,29,29,32],"is_endless":true,"potions_floor_spawned":[11,12,16,18],"ascension_level":0}}