{"host":"csp9nt53rootlkah","time":1610712928,"event":{"mods":["Act Like it!","BaseMod","Colored Powertips","Friendly Minions","Gensokyo","Highlight Path","Marisa（F雨　魔理沙）","Minty Spire (QoL Compilation)","Quick Restart","Replay The Spire","StSLib","TestMod","The Factory","The Jungle","【遗物卡牌】REMEMod"],"gold_per_floor":[112,112,512,525,369,401,218,218,243,261,261,261,261,279,154,154,154,229,229,241,241,241,241,241],"floor_reached":23,"language":"ZHS","playtime":1341,"items_purged":["Strike_G","Defend_G","Strike_G"],"score":420,"play_id":"f07ad91a-13f5-442d-969d-25a32db9d497","local_time":"20210115201528","is_ascension_mode":true,"campfire_choices":[{"data":"Judgement","floor":8,"key":"SMITH"},{"data":"Bouncing Flask","floor":11,"key":"SMITH"},{"data":"Caltrops","floor":17,"key":"SMITH"}],"circlet_count":0,"master_deck":["AscendersBane","Strike_G","Strike_G","Defend_G","Defend_G","Defend_G","Survivor","Neutralize","Judgement+1","Outmaneuver+1","Caltrops+1","Escape Plan","Bouncing Flask+1","REME_GrazeFinale","Acrobatics"],"relics":["Ring of the Snake","REME_ComplimentaryCards","testmod-BalancedPeriapt","NeowsBlessing","Peace Pipe","ReplayTheSpireMod:Lightbulb","Replay:Grab Bag","Philosopher\u0027s Stone","SlaversCollar","Empty Cage"],"acts_visited":["Exordium","TheCity"],"potions_floor_usage":[18],"damage_taken":[{"damage":0,"enemies":"Jaw Worm","floor":1,"turns":1},{"damage":0,"enemies":"2 Louse","floor":4,"turns":1},{"damage":0,"enemies":"Lagavulin","floor":6,"turns":1},{"damage":0,"enemies":"Cultist","floor":10,"turns":2},{"damage":0,"enemies":"Looter","floor":14,"turns":1},{"damage":74,"enemies":"Fading Forest","floor":18,"turns":13},{"damage":29,"enemies":"Shell Parasite","floor":20,"turns":6},{"damage":20,"enemies":"Chosen","floor":23,"turns":5}],"seed_played":"-2026118197822846103","potions_obtained":[{"floor":4,"key":"testmod-TestPotion"},{"floor":10,"key":"Dexterity Potion"},{"floor":18,"key":"testmod-SpacePotion"}],"is_trial":false,"path_per_floor":["M","?","?","M","$","E","$","R","T","M","R","PTL","PTL","M","$","?","R","B",null,"M","?","?","M"],"character_chosen":"THE_SILENT","items_purchased":["Caltrops","Bouncing Flask"],"campfire_rested":0,"item_purchase_floors":[5,7],"current_hp_per_floor":[59,59,59,59,59,59,59,59,59,59,59,59,59,59,59,59,59,11,52,23,23,23,3,3],"gold":241,"neow_bonus":"THREE_ENEMY_KILL","is_daily":false,"chose_seed":false,"campfire_upgraded":3,"win_rate":0.0,"timestamp":1610712928,"path_taken":["M","?","?","M","$","E","$","R","T","M","R","PTL","PTL","M","?","?","R","BOSS","M","?","?","M"],"items_purchased_type":["Card","Card"],"build_version":"2020-12-22","purchased_purges":3,"victory":false,"max_hp_per_floor":[66,66,66,66,66,66,66,66,66,66,66,66,66,66,66,66,66,66,66,66,66,66,66,66],"card_choices":[{"not_picked":["Dodge and Roll","Masterful Stab"],"picked":"Footwork","floor":1},{"not_picked":["Dagger Throw","Flying Knee","Leg Sweep"],"picked":"SKIP","floor":4},{"not_picked":["Deadly Poison","Blade Dance"],"picked":"Escape Plan","floor":6},{"not_picked":["Prepared","Dagger Throw","Slice"],"picked":"SKIP","floor":10},{"not_picked":["Riddle With Holes","Blade Dance","Choke"],"picked":"SKIP","floor":14},{"not_picked":["Riddle With Holes","Blade Dance","Choke"],"picked":"SKIP","floor":14},{"not_picked":["Venomology","Doppelganger"],"picked":"REME_GrazeFinale","floor":18},{"not_picked":["Dagger Spray","Crippling Poison"],"picked":"Acrobatics","floor":20}],"player_experience":141670,"relics_obtained":[{"floor":6,"key":"Peace Pipe"},{"floor":9,"key":"ReplayTheSpireMod:Lightbulb"}],"event_choices":[{"damage_healed":0,"gold_gain":400,"player_choice":"Sell","damage_taken":0,"max_hp_gain":0,"max_hp_loss":0,"event_name":"恩洛斯的盘子","floor":3,"relics_lost":["testmod-TestBox"],"gold_loss":0},{"damage_healed":0,"gold_gain":0,"player_choice":"Ignored","damage_taken":0,"max_hp_gain":0,"max_hp_loss":0,"event_name":"给自己的盒子","floor":16,"gold_loss":0},{"damage_healed":0,"gold_gain":0,"player_choice":"Ignored","damage_taken":0,"max_hp_gain":0,"max_hp_loss":0,"event_name":"Vampires","floor":21,"gold_loss":0}],"is_beta":false,"boss_relics":[{"not_picked":["Calling Bell","Velvet Choker"],"picked":"Replay:Grab Bag"},{"not_picked":["Fusion Hammer","Cursed Key"],"picked":"Philosopher\u0027s Stone"},{"not_picked":["Busted Crown","ChewingGum"],"picked":"SlaversCollar"},{"not_picked":["testmod-SaigiyounoYou","testmod-BloodSacrificeSpiritualization"],"picked":"Empty Cage"}],"items_purged_floors":[5,7,15],"is_endless":false,"potions_floor_spawned":[4,10,18],"killed_by":"Chosen","ascension_level":20}}