{"host":"c6u7e77myxvw4d0m","time":1610691932,"event":{"mods":["AchievementEnabler","BaseMod","Bestiary","Colored Map","Colored Powertips","Minty Spire (QoL Compilation)","Rare Cards Sparkle","Relic Stats","everything is the same but u backflip on backflip"],"gold_per_floor":[116,116,127,0,19,19,48,48,48,73,91,16,46,57,57,134,134,146,146,156,172,184,184,184,184],"floor_reached":24,"language":"ENG","playtime":1358,"items_purged":["Doubt"],"score":413,"play_id":"b7f170c4-7525-472c-9f99-c9b59463a2ce","local_time":"20210115082532","is_ascension_mode":true,"campfire_choices":[{"data":"Skewer","floor":6.0,"key":"SMITH"},{"data":"Dagger Spray","floor":8,"key":"SMITH"},{"floor":15,"key":"REST"},{"floor":23,"key":"REST"}],"circlet_count":0,"master_deck":["AscendersBane","Strike_G","Strike_G","Strike_G","Strike_G","Strike_G","Defend_G","Defend_G","Defend_G","Defend_G+1","Defend_G","Survivor+1","Neutralize","Flying Knee","Dagger Spray+1","Skewer+1","Calculated Gamble","Dagger Spray","Deadly Poison","Footwork","Envenom","Tools of the Trade","Burst","Backflip","Footwork","PiercingWail","Terror"],"relics":["Cursed Key","Blue Candle","Paper Crane","War Paint","Bronze Scales","Philosopher\u0027s Stone"],"acts_visited":["Exordium","TheCity"],"potions_floor_usage":[7,13,13,21,22],"damage_taken":[{"damage":1.0,"enemies":"2 Louse","floor":1.0,"turns":3.0},{"damage":1.0,"enemies":"Small Slimes","floor":3.0,"turns":4.0},{"damage":0.0,"enemies":"Cultist","floor":5.0,"turns":3.0},{"damage":2,"enemies":"3 Sentries","floor":7,"turns":5},{"damage":24,"enemies":"Lagavulin","floor":10,"turns":5},{"damage":0,"enemies":"Large Slime","floor":11,"turns":4},{"damage":0,"enemies":"3 Sentries","floor":13,"turns":3},{"damage":8,"enemies":"Exordium Wildlife","floor":14,"turns":2},{"damage":11,"enemies":"The Guardian","floor":16,"turns":11},{"damage":8,"enemies":"3 Byrds","floor":18,"turns":3},{"damage":8,"enemies":"Chosen","floor":20,"turns":6},{"damage":5,"enemies":"3 Cultists","floor":21,"turns":6},{"damage":25,"enemies":"Shelled Parasite and Fungi","floor":22,"turns":7},{"damage":38,"enemies":"Gremlin Leader","floor":24,"turns":4}],"seed_played":"-4395665546104010795","potions_obtained":[{"floor":3.0,"key":"Strength Potion"},{"floor":11,"key":"SteroidPotion"},{"floor":14,"key":"DistilledChaos"},{"floor":16,"key":"DuplicationPotion"}],"is_trial":false,"path_per_floor":["M","?","M","$","M","R","E","R","T","E","M","$","E","M","R","B",null,"M","?","M","M","M","R","E"],"character_chosen":"THE_SILENT","items_purchased":["Skewer","AttackPotion"],"campfire_rested":2,"item_purchase_floors":[4,4],"current_hp_per_floor":[58,58,57,57,57,57,55,55,55,31,31,31,31,23,42,31,57,49,49,41,36,11,30,0,0],"gold":184,"neow_bonus":"BOSS_RELIC","is_daily":false,"chose_seed":false,"campfire_upgraded":2,"win_rate":0.0,"timestamp":1610691932,"path_taken":["M","?","M","$","M","R","E","R","T","E","M","$","E","M","R","BOSS","M","?","?","M","M","R","E"],"items_purchased_type":["Card","Potion"],"build_version":"2020-12-22","purchased_purges":1,"victory":false,"max_hp_per_floor":[66,66,66,66,66,66,66,66,66,66,66,66,66,66,66,66,66,66,66,66,66,66,66,66,66],"relic_stats":{"counters":[14,66],"Blue Candle":[0],"Bronze Scales":[135],"War Paint":["Defend_G","Survivor"],"Cursed Key":1,"obtain_stats":[{"Blue Candle":7,"Bronze Scales":13,"Philosopher\u0027s Stone":17,"Paper Crane":9,"War Paint":10,"Cursed Key":0,"Ring of the Snake":0},{"Blue Candle":4,"Bronze Scales":7,"Philosopher\u0027s Stone":9,"Paper Crane":4,"War Paint":5,"Cursed Key":0,"Ring of the Snake":0},{"Blue Candle":15,"Bronze Scales":27,"Philosopher\u0027s Stone":40,"Paper Crane":15,"War Paint":20,"Cursed Key":0,"Ring of the Snake":0}]},"card_choices":[{"not_picked":["Bane","Sucker Punch"],"picked":"Flying Knee","floor":1.0},{"not_picked":["Quick Slash","Cloak And Dagger"],"picked":"Dagger Spray","floor":3.0},{"not_picked":["Skewer","Acrobatics"],"picked":"Calculated Gamble","floor":5.0},{"not_picked":["Dagger Throw","Doppelganger"],"picked":"Dagger Spray","floor":7},{"not_picked":["Poisoned Stab","Skewer"],"picked":"Deadly Poison","floor":10},{"not_picked":["Blur","Sucker Punch"],"picked":"Footwork","floor":11},{"not_picked":["Outmaneuver","PiercingWail"],"picked":"Envenom","floor":13},{"not_picked":["Flying Knee","Blade Dance"],"picked":"Tools of the Trade","floor":14},{"not_picked":["Unload","After Image"],"picked":"Burst","floor":16},{"not_picked":["Caltrops","Finisher"],"picked":"Backflip","floor":18},{"not_picked":["Sucker Punch","Prepared"],"picked":"PiercingWail","floor":20},{"not_picked":["Riddle With Holes","Deadly Poison"],"picked":"Terror","floor":21},{"not_picked":["Flying Knee","Underhanded Strike","Riddle With Holes"],"picked":"SKIP","floor":22}],"player_experience":368776,"relics_obtained":[{"floor":7,"key":"Blue Candle"},{"floor":9,"key":"Paper Crane"},{"floor":10,"key":"War Paint"},{"floor":13,"key":"Bronze Scales"}],"event_choices":[{"damage_healed":0.0,"max_hp_gain":0.0,"max_hp_loss":0.0,"gold_gain":0.0,"event_name":"Scrap Ooze","player_choice":"Fled","floor":2.0,"gold_loss":0.0,"damage_taken":0.0},{"damage_healed":0,"gold_gain":0,"player_choice":"Copied","damage_taken":0,"max_hp_gain":0,"max_hp_loss":0,"event_name":"Duplicator","floor":19,"gold_loss":0,"cards_obtained":["Footwork"]}],"is_beta":false,"boss_relics":[{"not_picked":["Tiny House","Fusion Hammer"],"picked":"Philosopher\u0027s Stone"}],"items_purged_floors":[12],"is_endless":false,"potions_floor_spawned":[3,11,14,16,18],"killed_by":"Gremlin Leader","ascension_level":14}}