{"host":"j015jhc2yy25u1i1","time":1610673406,"event":{"mods":["BaseMod","Colored Map","Colored Powertips","Highlight Path","Minty Spire (QoL Compilation)"],"gold_per_floor":[114,127,302,320,330,330,363,125,150,150,164,164,164,179,179,179,179],"floor_reached":16,"language":"ENG","playtime":1364,"items_purged":["Doubt"],"score":102,"play_id":"9b5f27c3-9ac2-4f01-b60e-32daab2b70fc","local_time":"20210114181646","is_ascension_mode":false,"campfire_choices":[{"data":"PiercingWail","floor":6,"key":"SMITH"},{"floor":10,"key":"REST"},{"floor":12,"key":"REST"},{"data":"Footwork","floor":15,"key":"SMITH"}],"circlet_count":0,"master_deck":["Strike_G","Strike_G+1","Strike_G","Strike_G","Strike_G","Defend_G","Defend_G","Defend_G","Defend_G","Defend_G","Survivor","Neutralize+1","PiercingWail+1","Backflip","Escape Plan","Endless Agony","Slice","Endless Agony","PiercingWail+1","Slice","Footwork+1"],"relics":["Ring of the Snake","Anchor","Whetstone"],"acts_visited":["Exordium"],"potions_floor_usage":[],"damage_taken":[{"damage":0,"enemies":"2 Louse","floor":1,"turns":2},{"damage":0,"enemies":"Small Slimes","floor":2,"turns":5},{"damage":5,"enemies":"Cultist","floor":4,"turns":5},{"damage":0,"enemies":"2 Fungi Beasts","floor":5,"turns":5},{"damage":56,"enemies":"3 Sentries","floor":7,"turns":18},{"damage":1,"enemies":"Looter","floor":11,"turns":3},{"damage":2,"enemies":"Large Slime","floor":14,"turns":6},{"damage":61,"enemies":"Hexaghost","floor":16,"turns":16}],"seed_played":"457750052689599349","potions_obtained":[{"floor":4,"key":"Dexterity Potion"},{"floor":5,"key":"Weak Potion"}],"is_trial":false,"path_per_floor":["M","M","?","M","M","R","E","$","T","R","M","R","?","M","R","B"],"character_chosen":"THE_SILENT","items_purchased":["Endless Agony","PiercingWail","Regen Potion"],"campfire_rested":2,"item_purchase_floors":[8,8,8],"current_hp_per_floor":[77,77,77,72,72,72,16,16,16,39,38,61,61,59,59,0,0],"gold":179,"neow_bonus":"TEN_PERCENT_HP_BONUS","is_daily":false,"chose_seed":false,"campfire_upgraded":2,"win_rate":0.0,"timestamp":1610673406,"path_taken":["M","M","?","M","M","R","E","$","T","R","M","R","?","M","R","BOSS"],"items_purchased_type":["Card","Card","Potion"],"build_version":"2020-12-22","purchased_purges":1,"victory":false,"max_hp_per_floor":[77,77,77,77,77,77,77,77,77,77,77,77,77,77,77,77,77],"card_choices":[{"not_picked":["Reflex","Dagger Throw"],"picked":"PiercingWail","floor":1},{"not_picked":["Deflect","Heel Hook"],"picked":"Backflip","floor":2},{"not_picked":["Underhanded Strike","Poisoned Stab"],"picked":"Escape Plan","floor":4},{"not_picked":["Tactician","Deadly Poison"],"picked":"Endless Agony","floor":5},{"not_picked":["Dodge and Roll","Eviscerate"],"picked":"Slice","floor":7},{"not_picked":["Underhanded Strike","Riddle With Holes"],"picked":"Slice","floor":11},{"not_picked":["Backstab","Glass Knife"],"picked":"Footwork","floor":14}],"player_experience":1546,"relics_obtained":[{"floor":7,"key":"Anchor"},{"floor":9,"key":"Whetstone"}],"event_choices":[{"damage_healed":0,"gold_gain":175,"player_choice":"AGREE","damage_taken":0,"max_hp_gain":0,"max_hp_loss":0,"event_name":"Liars Game","floor":3,"gold_loss":0,"cards_obtained":["Doubt"]},{"damage_healed":0,"gold_gain":0,"player_choice":"Grow","damage_taken":0,"max_hp_gain":0,"max_hp_loss":0,"event_name":"Living Wall","floor":13,"gold_loss":0,"cards_upgraded":["PiercingWail"]}],"is_beta":false,"boss_relics":[],"items_purged_floors":[8],"is_endless":false,"potions_floor_spawned":[4,5],"killed_by":"Hexaghost","ascension_level":0}}