{"host":"5ffs5w16enu3wi4v","time":1610735986,"event":{"mods":["AchievementEnabler","BaseMod","Colored Map","Colored Powertips","Downfall","Highlight Path","Minty Spire (QoL Compilation)","StSLib","The Poker Player","TheHeartMod"],"gold_per_floor":[99,112,123,123,143,167,167,92,119,119,150,150,167,167,182,182,182,182],"floor_reached":16,"language":"ENG","playtime":701,"items_purged":[],"score":118,"play_id":"c6b56aa2-5941-42b8-a760-d5becd610612","local_time":"20210115133946","is_ascension_mode":true,"campfire_choices":[{"floor":1,"key":"RECALL"},{"data":"hexamod:GhostLash","floor":8,"key":"SMITH"}],"circlet_count":0,"master_deck":["hexamod:Strike","hexamod:Strike","hexamod:Strike","hexamod:Defend","hexamod:Defend","hexamod:Defend","hexamod:Defend","hexamod:Sear","hexamod:Float+1","hexamod:GhostLash+1","hexamod:FourthSeal","hexamod:Incineration","hexamod:ExtraCrispy","hexamod:TimeWarp","hexamod:FastForward","hexamod:SoulSteal"],"relics":["hexamod:SpiritBrand","Juzu Bracelet","hexamod:MatchstickCase","downfall:HeartBlessingRed","Dream Catcher","Orichalcum","Eternal Feather"],"acts_visited":["Exordium"],"potions_floor_usage":[9,11,14,15,16,16],"damage_taken":[{"damage":5,"enemies":"Small Slimes","floor":2,"turns":4},{"damage":0,"enemies":"Jaw Worm","floor":3,"turns":4},{"damage":0,"enemies":"Cultist","floor":5,"turns":3},{"damage":19,"enemies":"Lagavulin","floor":9,"turns":4},{"damage":27,"enemies":"3 Sentries","floor":11,"turns":7},{"damage":6,"enemies":"Exordium Thugs","floor":13,"turns":4},{"damage":0,"enemies":"Blue Slaver","floor":14,"turns":1},{"damage":9,"enemies":"Exordium Wildlife","floor":15,"turns":3},{"damage":7,"enemies":"downfall:Silent","floor":16,"turns":2}],"seed_played":"-5110395543315114175","potions_obtained":[{"floor":3,"key":"Swift Potion"},{"floor":5,"key":"SmokeBomb"},{"floor":5,"key":"Explosive Potion"},{"floor":9,"key":"Explosive Potion"},{"floor":11,"key":"SmokeBomb"},{"floor":11,"key":"Explosive Potion"},{"floor":13,"key":"GamblersBrew"},{"floor":15,"key":"LiquidBronze"}],"is_trial":false,"path_per_floor":["R","M","M","?","M","T","T","R","E","?","E","T","M","M","M","B"],"character_chosen":"THE_SPIRIT","items_purchased":[],"campfire_rested":0,"item_purchase_floors":[],"current_hp_per_floor":[70,65,65,65,65,65,65,65,46,46,19,19,13,13,4,0,0,0],"gold":182,"neow_bonus":"UPGRADE_CARD","is_daily":false,"chose_seed":false,"campfire_upgraded":1,"win_rate":0.0,"timestamp":1610735986,"path_taken":["R","M","M","?","M","?","T","R","E","?","E","?","M","M","M","BOSS"],"items_purchased_type":[],"build_version":"2020-12-22","purchased_purges":0,"victory":false,"max_hp_per_floor":[70,70,70,70,70,70,70,70,70,70,70,70,70,70,70,70,70,70],"card_choices":[{"not_picked":["hexamod:GhostShield","hexamod:Firestarter","hexamod:SpectralAdrenaline"],"picked":"SKIP","floor":2},{"not_picked":["hexamod:Rewind","hexamod:ThermalTransfer"],"picked":"hexamod:GhostLash","floor":3},{"not_picked":["hexamod:HauntingEcho","hexamod:GhostOfSpireFuture"],"picked":"hexamod:Incineration","floor":5},{"not_picked":["hexamod:Rewind","hexamod:ThermalTransfer","hexamod:RainOfEmbers"],"picked":"SKIP","floor":9},{"not_picked":["hexamod:HeatCrush","hexamod:EmpoweredFlame"],"picked":"hexamod:TimeWarp","floor":11},{"not_picked":["hexamod:ThirdSeal","hexamod:HauntingEcho"],"picked":"hexamod:FastForward","floor":13},{"not_picked":["hexamod:ThermalTransfer","hexamod:GhostShield"],"picked":"hexamod:SoulSteal","floor":15}],"player_experience":434839,"relics_obtained":[{"floor":6,"key":"Juzu Bracelet"},{"floor":7,"key":"hexamod:MatchstickCase"},{"floor":9,"key":"Dream Catcher"},{"floor":11,"key":"Orichalcum"},{"floor":12,"key":"Eternal Feather"}],"event_choices":[{"damage_healed":0,"gold_gain":0,"cards_transformed":["hexamod:Strike"],"player_choice":"Transformed","damage_taken":0,"max_hp_gain":0,"max_hp_loss":0,"event_name":"Transmorgrifier","floor":10,"gold_loss":0,"cards_obtained":["hexamod:ExtraCrispy"]}],"is_beta":false,"boss_relics":[],"items_purged_floors":[],"is_endless":false,"potions_floor_spawned":[3,5,11,14],"killed_by":"downfall:Silent","ascension_level":1}}