{"host":"yn1175etg9ni8l0q","time":1610669697,"event":{"mods":["AchievementEnabler","BaseMod","Colored Map","Colored Powertips","DeckTracker","Minty Spire (QoL Compilation)","Rare Cards Sparkle","Relic Stats","SuperFastMode","everything is the same but u backflip on backflip"],"gold_per_floor":[110,130,143,143,19,19,30,30,30,30,50,50,66,86,86,191,191,206,206,225,125,144,144,144,144,144,144,19,39,54,64,64,160,160,173,183,33,45,94,121,121,121,121,135,135,135,152,7,7,7,7,7,7,40,40],"floor_reached":56,"language":"KOR","playtime":1882,"items_purged":["Defend_G","Strike_G","Defend_G","Strike_G"],"score":1196,"play_id":"1447d30f-0a0d-4b14-8973-1e7bcd45d5a9","local_time":"20210115091457","is_ascension_mode":false,"campfire_choices":[{"data":"Calculated Gamble","floor":6,"key":"SMITH"},{"data":"Prepared","floor":8,"key":"SMITH"},{"data":"Eviscerate","floor":10,"key":"SMITH"},{"data":"Acrobatics","floor":15,"key":"SMITH"},{"data":"Acrobatics","floor":23,"key":"SMITH"},{"data":"Footwork","floor":25,"key":"SMITH"},{"data":"Neutralize","floor":32,"key":"SMITH"},{"data":"Malaise","floor":42,"key":"SMITH"},{"data":"After Image","floor":46,"key":"SMITH"},{"floor":49,"key":"RECALL"},{"data":"Defend_G","floor":52,"key":"SMITH"}],"circlet_count":0,"master_deck":["Defend_G+1","Defend_G+1","Survivor+1","Neutralize+1","Eviscerate+1","Calculated Gamble+1","Dagger Throw","Acrobatics+1","Terror+1","Slice","Acrobatics+1","Eviscerate+1","Infinite Blades","Footwork+1","After Image+1","Malaise+1","Backflip+1"],"relics":["Ring of the Snake","Omamori","SlaversCollar","Calling Bell","PreservedInsect","Sundial","Mango","Prayer Wheel","Singing Bowl","War Paint","Centennial Puzzle","Pen Nib"],"acts_visited":["Exordium","TheCity","TheBeyond","TheEnding"],"potions_floor_usage":[16,36,39,50,55,55,55],"damage_taken":[{"damage":9,"enemies":"Jaw Worm","floor":1,"turns":4},{"damage":0,"enemies":"Cultist","floor":2,"turns":3},{"damage":0,"enemies":"2 Louse","floor":3,"turns":1},{"damage":10,"enemies":"Exordium Thugs","floor":7,"turns":4},{"damage":0,"enemies":"2 Fungi Beasts","floor":11,"turns":2},{"damage":0,"enemies":"Exordium Wildlife","floor":13,"turns":3},{"damage":7,"enemies":"Gremlin Gang","floor":14,"turns":3},{"damage":32,"enemies":"Slime Boss","floor":16,"turns":11},{"damage":3,"enemies":"Shell Parasite","floor":18,"turns":4},{"damage":2,"enemies":"Spheric Guardian","floor":20,"turns":3},{"damage":6,"enemies":"Centurion and Healer","floor":22,"turns":2},{"damage":0,"enemies":"Snake Plant","floor":29,"turns":2},{"damage":6,"enemies":"Sentry and Sphere","floor":30,"turns":3},{"damage":0,"enemies":"Snecko","floor":31,"turns":1},{"damage":12,"enemies":"Champ","floor":33,"turns":5},{"damage":0,"enemies":"Orb Walker","floor":35,"turns":1},{"damage":0,"enemies":"3 Shapes","floor":36,"turns":3},{"damage":14,"enemies":"Jaw Worm Horde","floor":38,"turns":3},{"damage":0,"enemies":"2 Orb Walkers","floor":39,"turns":3},{"damage":9,"enemies":"Nemesis","floor":40,"turns":5},{"damage":3,"enemies":"3 Darklings","floor":44,"turns":3},{"damage":0,"enemies":"Spire Growth","floor":47,"turns":3},{"damage":3,"enemies":"Time Eater","floor":50,"turns":11},{"damage":0,"enemies":"Shield and Spear","floor":54,"turns":5},{"damage":33,"enemies":"The Heart","floor":55,"turns":6}],"seed_played":"-7671713710308645610","potions_obtained":[{"floor":1,"key":"AttackPotion"},{"floor":3,"key":"Energy Potion"},{"floor":11,"key":"AttackPotion"},{"floor":14,"key":"Weak Potion"},{"floor":29,"key":"Block Potion"},{"floor":36,"key":"LiquidMemories"},{"floor":44,"key":"PowerPotion"},{"floor":54,"key":"LiquidBronze"}],"is_trial":false,"path_per_floor":["M","M","M","?","$","R","M","R","T","R","M","$","M","M","R","B",null,"M","?","M","$","M","R","?","R","T","?","$","M","M","M","R","B",null,"M","M","$","M","?","E","?","R","T","M","$","R","M","$","R","B",null,"R","$","E","B",null],"character_chosen":"THE_SILENT","items_purchased":["Dagger Throw","Centennial Puzzle"],"campfire_rested":0,"item_purchase_floors":[5,48],"current_hp_per_floor":[61,61,61,61,61,61,51,51,51,51,51,51,51,44,44,12,70,67,67,65,65,59,59,59,59,59,59,59,59,53,53,53,41,84,84,84,84,70,70,63,63,63,63,64,64,64,68,68,68,65,94,94,94,96,63],"gold":40,"neow_bonus":"THREE_CARDS","is_daily":false,"chose_seed":false,"campfire_upgraded":10,"win_rate":0.0,"timestamp":1610669697,"path_taken":["M","M","M","?","?","R","M","R","T","R","M","?","M","M","R","BOSS","M","?","M","?","M","R","?","R","T","?","$","M","?","M","R","BOSS","M","M","$","M","?","E","?","R","T","M","?","R","M","$","R","BOSS","R","$","E","BOSS"],"items_purchased_type":["Card","Relic"],"build_version":"2020-12-22","purchased_purges":4,"victory":true,"max_hp_per_floor":[70,70,70,70,70,70,70,70,70,70,70,70,70,70,70,70,70,70,70,70,70,70,70,70,70,70,70,70,70,70,70,70,70,84,84,84,84,84,84,86,86,86,86,90,90,90,94,94,94,94,94,94,94,96,96],"relic_stats":{"Centennial Puzzle":[6],"Singing Bowl":12,"counters":[25,94],"Sundial":[36],"Prayer Wheel":2,"PreservedInsect":126,"Pen Nib":[3],"War Paint":["Survivor","Defend_G"],"obtain_stats":[{"Calling Bell":34,"SlaversCollar":17,"Centennial Puzzle":48,"Singing Bowl":40,"Sundial":34,"Mango":34,"Prayer Wheel":39,"PreservedInsect":34,"Pen Nib":54,"Omamori":9,"War Paint":43,"Ring of the Snake":0},{"Calling Bell":15,"SlaversCollar":8,"Centennial Puzzle":22,"Singing Bowl":20,"Sundial":15,"Mango":15,"Prayer Wheel":19,"PreservedInsect":15,"Pen Nib":24,"Omamori":4,"War Paint":20,"Ring of the Snake":0},{"Calling Bell":51,"SlaversCollar":31,"Centennial Puzzle":72,"Singing Bowl":66,"Sundial":51,"Mango":51,"Prayer Wheel":61,"PreservedInsect":51,"Pen Nib":88,"Omamori":12,"War Paint":66,"Ring of the Snake":0}],"Ring of the Snake":[50]},"card_choices":[{"not_picked":["Dodge and Roll","Outmaneuver"],"picked":"Eviscerate","floor":0},{"not_picked":["Predator","Backstab"],"picked":"Calculated Gamble","floor":1},{"not_picked":["Dodge and Roll","Poisoned Stab","Deadly Poison"],"picked":"SKIP","floor":2},{"not_picked":["Well Laid Plans","PiercingWail"],"picked":"Prepared","floor":3},{"not_picked":["Flying Knee","Poisoned Stab","Cloak And Dagger"],"picked":"SKIP","floor":7},{"not_picked":["Caltrops","Bane"],"picked":"Acrobatics","floor":11},{"not_picked":["Leg Sweep","Concentrate","Blade Dance"],"picked":"SKIP","floor":13},{"not_picked":["Noxious Fumes","Dagger Spray","Choke"],"picked":"SKIP","floor":14},{"not_picked":["Outmaneuver","Bane+1"],"picked":"Terror+1","floor":18},{"not_picked":["Choke","Flying Knee+1"],"picked":"Acrobatics","floor":20},{"not_picked":["PiercingWail+1","Underhanded Strike"],"picked":"Eviscerate+1","floor":22},{"not_picked":["Bane","Choke","Backstab"],"picked":"SKIP","floor":29},{"not_picked":["Corpse Explosion","All Out Attack","Prepared+1"],"picked":"SKIP","floor":30},{"not_picked":["Endless Agony","Blur+1","Flying Knee"],"picked":"SKIP","floor":31},{"not_picked":["Tools of the Trade","Corpse Explosion"],"picked":"After Image","floor":33},{"not_picked":["Choke","Prepared","Dodge and Roll"],"picked":"SKIP","floor":35},{"not_picked":["Flying Knee+1","Accuracy+1","Malaise"],"picked":"SKIP","floor":36},{"not_picked":["Flying Knee+1","Accuracy+1"],"picked":"Malaise","floor":36},{"not_picked":["Expertise+1","Slice"],"picked":"Backflip+1","floor":38},{"not_picked":["Backflip+1","Heel Hook","Bane+1"],"picked":"Singing Bowl","floor":40},{"not_picked":["Blade Dance+1","Quick Slash+1","Well Laid Plans"],"picked":"Singing Bowl","floor":44},{"not_picked":["Terror","Dagger Spray+1","Deadly Poison+1"],"picked":"Singing Bowl","floor":44},{"not_picked":["Underhanded Strike+1","Well Laid Plans+1","Deflect+1"],"picked":"Singing Bowl","floor":47},{"not_picked":["Dash","Bouncing Flask+1","Expertise+1"],"picked":"Singing Bowl","floor":47},{"not_picked":["Flechettes","Infinite Blades+1","Blur"],"picked":"Singing Bowl","floor":54}],"player_experience":332806,"relics_obtained":[{"floor":9,"key":"Omamori"},{"floor":34,"key":"PreservedInsect"},{"floor":34,"key":"Sundial"},{"floor":34,"key":"Mango"},{"floor":39,"key":"Prayer Wheel"},{"floor":40,"key":"Singing Bowl"},{"floor":43,"key":"War Paint"},{"floor":54,"key":"Pen Nib"}],"event_choices":[{"cards_removed":["Strike_G"],"damage_healed":0,"gold_gain":0,"player_choice":"Card Removal","damage_taken":0,"max_hp_gain":0,"max_hp_loss":0,"event_name":"Wheel of Change","floor":4,"gold_loss":0},{"damage_healed":0,"gold_gain":0,"cards_transformed":["Strike_G"],"player_choice":"Transformed","damage_taken":0,"max_hp_gain":0,"max_hp_loss":0,"event_name":"Transmorgrifier","floor":19,"gold_loss":0,"cards_obtained":["Slice"]},{"damage_healed":0,"gold_gain":0,"cards_transformed":["Defend_G","Strike_G"],"player_choice":"Became Test Subject","damage_taken":0,"max_hp_gain":0,"max_hp_loss":0,"event_name":"Drug Dealer","floor":24,"gold_loss":0,"cards_obtained":["Infinite Blades","Footwork"]},{"damage_healed":0,"gold_gain":0,"player_choice":"Ignored","damage_taken":0,"max_hp_gain":0,"max_hp_loss":0,"event_name":"N\u0027loth","floor":27,"gold_loss":0},{"damage_healed":0,"gold_gain":0,"player_choice":"Fight","damage_taken":0,"max_hp_gain":0,"max_hp_loss":0,"event_name":"Mysterious Sphere","floor":39,"gold_loss":0},{"cards_removed":["Prepared"],"damage_healed":0,"gold_gain":0,"player_choice":"Removed Skill","damage_taken":0,"max_hp_gain":0,"max_hp_loss":0,"event_name":"Falling","floor":41,"gold_loss":0}],"is_beta":false,"boss_relics":[{"not_picked":["Coffee Dripper","WristBlade"],"picked":"SlaversCollar"},{"not_picked":["Black Star","SacredBark"],"picked":"Calling Bell"}],"items_purged_floors":[5,21,28,37],"is_endless":false,"potions_floor_spawned":[1,3,11,13,14,29,31,35,36,44,54],"ascension_level":0}}