{"host":"h2gxemxa99wv6yfu","time":1610673859,"event":{"mods":["BaseMod","Block Reminder","Colored Powertips","Highlight Path","Minty Spire (QoL Compilation)","Permanent Neow","Quick Restart","Relic Stats"],"gold_per_floor":[213,213,231,248,93,122,122,145,227,252,266,283,331,331,331,434,434,446,626,644,661,672,672,689,479,533,533,332,342,352,352,352,352,352],"floor_reached":33,"language":"ENG","playtime":1474,"items_purged":["Strike_B","Strike_B","Strike_B"],"score":259,"play_id":"58a48825-0719-40f8-817b-231bfc8af434","local_time":"20210114192419","is_ascension_mode":false,"campfire_choices":[{"data":"Consume","floor":7.0,"key":"SMITH"},{"floor":15.0,"key":"REST"},{"floor":23,"key":"REST"},{"data":"Dualcast","floor":27,"key":"SMITH"},{"floor":32,"key":"REST"}],"circlet_count":0,"master_deck":["Strike_B","Defend_B","Defend_B","Defend_B","Defend_B","Zap+1","Dualcast+1","Chill","Consume+1","Storm","Heatsinks+1","Go for the Eyes","Cold Snap+1","Amplify","Storm","Tempest","Lockon"],"relics":["Cracked Core","Anchor","Centennial Puzzle","Mercury Hourglass","Calipers","Nunchaku","Nuclear Battery","Juzu Bracelet"],"acts_visited":["Exordium","TheCity"],"potions_floor_usage":[18],"damage_taken":[{"damage":1.0,"enemies":"Cultist","floor":1.0,"turns":3.0},{"damage":1.0,"enemies":"Jaw Worm","floor":3.0,"turns":4.0},{"damage":0.0,"enemies":"Small Slimes","floor":4.0,"turns":3.0},{"damage":9.0,"enemies":"3 Sentries","floor":6.0,"turns":7.0},{"damage":25.0,"enemies":"Gremlin Nob","floor":10.0,"turns":4.0},{"damage":0.0,"enemies":"Looter","floor":11.0,"turns":2.0},{"damage":0.0,"enemies":"Red Slaver","floor":12.0,"turns":4.0},{"damage":16.0,"enemies":"Slime Boss","floor":16.0,"turns":11.0},{"damage":16,"enemies":"Shell Parasite","floor":18,"turns":7},{"damage":0,"enemies":"3 Byrds","floor":20,"turns":5},{"damage":9,"enemies":"Centurion and Healer","floor":21,"turns":4},{"damage":6,"enemies":"Shelled Parasite and Fungi","floor":22,"turns":6},{"damage":11,"enemies":"Snake Plant","floor":24,"turns":3},{"damage":6,"enemies":"3 Cultists","floor":29,"turns":3},{"damage":0,"enemies":"Cultist and Chosen","floor":30,"turns":4},{"damage":52,"enemies":"Automaton","floor":33,"turns":12}],"seed_played":"2898298761267939618","potions_obtained":[{"floor":3.0,"key":"LiquidMemories"},{"floor":4.0,"key":"AttackPotion"},{"floor":11.0,"key":"GamblersBrew"},{"floor":18,"key":"FocusPotion"},{"floor":20,"key":"LiquidBronze"},{"floor":24,"key":"SkillPotion"}],"is_trial":false,"path_per_floor":["M","?","M","M","$","E","R","T","T","E","M","M","T","?","R","B",null,"M","?","M","M","M","R","M","$","T","R","$","M","M","?","R","B"],"character_chosen":"DEFECT","items_purchased":["Storm","Storm","Tempest","Lockon"],"campfire_rested":3,"item_purchase_floors":[5,25,25,28],"current_hp_per_floor":[74,74,73,73,73,64,64,64,64,39,39,39,39,24,46,30,75,59,40,40,31,25,47,36,36,36,36,36,30,30,16,40,0,0],"gold":352,"neow_bonus":"HUNDRED_GOLD","is_daily":false,"chose_seed":false,"campfire_upgraded":2,"win_rate":0.0,"timestamp":1610673859,"path_taken":["M","?","?","M","$","E","R","?","T","E","M","M","?","?","R","BOSS","M","?","?","M","M","R","M","$","T","R","$","M","M","?","R","BOSS"],"items_purchased_type":["Card","Card","Card","Card"],"build_version":"2020-12-22","purchased_purges":3,"victory":false,"max_hp_per_floor":[75,75,75,75,75,75,75,75,75,75,75,75,75,75,75,75,75,75,75,75,75,75,75,75,75,75,75,75,75,75,80,80,80,80],"relic_stats":{"Centennial Puzzle":[24],"Nunchaku":[7],"counters":[16,81],"Juzu Bracelet":0,"obtain_stats":[{"Anchor":6,"Centennial Puzzle":8,"Nunchaku":13,"Calipers":10,"Juzu Bracelet":26,"Cracked Core":0,"Mercury Hourglass":9,"Nuclear Battery":17},{"Anchor":4,"Centennial Puzzle":4,"Nunchaku":7,"Calipers":5,"Juzu Bracelet":13,"Cracked Core":0,"Mercury Hourglass":4,"Nuclear Battery":8},{"Anchor":17,"Centennial Puzzle":17,"Nunchaku":27,"Calipers":21,"Juzu Bracelet":62,"Cracked Core":0,"Mercury Hourglass":17,"Nuclear Battery":38}],"Mercury Hourglass":[255]},"card_choices":[{"not_picked":["Streamline","Leap"],"picked":"Chill","floor":1.0},{"not_picked":["Melter","Conserve Battery","Gash"],"picked":"SKIP","floor":3.0},{"not_picked":["Coolheaded","Loop"],"picked":"Consume","floor":4.0},{"not_picked":["Steam Power","Leap"],"picked":"Heatsinks","floor":6.0},{"not_picked":["Doom and Gloom","BootSequence"],"picked":"Go for the Eyes","floor":10.0},{"not_picked":["Compile Driver","Redo"],"picked":"Cold Snap","floor":11.0},{"not_picked":["Beam Cell","BootSequence","Compile Driver"],"picked":"SKIP","floor":12.0},{"not_picked":["Seek","Fission"],"picked":"Amplify","floor":16.0},{"not_picked":["Force Field","Hello World","Beam Cell"],"picked":"SKIP","floor":18},{"not_picked":["Beam Cell","Streamline+1","Reinforced Body"],"picked":"SKIP","floor":20},{"not_picked":["Compile Driver","Cold Snap","Sweeping Beam+1"],"picked":"SKIP","floor":21},{"not_picked":["Barrage","Go for the Eyes","Stack+1"],"picked":"SKIP","floor":22},{"not_picked":["Streamline","Hologram","Chaos"],"picked":"SKIP","floor":24},{"not_picked":["Compile Driver","Hologram","Hello World"],"picked":"SKIP","floor":29},{"not_picked":["Rip and Tear","Ball Lightning","Sweeping Beam"],"picked":"SKIP","floor":30}],"player_experience":7738,"relics_obtained":[{"floor":6.0,"key":"Anchor"},{"floor":8.0,"key":"Centennial Puzzle"},{"floor":9.0,"key":"Mercury Hourglass"},{"floor":10.0,"key":"Calipers"},{"floor":13.0,"key":"Nunchaku"},{"floor":26,"key":"Juzu Bracelet"}],"event_choices":[{"damage_healed":0.0,"max_hp_gain":0.0,"max_hp_loss":0.0,"gold_gain":0.0,"event_name":"Accursed Blacksmith","player_choice":"Forge","floor":2.0,"gold_loss":0.0,"damage_taken":0.0,"cards_upgraded":["Zap"]},{"damage_healed":0.0,"max_hp_gain":0.0,"max_hp_loss":0.0,"gold_gain":0.0,"event_name":"Shining Light","player_choice":"Entered Light","floor":14.0,"gold_loss":0.0,"damage_taken":15.0,"cards_upgraded":["Cold Snap","Heatsinks"]},{"damage_healed":0,"gold_gain":180,"player_choice":"GOLD GOLD ","damage_taken":19,"max_hp_gain":0,"max_hp_loss":0,"event_name":"Knowing Skull","floor":19,"potions_obtained":[],"gold_loss":0,"cards_obtained":[]},{"damage_healed":0,"gold_gain":0,"player_choice":"Shed Blood","damage_taken":19,"max_hp_gain":5,"max_hp_loss":0,"event_name":"Forgotten Altar","floor":31,"gold_loss":0}],"is_beta":false,"boss_relics":[{"not_picked":["Runic Dome","Snecko Eye"],"picked":"Nuclear Battery"}],"items_purged_floors":[5,25,28],"is_endless":false,"potions_floor_spawned":[3,4,11,18,20,24,29],"killed_by":"Automaton","ascension_level":0}}