{"host":"0fmi5fguj5lvt8pf","time":1610679468,"event":{"mods":["BaseMod","Colored Map","Curses Come First","Downfall","Minty Spire (QoL Compilation)","Permanent Neow","StSLib","Waifu the Spire"],"gold_per_floor":[0,16,16,28,28,28,28,13,53,63,105,105,105,124,137,242,242,242,260,278,278,263,263,263,38,52,37,54,72,72,88,99,196,196,196,212,229,229,120,120,167,179,189,36,56,56,69,69,87,87,87,87,87,87],"floor_reached":52,"language":"ENG","playtime":3597,"items_purged":["hexamod:Strike","hexamod:Defend"],"score":693,"play_id":"fab6685f-1d22-4a85-8b78-74953367928c","local_time":"20210114185748","is_ascension_mode":false,"campfire_choices":[{"data":"hexamod:Sear","floor":1.0,"key":"SMITH"},{"floor":6.0,"key":"RECALL"},{"data":"hexamod:FastForward","floor":12.0,"key":"SMITH"},{"data":"hexamod:Again","floor":18.0,"key":"SMITH"},{"data":"hexamod:RainOfEmbers","floor":25.0,"key":"SMITH"},{"data":"hexamod:GiftsFromTheDead","floor":35.0,"key":"SMITH"},{"floor":40.0,"key":"REST"},{"floor":46.0,"key":"REST"}],"circlet_count":0,"master_deck":["hexamod:Strike","hexamod:Defend","hexamod:Defend+1","hexamod:Sear+1","hexamod:Float","hexamod:HauntingEcho+1","hexamod:FastForward+1","hexamod:ExtraCrispy","hexamod:RainOfEmbers+1","hexamod:HauntingEcho","hexamod:EmpoweredFlame","hexamod:Again+1","hexamod:SwordOfDarkness+1","hexamod:WildfireWeapon","hexamod:RainOfEmbers","hexamod:GiftsFromTheDead+1","CurseOfTheBell","hexamod:Hexaguard+1","hexamod:TimeOfNeed+1","hexamod:EmpoweredFlame+1","hexamod:Hexaguard","hexamod:HexaLevel","hexamod:PhantomCloak","hexamod:RainOfEmbers+1"],"relics":["hexamod:SpiritBrand","Pear","Bag of Preparation","hexamod:TheBrokenSeal","Kunai","Empty Cage","Matryoshka","downfall:HeartBlessingRed","downfall:HeartBlessingGreen","downfall:HeartBlessingBlue","Calling Bell","hexamod:CandleOfCauterizing","Centennial Puzzle","Thread and Needle","War Paint","hexamod:JarOfFuel","hexamod:BolsterEngine","Regal Pillow"],"acts_visited":["Exordium","TheCity","TheBeyond","TheEnding"],"potions_floor_usage":[],"damage_taken":[{"damage":11.0,"enemies":"Jaw Worm","floor":2.0,"turns":6.0},{"damage":3.0,"enemies":"Small Slimes","floor":4.0,"turns":4.0},{"damage":0.0,"enemies":"downfall:FleeingMerchant","floor":8.0,"turns":4.0},{"damage":41.0,"enemies":"Gremlin Nob","floor":9.0,"turns":6.0},{"damage":0.0,"enemies":"2 Louse","floor":10.0,"turns":4.0},{"damage":30.0,"enemies":"Lagavulin","floor":11.0,"turns":7.0},{"damage":0.0,"enemies":"Large Slime","floor":14.0,"turns":3.0},{"damage":17.0,"enemies":"Exordium Thugs","floor":15.0,"turns":3.0},{"damage":14.0,"enemies":"downfall:Watcher","floor":16.0,"turns":6.0},{"damage":4.0,"enemies":"Chosen","floor":19.0,"turns":3.0},{"damage":8.0,"enemies":"Spheric Guardian","floor":20.0,"turns":4.0},{"damage":1.0,"enemies":"downfall:FleeingMerchant","floor":22.0,"turns":4.0},{"damage":19.0,"enemies":"Chosen and Byrds","floor":26.0,"turns":5.0},{"damage":14.0,"enemies":"downfall:FleeingMerchant","floor":27.0,"turns":4.0},{"damage":4.0,"enemies":"Centurion and Healer","floor":28.0,"turns":5.0},{"damage":5.0,"enemies":"Snecko","floor":29.0,"turns":3.0},{"damage":10.0,"enemies":"3 Cultists","floor":31.0,"turns":5.0},{"damage":7.0,"enemies":"Snake Plant","floor":32.0,"turns":3.0},{"damage":15.0,"enemies":"downfall:Defect","floor":33.0,"turns":6.0},{"damage":27.0,"enemies":"3 Darklings","floor":36.0,"turns":6.0},{"damage":3.0,"enemies":"Orb Walker","floor":37.0,"turns":3.0},{"damage":13.0,"enemies":"downfall:FleeingMerchant","floor":39.0,"turns":4.0},{"damage":16.0,"enemies":"Spire Growth","floor":42.0,"turns":4.0},{"damage":25.0,"enemies":"Maw","floor":43.0,"turns":7.0},{"damage":10.0,"enemies":"Writhing Mass","floor":45.0,"turns":6.0},{"damage":47.0,"enemies":"3 Darklings","floor":47.0,"turns":5.0},{"damage":27.0,"enemies":"Jaw Worm Horde","floor":49.0,"turns":6.0},{"damage":16.0,"enemies":"downfall:Ironclad","floor":50.0,"turns":9.0},{"damage":130,"enemies":"downfall:CharBossMerchant","floor":52,"turns":8}],"seed_played":"920734506224101284","potions_obtained":[{"floor":2.0,"key":"DuplicationPotion"},{"floor":9.0,"key":"FairyPotion"},{"floor":9.0,"key":"BlessingOfTheForge"},{"floor":10.0,"key":"Swift Potion"},{"floor":15.0,"key":"SpeedPotion"},{"floor":20.0,"key":"hexamod:EctoCoolerPotion"},{"floor":28.0,"key":"Energy Potion"},{"floor":36.0,"key":"Swift Potion"},{"floor":43.0,"key":"EssenceOfSteel"},{"floor":45.0,"key":"Regen Potion"}],"is_trial":false,"path_per_floor":["R","M","?","M","?","R","T","$","E","M","E","R","?","M","M","B",null,"R","M","M","?","$","T","T","R","M","$","M","M","?","M","M","B",null,"R","M","M","?","$","R","T","M","M","$","M","R","M","?","M","B",null,"E"],"character_chosen":"THE_SPIRIT","items_purchased":["hexamod:TimeOfNeed","War Paint","hexamod:JarOfFuel","hexamod:Hexaguard"],"campfire_rested":2,"item_purchase_floors":[39,39,39,44],"current_hp_per_floor":[70,59,52,56,56,56,66,66,32,32,66,66,66,73,56,42,90,90,86,78,90,89,89,89,99,80,66,62,57,90,80,73,58,100,100,73,70,70,57,87,87,71,46,46,36,81,34,34,21,5,100,30,30,30],"gold":87,"neow_bonus":"THREE_RARE_CARDS","is_daily":false,"chose_seed":false,"campfire_upgraded":5,"win_rate":0.0,"timestamp":1610679468,"path_taken":["R","M","?","M","?","R","T","?","E","M","E","R","?","M","M","BOSS","R","M","M","?","$","?","T","R","M","?","?","?","?","M","M","BOSS","R","M","M","?","$","R","T","M","M","$","M","R","M","?","M","BOSS","E"],"items_purchased_type":["Card","Relic","Relic","Card"],"build_version":"2020-12-22","purchased_purges":2,"victory":false,"max_hp_per_floor":[70,70,70,70,70,70,80,80,80,80,90,90,90,90,90,90,90,90,90,90,90,90,90,90,100,100,100,100,100,100,100,100,100,100,100,100,100,100,100,100,100,100,100,100,100,100,100,100,100,100,100,100,100,100],"card_choices":[{"not_picked":["hexamod:VolcanoVisage","hexamod:EmpoweringStance"],"picked":"hexamod:FifthSeal","floor":0.0},{"not_picked":["hexamod:FourthSeal","hexamod:BacktrackSmack"],"picked":"hexamod:SecondSeal","floor":2.0},{"not_picked":["hexamod:FourthSeal","hexamod:SecondSeal"],"picked":"hexamod:ThirdSeal","floor":4.0},{"not_picked":["hexamod:SecondSeal","hexamod:FourthSeal"],"picked":"hexamod:SixthSeal","floor":4.0},{"not_picked":["hexamod:RainOfEmbers","hexamod:GhostLash"],"picked":"hexamod:HauntingEcho","floor":4.0},{"not_picked":["hexamod:ThirdSeal","hexamod:SecondSeal"],"picked":"hexamod:FourthSeal","floor":8.0},{"not_picked":["hexamod:SuperheatedStrike","hexamod:ThirdSeal"],"picked":"hexamod:FastForward","floor":8.0},{"not_picked":["hexamod:CatchUp","hexamod:NightmareStrike"],"picked":"hexamod:ExtraCrispy","floor":8.0},{"not_picked":["hexamod:NecessarySacrifice","hexamod:AdvancingGuard"],"picked":"hexamod:RainOfEmbers","floor":9.0},{"not_picked":["hexamod:ShieldOfDarkness","hexamod:Firestarter"],"picked":"hexamod:HauntingEcho","floor":9.0},{"not_picked":["hexamod:GhostShield","hexamod:ShieldOfDarkness","hexamod:BacktrackSmack"],"picked":"SKIP","floor":10.0},{"not_picked":["hexamod:SpectralSpark","hexamod:GhostOfSpireFuture","hexamod:TurnItUp"],"picked":"SKIP","floor":10.0},{"not_picked":["hexamod:ShieldOfDarkness","hexamod:GhostLash"],"picked":"hexamod:EmpoweredFlame","floor":11.0},{"not_picked":["hexamod:SecondSeal","hexamod:FourthSeal"],"picked":"hexamod:FirstSeal","floor":11.0},{"not_picked":["hexamod:HauntingEcho","hexamod:NightmareGuise"],"picked":"hexamod:Again","floor":14.0},{"not_picked":["hexamod:PowerFromBeyond","hexamod:SuperheatedStrike","hexamod:NightmareGuise"],"picked":"SKIP","floor":15.0},{"not_picked":["hexamod:ShieldOfDarkness+1","hexamod:FirstSeal","hexamod:GhostLash"],"picked":"SKIP","floor":19.0},{"not_picked":["hexamod:Haunt+1","hexamod:DynamicBlow","hexamod:BurningTouch+1"],"picked":"SKIP","floor":20.0},{"not_picked":["hexamod:HauntingEcho","hexamod:FourthSeal"],"picked":"hexamod:SwordOfDarkness+1","floor":22.0},{"not_picked":["hexamod:GhostShield","hexamod:NightmareGuise"],"picked":"hexamod:WildfireWeapon","floor":26.0},{"not_picked":["hexamod:SwordOfDarkness","hexamod:CatchUp","hexamod:GhostLash"],"picked":"SKIP","floor":27.0},{"not_picked":["hexamod:SwordOfDarkness","hexamod:ShieldOfDarkness","hexamod:NightmareStrike"],"picked":"SKIP","floor":28.0},{"not_picked":["hexamod:RecurringNightmare+1","hexamod:FastForward"],"picked":"hexamod:RainOfEmbers","floor":29.0},{"not_picked":["hexamod:InspiringFlames","hexamod:GhostLash+1","hexamod:NightmareGuise"],"picked":"SKIP","floor":31.0},{"not_picked":["hexamod:RadiantFlame+1","hexamod:RainOfEmbers","hexamod:ApocalypseNow"],"picked":"SKIP","floor":32.0},{"not_picked":["hexamod:ParanormalForm","hexamod:FifthSeal"],"picked":"hexamod:GiftsFromTheDead","floor":33.0},{"not_picked":["hexamod:InspiringFlames+1","hexamod:ChargedBarrage"],"picked":"hexamod:Hexaguard+1","floor":36.0},{"not_picked":["hexamod:SpectralSpark+1","hexamod:InspiringFlames+1","hexamod:HeatCrush"],"picked":"SKIP","floor":37.0},{"not_picked":["hexamod:BacktrackSmack+1","hexamod:HeatCrush+1","hexamod:SoulSteal"],"picked":"SKIP","floor":39.0},{"not_picked":["hexamod:GhostShield","hexamod:Firestarter+1","hexamod:FastForward+1"],"picked":"SKIP","floor":42.0},{"not_picked":["hexamod:GhostflameBarrier","hexamod:NightmareGuise"],"picked":"hexamod:EmpoweredFlame+1","floor":43.0},{"not_picked":["hexamod:PowerFromBeyond+1","hexamod:RadiantFlame+1"],"picked":"hexamod:HexaLevel","floor":45.0},{"not_picked":["hexamod:BurningTouch+1","hexamod:SwordOfDarkness+1"],"picked":"hexamod:PhantomCloak","floor":47.0},{"not_picked":["hexamod:SoulSteal","hexamod:BacktrackSmack"],"picked":"hexamod:RainOfEmbers+1","floor":49.0}],"player_experience":1345367,"relics_obtained":[{"floor":7.0,"key":"Pear"},{"floor":9.0,"key":"Bag of Preparation"},{"floor":11.0,"key":"Kunai"},{"floor":24.0,"key":"Matryoshka"},{"floor":34.0,"key":"hexamod:CandleOfCauterizing"},{"floor":34.0,"key":"Centennial Puzzle"},{"floor":34.0,"key":"Thread and Needle"},{"floor":41.0,"key":"hexamod:BolsterEngine"},{"floor":41.0,"key":"Regal Pillow"}],"event_choices":[{"cards_removed":["hexamod:Strike"],"damage_healed":0.0,"max_hp_gain":0.0,"max_hp_loss":0.0,"gold_gain":0.0,"event_name":"Living Wall","player_choice":"Forget","floor":5.0,"gold_loss":0.0,"damage_taken":0.0},{"cards_removed":["hexamod:FirstSeal"],"damage_healed":12.0,"max_hp_gain":0.0,"max_hp_loss":0.0,"gold_gain":0.0,"event_name":"Bonfire Elementals","player_choice":"Offered Uncommon","floor":21.0,"gold_loss":0.0,"damage_taken":0.0},{"damage_healed":33.0,"max_hp_gain":0.0,"max_hp_loss":0.0,"gold_gain":0.0,"event_name":"The Library","player_choice":"Heal","floor":30.0,"gold_loss":0.0,"damage_taken":0.0}],"is_beta":false,"boss_relics":[{"not_picked":["Tiny House","Black Star"],"picked":"Empty Cage"},{"not_picked":["Fusion Hammer","Pandora\u0027s Box"],"picked":"Calling Bell"}],"items_purged_floors":[39,44],"is_endless":false,"potions_floor_spawned":[2,9,10,15,20,28,29,32,33,36,43,45],"killed_by":"downfall:CharBossMerchant","ascension_level":0}}