{"host":"3pvh99l9qedhoxgj","time":1610689053,"event":{"mods":["Alarm Clock","BaseMod","Colored Map","Colored Powertips","Conspire","Highlight Path","Infinite Spire","Minty Spire (QoL Compilation)","Relic Stats","Replay The Spire","StSLib","The Bug Knight","[功能]功能增强和修复MOD","【遗物卡牌】REMEMod"],"gold_per_floor":[113,113,24,36,36,69,81,81,81,91,120,120,155,155,155,155,155],"floor_reached":16,"language":"ZHS","playtime":799,"items_purged":["Defend_P","Strike_P"],"score":118,"play_id":"fc75984c-3731-42d3-a275-9b8be12ad370","local_time":"20210115133733","is_ascension_mode":false,"campfire_choices":[{"floor":12,"key":"REST"},{"floor":15,"key":"REST"}],"circlet_count":0,"master_deck":["Strike_P","Strike_P","Defend_P","Defend_P","Eruption","Vigilance","Metamorphosis","PathToVictory","EmptyFist","Replay:DivineShield","REME_BattleFury","Consecrate","Replay:ManipulateFuture","FlyingSleeves","LikeWater","Meditate","Meditate","Vault"],"relics":["PureWater","REME_ComplimentaryCards","Sling","Ancient Tea Set","Darkstone Periapt","HollowMod:StagPassRelic","Orichalcum","Strawberry","FaceOfCleric"],"acts_visited":["Exordium"],"potions_floor_usage":[10,10,11,13,16,16],"damage_taken":[{"damage":0,"enemies":"2 Louse","floor":1,"turns":2},{"damage":5,"enemies":"Small Slimes","floor":4,"turns":3},{"damage":1,"enemies":"Replay:BlueRogue","floor":6,"turns":3},{"damage":11,"enemies":"Jaw Worm","floor":7,"turns":2},{"damage":7,"enemies":"Large Slime","floor":10,"turns":3},{"damage":19,"enemies":"Gremlin Nob","floor":11,"turns":4},{"damage":5,"enemies":"Replay:BlueRogue","floor":13,"turns":6},{"damage":4,"enemies":"Slime Boss","floor":16,"turns":7}],"seed_played":"2231162111236550875","potions_obtained":[{"floor":4,"key":"Strength Potion"},{"floor":4,"key":"Energy Potion"},{"floor":4,"key":"Elixir"},{"floor":10,"key":"Reflective Coating"},{"floor":11,"key":"Weak Potion"},{"floor":13,"key":"Toxic Potion"}],"is_trial":false,"path_per_floor":["M","?","$","M","?","E","M","?","T","M","E","R","E","?","R","B"],"character_chosen":"WATCHER","items_purchased":["REME_BattleFury","Consecrate","Sling"],"campfire_rested":2,"item_purchase_floors":[3,3,3],"current_hp_per_floor":[65,65,65,60,60,59,48,41,41,34,15,34,36,36,57,53,53],"gold":155,"neow_bonus":"TRANSFORM_TWO_CARDS","is_daily":false,"chose_seed":false,"campfire_upgraded":0,"win_rate":0.0,"timestamp":1610689053,"path_taken":["M","?","$","M","?","E","?","?","T","M","E","R","E","?","R","BOSS"],"items_purchased_type":["Card","Card","Relic"],"build_version":"2020-12-22","purchased_purges":2,"victory":false,"max_hp_per_floor":[65,65,65,65,65,65,65,65,65,65,65,65,72,72,72,72,72],"relic_stats":{"Darkstone Periapt":0,"FaceOfCleric":0,"counters":[8,30],"Orichalcum":[24],"obtain_stats":[{"Darkstone Periapt":8,"FaceOfCleric":14,"Strawberry":13,"PureWater":0,"Orichalcum":11,"Sling":3,"Ancient Tea Set":6,"HollowMod:StagPassRelic":9,"REME_ComplimentaryCards":0},{"Darkstone Periapt":4,"FaceOfCleric":7,"Strawberry":7,"PureWater":0,"Orichalcum":6,"Sling":1,"Ancient Tea Set":3,"HollowMod:StagPassRelic":4,"REME_ComplimentaryCards":0},{"Darkstone Periapt":10,"FaceOfCleric":23,"Strawberry":23,"PureWater":0,"Orichalcum":17,"Sling":2,"Ancient Tea Set":8,"HollowMod:StagPassRelic":10,"REME_ComplimentaryCards":0}]},"card_choices":[{"not_picked":["Protect","EmptyMind"],"picked":"Replay:DivineShield","floor":1},{"not_picked":["Consecrate","LikeWater"],"picked":"Replay:ManipulateFuture","floor":4},{"not_picked":["REME_MusicOfDeath","CrushJoints"],"picked":"FlyingSleeves","floor":6},{"not_picked":["CrushJoints","Replay:ManipulateFuture"],"picked":"LikeWater","floor":7},{"not_picked":["FollowUp","CrushJoints"],"picked":"Meditate","floor":10},{"not_picked":["Halt","SashWhip"],"picked":"Meditate","floor":11},{"not_picked":["EmptyBody","Wallop"],"picked":"Vault","floor":13}],"player_experience":97247,"relics_obtained":[{"floor":6,"key":"Ancient Tea Set"},{"floor":9,"key":"HollowMod:StagPassRelic"},{"floor":11,"key":"Orichalcum"},{"floor":13,"key":"Strawberry"}],"event_choices":[{"damage_healed":0,"gold_gain":0,"player_choice":"Disagree","damage_taken":0,"max_hp_gain":0,"max_hp_loss":0,"event_name":"conspire:LoneGhost","floor":2,"gold_loss":0},{"damage_healed":0,"gold_gain":0,"player_choice":"Leave","damage_taken":0,"max_hp_gain":0,"max_hp_loss":0,"event_name":"conspire:Investor","floor":5,"gold_loss":0},{"damage_healed":0,"gold_gain":0,"player_choice":"Success","damage_taken":7,"relics_obtained":["Darkstone Periapt"],"max_hp_gain":0,"max_hp_loss":0,"event_name":"Scrap Ooze","floor":8,"gold_loss":0},{"damage_healed":0,"gold_gain":0,"player_choice":"Trade","damage_taken":0,"relics_obtained":["FaceOfCleric"],"max_hp_gain":0,"max_hp_loss":0,"event_name":"FaceTrader","floor":14,"gold_loss":0}],"is_beta":false,"boss_relics":[],"items_purged_floors":[3,3],"is_endless":false,"potions_floor_spawned":[4,4,4,7,10,11,13],"killed_by":"Slime Boss","ascension_level":0}}