{"host":"cv77zuuuekizn3ic","time":1610703449,"event":{"mods":["AchievementEnabler","Act Like it!","BaseMod","Gensokyo","Marisa£®ÏF”Í°°ƒß¿Ì…≥£©","Minty Spire (QoL Compilation)","StSLib","Waifu the Spire","everything is the same but u backflip on backflip","slay the spire mod where everything is the same but ironclad has a cowboy hat"],"gold_per_floor":[113,113,113,30,0,0,25,25,25,37,47,47,79,50,50,50,50],"floor_reached":16,"language":"ZHS","playtime":427,"items_purged":[],"score":236,"play_id":"aafde7c5-916f-4d1f-880a-9c70c3c1b59e","local_time":"20210115173729","is_ascension_mode":true,"campfire_choices":[{"data":"Neutralize","floor":6.0,"key":"SMITH"},{"data":"Blade Dance","floor":8.0,"key":"SMITH"},{"data":"Calculated Gamble","floor":12.0,"key":"SMITH"},{"data":"Tactician","floor":15,"key":"SMITH"}],"circlet_count":0,"master_deck":["AscendersBane","Strike_G","Strike_G","Strike_G","Strike_G","Strike_G","Defend_G","Defend_G","Defend_G","Defend_G","Defend_G","Survivor","Neutralize+1","Gensokyo:CrescentMoonSlash","Reflex","Blade Dance+1","Acrobatics","Calculated Gamble+1","Tactician+1","Poisoned Stab"],"relics":["Ring of the Snake","NeowsBlessing","Gensokyo:OccultBall","Pear","Frozen Egg 2","Art of War"],"acts_visited":["Exordium"],"potions_floor_usage":[16],"damage_taken":[{"damage":0.0,"enemies":"Gensokyo:Python","floor":1.0,"turns":1.0},{"damage":0.0,"enemies":"Gensokyo:Aya","floor":7.0,"turns":1.0},{"damage":0.0,"enemies":"Gensokyo:Gryphon","floor":10.0,"turns":1.0},{"damage":1.0,"enemies":"Gensokyo:2_Kodama","floor":11.0,"turns":2.0},{"damage":2,"enemies":"Gensokyo:Mamizou","floor":13,"turns":5},{"damage":77,"enemies":"Gensokyo:Kokoro","floor":16,"turns":14}],"seed_played":"-1450792804050996942","potions_obtained":[{"floor":10.0,"key":"Energy Potion"},{"floor":11.0,"key":"EssenceOfSteel"}],"is_trial":false,"path_per_floor":["M","?","?","$","?","R","E","R","T","M","M","R","E","$","R","B"],"character_chosen":"THE_SILENT","items_purchased":["Reflex","Poisoned Stab"],"campfire_rested":0,"item_purchase_floors":[4,14],"current_hp_per_floor":[59,59,46,46,61,61,71,71,71,71,70,70,68,68,68,0,0],"gold":50,"neow_bonus":"THREE_ENEMY_KILL","is_daily":false,"chose_seed":false,"campfire_upgraded":4,"win_rate":0.0,"timestamp":1610703449,"path_taken":["M","?","?","?","?","R","E","R","T","?","M","R","E","?","R","BOSS"],"items_purchased_type":["Card","Card"],"build_version":"2020-12-22","purchased_purges":0,"victory":false,"max_hp_per_floor":[66,66,66,66,66,66,76,76,76,76,76,76,76,76,76,76,76],"card_choices":[{"not_picked":["Backflip","Deflect"],"picked":"Calculated Gamble","floor":1.0},{"not_picked":["Backflip","Finisher"],"picked":"Blade Dance","floor":7.0},{"not_picked":["Backflip","Deflect"],"picked":"Acrobatics","floor":10.0},{"not_picked":["Backflip","Slice"],"picked":"Calculated Gamble","floor":11.0},{"not_picked":["Deadly Poison","PiercingWail"],"picked":"Tactician","floor":13}],"player_experience":910559,"relics_obtained":[{"floor":7.0,"key":"Gensokyo:OccultBall"},{"floor":7.0,"key":"Pear"},{"floor":9.0,"key":"Frozen Egg 2"},{"floor":13,"key":"Art of War"}],"event_choices":[],"is_beta":false,"boss_relics":[],"items_purged_floors":[],"is_endless":false,"potions_floor_spawned":[10,11,13],"killed_by":"Gensokyo:Kokoro","ascension_level":19}}