{"host":"1zjc08c6hob33401","time":1610753046,"event":{"mods":["AchievementEnabler","Act Like it!","Aspiration","BaseMod","Downfall","Energized Spire","Evolution","GifTheSpireLib","Hubris","Infinite Spire","Jedi Mod","Minty Spire (QoL Compilation)","Pale of the Ancients","Quick Restart","Replay The Spire","Retaliation","Shop Mod","StSLib","Stuff the Spire","The Blue Laboratory","Wandering Minibosses","vexMod"],"gold_per_floor":[111,192,202,202,221,221,237,237,262,37,111,123,123,142,142,242,242,253,364,364,364,364,364,375,375,425,425,425,436,456,469,469,665,665,676,3,17,17,35,55,55,82,82,82,44,76,89,99,99,99,99,99],"floor_reached":50,"language":"RUS","playtime":3759,"items_purged":["Guardian:Defend_Guardian","Guardian:Strike_Guardian"],"score":566,"play_id":"17159dc6-7f70-4b34-b961-05c0328c7edd","local_time":"20210116012406","is_ascension_mode":true,"campfire_choices":[{"data":"Guardian:RefractedBeam+1","floor":6.0,"key":"SMITH"},{"data":"Guardian:RefractedBeam+2","floor":13.0,"key":"SMITH"},{"data":"Guardian:RefractedBeam+3","floor":15.0,"key":"SMITH"},{"data":"Guardian:ExploitGems","floor":23.0,"key":"SMITH"},{"data":"StuffTheSpire:Vigor","floor":25.0,"key":"SMITH"},{"data":"Guardian:DonusPower","floor":27.0,"key":"SMITH"},{"data":"Guardian:RefractedBeam+4","floor":32.0,"key":"SMITH"},{"data":"Guardian:HyperBeam_Guardian","floor":41.0,"key":"SMITH"},{"data":"Guardian:RevengeProtocol","floor":44.0,"key":"SMITH"},{"data":"Guardian:BronzeOrb","floor":49.0,"key":"SMITH"}],"circlet_count":0,"master_deck":["Guardian:Strike_Guardian","Guardian:Strike_Guardian","Guardian:Strike_Guardian","Guardian:Defend_Guardian","Guardian:Defend_Guardian","Guardian:Defend_Guardian","Guardian:CurlUp","Guardian:TwinSlam","Guardian:RefractedBeam+5","Guardian:TimeCapacitor","Guardian:DonusPower+1","Guardian:WalkerClaw","Guardian:EvasiveProtocol","Guardian:ExploitGems+1","Guardian:RevengeProtocol+1","StuffTheSpire:Vigor+1","Slimebound:CheckThePlaybook","Guardian:Planning","Guardian:BronzeOrb+1","Guardian:TimeBomb+1","Guardian:WalkerClaw+1","Guardian:HyperBeam_Guardian+1","Guardian:TemporalStrike+1","Guardian:Planning+1","Guardian:FloatingOrbs+1","Guardian:ArmoredProtocol","Guardian:EvasiveProtocol+1","Guardian:Orbwalk+1"],"relics":["Guardian:ModeShifter","EVO:Axolotl","hubris:Icosahedron","infinitespire:WardingShard","Coffee Dripper","Letter Opener","infinitespire:Lucky Rock","aspiration:FutureDiary","MerchantsRug","Ice Cream","jedi:fakemustache","Strawberry","hubris:TinFlute","Pocketwatch"],"acts_visited":["Exordium","TheCity","TheBeyond"],"potions_floor_usage":[50],"damage_taken":[{"damage":5.0,"enemies":"Small Slimes","floor":1.0,"turns":4.0},{"damage":0.0,"enemies":"Cultist","floor":3.0,"turns":3.0},{"damage":0.0,"enemies":"2 Louse","floor":5.0,"turns":2.0},{"damage":1.0,"enemies":"Looter","floor":7.0,"turns":2.0},{"damage":10.0,"enemies":"Large Slime","floor":12.0,"turns":4.0},{"damage":5.0,"enemies":"Blue Slaver","floor":14.0,"turns":2.0},{"damage":58.0,"enemies":"Hexaghost","floor":16.0,"turns":8.0},{"damage":10.0,"enemies":"3 Byrds","floor":18.0,"turns":5.0},{"damage":3.0,"enemies":"Chosen","floor":19.0,"turns":3.0},{"damage":0.0,"enemies":"Snake Plant","floor":24.0,"turns":3.0},{"damage":0.0,"enemies":"3 Cultists","floor":29.0,"turns":4.0},{"damage":0.0,"enemies":"Cultist and Chosen","floor":30.0,"turns":3.0},{"damage":4.0,"enemies":"Snake Plant","floor":31.0,"turns":2.0},{"damage":27.0,"enemies":"Automaton","floor":33.0,"turns":7.0},{"damage":9.0,"enemies":"3 Darklings","floor":35.0,"turns":4.0},{"damage":0.0,"enemies":"Orb Walker","floor":37.0,"turns":2.0},{"damage":6.0,"enemies":"Maw","floor":39.0,"turns":6.0},{"damage":0.0,"enemies":"Writhing Mass","floor":40.0,"turns":4.0},{"damage":13.0,"enemies":"Giant Head","floor":46.0,"turns":6.0},{"damage":9.0,"enemies":"Sphere and 2 Shapes","floor":47.0,"turns":3.0},{"damage":10.0,"enemies":"4 Shapes","floor":48.0,"turns":5.0},{"damage":74,"enemies":"infinitespire:MassOfShapes","floor":50,"turns":10}],"seed_played":"-7365426576505941640","potions_obtained":[{"floor":5.0,"key":"blueLaboratory:NullPotion"},{"floor":12.0,"key":"blueLaboratory:NullPotion"},{"floor":14.0,"key":"Fire Potion"},{"floor":18.0,"key":"Adrenaline Potion"},{"floor":19.0,"key":"Dexterity Potion"},{"floor":29.0,"key":"blueLaboratory:BottleOfRum"},{"floor":35.0,"key":"LiquidMemories"},{"floor":39.0,"key":"Weak Potion"},{"floor":48.0,"key":"blueLaboratory:PhilterOfMotion"}],"is_trial":false,"path_per_floor":["M","?","M","?","M","R","M","?","T","$","T","M","R","M","R","B",null,"M","M","AVR","?","?","R","M","R","T","R","?","M","M","M","R","B",null,"M","$","M","?","M","M","R","T","T","R","$","E","M","M","R","B"],"character_chosen":"GUARDIAN","items_purchased":["Guardian:ExploitGems","MerchantsRug","Ice Cream","jedi:fakemustache","Strawberry","Guardian:ArmoredProtocol"],"campfire_rested":0,"item_purchase_floors":[10,36,36,36,36,45],"current_hp_per_floor":[83,83,83,83,83,83,82,82,82,82,82,72,72,67,67,9,88,78,75,75,75,45,45,45,45,45,45,45,45,45,41,41,14,88,79,95,95,95,89,89,89,89,89,89,94,81,72,62,62,0,0,0],"gold":99,"neow_bonus":"TEN_PERCENT_HP_BONUS","is_daily":false,"chose_seed":false,"campfire_upgraded":10,"win_rate":0.0,"timestamp":1610753046,"path_taken":["M","?","?","?","M","R","M","?","T","$","?","M","R","M","R","BOSS","M","M","AVR","?","?","R","M","R","T","R","?","?","M","M","R","BOSS","M","$","?","?","M","M","R","?","T","R","?","E","M","M","R","BOSS"],"items_purchased_type":["Card","Relic","Relic","Relic","Relic","Card"],"build_version":"2020-12-22","purchased_purges":2,"victory":false,"max_hp_per_floor":[88,88,88,88,88,88,88,88,88,88,88,88,88,88,88,88,88,88,88,88,88,88,88,88,88,88,88,88,88,88,88,88,88,88,88,95,95,95,95,95,95,95,95,95,95,95,95,95,95,95,95,95],"card_choices":[{"not_picked":["Guardian:Recover","Guardian:Gem_Cyan"],"picked":"Guardian:RefractedBeam","floor":1.0},{"not_picked":["Guardian:PrimingBeam","Guardian:Suspension"],"picked":"Guardian:TimeCapacitor","floor":2.0},{"not_picked":["Guardian:WalkerClaw","Guardian:CrystalBeam"],"picked":"Guardian:Gem_Red","floor":2.0},{"not_picked":["Guardian:Gem_Red","Guardian:Emergency"],"picked":"Guardian:Gem_Blue","floor":2.0},{"not_picked":["Guardian:Gem_Lightblue","Guardian:Orbwalk"],"picked":"Guardian:DonusPower","floor":3.0},{"not_picked":["Guardian:PrimingBeam","Guardian:RollAttack"],"picked":"Guardian:WalkerClaw","floor":5.0},{"not_picked":["Guardian:Reroute","Guardian:PiercingHide"],"picked":"Guardian:EvasiveProtocol","floor":7.0},{"not_picked":["Guardian:TemporalStrike","Guardian:Gem_Green"],"picked":"Guardian:Gem_Red","floor":12.0},{"not_picked":["Guardian:DecasProtection","Guardian:Recover"],"picked":"Guardian:Gem_Red","floor":14.0},{"not_picked":["Guardian:BaubleBeam","Guardian:FastForward"],"picked":"Guardian:RevengeProtocol","floor":16.0},{"not_picked":["Guardian:PolyBeam","Guardian:TemporalShield"],"picked":"Guardian:Gem_Red","floor":18.0},{"not_picked":["Guardian:Reroute","Guardian:ShieldCharger"],"picked":"Guardian:Gem_Fragmented","floor":19.0},{"not_picked":["StuffTheSpire:Innocence","StuffTheSpire:CelestialWarden"],"picked":"StuffTheSpire:Vigor","floor":21.0},{"not_picked":["Guardian:TemporalStrike+1","Guardian:TemporalShield+1"],"picked":"Guardian:Planning","floor":24.0},{"not_picked":["Guardian:FastForward","Guardian:PolyBeam"],"picked":"Guardian:BronzeOrb","floor":29.0},{"not_picked":["Guardian:WalkerClaw","Guardian:RollAttack+1"],"picked":"Guardian:TimeBomb+1","floor":30.0},{"not_picked":["Guardian:Orbwalk","Guardian:ChargeCore"],"picked":"Guardian:WalkerClaw+1","floor":31.0},{"not_picked":["Guardian:TimeSifter","Guardian:FierceBash"],"picked":"Guardian:HyperBeam_Guardian","floor":33.0},{"not_picked":["Guardian:ShieldCharger","Guardian:Gem_Red"],"picked":"Guardian:TemporalStrike+1","floor":35.0},{"not_picked":["Guardian:CrystalBeam+1","Guardian:VentSteam"],"picked":"Guardian:Planning+1","floor":37.0},{"not_picked":["Guardian:ShieldCharger","Guardian:TemporalShield"],"picked":"Guardian:Gem_Green","floor":39.0},{"not_picked":["Guardian:Gem_Purple","Guardian:Suspension+1"],"picked":"Guardian:FloatingOrbs+1","floor":40.0},{"not_picked":["Guardian:Recover","Guardian:PrismaticBarrier"],"picked":"Guardian:EvasiveProtocol+1","floor":46.0},{"not_picked":["Guardian:PrimingBeam","Guardian:GuardianWhirl+1"],"picked":"Guardian:Gem_Orange","floor":47.0},{"not_picked":["Guardian:Gem_Yellow","Guardian:ShieldCharger"],"picked":"Guardian:Orbwalk+1","floor":48.0}],"player_experience":569244,"relics_obtained":[{"floor":9.0,"key":"Dream Catcher"},{"floor":11.0,"key":"infinitespire:WardingShard"},{"floor":26.0,"key":"infinitespire:Lucky Rock"},{"floor":43.0,"key":"hubris:TinFlute"},{"floor":46.0,"key":"Pocketwatch"}],"event_choices":[],"is_beta":false,"boss_relics":[{"not_picked":["Replay:Grab Bag","Velvet Choker"],"picked":"Coffee Dripper"},{"not_picked":["hubris:HollowSoul","hubris:Stopwatch"],"picked":"aspiration:FutureDiary"}],"items_purged_floors":[10,20],"is_endless":false,"potions_floor_spawned":[5,12,14,18,19,29,35,39,48],"killed_by":"infinitespire:MassOfShapes","ascension_level":1}}