{"host":"jpol0bbzretdyr3c","time":1610684410,"event":{"mods":["100% Spire Juice","Act Like it!","BaseMod","Colored Map","Downfall","Gensokyo","Googly Eyes","Infinite Spire","Koishi","Marisa????????","Minty Spire (QoL Compilation)","Replay The Spire","StSLib","The Servant 0.9.4"],"gold_per_floor":[116,16,16,16,30,64,64,77,77,77,112,122,122,136,136,136,136],"floor_reached":16,"language":"ENG","playtime":4114,"items_purged":[],"score":133,"play_id":"2b2b5fe1-8f67-413b-a083-0c0c05149217","local_time":"20210114202010","is_ascension_mode":true,"campfire_choices":[{"data":"Koishi:HauntingSlash","floor":7,"key":"SMITH"},{"floor":10,"key":"REST"},{"floor":15,"key":"REST"}],"circlet_count":0,"master_deck":["Koishi:BasicStrike","Koishi:BasicStrike","Koishi:BasicStrike","Koishi:BasicDefend","Koishi:BasicDefend","Koishi:BasicDefend","Koishi:BasicDefend","Koishi:Provoke","Koishi:HauntingSlash+1","Koishi:EmbersOfLove","Clumsy","Koishi:DreadfulBlow","Koishi:ApparitionsStalkTheNight","Koishi:DNAsFlaw","Koishi:UnconsciousUrges","Koishi:BloodcurdlingScream","Koishi:JumpScare"],"relics":["Koishi:ImaginaryFriend","Shuriken","Gensokyo:NagashiBinaDoll","InkBottle","ReplayFunnel","PreservedInsect"],"acts_visited":["Gensokyo:Gensokyo"],"potions_floor_usage":[6,6],"damage_taken":[{"damage":13,"enemies":"Gensokyo:Gryphon","floor":1,"turns":7},{"damage":1,"enemies":"Gensokyo:2_Kodama","floor":5,"turns":6},{"damage":37,"enemies":"Gensokyo:Aya","floor":6,"turns":11},{"damage":1,"enemies":"Gensokyo:Python","floor":8,"turns":5},{"damage":24,"enemies":"Gensokyo:Cirno","floor":11,"turns":10},{"damage":11,"enemies":"Gensokyo:2_Rabbits","floor":12,"turns":7},{"damage":17,"enemies":"Gensokyo:Python_and_Kodama","floor":14,"turns":7},{"damage":34,"enemies":"Gensokyo:Reimu","floor":16,"turns":12}],"seed_played":"5332213360740016120","potions_obtained":[{"floor":1,"key":"Fire Potion"},{"floor":5,"key":"hexamod:EctoCoolerPotion"}],"is_trial":false,"path_per_floor":["M","?","$","?","M","E","R","M","T","R","E","M","?","M","R","B"],"character_chosen":"KOISHI","items_purchased":[],"campfire_rested":2,"item_purchase_floors":[],"current_hp_per_floor":[50,50,50,50,51,21,21,24,24,42,24,22,22,8,26,0,0],"gold":136,"neow_bonus":"RANDOM_EVENT","is_daily":false,"chose_seed":false,"campfire_upgraded":1,"win_rate":0.0,"timestamp":1610684410,"path_taken":["M","?","?","?","M","E","R","M","T","R","E","M","?","M","R","BOSS"],"items_purchased_type":[],"build_version":"2020-12-22","purchased_purges":0,"victory":false,"max_hp_per_floor":[60,60,60,60,60,60,60,60,60,60,60,60,60,60,60,60,60],"card_choices":[{"not_picked":["Koishi:SpiritedAway","Koishi:ReflexRadar"],"picked":"Koishi:EmbersOfLove","floor":1},{"not_picked":["Koishi:Untouchable","Koishi:PhantomStrike"],"picked":"Koishi:DreadfulBlow","floor":5},{"not_picked":["Koishi:VengefulSpirit","Koishi:FormlessExistence"],"picked":"Koishi:ApparitionsStalkTheNight","floor":6},{"not_picked":["Koishi:DreadfulBlow","Koishi:Whimsy"],"picked":"Koishi:DNAsFlaw","floor":8},{"not_picked":["Koishi:PhantomStrike","Koishi:TraumaticStroke"],"picked":"Koishi:UnconsciousUrges","floor":11},{"not_picked":["Koishi:ParalyzingFear","Koishi:ReflexRadar"],"picked":"Koishi:BloodcurdlingScream","floor":12},{"not_picked":["Koishi:PhantomBarrier","Koishi:UnconsciousUprising"],"picked":"Koishi:JumpScare","floor":14}],"player_experience":455020,"relics_obtained":[{"floor":6,"key":"InkBottle"},{"floor":9,"key":"ReplayFunnel"},{"floor":11,"key":"PreservedInsect"}],"event_choices":[],"is_beta":false,"boss_relics":[],"items_purged_floors":[],"is_endless":false,"potions_floor_spawned":[1,5],"killed_by":"Gensokyo:Reimu","ascension_level":5}}