{"host":"uflv0e3ja7hvnij7","time":1610729829,"event":{"mods":["BaseMod","Better Altar","Better Match","Better Note","Better Sensory Stone","Better Skull","Better Third Choice","Marisa????????","Minty Spire (QoL Compilation)","Permanent Neow","Replay The Spire","Shop Mod","StSLib"],"gold_per_floor":[19,36,46,56,69,69,85,85,162,162,20,31,62,62,62,159,159,159],"floor_reached":17,"language":"ENG","playtime":1007,"items_purged":["Defend_P"],"score":231,"play_id":"4641e7c9-18aa-4897-a021-a0e0bde65406","local_time":"20210115115709","is_ascension_mode":true,"campfire_choices":[{"floor":6,"key":"REST"},{"data":"Eruption","floor":8,"key":"SMITH"},{"floor":15,"key":"REST"}],"circlet_count":0,"master_deck":["Strike_P+1","Strike_P","Strike_P+1","Defend_P","Defend_P","Defend_P","Eruption+1","Vigilance","EmptyMind","Replay:Battleflow","FearNoEvil","Tantrum","EmptyMind","Vault"],"relics":["PureWater","Pondfish Scales","Eternal Feather","Whetstone","Philosopher\u0027s Stone"],"acts_visited":["Exordium","TheCity"],"potions_floor_usage":[4,16,16,16],"damage_taken":[{"damage":2,"enemies":"Cultist","floor":1,"turns":4},{"damage":2,"enemies":"Jaw Worm","floor":2,"turns":3},{"damage":1,"enemies":"Small Slimes","floor":3,"turns":4},{"damage":0,"enemies":"Blue Slaver","floor":4,"turns":1},{"damage":32,"enemies":"Exordium Thugs","floor":5,"turns":9},{"damage":7,"enemies":"Looter","floor":7,"turns":4},{"damage":0,"enemies":"Red Slaver","floor":12,"turns":3},{"damage":18,"enemies":"Replay:BlueRogue","floor":13,"turns":3},{"damage":26,"enemies":"Hexaghost","floor":16,"turns":5}],"seed_played":"-1570792865246195980","potions_obtained":[{"floor":2,"key":"Strength Potion"},{"floor":3,"key":"Cursed Concoction"},{"floor":4,"key":"FearPotion"},{"floor":7,"key":"Swift Potion"},{"floor":16,"key":"Energy Potion"}],"is_trial":false,"path_per_floor":["M","M","M","M","M","R","M","R","T","?","$","M","E","?","R","B",null],"character_chosen":"WATCHER","items_purchased":["FearNoEvil"],"campfire_rested":2,"item_purchase_floors":[11],"current_hp_per_floor":[63,61,60,60,28,49,42,42,42,42,42,42,24,17,44,18,59,59],"gold":159,"neow_bonus":"ONE_RARE_RELIC","is_daily":false,"chose_seed":false,"campfire_upgraded":1,"win_rate":0.0,"timestamp":1610729829,"path_taken":["M","?","M","M","M","R","M","R","T","?","?","M","E","?","R","BOSS"],"items_purchased_type":["Card"],"build_version":"2020-12-22","purchased_purges":1,"victory":false,"max_hp_per_floor":[72,72,72,72,72,72,72,72,72,72,72,72,72,72,72,72,72,72],"card_choices":[{"not_picked":["Evaluate","Conclude","Replay:AtTheReady"],"picked":"SKIP","floor":1},{"not_picked":["Nirvana","SandsOfTime","Halt"],"picked":"SKIP","floor":2},{"not_picked":["Halt","PathToVictory"],"picked":"EmptyMind","floor":3},{"not_picked":["FollowUp","CarveReality"],"picked":"Replay:Battleflow","floor":4},{"not_picked":["Fasting2","Sanctity","CutThroughFate"],"picked":"SKIP","floor":5},{"not_picked":["PathToVictory","Replay:BluntJabs","Replay:LoomingThreat"],"picked":"SKIP","floor":7},{"not_picked":["EmptyBody","Wireheading"],"picked":"Tantrum","floor":12},{"not_picked":["Replay:ManipulateFuture","Replay:Anticipation"],"picked":"EmptyMind","floor":13},{"not_picked":["Establishment","Scrawl"],"picked":"Vault","floor":16}],"player_experience":580646,"relics_obtained":[{"floor":9,"key":"Eternal Feather"},{"floor":13,"key":"Whetstone"}],"event_choices":[{"damage_healed":0,"gold_gain":0,"player_choice":"Ignored","damage_taken":162,"max_hp_gain":0,"max_hp_loss":0,"event_name":"betterThird:BetterSerpent","floor":10,"gold_loss":0},{"cards_removed":["Strike_P"],"damage_healed":0,"gold_gain":0,"player_choice":"Card Removal","damage_taken":7,"max_hp_gain":0,"max_hp_loss":0,"event_name":"Golden Wing","floor":14,"gold_loss":0}],"is_beta":false,"boss_relics":[{"not_picked":["Busted Crown","SacredBark"],"picked":"Philosopher\u0027s Stone"}],"items_purged_floors":[11],"is_endless":false,"potions_floor_spawned":[2,3,4,7,16],"ascension_level":9}}