{"host":"m5bsg12zcyqnofur","time":1610688263,"event":{"mods":["AchievementEnabler","BaseMod","BetterRewards","Colored Powertips","Downfall","Hermit","Highlight Path","Minty Spire (QoL Compilation)","Quick Restart","Replay The Spire","Shop Mod","StSLib","The Bug Knight"],"gold_per_floor":[114,134,134,146,159,190,190,220,270,305,315,344,358,389,389,489,489,503,517,535,551,131,164,164,194,221,251,263,282,328,353,353,450,450,462,481,481,498,516,541,441,470,495,527,556,583,583,611,611,710,710,726,738,913,804,804,804,824,824,849,849,892,907,982,998,998,1128,1128,1143,1053,1092,1116,520,553,378,412,452,471,496,515,559,584,584,713,713,729,729,743,757,179,210,210,249,292,316,337,375,34,68,68,193,193,107,128,128,128,128,144,180,199,199,199,237,237,278,291,315,349,349,474,474,497,497,94,114,114,114,158,158,189,189,224,224,224,224,263,286,286,416,416,440,455,36,75,75,118,118,161,196,196,230,253,253,253],"floor_reached":153,"language":"ENG","playtime":9357,"items_purged":["Beam Cell","Hologram","Rebound","ReplayTheSpireMod:Reroute Power+1","Coolheaded+1","Scrape+1","Coolheaded+1","Fission+1","Go for the Eyes"],"score":5538,"play_id":"22f197e3-d40f-4b9e-8ec2-20da2b376d04","local_time":"20210114232423","daily_mods":["SealedDeck","Heirloom","DeadlyEvents","Elite Swarm"],"is_ascension_mode":true,"campfire_choices":[{"data":"Machine Learning","floor":7.0,"key":"SMITH"},{"floor":15.0,"key":"REST"},{"floor":24,"key":"REST"},{"data":"Fission","floor":32,"key":"SMITH"},{"data":"Pot Of Greed","floor":47,"key":"SMITH"},{"data":"Pot Of Greed","floor":49,"key":"SMITH"},{"data":"Echo Form","floor":57,"key":"SMITH"},{"data":"Coolheaded","floor":59,"key":"SMITH"},{"data":"Machine Learning","floor":61,"key":"SMITH"},{"floor":66,"key":"REST"},{"data":"Echo Form+1","floor":83,"key":"PURGE"},{"data":"Gash","floor":92,"key":"SMITH"},{"data":"Gash","floor":100,"key":"SMITH"},{"floor":119,"key":"REST"},{"data":"Pot Of Greed","floor":127,"key":"SMITH"},{"data":"Gash","floor":129,"key":"SMITH"},{"floor":135,"key":"REST"},{"data":"Decay","floor":138,"key":"PURGE"},{"floor":147,"key":"REST"},{"floor":150,"key":"REST"}],"circlet_count":0,"master_deck":["Go for the Eyes+1","Gash+1","Beam Cell+1","Gash+1","Gash+1","Machine Learning+1","Machine Learning+1","Flash of Steel+1","ReplayTheSpireMod:Splinters","Gash+1","Steam+1","Pot Of Greed+1","Pot Of Greed+1","Pot Of Greed+1","Pot Of Greed+1"],"relics":["Du-Vu Doll","ReplayTheSpireMod:Lightbulb","Ice Cream","Lantern","Gremlin Horn","Divine Protection","Prayer Wheel","Unceasing Top","Blood Vial","Blue Candle","White Beast Statue","Busted Crown","Singing Bowl","Bag of Preparation","Prayer Wheel","Torii","Grinning Jar","Geode","Bronze Scales","SlaversCollar","MerchantsRug","Golden Idol","PreservedInsect","Calipers","Replay:Wax Seal","Ornamental Fan","SacredBark","Prayer Wheel","Ring of Panic","Sling","Inserter","Nunchaku"],"acts_visited":["Exordium","TheCity","TheBeyond","Exordium","TheCity","TheBeyond","Exordium","TheCity","TheBeyond"],"potions_floor_usage":[23,33,58,101,101,142,142],"damage_taken":[{"damage":2.0,"enemies":"Small Slimes","floor":1.0,"turns":2.0},{"damage":4.0,"enemies":"Jaw Worm","floor":2.0,"turns":2.0},{"damage":0.0,"enemies":"Cultist","floor":4.0,"turns":2.0},{"damage":2.0,"enemies":"Exordium Thugs","floor":5.0,"turns":3.0},{"damage":9.0,"enemies":"3 Sentries","floor":6.0,"turns":4.0},{"damage":0.0,"enemies":"Gremlin Nob","floor":8.0,"turns":2.0},{"damage":13.0,"enemies":"3 Sentries","floor":10.0,"turns":3.0},{"damage":12.0,"enemies":"Gremlin Gang","floor":11.0,"turns":2.0},{"damage":0.0,"enemies":"Lagavulin","floor":12.0,"turns":3.0},{"damage":0.0,"enemies":"2 Fungi Beasts","floor":13.0,"turns":2.0},{"damage":15.0,"enemies":"3 Sentries","floor":14.0,"turns":3.0},{"damage":0.0,"enemies":"Slime Boss","floor":16.0,"turns":3.0},{"damage":12.0,"enemies":"3 Byrds","floor":18.0,"turns":3.0},{"damage":9.0,"enemies":"Chosen","floor":19.0,"turns":3.0},{"damage":29.0,"enemies":"Snake Plant","floor":20.0,"turns":3.0},{"damage":9,"enemies":"Chosen and Byrds","floor":21,"turns":3},{"damage":4,"enemies":"Replay:Snechameleon","floor":23,"turns":2},{"damage":9,"enemies":"Book of Stabbing","floor":25,"turns":4},{"damage":0,"enemies":"Replay:Snechameleon","floor":27,"turns":6},{"damage":0,"enemies":"Centurion and Healer","floor":28,"turns":2},{"damage":13,"enemies":"Snake Plant","floor":29,"turns":3},{"damage":1,"enemies":"HollowMod:Nosk","floor":31,"turns":3},{"damage":12,"enemies":"Collector","floor":33,"turns":3},{"damage":7,"enemies":"3 Shapes","floor":35,"turns":1},{"damage":0,"enemies":"3 Darklings","floor":36,"turns":2},{"damage":0,"enemies":"Jaw Worm Horde","floor":38,"turns":2},{"damage":0,"enemies":"Transient","floor":39,"turns":4},{"damage":0,"enemies":"R_Hoarder","floor":40,"turns":3},{"damage":0,"enemies":"Reptomancer","floor":42,"turns":2},{"damage":0,"enemies":"R_Hoarder","floor":44,"turns":3},{"damage":0,"enemies":"Giant Head","floor":45,"turns":3},{"damage":0,"enemies":"HollowMod:StalkingDevout","floor":46,"turns":2},{"damage":0,"enemies":"Nemesis","floor":48,"turns":1},{"damage":34,"enemies":"Time Eater","floor":50,"turns":5},{"damage":0,"enemies":"Small Slimes","floor":52,"turns":1},{"damage":0,"enemies":"Jaw Worm","floor":53,"turns":2},{"damage":0,"enemies":"2 Louse","floor":58,"turns":1},{"damage":3,"enemies":"3 Sentries","floor":62,"turns":2},{"damage":1,"enemies":"Blue Slaver","floor":63,"turns":2},{"damage":19,"enemies":"Exordium Wildlife","floor":65,"turns":2},{"damage":0,"enemies":"Slime Boss","floor":67,"turns":2},{"damage":0,"enemies":"3 Byrds","floor":69,"turns":2},{"damage":32,"enemies":"Slavers","floor":71,"turns":2},{"damage":27,"enemies":"2 Thieves","floor":72,"turns":2},{"damage":14,"enemies":"Book of Stabbing","floor":74,"turns":2},{"damage":0,"enemies":"Gremlin Leader","floor":76,"turns":1},{"damage":31,"enemies":"Slavers","floor":77,"turns":2},{"damage":9,"enemies":"Shelled Parasite and Fungi","floor":78,"turns":2},{"damage":13,"enemies":"Snake Plant","floor":79,"turns":2},{"damage":0,"enemies":"Cultist and Chosen","floor":80,"turns":1},{"damage":0,"enemies":"Book of Stabbing","floor":81,"turns":2},{"damage":15,"enemies":"Centurion and Healer","floor":82,"turns":2},{"damage":0,"enemies":"Collector","floor":84,"turns":2},{"damage":0,"enemies":"3 Darklings","floor":86,"turns":1},{"damage":0,"enemies":"Orb Walker","floor":88,"turns":1},{"damage":0,"enemies":"Transient","floor":89,"turns":3},{"damage":0,"enemies":"Giant Head","floor":91,"turns":1},{"damage":0,"enemies":"Nemesis","floor":93,"turns":1},{"damage":0,"enemies":"Reptomancer","floor":94,"turns":1},{"damage":0,"enemies":"3 Darklings","floor":95,"turns":1},{"damage":0,"enemies":"Sphere and 2 Shapes","floor":96,"turns":1},{"damage":0,"enemies":"Giant Head","floor":97,"turns":1},{"damage":25,"enemies":"Reptomancer","floor":99,"turns":3},{"damage":64,"enemies":"Donu and Deca","floor":101,"turns":4},{"damage":0,"enemies":"Cultist","floor":103,"turns":2},{"damage":7,"enemies":"Jaw Worm","floor":104,"turns":2},{"damage":0,"enemies":"2 Louse","floor":108,"turns":2},{"damage":1,"enemies":"3 Sentries","floor":109,"turns":2},{"damage":10,"enemies":"Exordium Thugs","floor":110,"turns":2},{"damage":0,"enemies":"Lagavulin","floor":113,"turns":3},{"damage":1,"enemies":"3 Sentries","floor":115,"turns":2},{"damage":0,"enemies":"Gremlin Gang","floor":116,"turns":2},{"damage":0,"enemies":"2 Fungi Beasts","floor":117,"turns":2},{"damage":0,"enemies":"Lagavulin","floor":118,"turns":3},{"damage":0,"enemies":"Fading Forest","floor":120,"turns":5},{"damage":0,"enemies":"Spheric Guardian","floor":122,"turns":2},{"damage":16,"enemies":"3 Byrds","floor":125,"turns":4},{"damage":95,"enemies":"Slavers","floor":128,"turns":4},{"damage":49,"enemies":"Book of Stabbing","floor":130,"turns":3},{"damage":61,"enemies":"Slavers","floor":132,"turns":3},{"damage":75,"enemies":"Shelled Parasite and Fungi","floor":137,"turns":4},{"damage":56,"enemies":"Collector","floor":139,"turns":4},{"damage":91,"enemies":"Orb Walker","floor":141,"turns":4},{"damage":101,"enemies":"3 Darklings","floor":142,"turns":4},{"damage":68,"enemies":"Nemesis","floor":144,"turns":5},{"damage":15,"enemies":"HollowMod:StalkingDevout","floor":146,"turns":4},{"damage":100,"enemies":"Nemesis","floor":148,"turns":3},{"damage":88,"enemies":"Reptomancer","floor":149,"turns":4},{"damage":39,"enemies":"Giant Head","floor":151,"turns":4},{"damage":194,"enemies":"Transient","floor":152,"turns":5},{"damage":42,"enemies":"Nemesis","floor":153,"turns":3}],"seed_played":"1435943841119481405","potions_obtained":[{"floor":1.0,"key":"Adrenaline Potion"},{"floor":4.0,"key":"Swift Potion"},{"floor":6.0,"key":"Flashbang"},{"floor":8.0,"key":"Fire Potion"},{"floor":14.0,"key":"Adrenaline Potion"},{"floor":19.0,"key":"Weak Potion"},{"floor":21,"key":"SpeedPotion"},{"floor":23,"key":"Death Potion"},{"floor":28,"key":"PowerPotion"},{"floor":33,"key":"Adrenaline Potion"},{"floor":36,"key":"CultistPotion"},{"floor":37,"key":"DuplicationPotion"},{"floor":40,"key":"Fruit Juice"},{"floor":58,"key":"FairyPotion"},{"floor":101,"key":"Swift Potion"},{"floor":104,"key":"Slimebound:ThreeZeroPotion"},{"floor":139,"key":"LiquidMemories"},{"floor":142,"key":"hexamod:EctoCoolerPotion"},{"floor":144,"key":"EssenceOfSteel"},{"floor":151,"key":"BlessingOfTheForge"},{"floor":152,"key":"Slimebound:ThreeZeroPotion"}],"is_trial":true,"path_per_floor":["M","M","$","M","M","E","R","E","T","E","M","E","M","E","R","B",null,"M","M","M","M","$","E","R","E","T","E","M","M","?","E","R","B",null,"M","M","?","M","M","E","$","E","T","E","E","E","R","E","R","B",null,"M","M","?","$","?","R","M","R","T","R","E","M","?","M","R","B",null,"M","?","E","M","$","E","$","E","E","M","M","M","E","M","R","B",null,"M","?","M","M","$","E","R","E","E","M","M","E","$","E","R","B",null,"M","M","?","$","?","M","E","M","PTL","PTL","E","$","E","M","M","E","R","B",null,"M","?","$","M","?","R","E","R","E","$","E","PTL","PTL","R","$","M","R","B",null,"M","M","$","E","$","E","R","E","E","R","E","M","E"],"character_chosen":"DEFECT","items_purchased":["Divine Protection","Flash of Steel","MerchantsRug","Blue Doll","DollysMirror","PreservedInsect","Calipers","Replay:Wax Seal","Replay:Baseball","Ornamental Fan","Sling","Nunchaku"],"campfire_rested":7,"item_purchase_floors":[22,22,55,73,73,73,90,90,98,98,124,143],"current_hp_per_floor":[73,69,69,69,67,58,58,58,58,45,33,33,33,18,40,40,75,63,54,25,16,16,12,34,25,25,27,29,18,18,19,19,9,75,68,70,70,72,74,75,75,77,77,79,81,83,83,85,85,53,87,93,97,97,97,90,90,101,101,101,101,100,107,96,85,115,117,117,123,123,93,74,74,64,64,68,41,40,35,43,47,40,40,44,165,171,171,177,183,183,185,185,187,189,195,201,203,203,180,180,120,207,213,212,212,212,168,176,179,177,177,177,181,181,184,192,200,204,251,251,251,259,259,259,251,251,251,160,160,115,115,58,58,58,139,139,74,74,22,283,200,109,109,45,45,34,124,28,161,253,218,34,0,0],"gold":253,"neow_bonus":"","is_daily":false,"chose_seed":false,"campfire_upgraded":11,"win_rate":0.0,"timestamp":1610688263,"path_taken":["M","M","$","M","M","E","R","E","T","E","M","E","M","E","R","BOSS","M","M","M","M","$","E","R","E","T","E","M","M","?","E","R","BOSS","M","M","?","M","?","E","$","E","T","E","?","E","R","E","R","BOSS","M","M","?","$","?","R","M","R","T","R","E","M","?","M","R","BOSS","M","?","?","?","$","E","$","?","E","M","M","M","E","M","R","BOSS","M","?","M","?","$","E","R","E","E","M","M","E","$","E","R","BOSS","M","M","?","$","?","?","E","M","PTL","PTL","E","$","E","M","M","?","R","BOSS","M","?","$","M","?","R","E","R","E","$","E","PTL","PTL","R","$","M","R","BOSS","M","M","?","?","$","E","R","E","E","R","E","M","E"],"items_purchased_type":["Relic","Card","Relic","Relic","Relic","Relic","Relic","Relic","Relic","Relic","Relic","Relic"],"build_version":"2020-12-22","purchased_purges":9,"victory":false,"max_hp_per_floor":[75,75,75,75,75,75,75,75,75,75,75,75,75,75,75,75,75,75,75,75,75,75,75,75,75,75,75,75,75,75,75,75,75,75,75,75,75,75,75,75,75,77,77,79,81,83,83,85,85,87,87,93,97,97,97,90,90,101,101,101,101,103,109,109,115,115,117,117,123,123,125,131,131,133,133,135,137,143,149,155,157,163,163,165,165,171,171,177,183,183,185,185,187,189,195,201,203,203,205,205,207,207,213,219,219,219,219,225,227,233,233,233,235,235,237,243,249,251,251,251,251,259,259,259,267,267,267,269,269,271,271,273,273,273,273,273,281,281,283,283,291,299,299,301,301,303,303,305,307,307,309,317,317,317],"card_choices":[{"not_picked":["Compile Driver","Capacitor"],"picked":"Gash","floor":1.0},{"not_picked":["Cold Snap","Streamline","Lockon"],"picked":"SKIP","floor":2.0},{"not_picked":["Steam","Conserve Battery"],"picked":"Coolheaded","floor":4.0},{"not_picked":["Chaos","Turbo","Doom and Gloom"],"picked":"SKIP","floor":5.0},{"not_picked":["Multi-Cast","Core Surge"],"picked":"Machine Learning","floor":6.0},{"not_picked":["Biased Cognition","Multi-Cast"],"picked":"All For One","floor":8.0},{"not_picked":["Meteor Strike","Reboot"],"picked":"Machine Learning","floor":10.0},{"not_picked":["Conserve Battery","Streamline","Steam"],"picked":"SKIP","floor":11.0},{"not_picked":["Creative AI","Biased Cognition","Reboot"],"picked":"SKIP","floor":12.0},{"not_picked":["Hologram","Streamline","BasicCrystalCard"],"picked":"SKIP","floor":13.0},{"not_picked":["Creative AI","Rainbow"],"picked":"Echo Form","floor":14.0},{"not_picked":["Reinforced Body","Sweeping Beam","Go for the Eyes"],"picked":"SKIP","floor":18.0},{"not_picked":["Go for the Eyes","Barrage+1","ReplayTheSpireMod:Repulse"],"picked":"SKIP","floor":19.0},{"not_picked":["ReplayTheSpireMod:Calculation Training","Ball Lightning+1","Time Bomb"],"picked":"SKIP","floor":20.0},{"not_picked":["FIFO Queue","Defragment"],"picked":"Scrape","floor":21},{"not_picked":["Rainbow","Multi-Cast"],"picked":"ReplayTheSpireMod:Fabricate Wheel","floor":23},{"not_picked":["All For One","ReplayRNGCard","Buffer"],"picked":"SKIP","floor":25},{"not_picked":["Core Surge","Reboot","Creative AI"],"picked":"SKIP","floor":27},{"not_picked":["Rebound+1","Steam","Coolheaded"],"picked":"SKIP","floor":28},{"not_picked":["Leap","Hologram","Force Field"],"picked":"SKIP","floor":28},{"not_picked":["Beam Cell","Steam","Cold Snap+1"],"picked":"SKIP","floor":29},{"not_picked":["Scrape","Coolheaded","Conserve Battery"],"picked":"SKIP","floor":29},{"not_picked":["Streamline","FTL"],"picked":"Gash","floor":30},{"not_picked":["ReplayTheSpireMod:Omega Cannon","Multi-Cast"],"picked":"Fission","floor":31},{"not_picked":["Steam Power"],"picked":"SKIP","floor":35},{"not_picked":["BasicCrystalCard+1"],"picked":"SKIP","floor":35},{"not_picked":["ReplayTheSpireMod:Reroute Power"],"picked":"SKIP","floor":36},{"not_picked":["BasicCrystalCard"],"picked":"SKIP","floor":36},{"not_picked":[],"picked":"Steam+1","floor":38},{"not_picked":["Beam Cell"],"picked":"SKIP","floor":38},{"not_picked":["Cold Snap"],"picked":"SKIP","floor":39},{"not_picked":["Streamline+1"],"picked":"SKIP","floor":39},{"not_picked":["Hyperbeam"],"picked":"SKIP","floor":40},{"not_picked":["Reboot"],"picked":"Singing Bowl","floor":42},{"not_picked":["Fission"],"picked":"Singing Bowl","floor":44},{"not_picked":["Core Surge"],"picked":"Singing Bowl","floor":45},{"not_picked":["Machine Learning"],"picked":"Singing Bowl","floor":46},{"not_picked":["All For One"],"picked":"Singing Bowl","floor":48},{"not_picked":["Electrodynamics"],"picked":"Singing Bowl","floor":50},{"not_picked":["Gash"],"picked":"Singing Bowl","floor":52},{"not_picked":["BasicCrystalCard"],"picked":"Singing Bowl","floor":52},{"not_picked":["Barrage"],"picked":"Singing Bowl","floor":52},{"not_picked":["BasicCrystalCard"],"picked":"Singing Bowl","floor":53},{"not_picked":[],"picked":"ReplayTheSpireMod:Reroute Power","floor":53},{"not_picked":["Sunder"],"picked":"Singing Bowl","floor":53},{"not_picked":["Hologram"],"picked":"Singing Bowl","floor":58},{"not_picked":["Compile Driver"],"picked":"Singing Bowl","floor":58},{"not_picked":["Capacitor"],"picked":"Singing Bowl","floor":58},{"not_picked":["Machine Learning"],"picked":"Singing Bowl","floor":62},{"not_picked":["Leap"],"picked":"Singing Bowl","floor":63},{"not_picked":["Sweeping Beam"],"picked":"Singing Bowl","floor":63},{"not_picked":["Barrage"],"picked":"Singing Bowl","floor":63},{"not_picked":["Rip and Tear"],"picked":"Singing Bowl","floor":65},{"not_picked":["Barrage"],"picked":"Singing Bowl","floor":65},{"not_picked":["Reprogram"],"picked":"Singing Bowl","floor":65},{"not_picked":["Meteor Strike"],"picked":"Singing Bowl","floor":67},{"not_picked":["Darkness"],"picked":"Singing Bowl","floor":69},{"not_picked":["Steam"],"picked":"Singing Bowl","floor":69},{"not_picked":["Panic Button+1"],"picked":"Singing Bowl","floor":69},{"not_picked":["Electrodynamics"],"picked":"Singing Bowl","floor":71},{"not_picked":["Barrage+1"],"picked":"Singing Bowl","floor":72},{"not_picked":["Barrage"],"picked":"Singing Bowl","floor":72},{"not_picked":["Melter"],"picked":"Singing Bowl","floor":72},{"not_picked":["Mirror Shield"],"picked":"Singing Bowl","floor":74},{"not_picked":["Rainbow"],"picked":"Singing Bowl","floor":76},{"not_picked":["Hyperbeam"],"picked":"Singing Bowl","floor":77},{"not_picked":["Cold Snap+1"],"picked":"Singing Bowl","floor":78},{"not_picked":["Melter"],"picked":"Singing Bowl","floor":78},{"not_picked":["Turbo"],"picked":"Singing Bowl","floor":78},{"not_picked":["Stack"],"picked":"Singing Bowl","floor":79},{"not_picked":["Rebound"],"picked":"Singing Bowl","floor":79},{"not_picked":["Fusion+1"],"picked":"Singing Bowl","floor":79},{"not_picked":["Rebound"],"picked":"Singing Bowl","floor":80},{"not_picked":["Conserve Battery"],"picked":"Singing Bowl","floor":80},{"not_picked":["Rebound+1"],"picked":"Singing Bowl","floor":80},{"not_picked":["Rainbow"],"picked":"Singing Bowl","floor":81},{"not_picked":["Redo+1"],"picked":"Singing Bowl","floor":82},{"not_picked":["Force Field"],"picked":"Singing Bowl","floor":82},{"not_picked":["Sunder+1"],"picked":"Singing Bowl","floor":82},{"not_picked":["ReplayRNGCard"],"picked":"Singing Bowl","floor":84},{"not_picked":["Double Energy"],"picked":"Singing Bowl","floor":86},{"not_picked":["Compile Driver"],"picked":"Singing Bowl","floor":86},{"not_picked":["Stack"],"picked":"Singing Bowl","floor":86},{"not_picked":["Coolheaded+1"],"picked":"Singing Bowl","floor":88},{"not_picked":["Coolheaded+1"],"picked":"Singing Bowl","floor":88},{"not_picked":["Redo+1"],"picked":"Singing Bowl","floor":88},{"not_picked":["Tempest+1"],"picked":"Singing Bowl","floor":89},{"not_picked":["Coolheaded+1"],"picked":"Singing Bowl","floor":89},{"not_picked":["Barrage+1"],"picked":"Singing Bowl","floor":89},{"not_picked":["Machine Learning"],"picked":"Singing Bowl","floor":91},{"not_picked":["ReplayTheSpireMod:Omega Cannon"],"picked":"Singing Bowl","floor":93},{"not_picked":["Buffer"],"picked":"Singing Bowl","floor":94},{"not_picked":["Coolheaded"],"picked":"Singing Bowl","floor":95},{"not_picked":["Leap"],"picked":"Singing Bowl","floor":95},{"not_picked":["Barrage"],"picked":"Singing Bowl","floor":95},{"not_picked":["Capacitor"],"picked":"Singing Bowl","floor":96},{"not_picked":["Rebound"],"picked":"Singing Bowl","floor":96},{"not_picked":["Steam"],"picked":"Singing Bowl","floor":96},{"not_picked":["Creative AI"],"picked":"Singing Bowl","floor":97},{"not_picked":["Core Surge"],"picked":"Singing Bowl","floor":99},{"not_picked":["Biased Cognition"],"picked":"Singing Bowl","floor":101},{"not_picked":["Sweeping Beam"],"picked":"Singing Bowl","floor":103},{"not_picked":["Conserve Battery"],"picked":"Singing Bowl","floor":103},{"not_picked":["Scrape"],"picked":"Singing Bowl","floor":103},{"not_picked":["Glacier"],"picked":"Singing Bowl","floor":104},{"not_picked":["Auto Shields"],"picked":"Singing Bowl","floor":104},{"not_picked":["Redo"],"picked":"Singing Bowl","floor":104},{"not_picked":["Coolheaded"],"picked":"Singing Bowl","floor":108},{"not_picked":["Defragment"],"picked":"Singing Bowl","floor":108},{"not_picked":["Hologram"],"picked":"Singing Bowl","floor":108},{"not_picked":["Amplify"],"picked":"Singing Bowl","floor":109},{"not_picked":["Redo"],"picked":"Singing Bowl","floor":110},{"not_picked":["ReplaySolidLightProjector"],"picked":"Singing Bowl","floor":110},{"not_picked":["Compile Driver"],"picked":"Singing Bowl","floor":110},{"not_picked":["Electrodynamics"],"picked":"Singing Bowl","floor":113},{"not_picked":["Core Surge"],"picked":"Singing Bowl","floor":115},{"not_picked":["Sweeping Beam"],"picked":"Singing Bowl","floor":116},{"not_picked":["FTL"],"picked":"Singing Bowl","floor":116},{"not_picked":["Self Repair"],"picked":"Singing Bowl","floor":116},{"not_picked":["BasicCrystalCard"],"picked":"Singing Bowl","floor":117},{"not_picked":["Crystallizer"],"picked":"Singing Bowl","floor":117},{"not_picked":["Melter"],"picked":"Singing Bowl","floor":117},{"not_picked":["Buffer"],"picked":"Singing Bowl","floor":118},{"not_picked":[],"picked":"ReplayTheSpireMod:Fabricate Wheel","floor":120},{"not_picked":["Beam Cell"],"picked":"Singing Bowl","floor":122},{"not_picked":["Self Repair"],"picked":"Singing Bowl","floor":122},{"not_picked":["Steam"],"picked":"Singing Bowl","floor":122},{"not_picked":["Hologram"],"picked":"Singing Bowl","floor":122},{"not_picked":["Ball Lightning"],"picked":"Singing Bowl","floor":125},{"not_picked":["Compile Driver"],"picked":"Singing Bowl","floor":125},{"not_picked":["Compile Driver"],"picked":"Singing Bowl","floor":125},{"not_picked":["Chill"],"picked":"Singing Bowl","floor":125},{"not_picked":["Biased Cognition"],"picked":"Singing Bowl","floor":128},{"not_picked":["Thunder Strike"],"picked":"Singing Bowl","floor":130},{"not_picked":["Core Surge"],"picked":"Singing Bowl","floor":132},{"not_picked":["Steam"],"picked":"Singing Bowl","floor":137},{"not_picked":["Steam"],"picked":"Singing Bowl","floor":137},{"not_picked":["Sweeping Beam"],"picked":"Singing Bowl","floor":137},{"not_picked":["Capacitor"],"picked":"Singing Bowl","floor":137},{"not_picked":["Fission"],"picked":"Singing Bowl","floor":139},{"not_picked":["Conserve Battery"],"picked":"Singing Bowl","floor":141},{"not_picked":["Rebound"],"picked":"Singing Bowl","floor":141},{"not_picked":["Crystallizer"],"picked":"Singing Bowl","floor":141},{"not_picked":["Sweeping Beam+1"],"picked":"Singing Bowl","floor":141},{"not_picked":["Turbo+1"],"picked":"Singing Bowl","floor":142},{"not_picked":["Compile Driver"],"picked":"Singing Bowl","floor":142},{"not_picked":["Sweeping Beam"],"picked":"Singing Bowl","floor":142},{"not_picked":["ReplaySort"],"picked":"Singing Bowl","floor":142},{"not_picked":["Biased Cognition"],"picked":"Singing Bowl","floor":144},{"not_picked":["Mirror Shield"],"picked":"Singing Bowl","floor":146},{"not_picked":["Hyperbeam"],"picked":"Singing Bowl","floor":148},{"not_picked":["Seek"],"picked":"Singing Bowl","floor":149},{"not_picked":["Fission"],"picked":"Singing Bowl","floor":151},{"not_picked":["Lockon"],"picked":"Singing Bowl","floor":152},{"not_picked":["Turbo+1"],"picked":"Singing Bowl","floor":152},{"not_picked":["Barrage"],"picked":"Singing Bowl","floor":152},{"not_picked":["Doom and Gloom"],"picked":"Singing Bowl","floor":152}],"player_experience":227544,"relics_obtained":[{"floor":6.0,"key":"ReplayTheSpireMod:Lightbulb"},{"floor":8.0,"key":"Ice Cream"},{"floor":9.0,"key":"Whetstone"},{"floor":10.0,"key":"Lantern"},{"floor":12.0,"key":"Replay:Kaleidoscope"},{"floor":14.0,"key":"Gremlin Horn"},{"floor":23,"key":"Orichalcum"},{"floor":25,"key":"Unceasing Top"},{"floor":26,"key":"Blood Vial"},{"floor":27,"key":"Blue Candle"},{"floor":30,"key":"War Paint"},{"floor":31,"key":"White Beast Statue"},{"floor":40,"key":"Carrot"},{"floor":42,"key":"Singing Bowl"},{"floor":43,"key":"Bag of Preparation"},{"floor":44,"key":"Torii"},{"floor":45,"key":"Grinning Jar"},{"floor":46,"key":"Geode"},{"floor":48,"key":"Bronze Scales"},{"floor":60,"key":"Gremlin Food"},{"floor":123,"key":"Ring of Panic"}],"event_choices":[{"damage_healed":0,"gold_gain":0,"player_choice":"Got Potions","damage_taken":0,"max_hp_gain":0,"max_hp_loss":0,"event_name":"Lab","floor":37,"gold_loss":0},{"damage_healed":0,"gold_gain":175,"player_choice":"AGREE","damage_taken":0,"max_hp_gain":0,"max_hp_loss":0,"event_name":"Liars Game","floor":54,"gold_loss":0,"cards_obtained":["Doubt"]},{"damage_healed":0,"gold_gain":0,"player_choice":"Lose Max HP","damage_taken":0,"relics_obtained":["Golden Idol"],"max_hp_gain":0,"max_hp_loss":7,"event_name":"Golden Idol","floor":56,"gold_loss":0},{"damage_healed":0,"gold_gain":75,"player_choice":"Gather Gold","damage_taken":11,"max_hp_gain":0,"max_hp_loss":0,"event_name":"World of Goop","floor":64,"gold_loss":0},{"cards_removed":["All For One"],"damage_healed":0,"gold_gain":0,"player_choice":"Upgrade and Remove","damage_taken":0,"max_hp_gain":0,"max_hp_loss":0,"event_name":"Designer","floor":70,"gold_loss":90,"cards_upgraded":["ReplayTheSpireMod:Reroute Power"]},{"cards_removed":["Coolheaded"],"damage_healed":0,"gold_gain":0,"player_choice":"Removed Skill","damage_taken":0,"max_hp_gain":0,"max_hp_loss":0,"event_name":"Falling","floor":87,"gold_loss":0},{"cards_removed":["Doubt"],"damage_healed":0,"gold_gain":0,"player_choice":"Forget","damage_taken":0,"max_hp_gain":0,"max_hp_loss":0,"event_name":"Living Wall","floor":105,"gold_loss":0},{"damage_healed":0,"gold_gain":0,"player_choice":"Entered Light","damage_taken":44,"max_hp_gain":0,"max_hp_loss":0,"event_name":"Shining Light","floor":107,"gold_loss":0,"cards_upgraded":["Go for the Eyes","Flash of Steel"]},{"damage_healed":0,"gold_gain":0,"player_choice":"Cursed","damage_taken":0,"max_hp_gain":0,"max_hp_loss":0,"event_name":"Wheel of Change","floor":126,"gold_loss":0,"cards_obtained":["Decay"]}],"is_beta":false,"boss_relics":[{"not_picked":["Replay:Drink Me","Abe\u0027s Treasure","Snecko Heart"]},{"not_picked":["ChewingGum","Kintsugi"],"picked":"Busted Crown"},{"not_picked":["Ring of Chaos","Painkiller Herb"],"picked":"SlaversCollar"},{"not_picked":["Snecko Eye","Tiny House","Philosopher\u0027s Stone"]},{"not_picked":["Fusion Hammer","Replay:Drink Me","Kintsugi"]},{"not_picked":["Calling Bell","Runic Dome"],"picked":"SacredBark"},{"not_picked":["Snecko Eye","ChewingGum","Sozu"]},{"not_picked":["Philosopher\u0027s Stone","Coffee Dripper"],"picked":"Inserter"}],"items_purged_floors":[22,41,55,73,75,90,98,124,143],"is_endless":true,"potions_floor_spawned":[1,4,6,8,12,14,16,19,21,23,28,33,35,36,38,39,40,42,44,45,46,48,50,52,53,58,62,63,65,67,69,71,72,74,76,77,78,79,80,81,82,84,86,88,89,91,93,94,95,96,97,99,101,103,104,108,109,110,113,115,116,117,118,120,122,125,128,130,132,137,139,141,142,144,146,148,149,151,152],"killed_by":"Nemesis","ascension_level":3}}