{"host":"56ghxnzsglgdq727","time":1610722961,"event":{"mods":["AchievementEnabler","BaseMod","Downfall","Duelist Mod","Minty Spire (QoL Compilation)","Rare Cards Sparkle","StSLib","The Bug Knight","The Exalted","The Senshi","The Wild Card"],"gold_per_floor":[135,135,135,148,148,181,181,198,221,241,52,82,82,102,102,201,201,218,232,331,231,231,231],"floor_reached":22,"language":"ENG","playtime":1012,"items_purged":["theDuelist:CastleWalls","theDuelist:ColossalFighter"],"score":274,"play_id":"6ee5238b-a64f-4af0-8827-b4538d94fcbf","local_time":"20210115100241","is_ascension_mode":true,"campfire_choices":[{"data":"Mayhem","floor":13.0,"key":"SMITH"},{"floor":15.0,"key":"REST"}],"circlet_count":0,"master_deck":["theDuelist:CastleWalls","theDuelist:CommandKnight","theDuelist:FeedbackWarrior","theDuelist:FeedbackWarrior","theDuelist:MightyWarrior","theDuelist:Sparks","theDuelist:Sparks","theDuelist:SuperheavySoulbuster","theDuelist:AfterGenocide","theDuelist:Nameless:War:FortressWarrior","theDuelist:Nameless:Power:ForbiddenLance","Mayhem+1","theDuelist:CommanderSwords","theDuelist:HerculeanPower","theDuelist:WhiteNinja","theDuelist:GoyoKing","theDuelist:CommanderSwords","theDuelist:SwordsConcealing","theDuelist:GravityLash"],"relics":["theDuelist:MillenniumPuzzle","theDuelist:CardPoolRelic","theDuelist:CardPoolBasicRelic","theDuelist:BoosterPackPoolRelic","theDuelist:CardPoolAddRelic","theDuelist:CardPoolMinusRelic","theDuelist:CardPoolSaveRelic","theDuelist:CardPoolOptionsRelic","NeowsBlessing","theDuelist:SummonAnchor","theDuelist:DuelistOrichalcum","theDuelist:MillenniumRod","Prayer Wheel","Sozu"],"acts_visited":["Exordium","TheCity"],"potions_floor_usage":[],"damage_taken":[{"damage":0.0,"enemies":"Jaw Worm","floor":1.0,"turns":1.0},{"damage":0.0,"enemies":"2 Louse","floor":4.0,"turns":1.0},{"damage":0.0,"enemies":"3 Sentries","floor":6.0,"turns":2.0},{"damage":4.0,"enemies":"Small Slimes","floor":8.0,"turns":2.0},{"damage":9.0,"enemies":"2 Fungi Beasts","floor":10.0,"turns":4.0},{"damage":5.0,"enemies":"Lagavulin","floor":12.0,"turns":4.0},{"damage":13.0,"enemies":"3 Louse","floor":14.0,"turns":3.0},{"damage":24.0,"enemies":"Hexaghost","floor":16.0,"turns":7.0},{"damage":31.0,"enemies":"Shell Parasite","floor":18.0,"turns":5.0},{"damage":35.0,"enemies":"Snake Plant","floor":19.0,"turns":5.0},{"damage":0,"enemies":"Centurion and Healer","floor":22,"turns":1}],"seed_played":"-2062456730420078051","potions_obtained":[{"floor":6.0,"key":"Energy Potion"},{"floor":8.0,"key":"theDuelist:TokenPotionB"},{"floor":10.0,"key":"GamblersBrew"},{"floor":16.0,"key":"champ:CounterPotion"}],"is_trial":false,"path_per_floor":["M","?","?","M","?","E","?","M","T","M","$","E","R","M","R","B",null,"M","M","?","$","M"],"character_chosen":"THE_DUELIST","items_purchased":["theDuelist:WhiteNinja","theDuelist:SealedPackC"],"campfire_rested":1,"item_purchase_floors":[11,11],"current_hp_per_floor":[80,80,80,80,80,80,74,70,70,61,61,56,56,43,67,43,71,40,5,5,5,5,5],"gold":231,"neow_bonus":"THREE_ENEMY_KILL","is_daily":false,"chose_seed":false,"campfire_upgraded":1,"win_rate":0.0,"timestamp":1610722961,"path_taken":["M","?","?","M","?","E","?","M","T","M","$","E","R","M","R","BOSS","M","M","?","$","M"],"items_purchased_type":["Card","Potion"],"build_version":"2020-12-22","purchased_purges":2,"victory":false,"max_hp_per_floor":[80,80,80,80,80,80,80,80,80,80,80,80,80,80,80,80,80,80,80,80,80,80,80],"card_choices":[{"not_picked":["theDuelist:FortressWarrior","theDuelist:BattleguardHowling","theDuelist:DarkGrepher","theDuelist:GuardianOrder"],"picked":"theDuelist:AfterGenocide","floor":1.0},{"not_picked":["Discovery","Flash of Steel","Forethought"],"picked":"Mayhem","floor":4.0},{"not_picked":["theDuelist:Sogen","theDuelist:ReinforceTruth","theDuelist:Flint"],"picked":"theDuelist:CommanderSwords","floor":6.0},{"not_picked":["theDuelist:LightLaser","theDuelist:HiddenArmory","theDuelist:LightningBlade","theDuelist:SuperheavyBenkei"],"picked":"theDuelist:HerculeanPower","floor":8.0},{"not_picked":["theDuelist:MeteorDestruction+1","theDuelist:MagnumShield+1","theDuelist:LegendaryBlackBelt+1","theDuelist:ChaosSeed+1","theDuelist:LegendarySword+1"],"picked":"SKIP","floor":10.0},{"not_picked":["theDuelist:BattleWarrior","theDuelist:CyberRaider","theDuelist:SuperheavyMagnet","theDuelist:OnslaughtFireKings","theDuelist:Hayate"],"picked":"SKIP","floor":12.0},{"not_picked":["theDuelist:CombinationAttack","theDuelist:Hayate","theDuelist:SuperheavySoulbuster","theDuelist:SuperheavySwordsman","theDuelist:MightyWarrior"],"picked":"SKIP","floor":14.0},{"not_picked":["theDuelist:DarklordSuperbia","theDuelist:GauntletWarrior","theDuelist:LightningVortex","theDuelist:Mudora","theDuelist:MudragonSwamp"],"picked":"SKIP","floor":14.0},{"not_picked":["theDuelist:HeartUnderdog","theDuelist:GlowingCrossbow","theDuelist:HiddenArmory","theDuelist:GridRod"],"picked":"theDuelist:GoyoKing","floor":16.0},{"not_picked":["theDuelist:CombinationAttack+1","theDuelist:BambooSwordBroken+1","theDuelist:DarkBurningMagic","theDuelist:ChaosSeed"],"picked":"theDuelist:CommanderSwords","floor":18.0},{"not_picked":["theDuelist:GlowingCrossbow","theDuelist:HeroRing"],"picked":"theDuelist:SwordsConcealing","floor":18.0},{"not_picked":["theDuelist:SuperheavyGeneral","theDuelist:CrystalTree"],"picked":"theDuelist:GravityLash","floor":19.0},{"not_picked":["theDuelist:SuperheavySoulbuster","theDuelist:AlphaMagnet+1","theDuelist:CombinationAttack+1","theDuelist:BullBlader","theDuelist:GauntletWarrior"],"picked":"SKIP","floor":19.0}],"player_experience":256040,"relics_obtained":[{"floor":6.0,"key":"theDuelist:SummonAnchor"},{"floor":9.0,"key":"theDuelist:MillenniumRod"},{"floor":12.0,"key":"Prayer Wheel"}],"event_choices":[{"damage_healed":0.0,"max_hp_gain":0.0,"max_hp_loss":0.0,"gold_gain":0.0,"event_name":"Egyptian Village","player_choice":"Leave","duelist":true,"floor":2.0,"gold_loss":0.0,"damage_taken":0.0},{"power_reward":4.0,"total_magic_score":19.0,"gold_gain":0.0,"duelist":true,"damage_taken":0.0,"relics_obtained":[],"points":8.0,"war_reward":4.0,"max_hp_gain":0.0,"max_hp_loss":0.0,"spent_points":{"magic":0.0,"greed":0.0,"war":4.0,"power":4.0,"hunger":0.0},"event_name":"Nameless Tomb","floor":3.0,"gold_loss":0.0,"cards_obtained":["theDuelist:Nameless:War:FortressWarrior","theDuelist:Nameless:Power:ForbiddenLance"]},{"damage_healed":0.0,"max_hp_gain":0.0,"max_hp_loss":0.0,"gold_gain":0.0,"event_name":"Golden Idol","player_choice":"Ignored","floor":5.0,"gold_loss":0.0,"damage_taken":0.0},{"damage_healed":0.0,"max_hp_gain":0.0,"max_hp_loss":0.0,"gold_gain":0.0,"event_name":"Aknamkanon\u0027s Tomb","player_choice":"Dig - random Duelist relic","duelist":true,"floor":7.0,"gold_loss":0.0,"damage_taken":0.0},{"damage_healed":0.0,"max_hp_gain":0.0,"max_hp_loss":0.0,"gold_gain":99.0,"event_name":"Nest","player_choice":"Stole From Cult","floor":20.0,"gold_loss":0.0,"damage_taken":0.0}],"is_beta":false,"boss_relics":[{"not_picked":["theDuelist:MillenniumKey","Philosopher\u0027s Stone"],"picked":"Sozu"}],"items_purged_floors":[11,21],"is_endless":false,"potions_floor_spawned":[6,8,10,16,18],"killed_by":"Centurion and Healer","ascension_level":5}}