{"host":"xyxrly520c9wnx4a","time":1610702424,"event":{"mods":["AchievementEnabler","Act Like it!","BaseMod","Colored Powertips","Downfall","Minty Spire (QoL Compilation)","Quick Restart","Relic Stats","Replay The Spire","StSLib","Twitch Decklist","UnlockEverythingMod","【功能Mod】混沌之环修复补丁"],"gold_per_floor":[109,59,71,46,46,71,81,99,181,191,191,191],"floor_reached":11,"language":"ZHS","playtime":409,"items_purged":[],"score":150,"play_id":"682ab84d-fe89-481c-979a-486e1a86d5ee","local_time":"20210115172024","is_ascension_mode":true,"campfire_choices":[],"circlet_count":0,"master_deck":["AscendersBane","Strike_B","Strike_B","Strike_B","Defend_B","Defend_B","Defend_B","Defend_B","Zap","Dualcast","Conserve Battery","BasicCrystalCard","Heatsinks","Consume","Storm","Redo"],"relics":["Cracked Core","NeowsBlessing","Emotion Chip","Bottled Tornado"],"acts_visited":["Exordium"],"potions_floor_usage":[11,11,11,11],"damage_taken":[{"damage":0,"enemies":"Jaw Worm","floor":1,"turns":1},{"damage":0,"enemies":"Cultist","floor":3,"turns":1},{"damage":0,"enemies":"Lagavulin","floor":6,"turns":1},{"damage":16,"enemies":"2 Louse","floor":7,"turns":3},{"damage":5,"enemies":"2 Fungi Beasts","floor":8,"turns":3},{"damage":25,"enemies":"3 Louse","floor":10,"turns":3},{"damage":12,"enemies":"3 Sentries","floor":11,"turns":2}],"seed_played":"-8849335099751404867","potions_obtained":[{"floor":3,"key":"PowerPotion"},{"floor":5,"key":"Flashbang"},{"floor":5,"key":"Elixir"},{"floor":5,"key":"Death Potion"},{"floor":10,"key":"EntropicBrew"}],"is_trial":false,"path_per_floor":["M","?","M","$","?","E","M","M","T","M","E"],"character_chosen":"DEFECT","items_purchased":["BasicCrystalCard"],"campfire_rested":0,"item_purchase_floors":[4],"current_hp_per_floor":[68,68,68,68,68,68,52,47,47,22,10,10],"gold":191,"neow_bonus":"THREE_ENEMY_KILL","is_daily":false,"chose_seed":false,"campfire_upgraded":0,"win_rate":0.0,"timestamp":1610702424,"path_taken":["M","?","M","$","?","E","M","M","T","?","E"],"items_purchased_type":["Card"],"build_version":"2020-12-22","purchased_purges":0,"victory":false,"max_hp_per_floor":[75,75,75,75,75,75,75,75,75,75,75,75],"relic_stats":{"Emotion Chip":[10,10,0,0,0],"counters":[7,14],"obtain_stats":[{"Emotion Chip":6,"NeowsBlessing":0,"Bottled Tornado":9,"Cracked Core":0},{"Emotion Chip":3,"NeowsBlessing":0,"Bottled Tornado":5,"Cracked Core":0},{"Emotion Chip":3,"NeowsBlessing":0,"Bottled Tornado":9,"Cracked Core":0}]},"card_choices":[{"not_picked":["Sweeping Beam","Fusion","Glacier"],"picked":"SKIP","floor":1},{"not_picked":["Reprogram","Cold Snap"],"picked":"Conserve Battery","floor":3},{"not_picked":["Glacier","Consume"],"picked":"Heatsinks","floor":6},{"not_picked":["Gash","Steam Power"],"picked":"Consume","floor":7},{"not_picked":["ReplayTheSpireMod:Calculation Training","Cold Snap"],"picked":"Storm","floor":8},{"not_picked":["Conserve Battery","ReplayTheSpireMod:Reroute Power"],"picked":"Redo","floor":10}],"player_experience":78472,"relics_obtained":[{"floor":6,"key":"Emotion Chip"},{"floor":9,"key":"Bottled Tornado"}],"event_choices":[{"cards_removed":["Strike_B"],"damage_healed":0,"gold_gain":0,"player_choice":"Card Removal","damage_taken":0,"max_hp_gain":0,"max_hp_loss":0,"event_name":"The Cleric","floor":2,"gold_loss":50},{"damage_healed":0,"gold_gain":0,"player_choice":"Got Potions","damage_taken":0,"max_hp_gain":0,"max_hp_loss":0,"event_name":"Lab","floor":5,"gold_loss":0}],"is_beta":false,"boss_relics":[],"items_purged_floors":[],"is_endless":false,"potions_floor_spawned":[3,8,10],"killed_by":"3 Sentries","ascension_level":10}}