{"host":"ydg0vn0pu4pubmdt","time":1610729847,"event":{"mods":["AchievementEnabler","BaseMod","Colored Map","Gold Saver","Minty Spire (QoL Compilation)","Quick Restart","SuperFastMode"],"gold_per_floor":[601,526,537,554,554,554,587,587,587,537,571,571,571,591,591,710,710,735,758,783,882,882,913,913,937,1013,1013,1028,1028,1052,1065,1065,1193,1193,1211,1274,1274,1274,1274,1274,771,805,805,844,280,293,314,335,335,335],"floor_reached":51,"language":"KOR","playtime":1458,"items_purged":["Clumsy","Strike_B","Defend_B"],"score":902,"play_id":"5c0a9bcc-e527-4a6b-a3e6-2551f1ae8210","local_time":"20210116015727","is_ascension_mode":true,"campfire_choices":[{"data":"Dualcast","floor":6.0,"key":"SMITH"},{"data":"Electrodynamics","floor":12.0,"key":"SMITH"},{"data":"Zap","floor":15.0,"key":"SMITH"},{"floor":24.0,"key":"REST"},{"data":"Chaos","floor":32.0,"key":"SMITH"},{"data":"Turbo","floor":40.0,"key":"SMITH"},{"floor":49.0,"key":"REST"}],"circlet_count":0,"master_deck":["Defend_B","Defend_B","Defend_B","Zap+1","Dualcast+1","Electrodynamics+1","Streamline","Auto Shields","Static Discharge+1","Self Repair+1","Reboot","Chaos+1","Defragment+1","Defragment+1","Turbo+1","Storm+1","Doom and Gloom+1","Buffer+1","Leap+1","Finesse","Capacitor+1","Master of Strategy","Defragment+1","Reinforced Body+1","Hologram","Multi-Cast"],"relics":["Cracked Core","Golden Idol","Frozen Egg 2","Toy Ornithopter","StoneCalendar","SlaversCollar","Bottled Tornado","HornCleat","Runic Pyramid","CaptainsWheel","Runic Capacitor","Mummified Hand","Shuriken","Pear"],"acts_visited":["Exordium","TheCity","TheBeyond"],"potions_floor_usage":[50],"damage_taken":[{"damage":0.0,"enemies":"2 Louse","floor":1.0,"turns":1.0},{"damage":14.0,"enemies":"Jaw Worm","floor":3.0,"turns":3.0},{"damage":8.0,"enemies":"Small Slimes","floor":4.0,"turns":2.0},{"damage":5.0,"enemies":"3 Sentries","floor":7.0,"turns":3.0},{"damage":23.0,"enemies":"Gremlin Nob","floor":11.0,"turns":3.0},{"damage":5.0,"enemies":"Blue Slaver","floor":14.0,"turns":3.0},{"damage":25.0,"enemies":"Slime Boss","floor":16.0,"turns":6.0},{"damage":0.0,"enemies":"3 Byrds","floor":18.0,"turns":1.0},{"damage":40.0,"enemies":"Shell Parasite","floor":19.0,"turns":6.0},{"damage":16.0,"enemies":"Snake Plant","floor":20.0,"turns":4.0},{"damage":27.0,"enemies":"Slavers","floor":23.0,"turns":3.0},{"damage":22.0,"enemies":"Shelled Parasite and Fungi","floor":25.0,"turns":4.0},{"damage":3.0,"enemies":"Centurion and Healer","floor":28.0,"turns":3.0},{"damage":23.0,"enemies":"Snake Plant","floor":30.0,"turns":3.0},{"damage":7.0,"enemies":"Shelled Parasite and Fungi","floor":31.0,"turns":3.0},{"damage":10.0,"enemies":"Automaton","floor":33.0,"turns":6.0},{"damage":22.0,"enemies":"3 Shapes","floor":35.0,"turns":2.0},{"damage":46.0,"enemies":"2 Orb Walkers","floor":36.0,"turns":3.0},{"damage":32.0,"enemies":"Reptomancer","floor":42.0,"turns":3.0},{"damage":0.0,"enemies":"Giant Head","floor":44.0,"turns":7.0},{"damage":16.0,"enemies":"3 Darklings","floor":46.0,"turns":2.0},{"damage":8.0,"enemies":"Spire Growth","floor":47.0,"turns":3.0},{"damage":19.0,"enemies":"Writhing Mass","floor":48.0,"turns":3.0},{"damage":41,"enemies":"Awakened One","floor":50,"turns":8}],"seed_played":"-4806694706658769976","potions_obtained":[{"floor":11.0,"key":"Swift Potion"},{"floor":16.0,"key":"GamblersBrew"},{"floor":19.0,"key":"Strength Potion"},{"floor":28.0,"key":"Strength Potion"},{"floor":30.0,"key":"SkillPotion"},{"floor":31.0,"key":"FearPotion"},{"floor":36.0,"key":"SmokeBomb"},{"floor":44.0,"key":"AttackPotion"},{"floor":46.0,"key":"DistilledChaos"}],"is_trial":false,"path_per_floor":["M","$","M","M","?","R","E","?","T","?","E","R","?","M","R","B",null,"M","M","M","?","?","E","R","M","T","?","M","?","M","M","R","B",null,"M","?","?","?","?","R","$","E","T","E","$","M","M","M","R","B",null],"character_chosen":"DEFECT","items_purchased":["Runic Capacitor","Capacitor+1","Master of Strategy","Hologram","Multi-Cast","Pear"],"campfire_rested":2,"item_purchase_floors":[41,41,41,45,45,45],"current_hp_per_floor":[75,75,61,53,53,53,48,53,53,53,30,30,30,35,35,20,74,74,44,38,38,38,21,43,36,36,36,43,43,30,38,38,38,74,52,6,65,65,55,55,55,33,33,43,53,47,54,35,57,31],"gold":335,"neow_bonus":"THREE_RARE_CARDS","is_daily":false,"chose_seed":false,"campfire_upgraded":5,"win_rate":0.0,"timestamp":1610729847,"path_taken":["M","$","M","M","?","R","E","?","T","?","E","R","?","M","R","BOSS","M","M","M","?","?","E","R","?","T","?","M","?","M","M","R","BOSS","M","?","?","?","?","R","$","E","T","E","$","M","?","M","R","BOSS"],"items_purchased_type":["Relic","Card","Card","Card","Card","Relic"],"build_version":"2020-12-22","purchased_purges":3,"victory":true,"max_hp_per_floor":[75,75,75,75,69,69,69,74,74,74,74,74,74,74,74,74,74,74,74,74,74,74,74,74,74,74,74,74,74,74,74,74,74,74,74,74,65,65,65,65,65,65,65,65,75,75,75,75,75,75],"card_choices":[{"not_picked":["Amplify","Reboot"],"picked":"Electrodynamics","floor":0.0},{"not_picked":["Streamline","Reprogram","Gash"],"picked":"SKIP","floor":1.0},{"not_picked":["Reprogram","Gash"],"picked":"Streamline","floor":1.0},{"not_picked":["Compile Driver","Beam Cell","Barrage"],"picked":"SKIP","floor":3.0},{"not_picked":["Static Discharge","Steam"],"picked":"Auto Shields","floor":4.0},{"not_picked":["Glacier","Gash"],"picked":"Static Discharge+1","floor":7.0},{"not_picked":["Chaos","Rebound"],"picked":"Self Repair+1","floor":11.0},{"not_picked":["Cold Snap","Amplify","Streamline"],"picked":"SKIP","floor":14.0},{"not_picked":["Rainbow","Echo Form+1"],"picked":"Reboot","floor":16.0},{"not_picked":["Stack","Melter"],"picked":"Chaos","floor":18.0},{"not_picked":["Sweeping Beam","Chaos"],"picked":"Defragment+1","floor":19.0},{"not_picked":["Cold Snap","Beam Cell","Leap"],"picked":"SKIP","floor":20.0},{"not_picked":["Sweeping Beam+1","Steam+1"],"picked":"Turbo","floor":23.0},{"not_picked":["Barrage","Sweeping Beam"],"picked":"Storm+1","floor":25.0},{"not_picked":["Ball Lightning","Defragment+1","Rebound+1"],"picked":"SKIP","floor":28.0},{"not_picked":["Storm+1","Sweeping Beam","Heatsinks+1"],"picked":"SKIP","floor":30.0},{"not_picked":["Electrodynamics+1","Force Field"],"picked":"Doom and Gloom+1","floor":31.0},{"not_picked":["Multi-Cast","Reboot"],"picked":"Buffer+1","floor":33.0},{"not_picked":["Barrage+1","Tempest"],"picked":"Leap+1","floor":35.0},{"not_picked":["Enlightenment","Chrysalis"],"picked":"Finesse","floor":39.0},{"not_picked":["Fusion+1","Barrage"],"picked":"Defragment+1","floor":42.0},{"not_picked":["Compile Driver","Meteor Strike"],"picked":"Reinforced Body+1","floor":44.0},{"not_picked":["Turbo","Hello World+1","Gash"],"picked":"SKIP","floor":46.0},{"not_picked":["Turbo","Hello World+1","Gash"],"picked":"SKIP","floor":46.0},{"not_picked":["Streamline+1","BootSequence","Turbo"],"picked":"SKIP","floor":47.0},{"not_picked":["Rip and Tear","Double Energy+1","Leap+1"],"picked":"SKIP","floor":48.0}],"player_experience":360519,"relics_obtained":[{"floor":7.0,"key":"Frozen Egg 2"},{"floor":9.0,"key":"Toy Ornithopter"},{"floor":11.0,"key":"StoneCalendar"},{"floor":23.0,"key":"Bottled Tornado"},{"floor":26.0,"key":"HornCleat"},{"floor":36.0,"key":"CaptainsWheel"},{"floor":42.0,"key":"Mummified Hand"},{"floor":44.0,"key":"Shuriken"}],"event_choices":[{"damage_healed":0.0,"max_hp_gain":0.0,"max_hp_loss":6.0,"gold_gain":0.0,"event_name":"Golden Idol","player_choice":"Lose Max HP","floor":5.0,"gold_loss":0.0,"damage_taken":0.0,"relics_obtained":["Golden Idol"]},{"damage_healed":0.0,"max_hp_gain":5.0,"max_hp_loss":0.0,"gold_gain":0.0,"event_name":"Big Fish","player_choice":"Donut","floor":8.0,"gold_loss":0.0,"damage_taken":0.0},{"cards_removed":["Strike_B"],"damage_healed":0.0,"max_hp_gain":0.0,"max_hp_loss":0.0,"gold_gain":0.0,"event_name":"The Cleric","player_choice":"Card Removal","floor":10.0,"gold_loss":50.0,"damage_taken":0.0},{"damage_healed":0.0,"max_hp_gain":0.0,"max_hp_loss":0.0,"gold_gain":0.0,"event_name":"Liars Game","player_choice":"Ignored","floor":13.0,"gold_loss":0.0,"damage_taken":0.0},{"damage_healed":0.0,"max_hp_gain":0.0,"max_hp_loss":0.0,"gold_gain":99.0,"event_name":"Nest","player_choice":"Stole From Cult","floor":21.0,"gold_loss":0.0,"damage_taken":0.0},{"damage_healed":0.0,"max_hp_gain":0.0,"max_hp_loss":0.0,"gold_gain":0.0,"event_name":"Duplicator","player_choice":"Copied","floor":22.0,"gold_loss":0.0,"damage_taken":0.0,"cards_obtained":["Defragment"]},{"cards_removed":["Strike_B"],"damage_healed":0.0,"max_hp_gain":0.0,"max_hp_loss":0.0,"gold_gain":0.0,"event_name":"Back to Basics","player_choice":"Elegance","floor":27.0,"gold_loss":0.0,"damage_taken":0.0},{"damage_healed":0.0,"max_hp_gain":0.0,"max_hp_loss":0.0,"gold_gain":0.0,"event_name":"Vampires","player_choice":"Ignored","floor":29.0,"gold_loss":0.0,"damage_taken":0.0},{"damage_healed":0.0,"max_hp_gain":0.0,"max_hp_loss":0.0,"gold_gain":0.0,"event_name":"Mysterious Sphere","player_choice":"Fight","floor":36.0,"gold_loss":0.0,"damage_taken":0.0},{"damage_healed":65.0,"max_hp_gain":0.0,"max_hp_loss":9.0,"gold_gain":0.0,"event_name":"The Moai Head","player_choice":"Heal","floor":37.0,"gold_loss":0.0,"damage_taken":0.0},{"cards_removed":["Strike_B"],"damage_healed":0.0,"max_hp_gain":0.0,"max_hp_loss":0.0,"gold_gain":0.0,"event_name":"Falling","player_choice":"Removed Attack","floor":38.0,"gold_loss":0.0,"damage_taken":0.0},{"damage_healed":0.0,"max_hp_gain":0.0,"max_hp_loss":0.0,"gold_gain":0.0,"event_name":"SensoryStone","player_choice":"Memory 3","floor":39.0,"gold_loss":0.0,"damage_taken":10.0}],"is_beta":false,"boss_relics":[{"not_picked":["Fusion Hammer","Snecko Eye"],"picked":"SlaversCollar"},{"not_picked":["Calling Bell","Black Star"],"picked":"Runic Pyramid"}],"items_purged_floors":[2,41,45],"is_endless":false,"potions_floor_spawned":[11,16,19,23,28,30,31,33,36,44,46,47],"ascension_level":4}}