{"host":"b0l902yh1rk3g5bq","time":1610686738,"event":{"mods":["AchievementEnabler","Act Like it!","Aspiration","BaseMod","Better Match","Better Sensory Stone","Better Skull","Better Third Choice","BetterRewards","Challenge The Spire","Colored Map","Colored Powertips","Conspire","Downfall","Energized Spire","GifTheSpireLib","Halation","Hubris","Infinite Spire","Minty Spire (QoL Compilation)","Quick Restart","Rare Cards Sparkle","Replay The Spire","StSLib","Stuff the Spire","Trackpad","Virulent Crown","Wandering Minibosses","egg","everything is the same but u backflip on backflip","vexMod"],"gold_per_floor":[110,199,274,274,95,122,157,192,192,217,217,249,583,617,617,717,717,727,743,743,777,803,837,567,254,254,279,313,340,374,374,374,470,470,487,487,191,191,225,259,259,259,285,311,345,360,393,393,393,393],"floor_reached":50,"language":"ENG","playtime":1493,"items_purged":["Hidden Blade","Flying Knee","StuffTheSpire:Sprint","Caltrops","Slice"],"score":1233,"play_id":"f0df3733-17c2-4520-ae7b-1811ab4753ee","local_time":"20210115055858","daily_mods":["Draft","Heirloom","Flight","DeadlyEvents","Elite Swarm"],"is_ascension_mode":true,"campfire_choices":[{"floor":11,"key":"REST"},{"data":"Cloak And Dagger","floor":15,"key":"SMITH"},{"data":"Accuracy","floor":32,"key":"SMITH"},{"data":"Infinite Blades","floor":49,"key":"SMITH"}],"circlet_count":0,"master_deck":["PiercingWail","Blade Dance","Cloak And Dagger+1","Blade Dance","Dodge and Roll","Dodge and Roll","Blade Dance+1","Backflip","Accuracy+1","Dramatic Entrance","Die Die Die","infinitespire:FutureSight+1","Fluid Movement","Infinite Blades+1","infinitespire:UltimateForm","infinitespire:Collect","infinitespire:Collect","infinitespire:UltimateForm","After Image+1","hubris:DuctTapeCard+2","A Thousand Cuts+1"],"relics":["Ring of the Snake","hubris:Teleporter","trackpad:SappingStone","StuffTheSpire:Barrel","Pocketwatch","Art of War","StuffTheSpire:CocoNut","Quantum Egg","ReplayTheSpireMod:Lightbulb","War Paint","Old Coin","vexMod:InvisibilityCloak","WristBlade","trackpad:BottledShadow","hubris:EvacipatedBox","hubris:KleinBottle","Shuriken","trackpad:AdjectivePendant","StuffTheSpire:GrapeVine","PreservedInsect","hubris:BundleOfHerbs","Bottled Tornado","Guardian:GemstoneGun","Smiling Mask","halation:Toothbrush","Philosopher\u0027s Stone","conspire:SpecialSausage","hubris:Spice","aspiration:RandomNobGenerator","Golden Egg","conspire:TopHat","hubris:DuctTape"],"acts_visited":["Exordium","TheCity","TheBeyond"],"potions_floor_usage":[50],"damage_taken":[{"damage":0,"enemies":"Small Slimes","floor":1,"turns":2},{"damage":4,"enemies":"Lagavulin","floor":6,"turns":5},{"damage":7,"enemies":"3 Sentries","floor":7,"turns":4},{"damage":8,"enemies":"Gremlin Nob","floor":8,"turns":3},{"damage":5,"enemies":"3 Sentries","floor":10,"turns":2},{"damage":10,"enemies":"Gremlin Nob","floor":12,"turns":3},{"damage":4,"enemies":"3 Sentries","floor":13,"turns":3},{"damage":0,"enemies":"Lagavulin","floor":14,"turns":3},{"damage":10,"enemies":"The Guardian","floor":16,"turns":6},{"damage":0,"enemies":"2 Thieves","floor":18,"turns":1},{"damage":0,"enemies":"conspire:FuzzyDice","floor":19,"turns":3},{"damage":0,"enemies":"Gremlin Leader","floor":21,"turns":3},{"damage":0,"enemies":"Slavers","floor":23,"turns":2},{"damage":0,"enemies":"conspire:Head Lice","floor":27,"turns":1},{"damage":0,"enemies":"conspire:SneckoGhost","floor":28,"turns":2},{"damage":5,"enemies":"Slavers","floor":29,"turns":2},{"damage":0,"enemies":"Gremlin Leader","floor":30,"turns":1},{"damage":9,"enemies":"Collector","floor":33,"turns":3},{"damage":0,"enemies":"3 Darklings","floor":35,"turns":1},{"damage":13,"enemies":"R_Hoarder","floor":40,"turns":3},{"damage":0,"enemies":"Giant Head","floor":41,"turns":1},{"damage":0,"enemies":"Reptomancer","floor":44,"turns":1},{"damage":0,"enemies":"Giant Head","floor":45,"turns":3},{"damage":10,"enemies":"R_Hoarder","floor":46,"turns":3},{"damage":3,"enemies":"3 Shapes","floor":47,"turns":2},{"damage":0,"enemies":"Giant Head","floor":48,"turns":2},{"damage":165,"enemies":"conspire:OrnateMirror","floor":50,"turns":2}],"seed_played":"7877153797627567438","potions_obtained":[{"floor":1,"key":"SkillPotion"},{"floor":8,"key":"Toxic Potion"},{"floor":10,"key":"Energy Potion"}],"is_trial":true,"path_per_floor":["M","?","?","?","$","E","E","E","T","E","R","E","E","E","R","B",null,"M","M","$","E","T","E","$","$","T","E","E","E","E","AVR","R","B",null,"M","AVR","$","?","E","E","$","T","E","E","E","M","E","R","B"],"character_chosen":"THE_SILENT","items_purchased":["Accuracy","Dramatic Entrance","trackpad:BottledShadow","hubris:EvacipatedBox","hubris:KleinBottle","Fluid Movement","trackpad:AdjectivePendant","Infinite Blades","StuffTheSpire:GrapeVine","Golden Egg"],"campfire_rested":1,"item_purchase_floors":[5,5,20,20,20,24,24,25,25,37],"current_hp_per_floor":[70,53,42,42,42,38,31,30,30,25,48,38,34,34,34,24,77,77,77,23,23,23,23,23,23,23,23,23,18,18,18,18,18,86,95,106,109,109,105,114,114,114,131,140,139,145,154,154,0,0],"gold":393,"neow_bonus":"","is_daily":false,"chose_seed":false,"campfire_upgraded":3,"win_rate":0.0,"timestamp":1610686738,"path_taken":["M","?","?","?","$","E","E","E","T","E","R","E","E","E","R","BOSS","M","?","?","?","?","E","$","$","T","E","E","?","E","AVR","R","BOSS","M","AVR","$","?","E","E","$","T","E","E","E","?","E","R","BOSS"],"items_purchased_type":["Card","Card","Relic","Relic","Relic","Card","Relic","Card","Relic","Relic"],"build_version":"2020-12-22","purchased_purges":5,"victory":false,"max_hp_per_floor":[70,70,70,70,70,70,70,77,77,77,77,77,77,77,77,77,77,77,77,77,77,77,77,77,77,77,77,77,77,77,77,77,86,86,95,106,109,109,118,127,127,127,144,145,146,155,156,156,165,165],"card_choices":[{"not_picked":["StuffTheSpire:Injection","Well Laid Plans"],"picked":"PiercingWail","floor":0},{"not_picked":["Prepared","Calculated Gamble"],"picked":"Slice","floor":0},{"not_picked":["Deflect","Backflip"],"picked":"Blade Dance","floor":0},{"not_picked":["Hidden Blade","StuffTheSpire:ClusterCrunch"],"picked":"Escape Plan","floor":0},{"not_picked":["Outmaneuver","Bane"],"picked":"Cloak And Dagger","floor":0},{"not_picked":["conspire:DoublingDagger","StuffTheSpire:Injection"],"picked":"Blade Dance","floor":0},{"not_picked":["Slice","Bouncing Flask"],"picked":"Dodge and Roll","floor":0},{"not_picked":["Flechettes","Acrobatics"],"picked":"Hidden Blade","floor":0},{"not_picked":["hubris:Sniper","Acrobatics"],"picked":"StuffTheSpire:ReptileScales","floor":0},{"not_picked":["Prepared","StuffTheSpire:Repulse"],"picked":"Dodge and Roll","floor":0},{"not_picked":["Bane","Sucker Punch"],"picked":"Blade Dance","floor":0},{"not_picked":["Deflect","Riddle With Holes"],"picked":"Backflip","floor":0},{"not_picked":["Draining Mist","Dagger Throw"],"picked":"Caltrops","floor":0},{"not_picked":["Acrobatics","hubris:Counter"],"picked":"StuffTheSpire:Sprint","floor":0},{"not_picked":["Hidden Blade","Prepared"],"picked":"Flying Knee","floor":0},{"not_picked":["Acrobatics","StuffTheSpire:ClusterCrunch","hubris:Counter"],"picked":"SKIP","floor":1},{"not_picked":["Night Terror","Tools of the Trade","Doppelganger"],"picked":"SKIP","floor":6},{"not_picked":["Phantasmal Killer","ReplayTheSpireMod:Necrosis"],"picked":"Die Die Die","floor":7},{"not_picked":["StuffTheSpire:FinalStruggle","Burst","Venomology"],"picked":"SKIP","floor":8},{"not_picked":["Bullet Time","Tools of the Trade","aspiration:Lunge"],"picked":"SKIP","floor":10},{"not_picked":["Envenom","Phantasmal Killer","Wraith Form v2"],"picked":"SKIP","floor":12},{"not_picked":["StuffTheSpire:FinalStruggle","Unload","A Thousand Cuts"],"picked":"SKIP","floor":13},{"not_picked":["A Thousand Cuts","Storm of Steel","Phantasmal Killer"],"picked":"SKIP","floor":14},{"not_picked":["ReplayTheSpireMod:Tripwire","Draining Mist+1","Prepared"],"picked":"SKIP","floor":18},{"not_picked":["Predator","PiercingWail","Reflex"],"picked":"SKIP","floor":19},{"not_picked":["ReplayTheSpireMod:Book of Names","infinitespire:DeathsTouch"],"picked":"infinitespire:FutureSight","floor":20},{"not_picked":["Storm of Steel","Poison Darts"],"picked":"Adrenaline","floor":21},{"not_picked":["Corpse Explosion","Phantasmal Killer","A Thousand Cuts"],"picked":"SKIP","floor":23},{"not_picked":["Die Die Die","Poison Darts","Glass Knife"],"picked":"SKIP","floor":27},{"not_picked":["Die Die Die","Unload","A Thousand Cuts"],"picked":"SKIP","floor":28},{"not_picked":["ReplayTheSpireMod:Necrosis","Envenom","Corpse Explosion"],"picked":"SKIP","floor":29},{"not_picked":["Night Terror","Atom Bomb","Burst"],"picked":"SKIP","floor":30},{"not_picked":["Poisoned Stab+1","Outmaneuver+1","Hidden Blade+1"],"picked":"SKIP","floor":35},{"not_picked":["Poison Darts","aspiration:Lunge"],"picked":"After Image","floor":40},{"not_picked":["ReplayTheSpireMod:Necrosis","Venomology","Poison Darts"],"picked":"SKIP","floor":41},{"not_picked":["infinitespire:Neurotoxin","Glass Knife","Tools of the Trade"],"picked":"SKIP","floor":44},{"not_picked":["Tools of the Trade","hubris:SpiceAddiction","Venomology"],"picked":"SKIP","floor":45},{"not_picked":["infinitespire:Neurotoxin","hubris:SpiceAddiction","hubris:SpiceAddiction"],"picked":"SKIP","floor":46},{"not_picked":["hubris:SlightOfHand","Acrobatics","Outmaneuver+1"],"picked":"SKIP","floor":47},{"not_picked":["Tools of the Trade","Night Terror"],"picked":"A Thousand Cuts","floor":48}],"player_experience":641923,"relics_obtained":[{"floor":2,"key":"trackpad:SappingStone"},{"floor":6,"key":"Pocketwatch"},{"floor":7,"key":"Art of War"},{"floor":8,"key":"StuffTheSpire:CocoNut"},{"floor":9,"key":"Quantum Egg"},{"floor":10,"key":"ReplayTheSpireMod:Lightbulb"},{"floor":12,"key":"War Paint"},{"floor":13,"key":"Old Coin"},{"floor":14,"key":"vexMod:InvisibilityCloak"},{"floor":21,"key":"Shuriken"},{"floor":26,"key":"PreservedInsect"},{"floor":27,"key":"hubris:BundleOfHerbs"},{"floor":28,"key":"Bottled Tornado"},{"floor":29,"key":"Guardian:GemstoneGun"},{"floor":30,"key":"Smiling Mask"},{"floor":40,"key":"conspire:TopHat"},{"floor":43,"key":"hubris:DuctTape"},{"floor":44,"key":"hubris:Spice"},{"floor":45,"key":"hubris:Spice"},{"floor":46,"key":"hubris:Spice"},{"floor":48,"key":"hubris:Spice"}],"event_choices":[{"damage_healed":0,"gold_gain":75,"player_choice":"Gold","damage_taken":11,"max_hp_gain":0,"max_hp_loss":0,"event_name":"betterThird:BetterGoop","floor":3,"gold_loss":0},{"cards_removed":["StuffTheSpire:ReptileScales"],"damage_healed":0,"gold_gain":0,"player_choice":"Gave Card","damage_taken":0,"relics_obtained":["StuffTheSpire:Barrel"],"max_hp_gain":0,"max_hp_loss":0,"event_name":"WeMeetAgain","floor":4,"gold_loss":0}],"is_beta":false,"boss_relics":[{"not_picked":["hubris:CrackedHourglass","halation:CatFaceCupcake"],"picked":"WristBlade"},{"not_picked":["infinitespire:Cupcake","trackpad:Trackpad","hubris:RunicObelisk"],"picked":"conspire:SpecialSausage"}],"items_purged_floors":[24,25,31,36,37],"is_endless":false,"potions_floor_spawned":[1,8,10,14,16,27,28,29,33,35,45,46,47,48],"killed_by":"conspire:OrnateMirror","ascension_level":1}}