{"host":"4kqumtn9vzgpomuw","time":1610720101,"event":{"mods":["AchievementEnabler","BaseMod","Colored Map","Minty Spire (QoL Compilation)","StSLib"],"gold_per_floor":[117,22222,21750,21750,21770,21770,21784,21784,21784],"floor_reached":8,"language":"KOR","playtime":576,"items_purged":["Strike_R"],"score":48,"play_id":"70664365-aac6-4b2b-a0fb-6b5773dbd1a7","local_time":"20210115231501","is_ascension_mode":false,"campfire_choices":[{"data":"Armaments","floor":6,"key":"SMITH"}],"circlet_count":0,"master_deck":["Strike_R","Strike_R","Strike_R","Strike_R","Defend_R","Defend_R","Defend_R","Defend_R","Bash","Armaments+1","Fire Breathing","Shrug It Off"],"relics":["Burning Blood","NeowsBlessing","Membership Card","Molten Egg 2","Nunchaku","CaptainsWheel"],"acts_visited":["Exordium"],"potions_floor_usage":[],"damage_taken":[{"damage":0,"enemies":"Jaw Worm","floor":1,"turns":1},{"damage":0,"enemies":"2 Louse","floor":2,"turns":1},{"damage":0,"enemies":"Cultist","floor":5,"turns":1},{"damage":14,"enemies":"Large Slime","floor":7,"turns":7},{"damage":81,"enemies":"Gremlin Nob","floor":8,"turns":6}],"seed_played":"-2819985783161199221","potions_obtained":[{"floor":2,"key":"SmokeBomb"}],"is_trial":false,"path_per_floor":["M","M","$","?","M","R","M","E"],"character_chosen":"IRONCLAD","items_purchased":["Membership Card","Molten Egg 2","Nunchaku","Fire Breathing"],"campfire_rested":0,"item_purchase_floors":[3,3,3,3],"current_hp_per_floor":[80,80,80,73,79,79,71,0,0],"gold":21784,"neow_bonus":"THREE_ENEMY_KILL","is_daily":false,"chose_seed":false,"campfire_upgraded":1,"win_rate":0.0,"timestamp":1610720101,"path_taken":["M","M","$","?","M","R","M","E"],"items_purchased_type":["Relic","Relic","Relic","Card"],"build_version":"2020-12-22","purchased_purges":1,"victory":false,"max_hp_per_floor":[80,80,80,80,80,80,80,80,80],"card_choices":[{"not_picked":["Clash","Thunderclap"],"picked":"Armaments","floor":1},{"not_picked":["Twin Strike","Intimidate","Clash"],"picked":"SKIP","floor":2},{"not_picked":["Power Through","Perfected Strike+1"],"picked":"Shrug It Off","floor":5},{"not_picked":["Battle Trance","Cleave+1","Headbutt+1"],"picked":"SKIP","floor":7}],"player_experience":13484,"relics_obtained":[],"event_choices":[{"damage_healed":0,"gold_gain":0,"player_choice":"Success","damage_taken":7,"relics_obtained":["CaptainsWheel"],"max_hp_gain":0,"max_hp_loss":0,"event_name":"Scrap Ooze","floor":4,"gold_loss":0}],"is_beta":false,"boss_relics":[],"items_purged_floors":[3],"is_endless":false,"potions_floor_spawned":[2],"killed_by":"Gremlin Nob","ascension_level":0}}