{"host":"o8qgt737q1lp1iok","time":1610723528,"event":{"mods":["BaseMod","Colored Map","Colored Powertips","Hermit","Marisa????????","Minty Spire (QoL Compilation)","StSLib"],"gold_per_floor":[115,126,126,126,126,126,153,153,153,163,163,188,203,234,234,334,334,350,350,361,386,403,403,403,13,40,50,65,65,65,75,75,180,180,195,195,213,60,60,60,107,107,159,59,59,69,69,69],"floor_reached":47,"language":"ENG","playtime":1577,"items_purged":["hermit:Defend_Hermit+1","hermit:Defend_Hermit+1"],"score":453,"play_id":"e179566b-c42d-4895-8d08-dea1f481bbd5","local_time":"20210115071208","is_ascension_mode":true,"campfire_choices":[{"data":"hermit:HighCaliber","floor":6,"key":"SMITH"},{"floor":8,"key":"RECALL"},{"data":"hermit:PistolWhip","floor":11,"key":"SMITH"},{"floor":15,"key":"REST"},{"floor":23,"key":"REST"},{"floor":30,"key":"REST"},{"floor":32,"key":"REST"},{"data":"hermit:Showdown","floor":40,"key":"SMITH"},{"data":"hermit:FullyLoaded","floor":42,"key":"SMITH"},{"data":"hermit:HighCaliber","floor":45,"key":"SMITH"}],"circlet_count":0,"master_deck":["hermit:Strike_Hermit+1","hermit:Strike_Hermit+1","hermit:Strike_Hermit+1","hermit:Strike_Hermit+1","hermit:Defend_Hermit+1","hermit:Defend_Hermit+1","hermit:Snapshot+1","hermit:Covet","hermit:HighCaliber+1","hermit:PistolWhip+1","hermit:Showdown+1","hermit:HighCaliber+1","hermit:Brawl","hermit:Brawl","hermit:Gambit","hermit:FullyLoaded+1"],"relics":["hermit:ClaspedLocket","NeowsBlessing","Bronze Scales","Odd Mushroom","Orichalcum","hermit:RyeStalk","Black Star","Whetstone","Shovel","Regal Pillow","PreservedInsect","MealTicket","Toy Ornithopter"],"acts_visited":["Exordium","TheCity","TheBeyond"],"potions_floor_usage":[7,12,14,28,31,33,47],"damage_taken":[{"damage":0,"enemies":"Jaw Worm","floor":1,"turns":1},{"damage":0,"enemies":"Small Slimes","floor":2,"turns":1},{"damage":0,"enemies":"The Mushroom Lair","floor":7,"turns":1},{"damage":0,"enemies":"2 Louse","floor":10,"turns":1},{"damage":9,"enemies":"3 Sentries","floor":12,"turns":5},{"damage":0,"enemies":"2 Fungi Beasts","floor":13,"turns":3},{"damage":12,"enemies":"Lagavulin","floor":14,"turns":3},{"damage":25,"enemies":"Slime Boss","floor":16,"turns":10},{"damage":4,"enemies":"Chosen","floor":18,"turns":3},{"damage":16,"enemies":"Shell Parasite","floor":20,"turns":4},{"damage":30,"enemies":"3 Cultists","floor":22,"turns":4},{"damage":15,"enemies":"Snake Plant","floor":27,"turns":3},{"damage":8,"enemies":"Cultist and Chosen","floor":28,"turns":4},{"damage":35,"enemies":"Sentry and Sphere","floor":31,"turns":5},{"damage":56,"enemies":"Champ","floor":33,"turns":10},{"damage":16,"enemies":"3 Shapes","floor":35,"turns":4},{"damage":26,"enemies":"Orb Walker","floor":37,"turns":4},{"damage":36,"enemies":"Sphere and 2 Shapes","floor":46,"turns":6},{"damage":48,"enemies":"Giant Head","floor":47,"turns":5}],"seed_played":"-6583349433519145614","potions_obtained":[{"floor":1,"key":"CultistPotion"},{"floor":7,"key":"Strength Potion"},{"floor":13,"key":"hermit:BlackBile"},{"floor":27,"key":"LiquidMemories"},{"floor":28,"key":"SkillPotion"},{"floor":31,"key":"SkillPotion"},{"floor":35,"key":"Energy Potion"}],"is_trial":false,"path_per_floor":["M","M","?","?","?","R","?","R","T","M","R","E","M","E","R","B",null,"M","?","M","T","M","R","?","$","T","M","M","$","R","M","R","B",null,"M","?","M","$","?","R","T","R","T","$","R","M","E"],"character_chosen":"HERMIT","items_purchased":["Shovel","PreservedInsect"],"campfire_rested":4,"item_purchase_floors":[25,38],"current_hp_per_floor":[75,75,60,65,53,53,53,53,53,53,53,44,44,32,56,31,80,76,76,60,60,30,54,54,54,54,39,31,31,70,35,74,18,80,64,64,38,38,70,70,70,70,70,70,70,34,0,0],"gold":69,"neow_bonus":"THREE_ENEMY_KILL","is_daily":false,"chose_seed":false,"campfire_upgraded":5,"win_rate":0.0,"timestamp":1610723528,"path_taken":["M","M","?","?","?","R","?","R","T","M","R","E","?","E","R","BOSS","M","?","M","?","M","R","?","$","T","M","M","$","R","M","R","BOSS","M","?","M","$","?","R","?","R","T","?","R","M","E"],"items_purchased_type":["Relic","Relic"],"build_version":"2020-12-22","purchased_purges":2,"victory":false,"max_hp_per_floor":[75,75,75,80,80,80,80,80,80,80,80,80,80,80,80,80,80,80,80,80,80,80,80,80,80,80,80,80,80,80,80,80,80,80,80,80,80,80,70,70,70,70,70,70,70,70,70,70],"card_choices":[{"not_picked":["hermit:Scavenge","hermit:Feint"],"picked":"hermit:HighCaliber","floor":1},{"not_picked":["hermit:Determination","hermit:Combo","hermit:Vantage"],"picked":"SKIP","floor":2},{"not_picked":["hermit:Feint","hermit:ItchyTrigger"],"picked":"hermit:PistolWhip","floor":10},{"not_picked":["hermit:Snipe","hermit:Scavenge"],"picked":"hermit:Showdown","floor":12},{"not_picked":["hermit:Misfire","hermit:NoHoldsBarred"],"picked":"hermit:HighCaliber","floor":13},{"not_picked":["hermit:Virtue","hermit:Dissolve","hermit:LoneWolf"],"picked":"SKIP","floor":14},{"not_picked":["hermit:LowProfile","hermit:Snipe","hermit:BodyArmor"],"picked":"SKIP","floor":18},{"not_picked":["hermit:Ricochet+1","hermit:Desperado","hermit:HoleUp+1"],"picked":"SKIP","floor":20},{"not_picked":["hermit:Snipe","hermit:CalledShot","hermit:WideOpen"],"picked":"SKIP","floor":22},{"not_picked":["hermit:EyeOfTheStorm","hermit:HoleUp+1"],"picked":"hermit:Brawl","floor":27},{"not_picked":["hermit:BodyArmor+1","hermit:Roughhouse","hermit:LowProfile"],"picked":"SKIP","floor":28},{"not_picked":["hermit:GoldenBullet","hermit:Glare","hermit:BodyArmor+1"],"picked":"SKIP","floor":31},{"not_picked":["hermit:HeroicBravado","hermit:Roughhouse"],"picked":"hermit:Gambit","floor":33},{"not_picked":["hermit:Dive","hermit:LowProfile+1"],"picked":"hermit:FullyLoaded","floor":35},{"not_picked":["hermit:Combo","hermit:CursedWeapon","hermit:SprayPray"],"picked":"SKIP","floor":37},{"not_picked":["hermit:Combo","hermit:Quickdraw+1","hermit:Snipe"],"picked":"SKIP","floor":46}],"player_experience":397232,"relics_obtained":[{"floor":7,"key":"Odd Mushroom"},{"floor":12,"key":"Orichalcum"},{"floor":14,"key":"hermit:RyeStalk"},{"floor":21,"key":"Whetstone"},{"floor":26,"key":"Regal Pillow"},{"floor":41,"key":"MealTicket"},{"floor":43,"key":"Toy Ornithopter"}],"event_choices":[{"damage_healed":0,"gold_gain":0,"player_choice":"Entered Light","damage_taken":15,"max_hp_gain":0,"max_hp_loss":0,"event_name":"Shining Light","floor":3,"gold_loss":0,"cards_upgraded":["hermit:Defend_Hermit","hermit:Strike_Hermit"]},{"damage_healed":0,"gold_gain":0,"player_choice":"Donut","damage_taken":0,"max_hp_gain":5,"max_hp_loss":0,"event_name":"Big Fish","floor":4,"gold_loss":0},{"damage_healed":0,"gold_gain":0,"player_choice":"Success","damage_taken":12,"relics_obtained":["Bronze Scales"],"max_hp_gain":0,"max_hp_loss":0,"event_name":"Scrap Ooze","floor":5,"gold_loss":0},{"damage_healed":0,"gold_gain":0,"player_choice":"Fought Mushrooms","damage_taken":0,"max_hp_gain":0,"max_hp_loss":0,"event_name":"Mushrooms","floor":7,"gold_loss":0},{"damage_healed":0,"gold_gain":0,"player_choice":"Read","damage_taken":0,"max_hp_gain":0,"max_hp_loss":0,"event_name":"The Library","floor":19,"gold_loss":0,"cards_obtained":["hermit:Brawl"]},{"damage_healed":0,"gold_gain":0,"player_choice":"Simplicity","damage_taken":0,"max_hp_gain":0,"max_hp_loss":0,"event_name":"Back to Basics","floor":24,"gold_loss":0,"cards_upgraded":["hermit:Strike_Hermit","hermit:Strike_Hermit","hermit:Defend_Hermit","hermit:Defend_Hermit","hermit:Defend_Hermit"]},{"damage_healed":0,"gold_gain":0,"player_choice":"Ignored","damage_taken":0,"max_hp_gain":0,"max_hp_loss":0,"event_name":"Mysterious Sphere","floor":36,"gold_loss":0},{"damage_healed":70,"gold_gain":0,"player_choice":"Heal","damage_taken":0,"max_hp_gain":0,"max_hp_loss":10,"event_name":"The Moai Head","floor":39,"gold_loss":0}],"is_beta":false,"boss_relics":[{"not_picked":["Runic Pyramid","Velvet Choker"],"picked":"Black Star"},{"not_picked":["SlaversCollar","Philosopher\u0027s Stone"],"picked":"hermit:ClaspedLocket"}],"items_purged_floors":[25,44],"is_endless":false,"potions_floor_spawned":[1,7,13,27,28,31,35],"killed_by":"Giant Head","ascension_level":1}}