{"host":"ygfasg9u7olr7skw","time":1610737000,"event":{"mods":["AchievementEnabler","BaseMod","Better Note","Better Vampires","Colored Powertips","Minty Spire (QoL Compilation)","Replay The Spire","Spicy Shops","StSLib","The IronCluck"],"gold_per_floor":[111,286,299,299,72,97,97,116,116,116,129,29,29,39,39,39,39],"floor_reached":16,"language":"ENG","playtime":841,"items_purged":["Pain","Doubt"],"score":120,"play_id":"50e8255a-fc4d-4a49-9ef9-66ac9e7c5f7a","local_time":"20210115135640","is_ascension_mode":true,"campfire_choices":[{"floor":10,"key":"REST"},{"data":"ReplayTheSpireMod:Fabricate Wheel","floor":13,"key":"SMITH"},{"data":"Dualcast","floor":15,"key":"SMITH"}],"circlet_count":0,"master_deck":["Strike_B","Strike_B","Strike_B","Defend_B","Defend_B","Defend_B","Defend_B","Zap","Dualcast+1","Sweeping Beam","ReplayGash","Sweeping Beam","Gash","Genetic Algorithm","All For One"],"relics":["Cracked Core","Darkstone Periapt","ReplayTheSpireMod:CursedCoin","Divine Protection","Dream Catcher","Quantum Egg","Prayer Wheel"],"acts_visited":["Exordium"],"potions_floor_usage":[16],"damage_taken":[{"damage":1,"enemies":"2 Louse","floor":1,"turns":2},{"damage":2,"enemies":"Jaw Worm","floor":3,"turns":3},{"damage":17,"enemies":"3 Sentries","floor":6,"turns":4},{"damage":0,"enemies":"Cultist","floor":8,"turns":2},{"damage":1,"enemies":"3 Louse","floor":11,"turns":2},{"damage":0,"enemies":"Exordium Thugs","floor":14,"turns":4},{"damage":105,"enemies":"Fading Forest","floor":16,"turns":9}],"seed_played":"8954178155261098471","potions_obtained":[{"floor":7,"key":"Ancient Potion"},{"floor":7,"key":"Block Potion"},{"floor":7,"key":"Doom Potion"},{"floor":14,"key":"SmokeBomb"}],"is_trial":false,"path_per_floor":["M","?","M","?","$","E","?","M","T","R","M","$","R","M","R","B"],"character_chosen":"DEFECT","items_purchased":["ReplayTheSpireMod:CursedCoin","Sweeping Beam","Divine Protection"],"campfire_rested":1,"item_purchase_floors":[5,5,5],"current_hp_per_floor":[74,74,72,65,71,54,54,54,54,78,77,77,77,77,77,0,0],"gold":39,"neow_bonus":"REMOVE_CARD","is_daily":false,"chose_seed":false,"campfire_upgraded":2,"win_rate":0.0,"timestamp":1610737000,"path_taken":["M","?","M","?","$","E","?","M","T","R","M","$","R","?","R","BOSS"],"items_purchased_type":["Relic","Card","Relic"],"build_version":"2020-12-22","purchased_purges":2,"victory":false,"max_hp_per_floor":[75,75,75,75,81,81,81,81,81,81,81,81,81,81,81,81,81],"card_choices":[{"not_picked":["Hologram","Turbo"],"picked":"Sweeping Beam","floor":1},{"not_picked":["Go for the Eyes","Loop"],"picked":"ReplayGash","floor":3},{"not_picked":["Coolheaded","Compile Driver"],"picked":"Gash","floor":6},{"not_picked":["Stack","Conserve Battery","Melter"],"picked":"SKIP","floor":8},{"not_picked":["Streamline","Ball Lightning"],"picked":"ReplayTheSpireMod:Fabricate Wheel","floor":11},{"not_picked":["Steam","Recycle"],"picked":"Genetic Algorithm","floor":14}],"player_experience":302154,"relics_obtained":[{"floor":6,"key":"Dream Catcher"},{"floor":9,"key":"Quantum Egg"}],"event_choices":[{"damage_healed":0,"gold_gain":175,"player_choice":"AGREE","damage_taken":0,"max_hp_gain":0,"max_hp_loss":0,"event_name":"Liars Game","floor":2,"gold_loss":0,"cards_obtained":["Doubt"]},{"damage_healed":0,"gold_gain":0,"player_choice":"Success","damage_taken":7,"relics_obtained":["Darkstone Periapt"],"max_hp_gain":0,"max_hp_loss":0,"event_name":"Scrap Ooze","floor":4,"gold_loss":0},{"damage_healed":0,"gold_gain":0,"player_choice":"Got Potions","damage_taken":0,"max_hp_gain":0,"max_hp_loss":0,"event_name":"Lab","floor":7,"gold_loss":0}],"is_beta":false,"boss_relics":[],"items_purged_floors":[5,12],"is_endless":false,"potions_floor_spawned":[14],"killed_by":"Fading Forest","ascension_level":4}}