{"host":"nyoujqdnxu3hxf6v","time":1610703126,"event":{"mods":["BaseMod","MarisaÅiñ∂âJÅ@ñÇóùçπÅj","Minty Spire (QoL Compilation)","StSLib","The Servant 0.9.4"],"gold_per_floor":[112,125,200,200,220,247,347,347,347,364,377,147,147,182,182,182,182],"floor_reached":16,"language":"ENG","playtime":579,"items_purged":["Defend_B"],"score":110,"play_id":"b0566a9e-b429-4d44-beef-7dd4b501abf8","local_time":"20210115043206","is_ascension_mode":false,"campfire_choices":[{"floor":8,"key":"REST"},{"data":"Skim","floor":15,"key":"SMITH"}],"circlet_count":0,"master_deck":["Strike_B","Strike_B","Defend_B","Defend_B","Defend_B","Zap","Dualcast","Beam Cell","Heatsinks","Conserve Battery","Chill","Lockon","Ball Lightning","Auto Shields","Self Repair","Genetic Algorithm","Skim+1"],"relics":["Cracked Core","Shuriken","Bottled Tornado","Frozen Egg 2"],"acts_visited":["Exordium"],"potions_floor_usage":[6,14],"damage_taken":[{"damage":0,"enemies":"2 Louse","floor":1,"turns":3},{"damage":0,"enemies":"Small Slimes","floor":2,"turns":4},{"damage":0,"enemies":"Cultist","floor":5,"turns":3},{"damage":31,"enemies":"Gremlin Nob","floor":6,"turns":5},{"damage":3,"enemies":"Looter","floor":10,"turns":3},{"damage":24,"enemies":"Large Slime","floor":11,"turns":4},{"damage":9,"enemies":"3 Sentries","floor":14,"turns":8},{"damage":44,"enemies":"The Guardian","floor":16,"turns":6}],"seed_played":"-1912150028432909967","potions_obtained":[{"floor":1,"key":"DuplicationPotion"},{"floor":10,"key":"EssenceOfSteel"},{"floor":14,"key":"Dexterity Potion"}],"is_trial":false,"path_per_floor":["M","M","?","?","M","E","?","R","T","M","M","$","?","E","R","B"],"character_chosen":"DEFECT","items_purchased":["Self Repair","Genetic Algorithm"],"campfire_rested":1,"item_purchase_floors":[12,12],"current_hp_per_floor":[75,75,64,57,57,26,26,48,48,45,21,21,46,44,44,0,0],"gold":182,"neow_bonus":"TRANSFORM_CARD","is_daily":false,"chose_seed":false,"campfire_upgraded":1,"win_rate":0.0,"timestamp":1610703126,"path_taken":["M","M","?","?","M","E","?","R","T","M","?","$","?","E","R","BOSS"],"items_purchased_type":["Card","Card"],"build_version":"2020-12-22","purchased_purges":1,"victory":false,"max_hp_per_floor":[75,75,75,75,75,75,75,75,75,75,75,75,75,75,75,75,75],"card_choices":[{"not_picked":["Go for the Eyes","Steam"],"picked":"Heatsinks","floor":1},{"not_picked":["Chaos","Streamline"],"picked":"Conserve Battery","floor":2},{"not_picked":["Conserve Battery","Multi-Cast"],"picked":"Chill","floor":5},{"not_picked":["Aggregate","Double Energy"],"picked":"Lockon","floor":6},{"not_picked":["Go for the Eyes","Steam Power"],"picked":"Ball Lightning","floor":10},{"not_picked":["BootSequence","Conserve Battery"],"picked":"Auto Shields","floor":11},{"not_picked":["Leap","Genetic Algorithm"],"picked":"Skim","floor":14}],"player_experience":28529,"relics_obtained":[{"floor":6,"key":"Shuriken"},{"floor":9,"key":"Bottled Tornado"},{"floor":14,"key":"Frozen Egg 2"}],"event_choices":[{"damage_healed":0,"gold_gain":75,"player_choice":"Gather Gold","damage_taken":11,"max_hp_gain":0,"max_hp_loss":0,"event_name":"World of Goop","floor":3,"gold_loss":0},{"cards_removed":["Strike_B"],"damage_healed":0,"gold_gain":0,"player_choice":"Card Removal","damage_taken":7,"max_hp_gain":0,"max_hp_loss":0,"event_name":"Golden Wing","floor":4,"gold_loss":0},{"damage_healed":0,"gold_gain":100,"player_choice":"Gold","damage_taken":0,"max_hp_gain":0,"max_hp_loss":0,"event_name":"Wheel of Change","floor":7,"gold_loss":0},{"damage_healed":25,"gold_gain":0,"player_choice":"Banana","damage_taken":0,"max_hp_gain":0,"max_hp_loss":0,"event_name":"Big Fish","floor":13,"gold_loss":0}],"is_beta":false,"boss_relics":[],"items_purged_floors":[12],"is_endless":false,"potions_floor_spawned":[1,10,14],"killed_by":"The Guardian","ascension_level":0}}