{"host":"u7lm8z2rvb4dg2oo","time":1610739271,"event":{"mods":["AchievementEnabler","BaseMod","Bestiary","Block Reminder","Colored Map","Colored Powertips","Curses Come First","DeckTracker","Googly Eyes","Highlight Path","Minty Spire (QoL Compilation)","Quick Restart","StSLib"],"gold_per_floor":[111,8,8,8,8,8,34,34,34,49,49,92,106,125,125,246,246,264,105,129,129,149,187,187,167,167,202,221,240,264,302,302,427,427,442,467,283,297,26,26,40,96,171,206,206,4,4,4,4,4],"floor_reached":51,"language":"ENG","playtime":5683,"items_purged":["Strike_G","Strike_G","Writhe"],"score":1037,"play_id":"f874c1a8-b80c-4b08-9ac1-80b097d9a738","local_time":"20210115143431","is_ascension_mode":true,"campfire_choices":[{"data":"Footwork","floor":6.0,"key":"SMITH"},{"data":"Leg Sweep","floor":8.0,"key":"SMITH"},{"data":"Blade Dance","floor":15.0,"key":"SMITH"},{"data":"Adrenaline","floor":24.0,"key":"SMITH"},{"floor":32.0,"key":"REST"},{"floor":40.0,"key":"REST"},{"floor":47.0,"key":"DIG"},{"floor":49.0,"key":"DIG"}],"circlet_count":0,"master_deck":["Strike_G","Defend_G","Defend_G","Defend_G","Defend_G","Defend_G","Survivor","Neutralize","Leg Sweep+1","Footwork+1","Cloak And Dagger","Glass Knife","Blade Dance","Cloak And Dagger","Blade Dance+1","Adrenaline+1","Well Laid Plans","Backstab","PiercingWail","Finisher","Choke","Bullet Time","Flechettes","Blur","Venomology","Finisher+1","Terror+1","Caltrops","Caltrops","Footwork+1","Malaise","Cloak And Dagger+1"],"relics":["Ring of the Snake","NeowsBlessing","Anchor","Letter Opener","Golden Idol","Peace Pipe","Philosopher\u0027s Stone","Regal Pillow","Incense Burner","Question Card","The Courier","Matryoshka","SacredBark","Bottled Flame","Shovel","Pen Nib","Darkstone Periapt","Lantern","Mummified Hand","Akabeko"],"acts_visited":["Exordium","TheCity","TheBeyond"],"potions_floor_usage":[50,50],"damage_taken":[{"damage":0.0,"enemies":"2 Louse","floor":1.0,"turns":1.0},{"damage":0.0,"enemies":"Lagavulin","floor":7.0,"turns":1.0},{"damage":0.0,"enemies":"Small Slimes","floor":10.0,"turns":1.0},{"damage":4.0,"enemies":"3 Sentries","floor":12.0,"turns":9.0},{"damage":0.0,"enemies":"Jaw Worm","floor":13.0,"turns":3.0},{"damage":0.0,"enemies":"Exordium Thugs","floor":14.0,"turns":4.0},{"damage":0.0,"enemies":"Slime Boss","floor":16.0,"turns":12.0},{"damage":0.0,"enemies":"Shell Parasite","floor":18.0,"turns":5.0},{"damage":0.0,"enemies":"3 Byrds","floor":20.0,"turns":4.0},{"damage":11.0,"enemies":"Snake Plant","floor":22.0,"turns":6.0},{"damage":1.0,"enemies":"Book of Stabbing","floor":23.0,"turns":5.0},{"damage":6.0,"enemies":"Slavers","floor":27.0,"turns":5.0},{"damage":0.0,"enemies":"Centurion and Healer","floor":28.0,"turns":7.0},{"damage":2.0,"enemies":"Snecko","floor":29.0,"turns":4.0},{"damage":0.0,"enemies":"Shelled Parasite and Fungi","floor":30.0,"turns":2.0},{"damage":9.0,"enemies":"Gremlin Leader","floor":31.0,"turns":6.0},{"damage":30.0,"enemies":"Collector","floor":33.0,"turns":9.0},{"damage":20.0,"enemies":"3 Darklings","floor":35.0,"turns":5.0},{"damage":0.0,"enemies":"3 Shapes","floor":36.0,"turns":3.0},{"damage":24.0,"enemies":"Writhing Mass","floor":38.0,"turns":5.0},{"damage":7.0,"enemies":"Spire Growth","floor":41.0,"turns":5.0},{"damage":23.0,"enemies":"2 Orb Walkers","floor":42.0,"turns":6.0},{"damage":41.0,"enemies":"Giant Head","floor":44.0,"turns":8.0},{"damage":25,"enemies":"Time Eater","floor":50,"turns":7}],"seed_played":"-3576264720479433060","potions_obtained":[{"floor":1.0,"key":"FearPotion"},{"floor":10.0,"key":"Ancient Potion"},{"floor":12.0,"key":"CunningPotion"},{"floor":14.0,"key":"FairyPotion"},{"floor":20.0,"key":"Dexterity Potion"},{"floor":22.0,"key":"SneckoOil"},{"floor":25.0,"key":"EntropicBrew"},{"floor":31.0,"key":"BlessingOfTheForge"},{"floor":36.0,"key":"Poison Potion"},{"floor":38.0,"key":"Weak Potion"},{"floor":41.0,"key":"LiquidBronze"}],"is_trial":false,"path_per_floor":["M","$","?","?","?","R","E","R","T","M","?","E","M","M","R","B",null,"M","$","M","?","M","E","R","?","T","E","M","M","M","E","R","B",null,"M","M","$","M","$","R","M","?","T","E","?","$","R","$","R","B",null],"character_chosen":"THE_SILENT","items_purchased":["Footwork","Cloak And Dagger","Well Laid Plans","Backstab","PiercingWail","Caltrops","Caltrops","Bottled Flame","DuplicationPotion","Block Potion"],"campfire_rested":2,"item_purchase_floors":[2,2,19,19,19,37,37,39,46,46],"current_hp_per_floor":[63,63,68,61,61,61,61,61,61,61,61,57,57,57,57,57,66,66,66,66,66,55,54,54,54,54,48,48,46,46,37,69,39,62,42,42,42,18,18,53,46,23,23,41,64,64,64,64,64,39],"gold":4,"neow_bonus":"THREE_ENEMY_KILL","is_daily":false,"chose_seed":false,"campfire_upgraded":4,"win_rate":0.0,"timestamp":1610739271,"path_taken":["M","$","?","?","?","R","E","R","T","M","?","E","M","M","R","BOSS","M","$","M","?","M","E","R","?","T","E","M","?","M","E","R","BOSS","M","M","$","M","$","R","M","?","T","E","?","$","R","?","R","BOSS"],"items_purchased_type":["Card","Card","Card","Card","Card","Card","Card","Relic","Potion","Potion"],"build_version":"2020-12-22","purchased_purges":3,"victory":true,"max_hp_per_floor":[70,70,75,75,75,75,75,75,75,75,69,69,69,69,69,69,69,69,69,69,69,69,69,69,69,69,69,69,69,69,69,69,69,69,69,69,69,69,69,69,69,69,69,69,75,75,75,75,75,75],"card_choices":[{"not_picked":["Skewer","Deflect"],"picked":"Leg Sweep","floor":1.0},{"not_picked":["Quick Slash","Cloak And Dagger"],"picked":"Blade Dance","floor":7.0},{"not_picked":["Acrobatics","Quick Slash","Dagger Throw"],"picked":"SKIP","floor":10.0},{"not_picked":["Distraction","Poisoned Stab"],"picked":"Cloak And Dagger","floor":12.0},{"not_picked":["Grand Finale","Bouncing Flask"],"picked":"Blade Dance","floor":13.0},{"not_picked":["Dagger Throw","Deflect","Sucker Punch"],"picked":"SKIP","floor":14.0},{"not_picked":["Die Die Die","Malaise"],"picked":"Adrenaline","floor":16.0},{"not_picked":["Quick Slash+1","Dagger Spray","Dagger Throw+1"],"picked":"SKIP","floor":18.0},{"not_picked":["Deflect+1","Poisoned Stab"],"picked":"Finisher","floor":20.0},{"not_picked":["Acrobatics","Predator"],"picked":"Choke","floor":22.0},{"not_picked":["Calculated Gamble","Deflect","Eviscerate+1"],"picked":"SKIP","floor":23.0},{"not_picked":["Backflip","Distraction","Dagger Spray+1"],"picked":"Bullet Time","floor":27.0},{"not_picked":["Flying Knee","Prepared","Reflex"],"picked":"Flechettes","floor":28.0},{"not_picked":["Outmaneuver","Blade Dance","Underhanded Strike","Catalyst+1"],"picked":"SKIP","floor":29.0},{"not_picked":["Masterful Stab+1","Slice","Flying Knee"],"picked":"Blur","floor":30.0},{"not_picked":["Unload","Escape Plan+1","PiercingWail+1","Dodge and Roll"],"picked":"SKIP","floor":31.0},{"not_picked":["Malaise","Bullet Time","Burst"],"picked":"Venomology","floor":33.0},{"not_picked":["Infinite Blades","Predator","Dodge and Roll+1"],"picked":"Finisher+1","floor":35.0},{"not_picked":["Flying Knee+1","Quick Slash+1","Bane"],"picked":"Terror+1","floor":36.0},{"not_picked":["Cloak And Dagger","Flying Knee","Dagger Spray+1"],"picked":"Footwork+1","floor":38.0},{"not_picked":["Quick Slash+1","Dagger Throw","Well Laid Plans+1"],"picked":"Malaise","floor":41.0},{"not_picked":["Bane+1","Crippling Poison+1","Noxious Fumes+1"],"picked":"Cloak And Dagger+1","floor":42.0},{"not_picked":["Caltrops","Deadly Poison+1","Cloak And Dagger+1","All Out Attack"],"picked":"SKIP","floor":44.0}],"player_experience":1001686,"relics_obtained":[{"floor":7.0,"key":"Anchor"},{"floor":9.0,"key":"Letter Opener"},{"floor":12.0,"key":"Peace Pipe"},{"floor":23.0,"key":"Incense Burner"},{"floor":26.0,"key":"Question Card"},{"floor":27.0,"key":"The Courier"},{"floor":31.0,"key":"Matryoshka"},{"floor":42.0,"key":"Shovel"},{"floor":43.0,"key":"Pen Nib"},{"floor":43.0,"key":"Darkstone Periapt"},{"floor":44.0,"key":"Lantern"},{"floor":47.0,"key":"Mummified Hand"},{"floor":49.0,"key":"Akabeko"}],"event_choices":[{"damage_healed":0.0,"max_hp_gain":5.0,"max_hp_loss":0.0,"gold_gain":0.0,"event_name":"Big Fish","player_choice":"Donut","floor":3.0,"gold_loss":0.0,"damage_taken":0.0},{"cards_removed":["Strike_G"],"damage_healed":0.0,"max_hp_gain":0.0,"max_hp_loss":0.0,"gold_gain":0.0,"event_name":"Golden Wing","player_choice":"Card Removal","floor":4.0,"gold_loss":0.0,"damage_taken":7.0},{"damage_healed":0.0,"max_hp_gain":0.0,"max_hp_loss":0.0,"gold_gain":0.0,"cards_transformed":["Strike_G"],"event_name":"Living Wall","player_choice":"Change","floor":5.0,"gold_loss":0.0,"damage_taken":0.0,"cards_obtained":["Glass Knife"]},{"damage_healed":0.0,"max_hp_gain":0.0,"max_hp_loss":6.0,"gold_gain":0.0,"event_name":"Golden Idol","player_choice":"Lose Max HP","floor":11.0,"gold_loss":0.0,"damage_taken":0.0,"relics_obtained":["Golden Idol"]},{"damage_healed":0.0,"max_hp_gain":0.0,"max_hp_loss":0.0,"gold_gain":0.0,"event_name":"The Mausoleum","player_choice":"Opened","floor":21.0,"gold_loss":0.0,"damage_taken":0.0,"relics_obtained":["Regal Pillow"]},{"damage_healed":0.0,"max_hp_gain":0.0,"max_hp_loss":0.0,"gold_gain":0.0,"event_name":"The Woman in Blue","player_choice":"Bought 1 Potion","floor":25.0,"gold_loss":0.0,"damage_taken":0.0},{"damage_healed":0.0,"max_hp_gain":0.0,"max_hp_loss":0.0,"gold_gain":0.0,"event_name":"Mysterious Sphere","player_choice":"Fight","floor":42.0,"gold_loss":0.0,"damage_taken":0.0},{"damage_healed":17.0,"max_hp_gain":0.0,"max_hp_loss":0.0,"gold_gain":0.0,"event_name":"Winding Halls","player_choice":"Writhe","floor":45.0,"gold_loss":0.0,"damage_taken":0.0,"cards_obtained":["Writhe"]}],"is_beta":false,"boss_relics":[{"not_picked":["Sozu","Snecko Eye"],"picked":"Philosopher\u0027s Stone"},{"not_picked":["Calling Bell","Runic Dome"],"picked":"SacredBark"}],"items_purged_floors":[37,39,46],"is_endless":false,"potions_floor_spawned":[1,10,12,14,20,22,28,30,31,36,38,41],"ascension_level":7}}