{"host":"6mgmpue98l61x61q","time":1610696439,"event":{"mods":["BaseMod","Colored Map","Minty Spire (QoL Compilation)","Relic Stats"],"gold_per_floor":[117,117,136,154,154,188,188,216,295,295,194,194,208,228,228,329,329,342,355,5,34,34,34,34,34],"floor_reached":24,"language":"ENG","playtime":1957,"items_purged":[],"score":296,"play_id":"df90ac47-a2de-47ab-a09d-e45534a53c5a","local_time":"20210115014039","is_ascension_mode":true,"campfire_choices":[{"data":"Flame Barrier","floor":7.0,"key":"SMITH"},{"data":"Bash","floor":10.0,"key":"SMITH"},{"floor":15.0,"key":"REST"},{"data":"True Grit","floor":23,"key":"SMITH"}],"circlet_count":0,"master_deck":["Strike_R","Strike_R","Strike_R","Strike_R","Defend_R","Defend_R","Defend_R","Defend_R","Bash+1","Pommel Strike","Uppercut+1","Flame Barrier+1","Battle Trance","Headbutt","Disarm","Armaments","Ghostly Armor","True Grit","Power Through","Corruption","True Grit+1","Shrug It Off","Shrug It Off","Inflame"],"relics":["Burning Blood","Peace Pipe","Tiny Chest","Smiling Mask","Darkstone Periapt","GremlinMask","Coffee Dripper","Akabeko","Nunchaku","Red Mask","Pantograph"],"acts_visited":["Exordium","TheCity"],"potions_floor_usage":[21,24],"damage_taken":[{"damage":7.0,"enemies":"Small Slimes","floor":1.0,"turns":4.0},{"damage":0.0,"enemies":"Cultist","floor":3.0,"turns":3.0},{"damage":2.0,"enemies":"2 Louse","floor":4.0,"turns":4.0},{"damage":27.0,"enemies":"Lagavulin","floor":6.0,"turns":6.0},{"damage":9.0,"enemies":"3 Sentries","floor":8.0,"turns":9.0},{"damage":17.0,"enemies":"Lots of Slimes","floor":13.0,"turns":5.0},{"damage":1.0,"enemies":"Looter","floor":14.0,"turns":4.0},{"damage":31.0,"enemies":"The Guardian","floor":16.0,"turns":17.0},{"damage":13,"enemies":"Spheric Guardian","floor":18,"turns":6},{"damage":8,"enemies":"3 Byrds","floor":19,"turns":4},{"damage":28,"enemies":"Masked Bandits","floor":21,"turns":7},{"damage":35,"enemies":"Gremlin Leader","floor":24,"turns":4}],"seed_played":"-3143932706017139679","potions_obtained":[{"floor":1.0,"key":"Fire Potion"},{"floor":4.0,"key":"EntropicBrew"},{"floor":16.0,"key":"PowerPotion"},{"floor":18,"key":"Strength Potion"},{"floor":21,"key":"Strength Potion"}],"is_trial":false,"path_per_floor":["M","?","M","M","?","E","R","E","T","R","$","?","M","M","R","B",null,"M","M","$","?","T","R","E"],"character_chosen":"IRONCLAD","items_purchased":["Armaments","Ghostly Armor","Akabeko","Nunchaku","Shrug It Off"],"campfire_rested":1,"item_purchase_floors":[11,11,20,20,20],"current_hp_per_floor":[71,71,77,80,47,26,26,23,23,23,23,23,12,17,41,16,64,57,55,55,33,33,33,0,0],"gold":34,"neow_bonus":"TRANSFORM_CARD","is_daily":false,"chose_seed":false,"campfire_upgraded":3,"win_rate":0.0,"timestamp":1610696439,"path_taken":["M","?","?","M","?","E","R","E","T","R","$","?","M","?","R","BOSS","M","M","$","?","?","R","E"],"items_purchased_type":["Card","Card","Relic","Relic","Card"],"build_version":"2020-12-22","purchased_purges":0,"victory":false,"max_hp_per_floor":[80,80,80,80,80,80,80,80,80,80,80,80,80,80,80,80,80,80,80,80,80,80,80,80,80],"relic_stats":{"Peace Pipe":0,"Darkstone Periapt":0,"Nunchaku":[1],"counters":[12,73],"Pantograph":0,"Tiny Chest":1,"Smiling Mask":0,"obtain_stats":[{"Peace Pipe":5,"Darkstone Periapt":9,"Nunchaku":20,"Pantograph":22,"Tiny Chest":6,"GremlinMask":12,"Coffee Dripper":17,"Red Mask":21,"Smiling Mask":8,"Burning Blood":0,"Akabeko":20},{"Peace Pipe":3,"Darkstone Periapt":5,"Nunchaku":10,"Pantograph":11,"Tiny Chest":4,"GremlinMask":5,"Coffee Dripper":8,"Red Mask":11,"Smiling Mask":5,"Burning Blood":0,"Akabeko":10},{"Peace Pipe":11,"Darkstone Periapt":26,"Nunchaku":62,"Pantograph":69,"Tiny Chest":17,"GremlinMask":26,"Coffee Dripper":52,"Red Mask":69,"Smiling Mask":26,"Burning Blood":0,"Akabeko":62}],"Burning Blood":65},"card_choices":[{"not_picked":["Rampage","Pummel"],"picked":"Uppercut","floor":1.0},{"not_picked":["Clash","True Grit"],"picked":"Flame Barrier","floor":3.0},{"not_picked":["Sentinel","Perfected Strike"],"picked":"Battle Trance","floor":4.0},{"not_picked":["Cleave","Body Slam"],"picked":"Headbutt","floor":6.0},{"not_picked":["Reaper","Twin Strike"],"picked":"Disarm","floor":8.0},{"not_picked":["Pommel Strike","Flex"],"picked":"True Grit","floor":13.0},{"not_picked":["Intimidate","Heavy Blade"],"picked":"Power Through","floor":14.0},{"not_picked":["Barricade","Double Tap"],"picked":"Corruption","floor":16.0},{"not_picked":["Flex","Perfected Strike"],"picked":"True Grit","floor":18},{"not_picked":["Dropkick","Heavy Blade"],"picked":"Shrug It Off","floor":19},{"not_picked":["Headbutt+1","Pommel Strike"],"picked":"Inflame","floor":21}],"player_experience":574629,"relics_obtained":[{"floor":6.0,"key":"Tiny Chest"},{"floor":8.0,"key":"Smiling Mask"},{"floor":9.0,"key":"Darkstone Periapt"},{"floor":21,"key":"Red Mask"},{"floor":22,"key":"Pantograph"}],"event_choices":[{"damage_healed":0.0,"max_hp_gain":0.0,"max_hp_loss":0.0,"gold_gain":0.0,"event_name":"Upgrade Shrine","player_choice":"Upgraded","floor":2.0,"gold_loss":0.0,"damage_taken":0.0,"cards_upgraded":["Uppercut"]},{"damage_healed":0.0,"max_hp_gain":0.0,"max_hp_loss":0.0,"gold_gain":0.0,"event_name":"Scrap Ooze","player_choice":"Success","floor":5.0,"gold_loss":0.0,"damage_taken":33.0,"relics_obtained":["Peace Pipe"]},{"damage_healed":0.0,"max_hp_gain":0.0,"max_hp_loss":0.0,"gold_gain":0.0,"event_name":"FaceTrader","player_choice":"Trade","floor":12.0,"gold_loss":0.0,"damage_taken":0.0,"relics_obtained":["GremlinMask"]},{"damage_healed":0,"gold_gain":0,"player_choice":"Fought Bandits","damage_taken":0,"max_hp_gain":0,"max_hp_loss":0,"event_name":"Masked Bandits","floor":21,"gold_loss":0}],"is_beta":false,"boss_relics":[{"not_picked":["Runic Dome","Busted Crown"],"picked":"Coffee Dripper"}],"items_purged_floors":[],"is_endless":false,"potions_floor_spawned":[1,4,16,18,21],"killed_by":"Gremlin Leader","ascension_level":9}}