{"host":"1a3cjta80tad0aqj","time":1610731403,"event":{"mods":["2.2 Compatiblity","AchievementEnabler","BaseMod","Colored Map","DeckTracker","KOR Keyword Fix","Keyboard Shortcuts","Minty Spire (QoL Compilation)","Permanent Neow","Quick Restart","Random Character Button","StSLib","SuperFastMode","everything is the same but u backflip on backflip"],"gold_per_floor":[109,123,134,59,79,79,112,112,192,192,212,251,270,290,290,397,397,419,419,442,342,360,360,360,360,430,267,276,276,159,203,203,203,203],"floor_reached":33,"language":"KOR","playtime":1811,"items_purged":["Strike_G","Strike_G","Strike_G"],"score":273,"play_id":"8bb9490b-f405-4fb2-ad84-1a8582c203db","local_time":"20210116022323","is_ascension_mode":false,"campfire_choices":[{"data":"Terror","floor":6.0,"key":"SMITH"},{"data":"Bullet Time","floor":8.0,"key":"SMITH"},{"data":"Neutralize","floor":10.0,"key":"SMITH"},{"data":"Distraction","floor":15.0,"key":"SMITH"},{"floor":23.0,"key":"RECALL"},{"data":"Malaise","floor":25,"key":"SMITH"},{"data":"Blade Dance","floor":29,"key":"SMITH"},{"data":"Blade Dance","floor":32,"key":"SMITH"}],"circlet_count":0,"master_deck":["Defend_G","Defend_G","Defend_G","Survivor","Neutralize+1","Dagger Throw","Blade Dance+1","Terror+1","Backstab","Bullet Time+1","Cloak And Dagger","Backflip+1","Distraction+1","Cloak And Dagger","Malaise+1","Reflex","PiercingWail","All Out Attack","Deflect","Blade Dance+1","Writhe","Acrobatics"],"relics":["Ring of the Snake","Orichalcum","Torii","Kunai","CeramicFish","Empty Cage","The Courier","Omamori","Lantern"],"acts_visited":["Exordium","TheCity"],"potions_floor_usage":[],"damage_taken":[{"damage":0.0,"enemies":"2 Louse","floor":1.0,"turns":3.0},{"damage":2.0,"enemies":"Cultist","floor":2.0,"turns":4.0},{"damage":0.0,"enemies":"Jaw Worm","floor":3.0,"turns":3.0},{"damage":15.0,"enemies":"3 Louse","floor":5.0,"turns":4.0},{"damage":3.0,"enemies":"Gremlin Nob","floor":7.0,"turns":3.0},{"damage":1.0,"enemies":"2 Fungi Beasts","floor":11.0,"turns":2.0},{"damage":2.0,"enemies":"3 Sentries","floor":12.0,"turns":11.0},{"damage":0.0,"enemies":"Exordium Wildlife","floor":13.0,"turns":3.0},{"damage":0.0,"enemies":"Red Slaver","floor":14.0,"turns":2.0},{"damage":1.0,"enemies":"The Guardian","floor":16.0,"turns":10.0},{"damage":0.0,"enemies":"2 Thieves","floor":18.0,"turns":4.0},{"damage":0.0,"enemies":"3 Byrds","floor":20.0,"turns":6.0},{"damage":3,"enemies":"Book of Stabbing","floor":31,"turns":6},{"damage":27,"enemies":"Champ","floor":33,"turns":20}],"seed_played":"2998282853634701295","potions_obtained":[{"floor":5.0,"key":"CultistPotion"},{"floor":12.0,"key":"SteroidPotion"},{"floor":13.0,"key":"LiquidMemories"},{"floor":14.0,"key":"EssenceOfSteel"},{"floor":16.0,"key":"Energy Potion"},{"floor":18.0,"key":"Block Potion"}],"is_trial":false,"path_per_floor":["M","M","M","$","M","R","E","R","T","R","M","E","M","M","R","B",null,"M","?","M","$","?","R","?","R","T","$","?","R","$","E","R","B"],"character_chosen":"THE_SILENT","items_purchased":["Blade Dance","Omamori"],"campfire_rested":0,"item_purchase_floors":[27,30],"current_hp_per_floor":[70,68,68,68,53,53,50,50,50,50,49,47,47,47,47,46,70,70,70,70,70,70,70,70,70,70,70,70,70,70,67,67,40,40],"gold":203,"neow_bonus":"RANDOM_COMMON_RELIC","is_daily":false,"chose_seed":false,"campfire_upgraded":7,"win_rate":0.0,"timestamp":1610731403,"path_taken":["M","M","M","$","M","R","E","R","T","R","M","E","M","M","R","BOSS","M","?","?","$","?","R","?","R","T","?","?","R","$","E","R","BOSS"],"items_purchased_type":["Card","Relic"],"build_version":"2020-12-22","purchased_purges":3,"victory":false,"max_hp_per_floor":[70,70,70,70,70,70,70,70,70,70,70,70,70,70,70,70,70,70,70,70,70,70,70,70,70,70,70,70,70,70,70,70,70,70],"card_choices":[{"not_picked":["Slice","Cloak And Dagger"],"picked":"Dagger Throw","floor":1.0},{"not_picked":["Bane","Deflect"],"picked":"Blade Dance","floor":2.0},{"not_picked":["Riddle With Holes","Dodge and Roll"],"picked":"Terror","floor":3.0},{"not_picked":["Deflect","Flechettes"],"picked":"Backstab","floor":5.0},{"not_picked":["Deflect","Bane"],"picked":"Bullet Time","floor":7.0},{"not_picked":["Underhanded Strike","Outmaneuver"],"picked":"Cloak And Dagger","floor":11.0},{"not_picked":["Dagger Spray","Blade Dance"],"picked":"Backflip","floor":12.0},{"not_picked":["Terror","Sucker Punch"],"picked":"Distraction","floor":13.0},{"not_picked":["Skewer","Deflect"],"picked":"Cloak And Dagger","floor":14.0},{"not_picked":["Glass Knife","Bullet Time"],"picked":"Malaise","floor":16.0},{"not_picked":["All Out Attack","Dash"],"picked":"Reflex","floor":18.0},{"not_picked":["Dagger Spray","Acrobatics+1"],"picked":"PiercingWail","floor":20.0},{"not_picked":["Dagger Throw","Deflect"],"picked":"Acrobatics","floor":31}],"player_experience":658883,"relics_obtained":[{"floor":7.0,"key":"Torii"},{"floor":9.0,"key":"Kunai"},{"floor":12.0,"key":"CeramicFish"},{"floor":31,"key":"Lantern"}],"event_choices":[{"damage_healed":0.0,"max_hp_gain":0.0,"max_hp_loss":0.0,"gold_gain":0.0,"event_name":"Upgrade Shrine","player_choice":"Upgraded","floor":19.0,"gold_loss":0.0,"damage_taken":0.0,"cards_upgraded":["Backflip"]},{"damage_healed":0.0,"max_hp_gain":0.0,"max_hp_loss":0.0,"gold_gain":0.0,"cards_transformed":["Strike_G","Strike_G"],"event_name":"Drug Dealer","player_choice":"Became Test Subject","floor":22.0,"gold_loss":0.0,"damage_taken":0.0,"cards_obtained":["All Out Attack","Deflect"]},{"damage_healed":0,"gold_gain":0,"player_choice":"Ignored","damage_taken":0,"max_hp_gain":0,"max_hp_loss":0,"event_name":"Cursed Tome","floor":24,"gold_loss":0},{"damage_healed":0,"gold_gain":0,"player_choice":"Opened","damage_taken":0,"relics_obtained":["The Courier"],"max_hp_gain":0,"max_hp_loss":0,"event_name":"The Mausoleum","floor":28,"gold_loss":0,"cards_obtained":["Writhe"]}],"is_beta":false,"boss_relics":[{"not_picked":["HoveringKite","Fusion Hammer"],"picked":"Empty Cage"}],"items_purged_floors":[4,21,27],"is_endless":false,"potions_floor_spawned":[5,12,13,14,16,18,20],"killed_by":"Champ","ascension_level":0}}