{"host":"opg65mucj6ra7dr1","time":1610700117,"event":{"mods":["BaseMod","DeckTracker","Keyboard Shortcuts","Minty Spire (QoL Compilation)","Permanent Neow","Quick Restart","everything is the same but u backflip on backflip"],"gold_per_floor":[113,127,127,48,48,48,67,102,102,102,102,120,120,136,136,264,264,287,202,221,236,81,81,81,81,81,114,114,14,14,33,33,130,130,142,42,0,16,16,16,31,31,31,66,18,18,18,18,18,18],"floor_reached":51,"language":"KOR","playtime":1506,"items_purged":["Strike_G","Defend_G"],"score":983,"play_id":"5afe95f9-cf0c-4a42-82cf-f3a5ffc2d3a6","local_time":"20210115174157","is_ascension_mode":true,"campfire_choices":[{"data":"Neutralize","floor":6.0,"key":"SMITH"},{"data":"Bullet Time","floor":11.0,"key":"SMITH"},{"floor":13.0,"key":"REST"},{"data":"Bane","floor":15.0,"key":"SMITH"},{"data":"Footwork","floor":25,"key":"SMITH"},{"floor":32,"key":"REST"},{"data":"Bouncing Flask","floor":40,"key":"SMITH"},{"floor":42,"key":"REST"},{"floor":47,"key":"REST"},{"floor":49,"key":"REST"}],"circlet_count":0,"master_deck":["Strike_G","Strike_G","Defend_G","Defend_G","Defend_G","Defend_G","Survivor","Neutralize+1","Dagger Spray","PiercingWail","Well Laid Plans","Bullet Time+1","Crippling Poison","Terror","Bouncing Flask+1","Bane+1","Corpse Explosion","Prepared","Escape Plan+1","Footwork+1","Noxious Fumes","Poisoned Stab","Deflect+1","Quick Slash","Calculated Gamble","Acrobatics"],"relics":["Ring of the Snake","Bronze Scales","Bloody Idol","Snake Skull","Pear","WristBlade","Question Card","Ninja Scroll","Blue Candle","SlaversCollar","Red Mask","Pantograph","Blood Vial","Mummified Hand"],"acts_visited":["Exordium","TheCity","TheBeyond"],"potions_floor_usage":[23,27,31,33,50,50,50],"damage_taken":[{"damage":2.0,"enemies":"Small Slimes","floor":1.0,"turns":4.0},{"damage":2.0,"enemies":"Jaw Worm","floor":2.0,"turns":5.0},{"damage":6.0,"enemies":"2 Louse","floor":7.0,"turns":2.0},{"damage":24.0,"enemies":"Gremlin Nob","floor":8.0,"turns":5.0},{"damage":1.0,"enemies":"Red Slaver","floor":12.0,"turns":4.0},{"damage":5.0,"enemies":"3 Louse","floor":14.0,"turns":1.0},{"damage":25.0,"enemies":"Slime Boss","floor":16.0,"turns":8.0},{"damage":10.0,"enemies":"Spheric Guardian","floor":18.0,"turns":4.0},{"damage":15.0,"enemies":"Shell Parasite","floor":20.0,"turns":5.0},{"damage":0.0,"enemies":"Snake Plant","floor":21.0,"turns":2.0},{"damage":0,"enemies":"Shelled Parasite and Fungi","floor":23,"turns":1},{"damage":22,"enemies":"Gremlin Leader","floor":27,"turns":6},{"damage":10,"enemies":"Snecko","floor":31,"turns":4},{"damage":46,"enemies":"Champ","floor":33,"turns":12},{"damage":3,"enemies":"Orb Walker","floor":35,"turns":3},{"damage":36,"enemies":"3 Darklings","floor":38,"turns":5},{"damage":31,"enemies":"Transient","floor":41,"turns":5},{"damage":31,"enemies":"Reptomancer","floor":44,"turns":6},{"damage":53,"enemies":"Awakened One","floor":50,"turns":11}],"seed_played":"3895961679937083532","potions_obtained":[{"floor":1.0,"key":"Energy Potion"},{"floor":8.0,"key":"SmokeBomb"},{"floor":12.0,"key":"Swift Potion"},{"floor":20.0,"key":"Poison Potion"},{"floor":27,"key":"CultistPotion"},{"floor":31,"key":"CunningPotion"},{"floor":38,"key":"SneckoOil"},{"floor":41,"key":"GhostInAJar"}],"is_trial":false,"path_per_floor":["M","M","?","$","?","R","M","E","T","?","R","M","R","M","R","B",null,"M","?","M","M","$","M","$","R","T","E","?","$","?","M","R","B",null,"M","$","?","M","T","R","M","R","T","E","$","?","R","?","R","B",null],"character_chosen":"THE_SILENT","items_purchased":["Well Laid Plans","Noxious Fumes","Poisoned Stab","Regen Potion","Acrobatics"],"campfire_rested":5,"item_purchase_floors":[4,22,29,29,45],"current_hp_per_floor":[68,66,49,49,49,49,43,19,29,29,29,28,52,47,47,22,66,56,56,41,41,41,41,41,41,41,19,19,19,19,28,52,11,63,65,65,65,34,34,34,8,32,32,8,8,8,32,32,54,23],"gold":18,"neow_bonus":"RANDOM_COMMON_RELIC","is_daily":false,"chose_seed":false,"campfire_upgraded":5,"win_rate":0.0,"timestamp":1610700117,"path_taken":["M","M","?","$","?","R","M","E","T","?","R","M","R","?","R","BOSS","M","?","M","M","$","M","$","R","T","E","?","$","?","?","R","BOSS","M","$","?","M","?","R","M","R","T","E","$","?","R","?","R","BOSS"],"items_purchased_type":["Card","Card","Card","Potion","Card"],"build_version":"2020-12-22","purchased_purges":2,"victory":true,"max_hp_per_floor":[70,70,70,70,70,70,70,70,80,80,80,80,80,80,80,80,80,80,80,80,80,80,80,80,80,80,80,80,80,80,80,80,80,80,80,80,80,80,80,80,80,80,80,80,80,80,80,76,76,76],"card_choices":[{"not_picked":["Flechettes","Slice"],"picked":"Dagger Spray","floor":1.0},{"not_picked":["Leg Sweep","Endless Agony"],"picked":"PiercingWail","floor":2.0},{"not_picked":["Deflect","Cloak And Dagger"],"picked":"Crippling Poison","floor":7.0},{"not_picked":["Outmaneuver","Wraith Form v2","Distraction"],"picked":"SKIP","floor":8.0},{"not_picked":["Blade Dance","Deadly Poison"],"picked":"Bouncing Flask","floor":12.0},{"not_picked":["Setup","Escape Plan"],"picked":"Bane","floor":14.0},{"not_picked":["A Thousand Cuts","Night Terror"],"picked":"Corpse Explosion","floor":16.0},{"not_picked":["Dash+1","Well Laid Plans+1"],"picked":"Prepared","floor":18.0},{"not_picked":["Dagger Throw","Dagger Spray","Prepared+1"],"picked":"Escape Plan+1","floor":20.0},{"not_picked":["Caltrops","Eviscerate+1","Dash+1"],"picked":"Footwork","floor":21.0},{"not_picked":["Underhanded Strike","Well Laid Plans+1","PiercingWail","Storm of Steel"],"picked":"SKIP","floor":27},{"not_picked":["Dodge and Roll","Cloak And Dagger","Dagger Throw"],"picked":"Deflect+1","floor":31},{"not_picked":["Dagger Spray","Bane+1","Footwork+1","Endless Agony"],"picked":"SKIP","floor":35},{"not_picked":["Outmaneuver+1","Choke","Blade Dance","Cloak And Dagger+1"],"picked":"SKIP","floor":38},{"not_picked":["Predator+1","Skewer","Finisher+1"],"picked":"Quick Slash","floor":41},{"not_picked":["Prepared","Underhanded Strike","Deadly Poison"],"picked":"Calculated Gamble","floor":44}],"player_experience":114386,"relics_obtained":[{"floor":8.0,"key":"Snake Skull"},{"floor":9.0,"key":"Pear"},{"floor":26,"key":"Ninja Scroll"},{"floor":27,"key":"Blue Candle"},{"floor":39,"key":"Pantograph"},{"floor":43,"key":"Blood Vial"},{"floor":44,"key":"Mummified Hand"}],"event_choices":[{"damage_healed":0.0,"max_hp_gain":0.0,"max_hp_loss":0.0,"gold_gain":0.0,"event_name":"Golden Idol","player_choice":"Take Damage","floor":3.0,"gold_loss":0.0,"damage_taken":17.0,"relics_obtained":["Golden Idol"]},{"damage_healed":0.0,"max_hp_gain":0.0,"max_hp_loss":0.0,"gold_gain":0.0,"cards_transformed":["Strike_G"],"event_name":"Living Wall","player_choice":"Change","floor":5.0,"gold_loss":0.0,"damage_taken":0.0,"cards_obtained":["Bullet Time"]},{"damage_healed":0.0,"max_hp_gain":0.0,"max_hp_loss":0.0,"gold_gain":0.0,"cards_transformed":["Strike_G"],"event_name":"Transmorgrifier","player_choice":"Transformed","floor":10.0,"gold_loss":0.0,"damage_taken":0.0,"cards_obtained":["Terror"]},{"damage_healed":0.0,"max_hp_gain":0.0,"max_hp_loss":0.0,"gold_gain":0.0,"event_name":"Addict","player_choice":"Obtained Relic","floor":19.0,"gold_loss":85.0,"damage_taken":0.0,"relics_obtained":["Question Card"]},{"damage_healed":0,"gold_gain":0,"player_choice":"Ignored","damage_taken":0,"max_hp_gain":0,"max_hp_loss":0,"event_name":"Vampires","floor":28,"gold_loss":0},{"damage_healed":0,"gold_gain":0,"player_choice":"Gave Idol","damage_taken":0,"relics_obtained":["Bloody Idol"],"max_hp_gain":0,"max_hp_loss":0,"event_name":"Forgotten Altar","floor":30,"relics_lost":["Golden Idol"],"gold_loss":0},{"damage_healed":0,"gold_gain":0,"player_choice":"Paid","damage_taken":0,"relics_obtained":["Red Mask"],"max_hp_gain":0,"max_hp_loss":0,"event_name":"Tomb of Lord Red Mask","floor":37,"gold_loss":42},{"damage_healed":0,"gold_gain":0,"player_choice":"Ignored","damage_taken":0,"max_hp_gain":0,"max_hp_loss":0,"event_name":"Mysterious Sphere","floor":46,"gold_loss":0},{"damage_healed":0,"gold_gain":0,"player_choice":"Max HP","damage_taken":0,"max_hp_gain":0,"max_hp_loss":4,"event_name":"Winding Halls","floor":48,"gold_loss":0}],"is_beta":false,"boss_relics":[{"not_picked":["Fusion Hammer","Pandora\u0027s Box"],"picked":"WristBlade"},{"not_picked":["Cursed Key","Runic Dome"],"picked":"SlaversCollar"}],"items_purged_floors":[22,36],"is_endless":false,"potions_floor_spawned":[1,8,12,20,27,31,38,41],"ascension_level":5}}