{"host":"oeotdbd679q6m6vu","time":1610705451,"event":{"mods":["Act Like it!","BaseMod","Colored Map","Decade(Õı–°√˜)","Downfall","Friendly Minions","Gensokyo","GifTheSpireLib","Highlight Path","Marisa£®ÏF”Í°°ƒß¿Ì…≥£©","Minty Spire (QoL Compilation)","Rare Cards Sparkle","Reimu£®≤©¿ˆ¡È√Œ£©","StSLib","The Animator","Youmu£®ªÍ∆«—˝√Œ£©"],"gold_per_floor":[99,99,99,99,99,99,99,119,150,168,168,168,168],"floor_reached":11,"language":"ZHS","playtime":379,"items_purged":[],"score":72,"play_id":"d00e52d6-e9b9-4d4d-a182-a73867b6dc57","local_time":"20210115051051","is_ascension_mode":true,"campfire_choices":[{"data":"Slimebound:CorrosiveSpit","floor":1,"key":"SMITH"}],"circlet_count":0,"master_deck":["Slimebound:Strike_Slimebound","Slimebound:Strike_Slimebound","Slimebound:Strike_Slimebound","Slimebound:Tackle","Slimebound:Defend_Slimebound","Slimebound:Defend_Slimebound","Slimebound:Defend_Slimebound","Slimebound:Defend_Slimebound","Slimebound:Split","Slimebound:CorrosiveSpit+1","Slimebound:AcidTongue","Slimebound:Dissolve"],"relics":["Slimebound:AbsorbEndCombat","downfall:HeartsMalice","Gremlin Horn","Anchor"],"acts_visited":["Exordium"],"potions_floor_usage":[9,11,11],"damage_taken":[{"damage":0,"enemies":"Small Slimes","floor":2,"turns":1},{"damage":0,"enemies":"Cultist","floor":4,"turns":1},{"damage":0,"enemies":"Jaw Worm","floor":5,"turns":1},{"damage":17,"enemies":"Red Slaver","floor":8,"turns":4},{"damage":27,"enemies":"Lagavulin","floor":9,"turns":6},{"damage":12,"enemies":"Exordium Thugs","floor":10,"turns":3},{"damage":53,"enemies":"Gremlin Nob","floor":11,"turns":3}],"seed_played":"3130443305195461369","potions_obtained":[{"floor":3,"key":"Explosive Potion"},{"floor":3,"key":"hexamod:EctoCoolerPotion"},{"floor":3,"key":"DuplicationPotion"},{"floor":10,"key":"SkillPotion"}],"is_trial":false,"path_per_floor":["R","M","?","M","M","?","T","M","E","M","E"],"character_chosen":"SLIMEBOUND","items_purchased":[],"campfire_rested":0,"item_purchase_floors":[],"current_hp_per_floor":[60,60,60,60,60,42,42,37,24,22,0,0,0],"gold":168,"neow_bonus":"THREE_ENEMY_KILL","is_daily":false,"chose_seed":false,"campfire_upgraded":1,"win_rate":0.0,"timestamp":1610705451,"path_taken":["R","M","?","M","?","?","T","M","E","M","E"],"items_purchased_type":[],"build_version":"2020-12-22","purchased_purges":0,"victory":false,"max_hp_per_floor":[60,60,60,60,60,60,60,60,60,60,60,60,60],"card_choices":[{"not_picked":["Slimebound:GrowthPunch","Slimebound:RollThrough"],"picked":"Slimebound:AcidTongue","floor":2},{"not_picked":["Slimebound:FirmFortitude","Slimebound:SamplingLick"],"picked":"Slimebound:Dissolve","floor":4},{"not_picked":["Slimebound:FinishingTackle","Slimebound:LeechingTouch","Slimebound:Chomp"],"picked":"SKIP","floor":5},{"not_picked":["Slimebound:ServeAndProtect","Slimebound:ViciousTackle","Slimebound:DivideAndConquer"],"picked":"SKIP","floor":8},{"not_picked":["Slimebound:RollThrough","Slimebound:ViciousTackle","Slimebound:Prepare"],"picked":"SKIP","floor":9},{"not_picked":["Slimebound:SplitAcid","Slimebound:DivideAndConquer","Slimebound:PressTheAttack"],"picked":"SKIP","floor":10}],"player_experience":313557,"relics_obtained":[{"floor":9,"key":"Anchor"}],"event_choices":[{"damage_healed":0,"gold_gain":0,"player_choice":"Got Potions","damage_taken":0,"max_hp_gain":0,"max_hp_loss":0,"event_name":"Lab","floor":3,"gold_loss":0},{"damage_healed":0,"gold_gain":0,"player_choice":"Success","damage_taken":18,"relics_obtained":["Gremlin Horn"],"max_hp_gain":0,"max_hp_loss":0,"event_name":"Scrap Ooze","floor":6,"gold_loss":0}],"is_beta":false,"boss_relics":[],"items_purged_floors":[],"is_endless":false,"potions_floor_spawned":[8,10],"killed_by":"Gremlin Nob","ascension_level":1}}