{"host":"gkmfgzxy0jvnl2zt","time":1610679962,"event":{"mods":["AchievementEnabler","Act Like it!","Aspiration","BaseMod","Better Note","BetterRewards","Card Forge","Colored Map","Colored Powertips","Conspire","Elementarium","Energized Spire","Infinite Spire","Ironclad Rager","Mimic Mod","Minty Spire (QoL Compilation)","Permanent Neow","Replay The Spire","Shop Mod","StSLib","The Factory","The Jungle","Trackpad","vexMod"],"gold_per_floor":[99999,99999,100011,100025,100036,100069,99513,99540,99572,99772,99805,99821,99853,99881,99881,99988,99988,100003,100003,100003,100041,100041,100041,100096,100096,100096,100113,100113,100127,100156,99059,99059,99165,99165,99193,99233,98059,98059,98105,98105,98065,98100,98100,98141,98141,98141,98185,98185,98185,98179,98179,98179,97737,97798,97811],"floor_reached":56,"language":"ENG","playtime":3997,"items_purged":["Strike_G+1","Strike_G+1"],"score":1276,"play_id":"9259731a-95c9-4821-ba68-9e93f4ae9180","local_time":"20210114220602","is_ascension_mode":true,"campfire_choices":[{"floor":10,"key":"REST"},{"floor":15,"key":"REST"},{"floor":23,"key":"REST"},{"floor":25,"key":"REST"},{"floor":32,"key":"RECALL"},{"floor":40,"key":"REST"},{"floor":46,"key":"REST"},{"floor":49,"key":"DIG"},{"floor":52,"key":"REST"}],"circlet_count":0,"master_deck":["Defend_G+1","Defend_G+1","Defend_G+1","Survivor+1","Neutralize+1","Sadistic Nature+1","Catalyst+1","Dagger Spray+1","Replay:Poison Smokescreen+1","conspire:DoublingDagger+1","Demon Form+1","Echo Form+1","DevaForm+1","Terror+1","Infinite Blades+1","Buffer+1","Outmaneuver+1","Accuracy+1","Flash of Steel+1","Finesse+1","After Image+1","ReplayTheSpireMod:Tripwire+1","Replay:Poison Smokescreen+1","Outmaneuver+1","Caltrops+1","Poisoned Stab+1","Envenom+1","Infinite Blades+1","White Noise+1","ConjureBlade+1","RitualDagger+1","Blade Dance+1","Poisoned Stab+1","infinitespire:Starlight+1","Fluid Movement+1","Outmaneuver+1","Catalyst+1","infinitespire:Menacing+1","Distraction+1","Noxious Fumes+1","Quick Slash+1","All Out Attack+1","ReplayTheSpireMod:Brewmster+1","Choke+1","Hidden Blade+1","Blur+1","Blur+1","infinitespire:Neurotoxin+1","conspire:PoisonWeapons+1","Prepared+1","ReplayTheSpireMod:Exploit Weakness+1","ReplayTheSpireMod:Scrap Shanks+1","Accuracy+1","Draining Mist+1","Cloak And Dagger+1","ReplayTheSpireMod:Brewmster+1","Madness+1","Secret Technique+1","Jack Of All Trades+1","Good Instincts+1","Replay:Poison Smokescreen+1","Terror+1","conspire:DoublingDagger+1","Replay:Poison Smokescreen+1","Poisoned Stab+1","Footwork+1","MasterReality+1","Terror+1","Cloak And Dagger+1","infinitespire:Oblivion+1","Cloak And Dagger+1"],"relics":["Ring of the Snake","Hammer of Thor","Seething Fire","Anvil of the Gods","CultistMask","infinitespire:PuzzleCube","vexMod:RedPlottingStone","Gremlin Food","Prayer Wheel","Boot","Whetstone","Shuriken","Replay:Bandana","vexMod:DeviousBotling","ReplayTheSpireMod:Ring of Addiction","SacredBark","White Beast Statue","Pantograph","infinitespire:EmpoweringShard","aspiration:Nostalgia","Cracked Core","Ring of Chaos","aspiration:FrozenJewel","Matryoshka","ClockworkSouvenir","energizedSpire:HighHeels","trackpad:DisasterInABottle","vexMod:BarristanHead","Sling","conspire:DeflatedDodgeball","Mercury Hourglass","trackpad:PetRock","energizedSpire:MagnifyingGlass","Blue Doll","infinitespire:Beetle Shell","aspiration:VileToxins","vexMod:Spyglass","trackpad:IceCube"],"acts_visited":["Exordium","TheCity","TheBeyond","TheEnding"],"potions_floor_usage":[6,9,16,21,24,24,24,27,30,33,33,35,35,39,42,44,44,47,47,47,54,55,55],"damage_taken":[{"damage":0,"enemies":"Jaw Worm","floor":1,"turns":3},{"damage":0,"enemies":"Cultist","floor":3,"turns":3},{"damage":0,"enemies":"2 Louse","floor":4,"turns":2},{"damage":1,"enemies":"Gremlin Gang","floor":5,"turns":3},{"damage":10,"enemies":"Gremlin Nob","floor":6,"turns":4},{"damage":36,"enemies":"3 Sentries","floor":8,"turns":5},{"damage":0,"enemies":"2 Fungi Beasts","floor":9,"turns":3},{"damage":24,"enemies":"Gremlin Nob","floor":11,"turns":4},{"damage":0,"enemies":"2 Fungi Beasts","floor":12,"turns":3},{"damage":10,"enemies":"3 Sentries","floor":13,"turns":6},{"damage":0,"enemies":"Looter","floor":14,"turns":2},{"damage":0,"enemies":"Slime Boss","floor":16,"turns":5},{"damage":30,"enemies":"3 Byrds","floor":18,"turns":5},{"damage":0,"enemies":"Spheric Guardian","floor":21,"turns":3},{"damage":9,"enemies":"Book of Stabbing","floor":24,"turns":3},{"damage":0,"enemies":"conspire:HollyBat","floor":27,"turns":7},{"damage":0,"enemies":"Centurion and Healer","floor":29,"turns":1},{"damage":12,"enemies":"Sentry and Sphere","floor":30,"turns":4},{"damage":4,"enemies":"conspire:MysteriousRune","floor":33,"turns":6},{"damage":12,"enemies":"Orb Walker","floor":35,"turns":2},{"damage":12,"enemies":"3 Darklings","floor":36,"turns":4},{"damage":0,"enemies":"Maw","floor":39,"turns":3},{"damage":9,"enemies":"Writhing Mass","floor":42,"turns":4},{"damage":5,"enemies":"3 Darklings","floor":44,"turns":3},{"damage":0,"enemies":"Transient","floor":47,"turns":5},{"damage":0,"enemies":"Donu and Deca","floor":50,"turns":1},{"damage":0,"enemies":"Shield and Spear","floor":54,"turns":5},{"damage":84,"enemies":"The Heart","floor":55,"turns":6}],"seed_played":"8679553707138716749","potions_obtained":[{"floor":4,"key":"LifebloodPotion"},{"floor":8,"key":"SkillPotion"},{"floor":13,"key":"SteroidPotion"},{"floor":14,"key":"Adrenaline Potion"},{"floor":16,"key":"Fire Potion"},{"floor":20,"key":"DistilledChaos"},{"floor":20,"key":"PowerPotion"},{"floor":20,"key":"infinitespire:BlackPotion"},{"floor":21,"key":"AttackPotion"},{"floor":24,"key":"Energy Potion"},{"floor":27,"key":"BlessingOfTheForge"},{"floor":30,"key":"Strength Potion"},{"floor":33,"key":"Elixir"},{"floor":35,"key":"SteroidPotion"},{"floor":36,"key":"Dexterity Potion"},{"floor":39,"key":"Energy Potion"},{"floor":41,"key":"GhostInAJar"},{"floor":42,"key":"Fire Potion"},{"floor":44,"key":"Fire Potion"},{"floor":47,"key":"Fruit Juice"},{"floor":54,"key":"Adrenaline Potion"}],"is_trial":false,"path_per_floor":["M","?","M","M","M","E","$","E","MIM","R","E","M","E","M","R","B",null,"M","?","?","M","?","R","E","R","T","M","AVR","M","M","$","R","B",null,"M","M","$","?","M","R","?","M","T","M","?","R","M","AVR","R_BF","B",null,"R","$","E","B",null],"character_chosen":"THE_SILENT","items_purchased":["vexMod:RedPlottingStone","Gremlin Food","Infinite Blades","aspiration:FrozenJewel","Matryoshka","ClockworkSouvenir","ReplayTheSpireMod:Brewmster","Choke","Hidden Blade","Milkshake","Blur","trackpad:DisasterInABottle","vexMod:BarristanHead","Sling","CunningPotion","Accuracy","Draining Mist","Cloak And Dagger","ReplayTheSpireMod:Brewmster","Madness","infinitespire:Beetle Shell","aspiration:VileToxins","vexMod:Spyglass"],"campfire_rested":7,"item_purchase_floors":[7,7,7,31,31,31,31,31,31,31,31,37,37,37,37,37,37,37,37,37,53,53,53],"current_hp_per_floor":[70,70,70,70,69,59,59,23,23,64,40,40,30,30,54,54,80,50,44,44,44,32,56,47,71,71,80,80,80,68,68,68,64,80,68,68,68,58,58,78,78,69,69,64,88,88,98,98,98,98,96,96,96,94,46],"gold":97811,"neow_bonus":"RANDOM_COLORLESS_2","is_daily":false,"chose_seed":false,"campfire_upgraded":0,"win_rate":0.0,"timestamp":1610679962,"path_taken":["M","?","M","M","M","E","$","E","MIM","R","E","M","E","M","R","BOSS","M","?","?","M","?","R","E","R","T","M","AVR","?","M","$","R","BOSS","M","M","$","?","M","R","?","?","T","M","?","R","?","AVR","R_BF","BOSS","R","$","E","BOSS"],"items_purchased_type":["Relic","Relic","Card","Relic","Relic","Relic","Card","Card","Card","Potion","Card","Relic","Relic","Relic","Potion","Card","Card","Card","Card","Card","Relic","Relic","Relic"],"build_version":"2020-12-22","purchased_purges":2,"victory":true,"max_hp_per_floor":[70,70,70,70,70,70,70,70,70,80,80,80,80,80,80,80,80,80,80,80,80,80,80,80,80,80,80,80,80,80,80,80,80,80,80,80,80,80,78,78,78,78,78,78,88,88,98,98,98,98,96,96,96,94,94],"card_choices":[{"not_picked":["ReplayUltimateDefense","Midas Touch"],"picked":"Sadistic Nature","floor":0},{"not_picked":["Acrobatics","Reflex"],"picked":"Catalyst","floor":1},{"not_picked":["Prepared","Backflip"],"picked":"Dagger Spray","floor":3},{"not_picked":["Phantasmal Killer","Flying Knee"],"picked":"Replay:Poison Smokescreen","floor":4},{"not_picked":["Bane","Dagger Throw"],"picked":"conspire:DoublingDagger","floor":5},{"not_picked":["Prepared","PiercingWail"],"picked":"Terror","floor":6},{"not_picked":["Reflex","Hidden Blade"],"picked":"Outmaneuver","floor":8},{"not_picked":["Corpse Explosion","Predator"],"picked":"Accuracy","floor":9},{"not_picked":["Dodge and Roll","Escape Plan"],"picked":"After Image","floor":11},{"not_picked":["Dash","Slice"],"picked":"ReplayTheSpireMod:Tripwire","floor":12},{"not_picked":["Skewer","Crippling Poison"],"picked":"Replay:Poison Smokescreen","floor":12},{"not_picked":["Fluid Movement","Prepared"],"picked":"Outmaneuver","floor":13},{"not_picked":["Bane","Hidden Blade"],"picked":"Caltrops","floor":14},{"not_picked":["Slice","Flying Knee"],"picked":"Poisoned Stab","floor":14},{"not_picked":["Glass Knife","Tools of the Trade"],"picked":"Envenom","floor":16},{"not_picked":["Heel Hook","Finisher"],"picked":"Infinite Blades","floor":18},{"not_picked":["Acrobatics+1","Underhanded Strike"],"picked":"Dash","floor":18},{"not_picked":["Backstab","Reflex+1"],"picked":"Blade Dance","floor":21},{"not_picked":["Cloak And Dagger","conspire:PoisonWeapons"],"picked":"Poisoned Stab+1","floor":21},{"not_picked":["conspire:DoublingDagger","Dagger Throw+1"],"picked":"Fluid Movement","floor":24},{"not_picked":["Terror+1","Dodge and Roll"],"picked":"Outmaneuver","floor":27},{"not_picked":["Bane","Eviscerate"],"picked":"Catalyst","floor":27},{"not_picked":["Venomology","Choke"],"picked":"Distraction+1","floor":29},{"not_picked":["Dodge and Roll","Sucker Punch"],"picked":"Noxious Fumes+1","floor":29},{"not_picked":["Backflip","Deadly Poison"],"picked":"Quick Slash","floor":30},{"not_picked":["Backflip+1","Deadly Poison+1"],"picked":"All Out Attack","floor":30},{"not_picked":["Night Terror","Glass Knife"],"picked":"infinitespire:Neurotoxin","floor":33},{"not_picked":["Deadly Poison+1","Hidden Blade+1"],"picked":"conspire:PoisonWeapons+1","floor":35},{"not_picked":["Calculated Gamble","Masterful Stab+1"],"picked":"Prepared","floor":35},{"not_picked":["Underhanded Strike+1","Poisoned Stab"],"picked":"ReplayTheSpireMod:Exploit Weakness+1","floor":36},{"not_picked":["Quick Slash+1","Masterful Stab+1"],"picked":"ReplayTheSpireMod:Scrap Shanks","floor":36},{"not_picked":["Forethought","Impatience"],"picked":"Secret Technique","floor":38},{"not_picked":["Replay:Sssssssssshield","Deep Breath"],"picked":"Jack Of All Trades","floor":38},{"not_picked":["Impatience","The Bomb"],"picked":"Good Instincts","floor":38},{"not_picked":["Hidden Blade","Backflip+1"],"picked":"Replay:Poison Smokescreen","floor":39},{"not_picked":["Acrobatics","Bane"],"picked":"Terror","floor":39},{"not_picked":["Slice+1","Poisoned Stab"],"picked":"conspire:DoublingDagger+1","floor":42},{"not_picked":["PiercingWail","Dagger Throw"],"picked":"Replay:Poison Smokescreen+1","floor":42},{"not_picked":["Deadly Poison+1","Cloak And Dagger"],"picked":"Poisoned Stab","floor":44},{"not_picked":["Eviscerate","All Out Attack"],"picked":"Footwork+1","floor":44},{"not_picked":["Underhanded Strike+1","All Out Attack"],"picked":"Terror","floor":47},{"not_picked":["Deflect","Dodge and Roll"],"picked":"Cloak And Dagger","floor":47},{"not_picked":["All Out Attack+1","Bane"],"picked":"Cloak And Dagger+1","floor":54}],"player_experience":59293,"relics_obtained":[{"floor":6,"key":"infinitespire:PuzzleCube"},{"floor":8,"key":"Boot"},{"floor":11,"key":"Shuriken"},{"floor":13,"key":"Replay:Bandana"},{"floor":20,"key":"ReplayTheSpireMod:Ring of Addiction"},{"floor":20,"key":"SacredBark"},{"floor":20,"key":"White Beast Statue"},{"floor":24,"key":"Pantograph"},{"floor":26,"key":"infinitespire:EmpoweringShard"},{"floor":43,"key":"conspire:DeflatedDodgeball"},{"floor":43,"key":"Mercury Hourglass"},{"floor":49,"key":"Blue Doll"},{"floor":54,"key":"trackpad:IceCube"}],"event_choices":[{"damage_healed":0,"gold_gain":0,"player_choice":"Trade","damage_taken":0,"relics_obtained":["CultistMask"],"max_hp_gain":0,"max_hp_loss":0,"event_name":"FaceTrader","floor":2,"gold_loss":0},{"damage_healed":0,"gold_gain":0,"player_choice":"Joined the Cult","damage_taken":6,"max_hp_gain":0,"max_hp_loss":0,"event_name":"Nest","floor":19,"gold_loss":0,"cards_obtained":["RitualDagger"]},{"damage_healed":0,"gold_gain":0,"player_choice":"CARD ","damage_taken":12,"max_hp_gain":0,"max_hp_loss":0,"event_name":"Knowing Skull","floor":22,"potions_obtained":[],"gold_loss":0,"cards_obtained":["Mind Blast"]},{"damage_healed":0,"gold_gain":0,"player_choice":"Memory 3","damage_taken":10,"max_hp_gain":0,"max_hp_loss":0,"event_name":"SensoryStone","floor":38,"gold_loss":0},{"damage_healed":0,"gold_gain":0,"player_choice":"Bought 3 Potions","damage_taken":0,"max_hp_gain":0,"max_hp_loss":0,"event_name":"The Woman in Blue","floor":41,"gold_loss":0},{"cards_removed":["MasterReality"],"damage_healed":14,"gold_gain":0,"player_choice":"Offered Rare","damage_taken":0,"max_hp_gain":10,"max_hp_loss":0,"event_name":"Bonfire Elementals","floor":45,"gold_loss":0}],"is_beta":false,"boss_relics":[{"not_picked":["Velvet Choker","Replay:Fungal Core"],"picked":"vexMod:DeviousBotling"},{"not_picked":["HoveringKite","SlaversCollar"],"picked":"energizedSpire:HighHeels"}],"items_purged_floors":[7,37],"is_endless":false,"potions_floor_spawned":[4,8,13,14,16,21,24,27,29,30,33,35,36,39,42,44,47,54],"ascension_level":2}}