{"host":"8pjvbxl6xo882v42","time":1610730323,"event":{"mods":["AchievementEnabler","BaseMod","Minty Spire (QoL Compilation)","Replay The Spire","StSLib","The Cursed"],"gold_per_floor":[119,129,77,77,2,37,47,47,70,70,89,123,123,158,158,235,235,246,266,266,266,2,35,35,35,35,35,35,35],"floor_reached":28,"language":"FRA","playtime":1339,"items_purged":[],"score":554,"play_id":"3bedcfaf-83cb-47c7-aa8e-f9d55ec38215","local_time":"20210115180523","is_ascension_mode":true,"campfire_choices":[{"data":"Rupture","floor":8,"key":"SMITH"},{"data":"Combust","floor":13,"key":"SMITH"},{"floor":15,"key":"REST"},{"floor":24,"key":"REST"}],"circlet_count":0,"master_deck":["AscendersBane","Strike_R","Strike_R","Strike_R","Defend_R","Defend_R","Defend_R","Defend_R","Bash+1","Twin Strike","Shrug It Off","Cleave","Combust+1","Rupture+1","Flex","Twin Strike","Shrug It Off","Barricade","Ghostly Armor+1","Intimidate","Feed","Hemokinesis","Power Through","Flex+1"],"relics":["Burning Blood","NeowsBlessing","Replay:Bottled Snecko","Omamori","Ring of Searing","Ring of Peace","Prayer Wheel","Pen Nib","Snecko Heart","Garlic","Oddly Smooth Stone","Frozen Egg 2"],"acts_visited":["Exordium","TheCity"],"potions_floor_usage":[14,16,19],"damage_taken":[{"damage":0,"enemies":"Small Slimes","floor":1,"turns":1},{"damage":0,"enemies":"Cultist","floor":2,"turns":1},{"damage":0,"enemies":"3 Sentries","floor":6,"turns":1},{"damage":9,"enemies":"Jaw Worm","floor":7,"turns":5},{"damage":12,"enemies":"2 Fungi Beasts","floor":11,"turns":3},{"damage":31,"enemies":"Gremlin Nob","floor":12,"turns":4},{"damage":24,"enemies":"3 Sentries","floor":14,"turns":6},{"damage":32,"enemies":"Slime Boss","floor":16,"turns":6},{"damage":20,"enemies":"Shell Parasite","floor":18,"turns":5},{"damage":15,"enemies":"Chosen","floor":19,"turns":6},{"damage":27,"enemies":"Gremlin Leader","floor":23,"turns":7},{"damage":39,"enemies":"Sentry and Sphere","floor":28,"turns":5}],"seed_played":"2750511801063458971","potions_obtained":[{"floor":7,"key":"CultistPotion"},{"floor":11,"key":"BlessingOfTheForge"},{"floor":16,"key":"Block Potion"},{"floor":19,"key":"PowerPotion"}],"is_trial":false,"path_per_floor":["M","M","$","?","$","E","M","R","T","?","M","E","R","E","R","B",null,"M","M","?","?","$","E","R","$","T","$","M"],"character_chosen":"IRONCLAD","items_purchased":["Cleave","Combust","Garlic"],"campfire_rested":2,"item_purchase_floors":[3,5,22],"current_hp_per_floor":[74,75,75,75,75,75,72,72,72,72,66,41,41,23,45,19,61,47,38,38,38,38,17,39,39,39,39,0,0],"gold":35,"neow_bonus":"THREE_ENEMY_KILL","is_daily":false,"chose_seed":false,"campfire_upgraded":2,"win_rate":0.0,"timestamp":1610730323,"path_taken":["M","M","$","?","?","E","M","R","T","?","M","E","R","E","R","BOSS","M","M","?","?","$","E","R","$","T","?","?"],"items_purchased_type":["Card","Card","Relic"],"build_version":"2020-12-22","purchased_purges":0,"victory":false,"max_hp_per_floor":[75,75,75,75,75,75,75,75,75,75,75,75,75,75,75,75,75,75,75,75,75,75,75,75,75,75,75,75,75],"card_choices":[{"not_picked":["Clash","Sword Boomerang"],"picked":"Twin Strike","floor":1},{"not_picked":["Thunderclap","Clash"],"picked":"Shrug It Off","floor":2},{"not_picked":["Sever Soul","Seeing Red"],"picked":"Rupture","floor":6},{"not_picked":["Body Slam","Run Through","Sword Boomerang"],"picked":"SKIP","floor":7},{"not_picked":["Cleave","Fire Breathing"],"picked":"Flex","floor":11},{"not_picked":["Rage","Anger"],"picked":"Twin Strike","floor":12},{"not_picked":["Combust","Dark Embrace"],"picked":"Shrug It Off","floor":14},{"not_picked":["Reaper","Immolate"],"picked":"Barricade","floor":16},{"not_picked":["True Grit+1","Pommel Strike"],"picked":"Ghostly Armor+1","floor":18},{"not_picked":["Thunderclap","Wild Strike","ReplayTheSpireMod:LeadingStrike"],"picked":"SKIP","floor":18},{"not_picked":["Havoc","Armaments"],"picked":"Intimidate","floor":19},{"not_picked":["Run Through","Brutality","Anger"],"picked":"SKIP","floor":19},{"not_picked":["Twin Strike","Uppercut"],"picked":"Flex+1","floor":23}],"player_experience":335824,"relics_obtained":[{"floor":6,"key":"Replay:Bottled Snecko"},{"floor":9,"key":"Omamori"},{"floor":10,"key":"Ring of Searing"},{"floor":10,"key":"Ring of Peace"},{"floor":12,"key":"Prayer Wheel"},{"floor":14,"key":"Pen Nib"},{"floor":23,"key":"Oddly Smooth Stone"},{"floor":26,"key":"Frozen Egg 2"}],"event_choices":[{"damage_healed":0,"gold_gain":0,"player_choice":"Upgraded","damage_taken":0,"max_hp_gain":0,"max_hp_loss":0,"event_name":"Upgrade Shrine","floor":4,"gold_loss":0,"cards_upgraded":["Bash"]},{"damage_healed":0,"gold_gain":0,"cards_transformed":["Strike_R","Strike_R"],"player_choice":"Became Test Subject","damage_taken":0,"max_hp_gain":0,"max_hp_loss":0,"event_name":"Drug Dealer","floor":20,"gold_loss":0,"cards_obtained":["Feed","Hemokinesis"]},{"damage_healed":0,"gold_gain":0,"player_choice":"Read","damage_taken":0,"max_hp_gain":0,"max_hp_loss":0,"event_name":"The Library","floor":21,"gold_loss":0,"cards_obtained":["Power Through"]}],"is_beta":false,"boss_relics":[{"not_picked":["Electric Blood","Ring of Chaos"],"picked":"Snecko Heart"}],"items_purged_floors":[],"is_endless":false,"potions_floor_spawned":[7,11,12,16,19],"killed_by":"Sentry and Sphere","ascension_level":20}}