{"host":"q2j4ef1ti78v4imq","time":1610724803,"event":{"mods":["AchievementEnabler","BaseMod","Better Altar","Better Match","Better Note","Better Sensory Stone","Better Skull","Better Third Choice","Block Reminder","Hermit","Minty Spire (QoL Compilation)","Relic Stats","Replay The Spire","Shade Mod","StSLib"],"gold_per_floor":[116,132,61,61,71,71,82,82,82,110,130,164,164,13,13,90,90,122,122,134,146,158,158],"floor_reached":22,"language":"ENG","playtime":1061,"items_purged":[],"score":330,"play_id":"21d6ef43-2839-4c93-ac99-d71a1a0e933d","local_time":"20210115153323","is_ascension_mode":true,"campfire_choices":[{"data":"Footwork","floor":6.0,"key":"SMITH"},{"data":"Distraction","floor":8.0,"key":"SMITH"},{"floor":13.0,"key":"REST"},{"data":"Tools of the Trade","floor":15.0,"key":"SMITH"}],"circlet_count":0,"master_deck":["AscendersBane","Strike_G+1","Strike_G+1","Strike_G+1","Strike_G+1","Strike_G+1","Defend_G+1","Defend_G+1","Defend_G+1","Defend_G+1","Defend_G+1","Survivor","Neutralize","Flying Knee","Deflect","Footwork+1","Burn","Deadly Poison","Distraction+1","Terror","ReplayTheSpireMod:Speed Training","Tools of the Trade+1","Bullet Time","CurseOfTheBell","Catalyst+1","Bane","CommonCold"],"relics":["Ring of the Snake","FossilizedHelix","Vampiric Spirits","Art of War","Chemical X","Calling Bell","MawBank","Toxic Egg 2","Replay:Arrowhead","Ring of Hypnosis"],"acts_visited":["Exordium","TheCity"],"potions_floor_usage":[19],"damage_taken":[{"damage":1.0,"enemies":"2 Louse","floor":1.0,"turns":4.0},{"damage":0.0,"enemies":"Small Slimes","floor":2.0,"turns":3.0},{"damage":6.0,"enemies":"Jaw Worm","floor":5.0,"turns":6.0},{"damage":2.0,"enemies":"Exordium Wildlife","floor":7.0,"turns":5.0},{"damage":16.0,"enemies":"3 Sentries","floor":10.0,"turns":14.0},{"damage":21.0,"enemies":"Exordium Thugs","floor":11.0,"turns":5.0},{"damage":18.0,"enemies":"Lagavulin","floor":12.0,"turns":9.0},{"damage":6.0,"enemies":"Hexaghost","floor":16.0,"turns":15.0},{"damage":3,"enemies":"Shell Parasite","floor":18,"turns":8},{"damage":18,"enemies":"2 Thieves","floor":19,"turns":4},{"damage":62,"enemies":"Sentry and Sphere","floor":22,"turns":5}],"seed_played":"7347761002959600000","potions_obtained":[{"floor":1.0,"key":"Elixir"},{"floor":10.0,"key":"AttackPotion"},{"floor":12.0,"key":"LifebloodPotion"},{"floor":18,"key":"SpeedPotion"},{"floor":19,"key":"Fruit Juice"}],"is_trial":false,"path_per_floor":["M","M","$","?","M","R","M","R","T","E","M","E","R","$","R","B",null,"M","M","?","?","M"],"character_chosen":"THE_SILENT","items_purchased":["Footwork","Chemical X"],"campfire_rested":1,"item_purchase_floors":[3,14],"current_hp_per_floor":[64,64,64,64,58,58,56,56,56,40,23,5,26,26,26,21,59,57,49,49,49,0,0],"gold":158,"neow_bonus":"TEN_PERCENT_HP_BONUS","is_daily":false,"chose_seed":false,"campfire_upgraded":3,"win_rate":0.0,"timestamp":1610724803,"path_taken":["M","M","$","?","M","R","M","R","T","E","M","E","R","$","R","BOSS","M","M","?","?","M"],"items_purchased_type":["Card","Relic"],"build_version":"2020-12-22","purchased_purges":0,"victory":false,"max_hp_per_floor":[72,72,72,72,72,72,72,72,72,72,72,72,72,72,72,72,72,72,77,77,77,77,77],"relic_stats":{"counters":[11,78],"Art of War":[1],"Chemical X":[1],"MawBank":60,"obtain_stats":[{"Calling Bell":17,"Ring of Hypnosis":21,"Vampiric Spirits":10,"Art of War":12,"Chemical X":14,"Toxic Egg 2":17,"MawBank":17,"FossilizedHelix":9,"Replay:Arrowhead":17,"Ring of the Snake":0},{"Calling Bell":8,"Ring of Hypnosis":10,"Vampiric Spirits":5,"Art of War":7,"Chemical X":7,"Toxic Egg 2":8,"MawBank":8,"FossilizedHelix":4,"Replay:Arrowhead":8,"Ring of the Snake":0},{"Calling Bell":61,"Ring of Hypnosis":73,"Vampiric Spirits":32,"Art of War":46,"Chemical X":46,"Toxic Egg 2":61,"MawBank":61,"FossilizedHelix":18,"Replay:Arrowhead":61,"Ring of the Snake":0}],"Ring of the Snake":[22]},"card_choices":[{"not_picked":["Heel Hook","Slice"],"picked":"Flying Knee","floor":1.0},{"not_picked":["Calculated Gamble","Replay:Poison Smokescreen"],"picked":"Deflect","floor":2.0},{"not_picked":["Dagger Spray","Acrobatics"],"picked":"Deadly Poison","floor":5.0},{"not_picked":["Slice","Flying Knee"],"picked":"Distraction","floor":7.0},{"not_picked":["Endless Agony","Draining Mist"],"picked":"Terror","floor":10.0},{"not_picked":["Outmaneuver","Toxin Wave"],"picked":"ReplayTheSpireMod:Speed Training","floor":11.0},{"not_picked":["Acrobatics","Outmaneuver"],"picked":"Tools of the Trade","floor":12.0},{"not_picked":["Phantasmal Killer","Tools of the Trade"],"picked":"Bullet Time","floor":16.0},{"not_picked":["Backflip+1","Dagger Throw"],"picked":"Catalyst+1","floor":18},{"not_picked":["Slice","Underhanded Strike"],"picked":"Bane","floor":19}],"player_experience":843010,"relics_obtained":[{"floor":9.0,"key":"FossilizedHelix"},{"floor":10.0,"key":"Vampiric Spirits"},{"floor":12.0,"key":"Art of War"},{"floor":17,"key":"MawBank"},{"floor":17,"key":"Toxic Egg 2"},{"floor":17,"key":"Replay:Arrowhead"},{"floor":21,"key":"Ring of Hypnosis"}],"event_choices":[{"damage_healed":64.0,"max_hp_gain":0.0,"max_hp_loss":72.0,"gold_gain":0.0,"event_name":"betterThird:BetterShining","player_choice":"Embrace Burn","floor":4.0,"gold_loss":0.0,"damage_taken":0.0},{"damage_healed":0,"gold_gain":0,"player_choice":"Simplicity","damage_taken":0,"max_hp_gain":0,"max_hp_loss":10,"event_name":"betterThird:BetterWriting","floor":20,"gold_loss":0}],"is_beta":false,"boss_relics":[{"not_picked":["Honey Jar","Runic Pyramid"],"picked":"Calling Bell"}],"items_purged_floors":[],"is_endless":false,"potions_floor_spawned":[1,10,12,18,19],"killed_by":"Sentry and Sphere","ascension_level":14}}