{"host":"g1wmg2w41xhsnw8g","time":1610675976,"event":{"mods":["2.2 Compatiblity","Act Like it!","BaseMod","Better Altar","Better Match","Better Note","Better Sensory Stone","Better Skull","Better Third Choice","BetterRewards","Booster Modes","CapriCore","Colored Map","Colored Powertips","Defuse TimeMaze Blight","Displayed Cursed Tome","Evolution","Fox Events","Friendly Minions","GifTheSpireLib","Good Game Mod","Googly Eyes","Hubris","Infinite Spire","Minty Spire (QoL Compilation)","Red Circlet Mod","Relic Sorter","SCP261 Mod","Shop Mod","Spicy Shops","StSLib","The Cursed","The Dragon Tamer","The Sage","Transform Curses","Wandering Minibosses","????"],"gold_per_floor":[115,132,142,162,179,210,238,238,238,238,255,255,282,300,191,288,288,300,300,300,319,332,361,23,49,49,67,82,91,101,110,33,138,138,181,181,181,265,304,344,50,108,117,117,162,28,95,135,11,11],"floor_reached":51,"language":"ENG","playtime":4278,"items_purged":["Apotheosis"],"score":1334,"play_id":"cc9a95c2-cd7a-4a5f-bbc2-55a902382085","local_time":"20210114205935","is_ascension_mode":true,"campfire_choices":[{"data":"TheCursedMod:ManaCirculation","floor":12,"key":"SMITH"},{"data":"TheCursedMod:CollectTribute","floor":44,"key":"SMITH"}],"circlet_count":0,"master_deck":["TheCursedMod:CleanUpWorkshop","TheCursedMod:CursedSpellbook","TheCursedMod:AbyssShockwave+1","TheCursedMod:SoulReap+1","TheCursedMod:SoulCrush","TheCursedMod:LuckyCharm","TheCursedMod:TroublousMinions","TheCursedMod:TroublousMinions","TheCursedMod:CircleOfBlood","TheCursedMod:CollectTribute+1","TheCursedMod:SpitefulPray","TheCursedMod:SpreadPlague","TheCursedMod:DemonSword","Doubt","Clumsy","infinitespire:Collect","TheCursedMod:ManaCirculation+1","TheCursedMod:Wield","TheCursedMod:OutForBlood","TheCursedMod:Obscuration+1","TheCursedMod:WearCloak","Doubt","infinitespire:Oblivion","hubris:Greed","TheCursedMod:FleshFromBone","hubris:Compulsion","hubris:Greed","hubris:Wrath","hubris:Lust","hubris:Greed","TheCursedMod:Evocation+1","hubris:Greed","TheCursedMod:CursedBlade+1","Clumsy"],"relics":["TheCursedMod:SoulVessel","REME:ComplimentaryCards","EVO:Axolotl","MerchantsRug","hubris:Potato","Odd Mushroom","White Beast Statue","MealTicket","Nunchaku","NlothsMask","CeramicFish","infinitespire:EmpoweringShard","PreservedInsect","Singing Bowl","sagemod:Creepy_Carousel","Cauldron","Cursed Key","infinitespire:FocusingShard","InkBottle","Blood Vial","hubris:SlimyHat","Pen Nib","Boot","Mango","Membership Card","TheCursedMod:Tack"],"acts_visited":["Exordium","TheCity","TheBeyond"],"potions_floor_usage":[4,7,18,21,22,23,27,30,33,33,33,39,40,45,47,47,48,50],"damage_taken":[{"damage":0,"enemies":"Cultist","floor":1,"turns":3},{"damage":0,"enemies":"infinitespire:Voidling","floor":2,"turns":3},{"damage":0,"enemies":"2 Louse","floor":3,"turns":1},{"damage":4,"enemies":"2 Fungi Beasts","floor":4,"turns":2},{"damage":0,"enemies":"3 Louse","floor":5,"turns":2},{"damage":0,"enemies":"Lagavulin","floor":6,"turns":3},{"damage":3,"enemies":"The Mushroom Lair","floor":7,"turns":2},{"damage":12,"enemies":"Exordium Wildlife","floor":11,"turns":6},{"damage":11,"enemies":"Gremlin Nob","floor":13,"turns":4},{"damage":0,"enemies":"Exordium Thugs","floor":14,"turns":2},{"damage":0,"enemies":"The Guardian","floor":16,"turns":5},{"damage":35,"enemies":"2 Thieves","floor":18,"turns":4},{"damage":20,"enemies":"Spheric Guardian","floor":21,"turns":7},{"damage":12,"enemies":"Cultist and Chosen","floor":22,"turns":6},{"damage":24,"enemies":"Gremlin Leader","floor":23,"turns":6},{"damage":10,"enemies":"Slavers","floor":25,"turns":3},{"damage":15,"enemies":"Snecko","floor":27,"turns":4},{"damage":16,"enemies":"Chosen and Byrds","floor":28,"turns":4},{"damage":40,"enemies":"Cultist and Chosen","floor":30,"turns":7},{"damage":16,"enemies":"Automaton","floor":33,"turns":6},{"damage":15,"enemies":"Orb Walker","floor":35,"turns":3},{"damage":55,"enemies":"3 Darklings","floor":39,"turns":6},{"damage":9,"enemies":"Nemesis","floor":40,"turns":7},{"damage":19,"enemies":"Transient","floor":45,"turns":5},{"damage":13,"enemies":"Giant Head","floor":47,"turns":4},{"damage":27,"enemies":"Sphere and 2 Shapes","floor":48,"turns":3},{"damage":119,"enemies":"Time Eater","floor":50,"turns":12}],"seed_played":"-1900623328027056656","potions_obtained":[{"floor":2,"key":"SpeedPotion"},{"floor":3,"key":"Weak Potion"},{"floor":4,"key":"Explosive Potion"},{"floor":11,"key":"TheCursedMod:DregsPotion"},{"floor":13,"key":"SCP261:DietGhostPotion"},{"floor":16,"key":"SCP261:SweetSwarmPotion"},{"floor":18,"key":"sagemod:Wine"},{"floor":19,"key":"Regen Potion"},{"floor":19,"key":"Strength Potion"},{"floor":21,"key":"Fire Potion"},{"floor":22,"key":"SCP261:GirlTearsPotion"},{"floor":23,"key":"SCP261:GirlTearsPotion"},{"floor":25,"key":"BlessingOfTheForge"},{"floor":27,"key":"TheCursedMod:DregsPotion"},{"floor":28,"key":"SCP261:DietGhostPotion"},{"floor":30,"key":"Fire Potion"},{"floor":32,"key":"SteroidPotion"},{"floor":33,"key":"ColorlessPotion"},{"floor":35,"key":"Energy Potion"},{"floor":39,"key":"Block Potion"},{"floor":40,"key":"Block Potion"},{"floor":45,"key":"AttackPotion"},{"floor":47,"key":"AttackPotion"},{"floor":48,"key":"SCP261:ThunderBarPotion"}],"is_trial":false,"path_per_floor":["M","M","M","M","M","E","?","?","T","?","M","R","E","M","R","B",null,"M","?","?","M","M","E","R","E","T","M","M","?","M","AVR","R","B",null,"M","?","?","T","M","E","$","T","T","R","M","$","E","M","R","B",null],"character_chosen":"THE_CURSED","items_purchased":["MerchantsRug","Nunchaku","infinitespire:EmpoweringShard","PreservedInsect","Cauldron","Potion Belt","Blood Vial","Boot","Membership Card","TheCursedMod:Tack"],"campfire_rested":0,"item_purchase_floors":[0,15,24,24,32,41,41,46,49,49],"current_hp_per_floor":[86,86,86,82,86,86,83,66,66,66,86,86,82,86,86,86,86,55,55,55,67,84,79,79,77,77,79,84,84,63,63,63,80,96,89,89,89,89,67,72,87,87,87,87,93,100,114,103,103,27],"gold":11,"neow_bonus":"","is_daily":false,"chose_seed":false,"campfire_upgraded":2,"win_rate":0.0,"timestamp":1610675975,"path_taken":["M","?","?","M","M","E","?","?","T","?","?","R","E","M","R","BOSS","M","?","?","M","M","E","R","E","T","M","?","?","?","AVR","R","BOSS","M","?","?","?","M","E","$","?","T","R","?","?","E","M","R","BOSS"],"items_purchased_type":["Relic","Relic","Relic","Relic","Relic","Relic","Relic","Relic","Relic","Relic"],"build_version":"2020-12-22","purchased_purges":1,"victory":true,"max_hp_per_floor":[86,86,86,86,86,86,86,86,86,86,86,86,86,86,86,86,86,86,86,86,86,86,86,86,88,88,90,92,92,94,94,94,96,96,96,96,96,96,98,100,100,100,100,100,100,100,114,116,116,116],"card_choices":[{"not_picked":["TheCursedMod:CircleOfFlame","TheCursedMod:AshesToAshes","TheCursedMod:AbyssShockwave"],"picked":"SKIP","floor":1},{"not_picked":["TheCursedMod:RavingStaff","TheCursedMod:CursedSpellbook","TheCursedMod:VitalStrike"],"picked":"SKIP","floor":2},{"not_picked":["TheCursedMod:TroublousMinions","TheCursedMod:CursedShiv"],"picked":"TheCursedMod:SpitefulPray","floor":3},{"not_picked":["TheCursedMod:RapidMovement","TheCursedMod:CursedAmulet","TheCursedMod:CircleOfFlame"],"picked":"SKIP","floor":4},{"not_picked":["TheCursedMod:SmokeScreen","TheCursedMod:SpitefulStrike"],"picked":"TheCursedMod:SpreadPlague","floor":5},{"not_picked":["TheCursedMod:SpreadPlague","TheCursedMod:CircleOfFlame"],"picked":"TheCursedMod:DemonSword","floor":6},{"not_picked":["infinitespire:Punishment","hubris:InfiniteBlow+2496"],"picked":"infinitespire:Collect","floor":10},{"not_picked":["TheCursedMod:AbyssShockwave","TheCursedMod:CursedStaff"],"picked":"TheCursedMod:ManaCirculation","floor":11},{"not_picked":["TheCursedMod:RapidMovement","TheCursedMod:Stigma"],"picked":"TheCursedMod:Wield","floor":13},{"not_picked":["TheCursedMod:Torture","TheCursedMod:CircleOfCorruption","TheCursedMod:Obscuration"],"picked":"SKIP","floor":14},{"not_picked":["TheCursedMod:UltimatePain","TheCursedMod:ManaCirculation"],"picked":"TheCursedMod:OutForBlood","floor":16},{"not_picked":["TheCursedMod:CursedBoomerang","TheCursedMod:RapidMovement","TheCursedMod:TacticalStrike"],"picked":"SKIP","floor":18},{"not_picked":["TheCursedMod:Wield","TheCursedMod:Grudge"],"picked":"TheCursedMod:Obscuration+1","floor":21},{"not_picked":["TheCursedMod:AbyssShockwave+1","TheCursedMod:RavingStaff"],"picked":"TheCursedMod:WearCloak","floor":22},{"not_picked":["TheCursedMod:CircleOfFlame+1","TheCursedMod:Stigma","TheCursedMod:LuckyCharm"],"picked":"SKIP","floor":23},{"not_picked":["TheCursedMod:SpreadPlague","TheCursedMod:CursedStaff","TheCursedMod:SmokeScreen"],"picked":"Singing Bowl","floor":25},{"not_picked":["TheCursedMod:CircleOfBlood","TheCursedMod:CircleOfFocus+1","TheCursedMod:Torture"],"picked":"Singing Bowl","floor":27},{"not_picked":["TheCursedMod:CircleOfBlood","TheCursedMod:WearCloak","TheCursedMod:CursedSpellbook"],"picked":"Singing Bowl","floor":28},{"not_picked":["TheCursedMod:SpitefulStrike","TheCursedMod:CircleOfFocus","TheCursedMod:EmpowerCircles+1"],"picked":"Singing Bowl","floor":30},{"not_picked":["TheCursedMod:DarkBarrier","TheCursedMod:ParallelWorld","TheCursedMod:ForbiddenAlchemy"],"picked":"Singing Bowl","floor":33},{"not_picked":["TheCursedMod:CircleOfAmplification+1","TheCursedMod:VitalStrike+1"],"picked":"TheCursedMod:FleshFromBone","floor":35},{"not_picked":["TheCursedMod:FleshFromBone+1","TheCursedMod:FuryStrike","TheCursedMod:CircleOfFlame+1"],"picked":"Singing Bowl","floor":39},{"not_picked":["TheCursedMod:RapidMovement+1","TheCursedMod:SmokeScreen+1","TheCursedMod:Wield+1"],"picked":"Singing Bowl","floor":40},{"not_picked":["TheCursedMod:CircleOfFocus+1","TheCursedMod:DoubleShield"],"picked":"TheCursedMod:Evocation+1","floor":45},{"not_picked":["TheCursedMod:CursedShiv","TheCursedMod:RapidMovement+1"],"picked":"TheCursedMod:CursedBlade+1","floor":47},{"not_picked":["TheCursedMod:CircleOfFocus","TheCursedMod:CursedMace","TheCursedMod:ManaBullet+1"],"picked":"Singing Bowl","floor":48}],"player_experience":1055042,"relics_obtained":[{"floor":6,"key":"hubris:Potato"},{"floor":7,"key":"Odd Mushroom"},{"floor":9,"key":"White Beast Statue"},{"floor":13,"key":"MealTicket"},{"floor":23,"key":"CeramicFish"},{"floor":25,"key":"Singing Bowl"},{"floor":38,"key":"infinitespire:FocusingShard"},{"floor":40,"key":"InkBottle"},{"floor":42,"key":"hubris:SlimyHat"},{"floor":43,"key":"Pen Nib"},{"floor":47,"key":"Mango"}],"event_choices":[{"damage_healed":0,"gold_gain":0,"player_choice":"Fought Mushrooms","damage_taken":0,"max_hp_gain":0,"max_hp_loss":0,"event_name":"Mushrooms","floor":7,"gold_loss":0},{"damage_healed":83,"gold_gain":0,"player_choice":"Upgrade","damage_taken":17,"max_hp_gain":0,"max_hp_loss":86,"event_name":"betterThird:BetterShining","floor":8,"gold_loss":0,"cards_upgraded":["TheCursedMod:AbyssShockwave","TheCursedMod:SoulReap"]},{"damage_healed":0,"gold_gain":0,"player_choice":"Got Potions","damage_taken":0,"max_hp_gain":0,"max_hp_loss":0,"event_name":"Lab","floor":19,"gold_loss":0},{"damage_healed":0,"gold_gain":0,"player_choice":"Trade","damage_taken":0,"relics_obtained":["NlothsMask"],"max_hp_gain":0,"max_hp_loss":0,"event_name":"FaceTrader","floor":20,"gold_loss":0}],"is_beta":false,"boss_relics":[{"not_picked":["Sozu","hubris:VirtuousBlindfold","hubris:Stopwatch"]},{"not_picked":["Velvet Choker","SacredBark"],"picked":"Cursed Key"}],"items_purged_floors":[0],"is_endless":false,"potions_floor_spawned":[2,3,4,11,13,14,16,18,21,22,23,25,27,28,30,33,35,39,40,45,47,48],"ascension_level":1}}