{"host":"52lujqhsyicpcskq","time":1610710643,"event":{"mods":["BaseMod","Colored Map","Minty Spire (QoL Compilation)","Permanent Neow","StSLib","SuperFastMode","everything is the same but u backflip on backflip"],"gold_per_floor":[110,110,129,144,162,195,120,120,147,175,194,221,82,99,99,201,201,215,230,242,269,184,184,30,30,57,57,73,101,101,200,200,295,295,315,367,384,57,74,74,105,121,146,146,0,0,20,30,30,30],"floor_reached":51,"language":"KOR","playtime":11048,"items_purged":["Strike_P","Defend_P","Strike_P"],"score":753,"play_id":"18ad4b11-6634-4aca-9ff5-b955a4d4eac0","local_time":"20210115203723","is_ascension_mode":true,"campfire_choices":[{"data":"Eruption","floor":8,"key":"SMITH"},{"data":"Swivel","floor":15,"key":"SMITH"},{"data":"Collect","floor":23,"key":"SMITH"},{"data":"Crescendo","floor":25,"key":"SMITH"},{"data":"MentalFortress","floor":27,"key":"SMITH"},{"floor":32,"key":"REST"},{"floor":40,"key":"REST"},{"data":"Halt","floor":44,"key":"SMITH"},{"data":"ClearTheMind","floor":46,"key":"SMITH"},{"floor":49,"key":"REST"}],"circlet_count":0,"master_deck":["Strike_P+1","Defend_P+1","Defend_P","Eruption+1","Vigilance","Ragnarok+1","FlyingSleeves","FlurryOfBlows+1","FearNoEvil","Collect+1","Swivel+1","Vengeance+1","MentalFortress+1","ClearTheMind+1","FollowUp","Crescendo+1","Devotion+1","WindmillStrike","Protect+1","SandsOfTime","DeceiveReality+1","LessonLearned+1","EmptyBody+1","Consecrate+1","TalkToTheHand+1","FlurryOfBlows+1","Scrawl","Conclude+1","Halt+1"],"relics":["PureWater","Juzu Bracelet","Whetstone","MealTicket","MawBank","Philosopher\u0027s Stone","War Paint","Centennial Puzzle","Bag of Marbles","Vajra","Molten Egg 2","Empty Cage","Thread and Needle","Oddly Smooth Stone","StoneCalendar","Orichalcum","Red Mask"],"acts_visited":["Exordium","TheCity","TheBeyond"],"potions_floor_usage":[6,16,19,33,33,50,50],"damage_taken":[{"damage":0,"enemies":"2 Louse","floor":1,"turns":2},{"damage":1,"enemies":"Cultist","floor":3,"turns":3},{"damage":0,"enemies":"Small Slimes","floor":4,"turns":2},{"damage":0,"enemies":"Exordium Wildlife","floor":5,"turns":5},{"damage":12,"enemies":"3 Sentries","floor":6,"turns":6},{"damage":0,"enemies":"Gremlin Nob","floor":10,"turns":2},{"damage":0,"enemies":"Red Slaver","floor":11,"turns":4},{"damage":18,"enemies":"3 Sentries","floor":12,"turns":5},{"damage":0,"enemies":"3 Louse","floor":14,"turns":2},{"damage":35,"enemies":"Hexaghost","floor":16,"turns":5},{"damage":0,"enemies":"Spheric Guardian","floor":18,"turns":3},{"damage":6,"enemies":"2 Thieves","floor":19,"turns":2},{"damage":0,"enemies":"Snecko","floor":20,"turns":2},{"damage":24,"enemies":"Snake Plant","floor":28,"turns":2},{"damage":2,"enemies":"Gremlin Leader","floor":29,"turns":3},{"damage":40,"enemies":"Automaton","floor":33,"turns":8},{"damage":0,"enemies":"Orb Walker","floor":35,"turns":2},{"damage":22,"enemies":"2 Orb Walkers","floor":36,"turns":4},{"damage":40,"enemies":"3 Shapes","floor":37,"turns":4},{"damage":0,"enemies":"Spire Growth","floor":39,"turns":2},{"damage":0,"enemies":"Nemesis","floor":41,"turns":5},{"damage":1,"enemies":"Transient","floor":42,"turns":5},{"damage":0,"enemies":"3 Darklings","floor":47,"turns":2},{"damage":7,"enemies":"Maw","floor":48,"turns":6},{"damage":50,"enemies":"Awakened One","floor":50,"turns":8}],"seed_played":"-1091058092154319227","potions_obtained":[{"floor":1,"key":"Fire Potion"},{"floor":3,"key":"PowerPotion"},{"floor":11,"key":"BlessingOfTheForge"},{"floor":16,"key":"Fire Potion"},{"floor":18,"key":"Fire Potion"},{"floor":28,"key":"Explosive Potion"},{"floor":33,"key":"LiquidMemories"},{"floor":35,"key":"BlessingOfTheForge"},{"floor":47,"key":"AttackPotion"}],"is_trial":false,"path_per_floor":["M","?","M","M","M","E","$","R","T","E","M","E","$","M","R","B",null,"M","M","M","T","?","R","$","R","T","R","M","E","?","?","R","B",null,"M","?","M","$","M","R","E","M","T","R","?","R","M","M","R","B",null],"character_chosen":"WATCHER","items_purchased":["FollowUp","Bag of Marbles","FlurryOfBlows+1","Oddly Smooth Stone"],"campfire_rested":3,"item_purchase_floors":[13,24,38,38],"current_hp_per_floor":[72,72,71,71,71,59,59,59,59,59,59,41,56,56,56,21,72,72,66,66,66,66,66,72,72,72,72,48,46,33,33,56,16,77,77,55,15,30,30,53,53,52,52,52,52,52,52,45,68,18],"gold":30,"neow_bonus":"ONE_RANDOM_RARE_CARD","is_daily":false,"chose_seed":false,"campfire_upgraded":7,"win_rate":0.0,"timestamp":1610710643,"path_taken":["M","?","M","M","M","E","$","R","T","E","M","E","$","M","R","BOSS","M","M","M","?","?","R","?","R","T","R","M","E","?","?","R","BOSS","M","?","M","$","M","R","E","M","T","R","?","R","M","M","R","BOSS"],"items_purchased_type":["Card","Relic","Card","Relic"],"build_version":"2020-12-22","purchased_purges":3,"victory":true,"max_hp_per_floor":[72,72,72,72,72,72,72,72,72,72,72,72,72,72,72,72,72,72,72,72,72,72,72,72,72,72,72,72,72,77,77,77,77,77,77,77,77,77,77,77,77,77,77,77,77,77,77,77,77,77],"card_choices":[{"not_picked":["Weave","ThirdEye"],"picked":"FlyingSleeves","floor":1},{"not_picked":["SashWhip","Collect"],"picked":"FearNoEvil","floor":3},{"not_picked":["CrushJoints","CutThroughFate"],"picked":"Collect","floor":4},{"not_picked":["Meditate","JustLucky"],"picked":"Swivel","floor":5},{"not_picked":["Conclude","SignatureMove"],"picked":"Vengeance","floor":6},{"not_picked":["WaveOfTheHand","Wireheading"],"picked":"MentalFortress","floor":10},{"not_picked":["Blasphemy","MentalFortress"],"picked":"ClearTheMind","floor":11},{"not_picked":["Nirvana","CutThroughFate","WreathOfFlame"],"picked":"SKIP","floor":12},{"not_picked":["Wallop","InnerPeace"],"picked":"Crescendo","floor":14},{"not_picked":["Alpha","ConjureBlade"],"picked":"Devotion","floor":16},{"not_picked":["CrushJoints","Wallop"],"picked":"WindmillStrike","floor":18},{"not_picked":["Evaluate","Sanctity"],"picked":"Protect+1","floor":19},{"not_picked":["Collect","CrushJoints","BowlingBash"],"picked":"SKIP","floor":20},{"not_picked":["Protect","Wish"],"picked":"SandsOfTime","floor":28},{"not_picked":["ThirdEye+1","Crescendo"],"picked":"DeceiveReality+1","floor":29},{"not_picked":["ConjureBlade","MasterReality"],"picked":"LessonLearned+1","floor":33},{"not_picked":["JustLucky+1","Wireheading"],"picked":"EmptyBody+1","floor":35},{"not_picked":["CrushJoints+1","FollowUp+1"],"picked":"Consecrate+1","floor":36},{"not_picked":["TalkToTheHand+1","ThirdEye","FollowUp+1"],"picked":"SKIP","floor":37},{"not_picked":["ThirdEye","FollowUp+1"],"picked":"TalkToTheHand+1","floor":37},{"not_picked":["CrushJoints+1","CutThroughFate+1"],"picked":"Scrawl","floor":39},{"not_picked":["JustLucky+1","EmptyBody+1"],"picked":"Conclude+1","floor":41},{"not_picked":["FlyingSleeves+1","Pray"],"picked":"Halt","floor":42},{"not_picked":["EmptyFist+1","ClearTheMind","Evaluate"],"picked":"SKIP","floor":47},{"not_picked":["Wireheading","LikeWater","WreathOfFlame"],"picked":"SKIP","floor":48}],"player_experience":723976,"relics_obtained":[{"floor":6,"key":"Juzu Bracelet"},{"floor":9,"key":"Whetstone"},{"floor":10,"key":"MealTicket"},{"floor":12,"key":"MawBank"},{"floor":21,"key":"War Paint"},{"floor":26,"key":"Vajra"},{"floor":29,"key":"Molten Egg 2"},{"floor":36,"key":"Thread and Needle"},{"floor":41,"key":"StoneCalendar"},{"floor":43,"key":"Orichalcum"}],"event_choices":[{"damage_healed":0,"gold_gain":0,"player_choice":"1 cards matched","damage_taken":0,"max_hp_gain":0,"max_hp_loss":0,"event_name":"Match and Keep!","floor":2,"gold_loss":0,"cards_obtained":["FlurryOfBlows"]},{"damage_healed":0,"gold_gain":0,"player_choice":"Obtained Relic","damage_taken":0,"relics_obtained":["Centennial Puzzle"],"max_hp_gain":0,"max_hp_loss":0,"event_name":"Addict","floor":22,"gold_loss":85},{"damage_healed":0,"gold_gain":0,"player_choice":"Shed Blood","damage_taken":18,"max_hp_gain":5,"max_hp_loss":0,"event_name":"Forgotten Altar","floor":30,"gold_loss":0},{"damage_healed":0,"gold_gain":99,"player_choice":"Stole From Cult","damage_taken":0,"max_hp_gain":0,"max_hp_loss":0,"event_name":"Nest","floor":31,"gold_loss":0},{"damage_healed":0,"gold_gain":0,"player_choice":"Fight","damage_taken":0,"max_hp_gain":0,"max_hp_loss":0,"event_name":"Mysterious Sphere","floor":36,"gold_loss":0},{"damage_healed":0,"gold_gain":0,"player_choice":"Paid","damage_taken":0,"relics_obtained":["Red Mask"],"max_hp_gain":0,"max_hp_loss":0,"event_name":"Tomb of Lord Red Mask","floor":45,"gold_loss":146}],"is_beta":false,"boss_relics":[{"not_picked":["Ectoplasm","Pandora\u0027s Box"],"picked":"Philosopher\u0027s Stone"},{"not_picked":["Fusion Hammer","Calling Bell"],"picked":"Empty Cage"}],"items_purged_floors":[7,13,38],"is_endless":false,"potions_floor_spawned":[1,3,11,16,18,28,33,35,36,39,47],"ascension_level":1}}