{"host":"4cz9gr89nglr7k8k","time":1610729486,"event":{"mods":["BaseMod","Minty Spire (QoL Compilation)","Relic Stats","Slay-I"],"gold_per_floor":[118,118,137,177,197,197,214,214,214,214,244,30,40,40,40,40,40],"floor_reached":16,"language":"DEU","playtime":472,"items_purged":["Shame"],"score":204,"play_id":"5190a100-8789-4bf8-b693-015e35577a8d","local_time":"20210115175126","is_ascension_mode":true,"campfire_choices":[{"floor":6,"key":"REST"},{"floor":8,"key":"REST"},{"data":"Inflame","floor":10,"key":"SMITH"},{"floor":15,"key":"REST"}],"circlet_count":0,"master_deck":["AscendersBane","Strike_R","Strike_R","Strike_R","Strike_R","Defend_R","Defend_R","Defend_R","Defend_R","Bash","Transmutation","Clothesline","Shockwave","Twin Strike","Armaments","Iron Wave","Inflame+1","Clothesline","Feed+1","Flex+1","Perfected Strike"],"relics":["Burning Blood","Letter Opener","Anchor"],"acts_visited":["Exordium"],"potions_floor_usage":[16],"damage_taken":[{"damage":7,"enemies":"Small Slimes","floor":1,"turns":3},{"damage":12,"enemies":"Cultist","floor":3,"turns":4},{"damage":19,"enemies":"2 Louse","floor":4,"turns":3},{"damage":19,"enemies":"2 Fungi Beasts","floor":5,"turns":5},{"damage":16,"enemies":"Lots of Slimes","floor":7,"turns":5},{"damage":45,"enemies":"3 Sentries","floor":11,"turns":8},{"damage":3,"enemies":"Exordium Thugs","floor":13,"turns":3},{"damage":37,"enemies":"Hexaghost","floor":16,"turns":9}],"seed_played":"3394257616058928215","potions_obtained":[{"floor":5,"key":"SpeedPotion"}],"is_trial":false,"path_per_floor":["M","?","M","M","M","R","M","R","T","R","E","$","M","?","R","B"],"character_chosen":"IRONCLAD","items_purchased":["Feed","Flex"],"campfire_rested":3,"item_purchase_floors":[12,12],"current_hp_per_floor":[67,67,61,48,35,57,47,69,69,69,30,30,36,13,36,0,0],"gold":40,"neow_bonus":"RANDOM_COLORLESS_2","is_daily":false,"chose_seed":false,"campfire_upgraded":1,"win_rate":0.0,"timestamp":1610729486,"path_taken":["M","?","M","?","M","R","M","R","T","R","E","$","?","?","R","BOSS"],"items_purchased_type":["Card","Card"],"build_version":"2020-12-22","purchased_purges":1,"victory":false,"max_hp_per_floor":[75,75,75,75,75,75,75,75,75,75,75,75,78,78,78,78,78],"relic_stats":{"counters":[8,40],"Letter Opener":[5],"obtain_stats":[{"Anchor":11,"Letter Opener":9,"Burning Blood":0},{"Anchor":6,"Letter Opener":5,"Burning Blood":0},{"Anchor":28,"Letter Opener":20,"Burning Blood":0}],"Burning Blood":42},"card_choices":[{"not_picked":["Master of Strategy","Sadistic Nature"],"picked":"Transmutation","floor":0},{"not_picked":["Havoc","Body Slam"],"picked":"Clothesline","floor":1},{"not_picked":["Clothesline","Shockwave"],"picked":"Twin Strike","floor":3},{"not_picked":["Clothesline","Warcry"],"picked":"Armaments","floor":4},{"not_picked":["Wild Strike","Heavy Blade"],"picked":"Iron Wave","floor":5},{"not_picked":["Armaments","Second Wind"],"picked":"Inflame","floor":7},{"not_picked":["Sentinel","Headbutt"],"picked":"Clothesline","floor":11},{"not_picked":["Blood for Blood","Intimidate"],"picked":"Perfected Strike","floor":13}],"player_experience":1496962,"relics_obtained":[{"floor":9,"key":"Letter Opener"},{"floor":11,"key":"Anchor"}],"event_choices":[{"damage_healed":0,"gold_gain":0,"cards_transformed":["Strike_R"],"player_choice":"Transformed","damage_taken":0,"max_hp_gain":0,"max_hp_loss":0,"event_name":"Transmorgrifier","floor":2,"gold_loss":0,"cards_obtained":["Shockwave"]},{"damage_healed":0,"gold_gain":0,"player_choice":"Entered Light","damage_taken":23,"max_hp_gain":0,"max_hp_loss":0,"event_name":"Shining Light","floor":14,"gold_loss":0,"cards_upgraded":["Flex","Feed"]}],"is_beta":false,"boss_relics":[],"items_purged_floors":[12],"is_endless":false,"potions_floor_spawned":[5],"killed_by":"Hexaghost","ascension_level":20}}