{"host":"skvwuvqqk8x6jusd","time":1610754899,"event":{"mods":["AchievementEnabler","BaseMod","Colored Map","Colored Powertips","Highlight Path","Minty Spire (QoL Compilation)","Relic Stats","Slay-I"],"gold_per_floor":[109,124,124,140,140,140,65,15,39,39,39,53,72,93,93,221,221,237,251,166,166,187,206,206,206,206],"floor_reached":25,"language":"ENG","playtime":539,"items_purged":["Defend_R"],"score":195,"play_id":"b43f3f97-0bba-4610-ab3c-db507073044b","local_time":"20210115235459","is_ascension_mode":false,"campfire_choices":[{"data":"Dropkick","floor":6,"key":"SMITH"},{"data":"Heavy Blade","floor":15,"key":"SMITH"},{"data":"Dropkick","floor":24,"key":"SMITH"}],"circlet_count":0,"master_deck":["Strike_R","Strike_R","Strike_R","Strike_R","Strike_R","Bash+1","Dropkick+1","Heavy Blade+1","Heavy Blade+1","Dropkick+1"],"relics":["Burning Blood","Orichalcum","Golden Idol","Runic Pyramid","Kunai"],"acts_visited":["Exordium","TheCity"],"potions_floor_usage":[16,22,23,23],"damage_taken":[{"damage":18,"enemies":"Jaw Worm","floor":1,"turns":3},{"damage":7,"enemies":"2 Louse","floor":2,"turns":2},{"damage":10,"enemies":"Small Slimes","floor":4,"turns":2},{"damage":2,"enemies":"3 Louse","floor":12,"turns":3},{"damage":6,"enemies":"Blue Slaver","floor":13,"turns":2},{"damage":4,"enemies":"Looter","floor":14,"turns":2},{"damage":22,"enemies":"Hexaghost","floor":16,"turns":8},{"damage":14,"enemies":"Shell Parasite","floor":18,"turns":4},{"damage":34,"enemies":"2 Thieves","floor":19,"turns":4},{"damage":36,"enemies":"Sentry and Sphere","floor":22,"turns":6},{"damage":9,"enemies":"Chosen and Byrds","floor":23,"turns":2},{"damage":15,"enemies":"Snake Plant","floor":25,"turns":2}],"seed_played":"8974945452571770497","potions_obtained":[{"floor":1,"key":"CultistPotion"},{"floor":13,"key":"ColorlessPotion"},{"floor":14,"key":"SkillPotion"},{"floor":19,"key":"SteroidPotion"},{"floor":22,"key":"BloodPotion"}],"is_trial":false,"path_per_floor":["M","M","?","M","?","R","$","?","T","?","?","M","M","M","R","B",null,"M","M","?","?","M","M","R","M"],"character_chosen":"IRONCLAD","items_purchased":[],"campfire_rested":0,"item_purchase_floors":[],"current_hp_per_floor":[44,43,69,65,65,65,65,65,65,65,65,69,69,71,71,55,74,66,38,38,38,8,19,19,4,4],"gold":206,"neow_bonus":"REMOVE_TWO","is_daily":false,"chose_seed":false,"campfire_upgraded":3,"win_rate":0.0,"timestamp":1610754899,"path_taken":["M","M","?","M","?","R","$","?","T","?","?","M","M","M","R","BOSS","M","M","?","?","?","M","R","?"],"items_purchased_type":[],"build_version":"2020-12-22","purchased_purges":1,"victory":false,"max_hp_per_floor":[80,80,80,80,80,80,80,80,80,80,74,74,74,74,74,74,74,74,74,74,74,74,74,74,74,74],"relic_stats":{"counters":[12,40],"Golden Idol":51,"Kunai":[7],"Orichalcum":[144],"obtain_stats":[{"Golden Idol":11,"Kunai":20,"Orichalcum":9,"Burning Blood":0,"Runic Pyramid":17},{"Golden Idol":3,"Kunai":9,"Orichalcum":3,"Burning Blood":0,"Runic Pyramid":7},{"Golden Idol":7,"Kunai":30,"Orichalcum":7,"Burning Blood":0,"Runic Pyramid":22}],"Burning Blood":66},"card_choices":[{"not_picked":["Bloodletting","Rupture"],"picked":"Dropkick","floor":1},{"not_picked":["Clothesline","Infernal Blade","Reckless Charge"],"picked":"SKIP","floor":2},{"not_picked":["Rage","Sentinel","Dark Embrace"],"picked":"SKIP","floor":4},{"not_picked":["Thunderclap","Wild Strike"],"picked":"Heavy Blade","floor":12},{"not_picked":["Evolve","Havoc","Rage"],"picked":"SKIP","floor":13},{"not_picked":["Seeing Red","Sword Boomerang","Armaments"],"picked":"SKIP","floor":14},{"not_picked":["Body Slam","Evolve","Bloodletting"],"picked":"SKIP","floor":18},{"not_picked":["Cleave","Juggernaut"],"picked":"Heavy Blade+1","floor":19},{"not_picked":["Rupture","Warcry"],"picked":"Dropkick","floor":22},{"not_picked":["Thunderclap","Twin Strike","Infernal Blade"],"picked":"SKIP","floor":23}],"player_experience":618495,"relics_obtained":[{"floor":9,"key":"Orichalcum"}],"event_choices":[{"damage_healed":26,"gold_gain":0,"player_choice":"Banana","damage_taken":0,"max_hp_gain":0,"max_hp_loss":0,"event_name":"Big Fish","floor":3,"gold_loss":0},{"damage_healed":0,"gold_gain":0,"player_choice":"Grow","damage_taken":0,"max_hp_gain":0,"max_hp_loss":0,"event_name":"Living Wall","floor":5,"gold_loss":0,"cards_upgraded":["Bash"]},{"cards_removed":["Defend_R"],"damage_healed":0,"gold_gain":0,"player_choice":"Card Removal","damage_taken":0,"max_hp_gain":0,"max_hp_loss":0,"event_name":"The Cleric","floor":8,"gold_loss":50},{"damage_healed":0,"gold_gain":0,"player_choice":"Ignored","damage_taken":0,"max_hp_gain":0,"max_hp_loss":0,"event_name":"Liars Game","floor":10,"gold_loss":0},{"damage_healed":0,"gold_gain":0,"player_choice":"Lose Max HP","damage_taken":0,"relics_obtained":["Golden Idol"],"max_hp_gain":0,"max_hp_loss":6,"event_name":"Golden Idol","floor":11,"gold_loss":0},{"damage_healed":0,"gold_gain":0,"player_choice":"Obtained Relic","damage_taken":0,"relics_obtained":["Kunai"],"max_hp_gain":0,"max_hp_loss":0,"event_name":"Addict","floor":20,"gold_loss":85},{"damage_healed":0,"gold_gain":0,"player_choice":"Ignored","damage_taken":0,"max_hp_gain":0,"max_hp_loss":0,"event_name":"NoteForYourself","floor":21,"gold_loss":0}],"is_beta":false,"boss_relics":[{"not_picked":["Runic Dome","Fusion Hammer"],"picked":"Runic Pyramid"}],"items_purged_floors":[7],"is_endless":false,"potions_floor_spawned":[1,13,14,19,22],"killed_by":"Snake Plant","ascension_level":0}}