{"host":"8i4doyxqctgl5qb0","time":1610674987,"event":{"mods":["AchievementEnabler","BaseMod","Block Reminder","Colored Powertips","Downfall","Minty Spire (QoL Compilation)","Permanent Neow","Potion Indicator Mod","Rare Cards Sparkle","StSLib","SuperFastMode","The Jungle"],"gold_per_floor":[115,115,115,179,179,205,205,221,270,320,388,438,472,115,115,217,217,227,132,107,157,173,173,191,206,206,226,276,303,303,16,16,115,115,125,226,237,287,63,63,113,128,128,2,52,122,122,141,141,141],"floor_reached":51,"language":"ZHS","playtime":1624,"items_purged":["Defend_G"],"score":992,"play_id":"8c067692-8d8a-4d37-90ef-4340e587288c","local_time":"20210115094307","is_ascension_mode":true,"campfire_choices":[{"floor":7.0,"key":"REST"},{"floor":15.0,"key":"REST"},{"data":"Bullet Time","floor":23.0,"key":"SMITH"},{"floor":30.0,"key":"REST"},{"data":"Accuracy","floor":32.0,"key":"SMITH"},{"floor":40.0,"key":"REST"},{"floor":47.0,"key":"REST"},{"data":"Accuracy","floor":49.0,"key":"SMITH"}],"circlet_count":0,"master_deck":["Survivor","Neutralize+1","Bane","Deflect","Cloak And Dagger","Dagger Spray","Dagger Spray","Blade Dance","Noxious Fumes","Backflip","Bullet Time+1","Backflip","Accuracy+1","Predator","Underhanded Strike","Storm of Steel","Riddle With Holes","Footwork","Accuracy+1","Cloak And Dagger","Cloak And Dagger","Flying Knee+1","Dodge and Roll+1","Cloak And Dagger","Venomology","Backflip","Backflip+1","Dagger Spray+1","Backflip+1","Bullet Time+1","Prepared+1","Accuracy"],"relics":["Ring of the Snake","Incense Burner","SsserpentHead","Boot","Happy Flower","Regal Pillow","Whetstone","Omamori","Pandora\u0027s Box","White Beast Statue","Ornamental Fan","Nunchaku","Matryoshka","Molten Egg 2","Lizard Tail","Membership Card","Bottled Tornado","Ninja Scroll","StoneCalendar","Pantograph"],"acts_visited":["Exordium","TheCity","TheBeyond"],"potions_floor_usage":[50,50,50],"damage_taken":[{"damage":5.0,"enemies":"Small Slimes","floor":1.0,"turns":4.0},{"damage":3.0,"enemies":"2 Louse","floor":4.0,"turns":3.0},{"damage":38.0,"enemies":"Lagavulin","floor":6.0,"turns":11.0},{"damage":0.0,"enemies":"Cultist","floor":8.0,"turns":3.0},{"damage":5.0,"enemies":"2 Fungi Beasts","floor":11.0,"turns":3.0},{"damage":2.0,"enemies":"3 Sentries","floor":13.0,"turns":2.0},{"damage":23.0,"enemies":"The Guardian","floor":16.0,"turns":11.0},{"damage":7.0,"enemies":"Spheric Guardian","floor":18.0,"turns":4.0},{"damage":1.0,"enemies":"3 Byrds","floor":22.0,"turns":3.0},{"damage":15.0,"enemies":"Shelled Parasite and Fungi","floor":24.0,"turns":5.0},{"damage":11.0,"enemies":"Snake Plant","floor":25.0,"turns":4.0},{"damage":6.0,"enemies":"Cultist and Chosen","floor":27.0,"turns":6.0},{"damage":0.0,"enemies":"Gremlin Leader","floor":29.0,"turns":5.0},{"damage":21.0,"enemies":"Champ","floor":33.0,"turns":10.0},{"damage":0.0,"enemies":"Orb Walker","floor":35.0,"turns":2.0},{"damage":19.0,"enemies":"2 Orb Walkers","floor":36.0,"turns":5.0},{"damage":37.0,"enemies":"3 Darklings","floor":37.0,"turns":5.0},{"damage":20.0,"enemies":"4 Shapes","floor":42.0,"turns":8.0},{"damage":0.0,"enemies":"Jaw Worm Horde","floor":46.0,"turns":3.0},{"damage":21.0,"enemies":"3 Darklings","floor":48.0,"turns":6.0},{"damage":109,"enemies":"Awakened One","floor":50,"turns":13}],"seed_played":"-7919095390064619661","potions_obtained":[{"floor":4.0,"key":"BlessingOfTheForge"},{"floor":6.0,"key":"SkillPotion"},{"floor":8.0,"key":"Swift Potion"},{"floor":10.0,"key":"Regen Potion"},{"floor":22.0,"key":"hexamod:EctoCoolerPotion"},{"floor":25.0,"key":"DistilledChaos"},{"floor":27.0,"key":"Regen Potion"},{"floor":33.0,"key":"BlessingOfTheForge"},{"floor":35.0,"key":"FairyPotion"},{"floor":37.0,"key":"EssenceOfSteel"},{"floor":48.0,"key":"Energy Potion"}],"is_trial":false,"path_per_floor":["M","?","?","M","?","E","R","M","T","?","M","T","E","$","R","B",null,"M","$","?","?","M","R","M","M","T","M","?","E","R","$","R","B",null,"M","?","M","?","$","R","$","M","T","$","?","M","R","M","R","B",null],"character_chosen":"THE_SILENT","items_purchased":["Noxious Fumes","Omamori","Backflip","Accuracy","Cloak And Dagger","Molten Egg 2","Cloak And Dagger","Membership Card","Bottled Tornado","Pantograph"],"campfire_rested":5,"item_purchase_floors":[14,14,14,19,19,31,31,39,39,44],"current_hp_per_floor":[58,45,45,42,42,4,22,22,22,22,17,17,15,15,48,25,54,47,47,47,47,46,46,31,20,20,14,14,14,47,47,47,26,54,54,35,12,12,12,45,45,25,25,25,25,25,58,46,46,31],"gold":141,"neow_bonus":"ONE_RARE_RELIC","is_daily":false,"chose_seed":false,"campfire_upgraded":3,"win_rate":0.0,"timestamp":1610674987,"path_taken":["M","?","?","?","?","E","R","M","T","?","?","?","E","$","R","BOSS","M","$","?","?","M","R","M","M","T","M","?","E","R","$","R","BOSS","M","?","M","?","?","R","?","M","T","$","?","?","R","M","R","BOSS"],"items_purchased_type":["Card","Relic","Card","Card","Card","Relic","Card","Relic","Relic","Relic"],"build_version":"2020-12-22","purchased_purges":1,"victory":true,"max_hp_per_floor":[63,63,63,63,63,63,63,63,63,63,63,63,63,63,63,63,63,63,63,63,63,63,63,63,63,63,63,63,63,63,63,63,63,63,63,63,63,63,63,63,63,63,63,63,63,63,63,63,63,63],"card_choices":[{"not_picked":["Dash","Sucker Punch"],"picked":"Bane","floor":1.0},{"not_picked":["Dash","Quick Slash"],"picked":"Deflect","floor":4.0},{"not_picked":["Outmaneuver","Concentrate"],"picked":"Cloak And Dagger","floor":6.0},{"not_picked":["Slice","Distraction"],"picked":"Dagger Spray","floor":8.0},{"not_picked":["Leg Sweep","PiercingWail"],"picked":"Dagger Spray","floor":11.0},{"not_picked":["Sucker Punch","Terror"],"picked":"Blade Dance","floor":13.0},{"not_picked":["Grand Finale","A Thousand Cuts"],"picked":"Bullet Time","floor":16.0},{"not_picked":["All Out Attack","Dash+1","Quick Slash+1"],"picked":"SKIP","floor":18.0},{"not_picked":["Quick Slash","Skewer"],"picked":"Cloak And Dagger","floor":22.0},{"not_picked":["Underhanded Strike","Catalyst"],"picked":"Flying Knee+1","floor":24.0},{"not_picked":["Endless Agony","PiercingWail"],"picked":"Dodge and Roll+1","floor":25.0},{"not_picked":["Deadly Poison","Quick Slash","Poisoned Stab"],"picked":"SKIP","floor":27.0},{"not_picked":["Dagger Throw","Outmaneuver","Underhanded Strike"],"picked":"SKIP","floor":29.0},{"not_picked":["Grand Finale+1","Corpse Explosion"],"picked":"Venomology","floor":33.0},{"not_picked":["Bane+1","Catalyst"],"picked":"Backflip","floor":35.0},{"not_picked":["Dagger Throw+1","Dodge and Roll"],"picked":"Backflip+1","floor":36.0},{"not_picked":["Slice+1","Poisoned Stab+1"],"picked":"Dagger Spray+1","floor":37.0},{"not_picked":["Sucker Punch+1","Underhanded Strike+1"],"picked":"Backflip+1","floor":42.0},{"not_picked":["Underhanded Strike+1","Dagger Throw+1"],"picked":"Prepared+1","floor":46.0},{"not_picked":["Outmaneuver+1","Riddle With Holes+1"],"picked":"Accuracy","floor":48.0}],"player_experience":182024,"relics_obtained":[{"floor":6.0,"key":"Boot"},{"floor":9.0,"key":"Happy Flower"},{"floor":12.0,"key":"Regal Pillow"},{"floor":13.0,"key":"Whetstone"},{"floor":26.0,"key":"Ornamental Fan"},{"floor":29.0,"key":"Matryoshka"},{"floor":36.0,"key":"Lizard Tail"},{"floor":43.0,"key":"Ninja Scroll"},{"floor":43.0,"key":"StoneCalendar"}],"event_choices":[{"damage_healed":0.0,"max_hp_gain":0.0,"max_hp_loss":0.0,"gold_gain":0.0,"event_name":"Shining Light","player_choice":"Entered Light","floor":2.0,"gold_loss":0.0,"damage_taken":13.0,"cards_upgraded":["Defend_G","Neutralize"]},{"damage_healed":0.0,"max_hp_gain":0.0,"max_hp_loss":0.0,"gold_gain":0.0,"event_name":"FaceTrader","player_choice":"Trade","floor":3.0,"gold_loss":0.0,"damage_taken":0.0,"relics_obtained":["SsserpentHead"]},{"cards_removed":["Strike_G"],"damage_healed":0.0,"max_hp_gain":0.0,"max_hp_loss":0.0,"gold_gain":0.0,"event_name":"The Cleric","player_choice":"Card Removal","floor":5.0,"gold_loss":50.0,"damage_taken":0.0},{"damage_healed":0.0,"max_hp_gain":0.0,"max_hp_loss":0.0,"gold_gain":0.0,"event_name":"Lab","player_choice":"Got Potions","floor":10.0,"gold_loss":0.0,"damage_taken":0.0},{"cards_removed":["Riddle With Holes"],"damage_healed":0.0,"max_hp_gain":0.0,"max_hp_loss":0.0,"gold_gain":0.0,"event_name":"Beggar","player_choice":"Gave Gold","floor":20.0,"gold_loss":75.0,"damage_taken":0.0},{"damage_healed":0.0,"max_hp_gain":0.0,"max_hp_loss":0.0,"gold_gain":0.0,"event_name":"The Mausoleum","player_choice":"Opened","floor":21.0,"gold_loss":0.0,"damage_taken":0.0,"relics_obtained":["White Beast Statue"]},{"damage_healed":0.0,"max_hp_gain":0.0,"max_hp_loss":0.0,"gold_gain":0.0,"event_name":"Addict","player_choice":"Stole Relic","floor":28.0,"gold_loss":0.0,"damage_taken":0.0,"relics_obtained":["Nunchaku"],"cards_obtained":["Shame"]},{"damage_healed":0.0,"max_hp_gain":0.0,"max_hp_loss":0.0,"gold_gain":0.0,"event_name":"Mysterious Sphere","player_choice":"Fight","floor":36.0,"gold_loss":0.0,"damage_taken":0.0},{"damage_healed":0.0,"max_hp_gain":0.0,"max_hp_loss":0.0,"gold_gain":0.0,"event_name":"Tomb of Lord Red Mask","player_choice":"Ignored","floor":38.0,"gold_loss":0.0,"damage_taken":0.0},{"damage_healed":0.0,"max_hp_gain":0.0,"max_hp_loss":0.0,"gold_gain":0.0,"event_name":"Duplicator","player_choice":"Copied","floor":45.0,"gold_loss":0.0,"damage_taken":0.0,"cards_obtained":["Bullet Time"]}],"is_beta":false,"boss_relics":[{"not_picked":["Snecko Eye","Tiny House"],"picked":"Pandora\u0027s Box"},{"not_picked":["Runic Pyramid","Sozu","Cursed Key"]}],"items_purged_floors":[14],"is_endless":false,"potions_floor_spawned":[4,6,8,22,24,25,27,29,33,35,36,37,42,46,48],"ascension_level":6}}