{"host":"w4b7hmige5bnqipq","time":1610678608,"event":{"mods":["2.2 Compatiblity","BaseMod","Colored Map","DeckTracker","Keyboard Shortcuts","Minty Spire (QoL Compilation)","Permanent Neow","Rare Cards Sparkle","SuperFastMode","everything is the same but u backflip on backflip","slay the spire mod where everything is the same but ironclad has a cowboy hat"],"gold_per_floor":[109,109,120,120,45,80,98,98,98,127,147,147,97,97,97],"floor_reached":14,"language":"KOR","playtime":222,"items_purged":["Strike_G","Strike_G"],"score":246,"play_id":"446fcf08-8b37-44ba-b008-6634e06fbbb8","local_time":"20210115114328","is_ascension_mode":true,"campfire_choices":[{"data":"Cloak And Dagger","floor":8,"key":"SMITH"},{"data":"Accuracy","floor":12,"key":"SMITH"}],"circlet_count":0,"master_deck":["AscendersBane","Strike_G+1","Strike_G","Strike_G","Defend_G","Defend_G","Defend_G","Defend_G","Defend_G","Survivor","Neutralize+1","Underhanded Strike","Deadly Poison","Cloak And Dagger+1","Accuracy+1","Reflex"],"relics":["Ring of the Snake","NeowsBlessing","Pear","Smiling Mask","Singing Bowl","Omamori"],"acts_visited":["Exordium"],"potions_floor_usage":[10,14],"damage_taken":[{"damage":0.0,"enemies":"Small Slimes","floor":1.0,"turns":1.0},{"damage":0,"enemies":"Jaw Worm","floor":3,"turns":1},{"damage":0,"enemies":"3 Sentries","floor":6,"turns":1},{"damage":0,"enemies":"2 Louse","floor":7,"turns":2},{"damage":22,"enemies":"Gremlin Nob","floor":10,"turns":4},{"damage":9,"enemies":"Red Slaver","floor":11,"turns":6},{"damage":34,"enemies":"Lagavulin","floor":14,"turns":8}],"seed_played":"-1070825360457208014","potions_obtained":[{"floor":6,"key":"Block Potion"},{"floor":7,"key":"Energy Potion"}],"is_trial":false,"path_per_floor":["M","?","M","T","$","E","M","R","T","E","M","R","$","E"],"character_chosen":"THE_SILENT","items_purchased":[],"campfire_rested":0,"item_purchase_floors":[],"current_hp_per_floor":[59,39,39,49,49,49,49,49,49,27,20,20,20,0,0],"gold":97,"neow_bonus":"THREE_ENEMY_KILL","is_daily":false,"chose_seed":false,"campfire_upgraded":2,"win_rate":0.0,"timestamp":1610678608,"path_taken":["M","?","M","?","?","E","M","R","T","E","M","R","$","E"],"items_purchased_type":[],"build_version":"2020-12-22","purchased_purges":2,"victory":false,"max_hp_per_floor":[66,66,66,76,76,76,76,76,76,76,78,78,78,78,78],"card_choices":[{"not_picked":["Deflect","Infinite Blades"],"picked":"Underhanded Strike","floor":1},{"not_picked":["Bane","Flying Knee"],"picked":"Deadly Poison","floor":3},{"not_picked":["Quick Slash","Blade Dance"],"picked":"Cloak And Dagger","floor":6},{"not_picked":["Footwork","All Out Attack"],"picked":"Accuracy","floor":7},{"not_picked":["Acrobatics","Underhanded Strike"],"picked":"Reflex","floor":10},{"not_picked":["Blur","Dagger Spray","Storm of Steel"],"picked":"Singing Bowl","floor":11}],"player_experience":490955,"relics_obtained":[{"floor":4,"key":"Pear"},{"floor":6,"key":"Smiling Mask"},{"floor":9,"key":"Singing Bowl"},{"floor":10,"key":"Omamori"}],"event_choices":[{"damage_healed":0,"gold_gain":0,"player_choice":"Entered Light","damage_taken":20,"max_hp_gain":0,"max_hp_loss":0,"event_name":"Shining Light","floor":2,"gold_loss":0,"cards_upgraded":["Neutralize","Strike_G"]}],"is_beta":false,"boss_relics":[],"items_purged_floors":[5,13],"is_endless":false,"potions_floor_spawned":[6,7],"killed_by":"Lagavulin","ascension_level":20}}