{"host":"10b2ljh1rg6srmxa","time":1610732804,"event":{"mods":["AchievementEnabler","BaseMod","Colored Powertips","Conspire","Downfall","Googly Eyes","Hubris","Infinite Spire","Minty Spire (QoL Compilation)","Replay The Spire","StSLib"],"gold_per_floor":[115,128,146,98,111,111,111,127,127,139,139,139,86,86,86],"floor_reached":14,"language":"ENG","playtime":599,"items_purged":[],"score":94,"play_id":"f78b0ee4-2afe-4b91-a41b-d86f0f396eab","local_time":"20210115184644","is_ascension_mode":true,"campfire_choices":[{"data":"Footwork","floor":6,"key":"SMITH"},{"data":"conspire:PoisonWeapons","floor":12,"key":"SMITH"}],"circlet_count":0,"master_deck":["Strike_G","Strike_G","Strike_G","Strike_G","Strike_G","Defend_G","Defend_G","Defend_G","Defend_G","Defend_G","Survivor","Neutralize","Heel Hook","Footwork+1","Bane","Deadly Poison","PiercingWail","conspire:PoisonWeapons+1","Poisoned Stab","PiercingWail"],"relics":["Ring of the Snake","NeowsBlessing"],"acts_visited":["Exordium"],"potions_floor_usage":[5,14,14,14,14],"damage_taken":[{"damage":0,"enemies":"Cultist","floor":1,"turns":1},{"damage":0,"enemies":"conspire:RoseBush","floor":2,"turns":1},{"damage":0,"enemies":"2 Louse","floor":3,"turns":1},{"damage":5,"enemies":"Lots of Slimes","floor":5,"turns":6},{"damage":10,"enemies":"Exordium Thugs","floor":8,"turns":7},{"damage":0,"enemies":"Exordium Wildlife","floor":10,"turns":4},{"damage":4,"enemies":"3 Sentries","floor":14,"turns":2}],"seed_played":"-5818508257748079407","potions_obtained":[{"floor":1,"key":"hexamod:EctoCoolerPotion"},{"floor":3,"key":"EntropicBrew"},{"floor":5,"key":"SteroidPotion"}],"is_trial":false,"path_per_floor":["M","M","M","$","M","R","?","M","T","M","?","R","$","E"],"character_chosen":"THE_SILENT","items_purchased":["Deadly Poison","PiercingWail"],"campfire_rested":0,"item_purchase_floors":[4,13],"current_hp_per_floor":[70,70,70,70,65,65,48,38,38,38,38,38,38,34,34],"gold":86,"neow_bonus":"THREE_ENEMY_KILL","is_daily":false,"chose_seed":false,"campfire_upgraded":2,"win_rate":0.0,"timestamp":1610732804,"path_taken":["M","?","?","$","M","R","?","M","T","M","?","R","$","E"],"items_purchased_type":["Card","Card"],"build_version":"2020-12-22","purchased_purges":0,"victory":false,"max_hp_per_floor":[70,70,70,70,70,70,70,70,70,70,70,70,70,70,70],"card_choices":[{"not_picked":["Predator","ReplayTheSpireMod:Tripwire"],"picked":"Heel Hook","floor":1},{"not_picked":["Catalyst","Acrobatics"],"picked":"Footwork","floor":2},{"not_picked":["Slice","Outmaneuver"],"picked":"Bane","floor":3},{"not_picked":["Dodge and Roll","Bouncing Flask"],"picked":"PiercingWail","floor":5},{"not_picked":["infinitespire:Starlight","ReplayTheSpireMod:Haul"],"picked":"infinitespire:UltimateForm","floor":7},{"not_picked":["Sneak Up","Acrobatics"],"picked":"conspire:PoisonWeapons","floor":8},{"not_picked":["Quick Slash","Bane"],"picked":"Poisoned Stab","floor":10}],"player_experience":339732,"relics_obtained":[],"event_choices":[{"cards_removed":["infinitespire:UltimateForm"],"damage_healed":0,"gold_gain":0,"player_choice":"Purged","damage_taken":0,"max_hp_gain":0,"max_hp_loss":0,"event_name":"Purifier","floor":11,"gold_loss":0}],"is_beta":false,"boss_relics":[],"items_purged_floors":[],"is_endless":false,"potions_floor_spawned":[1,3,5],"killed_by":"3 Sentries","ascension_level":3}}