{"host":"94qggqh0xz0sp6ai","time":1610754275,"event":{"mods":["Abigail Mod","Act Like it!","BaseMod","CapriCore","Downfall","Friendly Minions","Gensokyo","Hermit","Jorbs\u0027s Wanderer Trilogy","Koishi","Marisa（霧雨　魔理沙）","Minty Spire (QoL Compilation)","Permanent Neow","Reimu（博??梦）","StSLib","The Alterego","The Construct","The Cursed","The Hierophant","The Immortal","The Marked","The Servant 0.9.4","TheBandit","Waifu the Spire"],"gold_per_floor":[109,259,274,349,364,364,389,389,389,412,412,412,412,422,422,422,422],"floor_reached":16,"language":"ENG","playtime":386,"items_purged":[],"score":191,"play_id":"700b9094-be5a-4b8c-bc94-0446179cf226","local_time":"20210115174435","is_ascension_mode":true,"campfire_choices":[{"floor":6,"key":"REST"},{"data":"Comet","floor":8,"key":"SMITH"},{"floor":11,"key":"REST"},{"floor":15,"key":"REST"}],"circlet_count":0,"master_deck":["AscendersBane","Strike_S","Strike_S","Strike_S","Strike_S","Defend_S","Defend_S","Defend_S","Defend_S","KidneyShot","Exchange","Comet+1","Doubt","Starlight","StarChef","Ricochet","WasteNot","Pain","SilverBlades"],"relics":["Uniform","StoneCalendar","Pear","Juzu Bracelet","Odd Mushroom","WarpedTongs"],"acts_visited":["Exordium"],"potions_floor_usage":[7,7],"damage_taken":[{"damage":4,"enemies":"Small Slimes","floor":1,"turns":4},{"damage":3,"enemies":"2 Louse","floor":3,"turns":3},{"damage":11,"enemies":"Jaw Worm","floor":5,"turns":5},{"damage":19,"enemies":"Lagavulin","floor":7,"turns":7},{"damage":20,"enemies":"The Mushroom Lair","floor":10,"turns":4},{"damage":24,"enemies":"Lots of Slimes","floor":14,"turns":4},{"damage":33,"enemies":"The Guardian","floor":16,"turns":5}],"seed_played":"4069475442352581077","potions_obtained":[{"floor":1,"key":"BlessingOfTheForge"},{"floor":3,"key":"champ:CounterPotion"},{"floor":5,"key":"Regen Potion"}],"is_trial":false,"path_per_floor":["M","?","M","?","M","R","E","R","T","?","R","?","?","M","R","B"],"character_chosen":"THE_SERVANT","items_purchased":[],"campfire_rested":3,"item_purchase_floors":[],"current_hp_per_floor":[35,35,32,21,10,28,34,34,34,14,35,35,35,11,32,0,0],"gold":422,"neow_bonus":"ONE_RARE_RELIC","is_daily":false,"chose_seed":false,"campfire_upgraded":1,"win_rate":0.0,"timestamp":1610754275,"path_taken":["M","?","M","?","M","R","E","R","T","?","R","?","?","M","R","BOSS"],"items_purchased_type":[],"build_version":"2020-12-22","purchased_purges":0,"victory":false,"max_hp_per_floor":[60,60,60,60,60,60,70,70,70,70,70,70,70,70,70,70,70],"card_choices":[{"not_picked":["Deadline","Revamp"],"picked":"Comet","floor":1},{"not_picked":["Shuttle","Rearm"],"picked":"Starlight","floor":3},{"not_picked":["DualDimension","Ricochet"],"picked":"StarChef","floor":5},{"not_picked":["FanOfKnives","TrueSight"],"picked":"Ricochet","floor":7},{"not_picked":["Starlight","DancingSilver"],"picked":"WasteNot","floor":10},{"not_picked":["Moonlight","Unruled"],"picked":"SilverBlades","floor":14}],"player_experience":1386372,"relics_obtained":[{"floor":7,"key":"Pear"},{"floor":9,"key":"Juzu Bracelet"},{"floor":10,"key":"Odd Mushroom"}],"event_choices":[{"damage_healed":0,"gold_gain":150,"player_choice":"AGREE","damage_taken":0,"max_hp_gain":0,"max_hp_loss":0,"event_name":"Liars Game","floor":2,"gold_loss":0,"cards_obtained":["Doubt"]},{"damage_healed":0,"gold_gain":75,"player_choice":"Gather Gold","damage_taken":11,"max_hp_gain":0,"max_hp_loss":0,"event_name":"World of Goop","floor":4,"gold_loss":0},{"damage_healed":0,"gold_gain":0,"player_choice":"Fought Mushrooms","damage_taken":0,"max_hp_gain":0,"max_hp_loss":0,"event_name":"Mushrooms","floor":10,"gold_loss":0},{"damage_healed":0,"gold_gain":0,"player_choice":"Rummage","damage_taken":0,"relics_obtained":["WarpedTongs"],"max_hp_gain":0,"max_hp_loss":0,"event_name":"Accursed Blacksmith","floor":13,"gold_loss":0,"cards_obtained":["Pain"]}],"is_beta":false,"boss_relics":[],"items_purged_floors":[],"is_endless":false,"potions_floor_spawned":[1,3,5],"killed_by":"The Guardian","ascension_level":19}}