{"host":"8i4doyxqctgl5qb0","time":1610688144,"event":{"mods":["AchievementEnabler","BaseMod","Block Reminder","Colored Powertips","Downfall","Minty Spire (QoL Compilation)","Permanent Neow","Potion Indicator Mod","Rare Cards Sparkle","StSLib","SuperFastMode","The Jungle"],"gold_per_floor":[214,86,86,105,55,55,55,3,3,3,21,57,57,57,57,178,178,198,198,1,1,1,1,15,15,91,91,121,133,133,148,148,148,148],"floor_reached":33,"language":"ZHS","playtime":716,"items_purged":["Defend_R"],"score":401,"play_id":"c61039d7-e1c1-4b7c-b203-ee88df0c137b","local_time":"20210115132224","is_ascension_mode":true,"campfire_choices":[{"data":"Armaments","floor":6.0,"key":"SMITH"},{"data":"Flex","floor":13.0,"key":"SMITH"},{"floor":15.0,"key":"REST"},{"data":"Armaments","floor":23.0,"key":"SMITH"},{"data":"Flame Barrier","floor":25.0,"key":"SMITH"},{"data":"Shrug It Off","floor":27.0,"key":"SMITH"},{"data":"Shrug It Off","floor":32.0,"key":"SMITH"}],"circlet_count":0,"master_deck":["AscendersBane","Strike_R","Strike_R","Strike_R","Strike_R","Defend_R","Defend_R","Defend_R","Bash","Armaments+1","Shrug It Off+1","Flame Barrier+1","Spot Weakness","Power Through","Flex+1","Shrug It Off+1","Cleave","Immolate","CurseOfTheBell","Evolve","Armaments+1","Shrug It Off+1","Offering"],"relics":["Burning Blood","Bloody Idol","Bag of Preparation","Charon\u0027s Ashes","Calling Bell","Strawberry","Molten Egg 2","Peace Pipe","Matryoshka","Membership Card","Self Forming Clay","Mercury Hourglass","Smiling Mask","StrikeDummy","Letter Opener"],"acts_visited":["Exordium","TheCity"],"potions_floor_usage":[33,33],"damage_taken":[{"damage":4.0,"enemies":"Small Slimes","floor":1.0,"turns":4.0},{"damage":11.0,"enemies":"Jaw Worm","floor":4.0,"turns":7.0},{"damage":6.0,"enemies":"2 Louse","floor":11.0,"turns":4.0},{"damage":22.0,"enemies":"Lagavulin","floor":12.0,"turns":11.0},{"damage":29.0,"enemies":"Slime Boss","floor":16.0,"turns":15.0},{"damage":16.0,"enemies":"3 Byrds","floor":18.0,"turns":5.0},{"damage":12.0,"enemies":"Chosen","floor":24.0,"turns":5.0},{"damage":19.0,"enemies":"Slavers","floor":28.0,"turns":3.0},{"damage":16.0,"enemies":"Sentry and Sphere","floor":29.0,"turns":6.0},{"damage":22.0,"enemies":"Snake Plant","floor":31.0,"turns":4.0},{"damage":132,"enemies":"Automaton","floor":33,"turns":12}],"seed_played":"-7990601524776158524","potions_obtained":[{"floor":12.0,"key":"Fire Potion"},{"floor":14.0,"key":"Fruit Juice"},{"floor":14.0,"key":"Fire Potion"},{"floor":16.0,"key":"Energy Potion"},{"floor":28.0,"key":"DuplicationPotion"},{"floor":29.0,"key":"Strength Potion"}],"is_trial":false,"path_per_floor":["M","$","?","M","?","R","?","$","T","?","M","E","R","?","R","B",null,"M","T","$","?","T","R","M","R","T","R","E","M","?","M","R","B"],"character_chosen":"IRONCLAD","items_purchased":["Shrug It Off","Flame Barrier","Flex","Membership Card","Armaments"],"campfire_rested":1,"item_purchase_floors":[2,2,8,20,20],"current_hp_per_floor":[74,74,74,69,69,69,69,69,69,69,69,53,53,58,83,60,86,76,76,76,76,76,76,75,75,80,80,72,67,92,81,81,0,0],"gold":148,"neow_bonus":"HUNDRED_GOLD","is_daily":false,"chose_seed":false,"campfire_upgraded":6,"win_rate":0.0,"timestamp":1610688144,"path_taken":["M","$","?","M","?","R","?","?","T","?","?","E","R","?","R","BOSS","M","?","?","?","?","R","M","R","T","R","E","?","?","M","R","BOSS"],"items_purchased_type":["Card","Card","Card","Relic","Card"],"build_version":"2020-12-22","purchased_purges":1,"victory":false,"max_hp_per_floor":[80,80,80,80,80,80,80,80,80,80,80,80,80,85,85,85,92,92,92,92,92,92,92,92,92,92,92,92,92,92,92,92,92,92],"card_choices":[{"not_picked":["Hemokinesis","Battle Trance"],"picked":"Armaments","floor":1.0},{"not_picked":["Warcry","Havoc"],"picked":"Spot Weakness","floor":4.0},{"not_picked":["True Grit","Ghostly Armor"],"picked":"Shrug It Off","floor":11.0},{"not_picked":["Blood for Blood","True Grit"],"picked":"Cleave","floor":12.0},{"not_picked":["Reaper","Exhume"],"picked":"Immolate","floor":16.0},{"not_picked":["Wild Strike+1","Sever Soul+1"],"picked":"Evolve","floor":18.0},{"not_picked":["Pommel Strike+1","Iron Wave+1","Warcry"],"picked":"SKIP","floor":24.0},{"not_picked":["Shockwave","Anger+1"],"picked":"Shrug It Off+1","floor":28.0},{"not_picked":["Rage","Perfected Strike+1"],"picked":"Offering","floor":29.0},{"not_picked":["Carnage+1","Dark Embrace","Warcry"],"picked":"SKIP","floor":31.0}],"player_experience":194515,"relics_obtained":[{"floor":9.0,"key":"Bag of Preparation"},{"floor":12.0,"key":"Charon\u0027s Ashes"},{"floor":17.0,"key":"Strawberry"},{"floor":17.0,"key":"Molten Egg 2"},{"floor":17.0,"key":"Peace Pipe"},{"floor":19.0,"key":"Matryoshka"},{"floor":22.0,"key":"Self Forming Clay"},{"floor":22.0,"key":"Mercury Hourglass"},{"floor":26.0,"key":"Smiling Mask"},{"floor":26.0,"key":"StrikeDummy"},{"floor":28.0,"key":"Letter Opener"}],"event_choices":[{"damage_healed":0.0,"max_hp_gain":0.0,"max_hp_loss":0.0,"gold_gain":0.0,"event_name":"Golden Idol","player_choice":"Take Wound","floor":3.0,"gold_loss":0.0,"damage_taken":0.0,"relics_obtained":["Golden Idol"],"cards_obtained":["Injury"]},{"cards_removed":["Injury"],"damage_healed":0.0,"max_hp_gain":0.0,"max_hp_loss":0.0,"gold_gain":0.0,"event_name":"The Cleric","player_choice":"Card Removal","floor":5.0,"gold_loss":50.0,"damage_taken":0.0},{"damage_healed":0.0,"max_hp_gain":0.0,"max_hp_loss":0.0,"gold_gain":0.0,"cards_transformed":["Strike_R"],"event_name":"Living Wall","player_choice":"Change","floor":7.0,"gold_loss":0.0,"damage_taken":0.0,"cards_obtained":["Power Through"]},{"damage_healed":0.0,"max_hp_gain":0.0,"max_hp_loss":0.0,"gold_gain":0.0,"event_name":"Scrap Ooze","player_choice":"Fled","floor":10.0,"gold_loss":0.0,"damage_taken":0.0},{"damage_healed":0.0,"max_hp_gain":0.0,"max_hp_loss":0.0,"gold_gain":0.0,"event_name":"Lab","player_choice":"Got Potions","floor":14.0,"gold_loss":0.0,"damage_taken":0.0},{"damage_healed":0.0,"max_hp_gain":0.0,"max_hp_loss":0.0,"gold_gain":0.0,"event_name":"Forgotten Altar","player_choice":"Gave Idol","floor":21.0,"relics_lost":["Golden Idol"],"gold_loss":0.0,"damage_taken":0.0,"relics_obtained":["Bloody Idol"]},{"damage_healed":30.0,"max_hp_gain":0.0,"max_hp_loss":0.0,"gold_gain":0.0,"event_name":"The Library","player_choice":"Heal","floor":30.0,"gold_loss":0.0,"damage_taken":0.0}],"is_beta":false,"boss_relics":[{"not_picked":["Mark of Pain","SacredBark"],"picked":"Calling Bell"}],"items_purged_floors":[20],"is_endless":false,"potions_floor_spawned":[12,16,28,29,31],"killed_by":"Automaton","ascension_level":11}}