{"host":"Rich","time":1610680326,"event":{"mods":["AchievementEnabler","BaseMod","Highlight Path","Minty Spire (QoL Compilation)","Relic Stats"],"gold_per_floor":[111,111,36,46,46,85,85,10,33,33,46,59,59,80,80,171,171,195,195,195,195],"floor_reached":20,"language":"ENG","playtime":421,"items_purged":["Strike_B"],"score":394,"play_id":"8ebfc885-85ea-4fa6-9e1b-fd37dc0c3678","local_time":"20210114221206","is_ascension_mode":true,"campfire_choices":[{"data":"Hologram","floor":7,"key":"SMITH"},{"data":"Zap","floor":10,"key":"SMITH"},{"data":"Dualcast","floor":13,"key":"SMITH"},{"data":"Redo","floor":15,"key":"SMITH"}],"circlet_count":0,"master_deck":["AscendersBane","Strike_B","Defend_B","Defend_B","Defend_B","Zap+1","Dualcast+1","Skim","Gash","Hologram+1","Barrage","Ball Lightning","Redo+1","Fission","Hello World+1","Aggregate+1","Steam+1","Beam Cell"],"relics":["Cracked Core","NeowsBlessing","Strawberry","Golden Idol","DataDisk","Orichalcum","Astrolabe"],"acts_visited":["Exordium","TheCity"],"potions_floor_usage":[16,18],"damage_taken":[{"damage":0,"enemies":"Jaw Worm","floor":1,"turns":1},{"damage":0,"enemies":"Small Slimes","floor":4,"turns":1},{"damage":0,"enemies":"3 Sentries","floor":6,"turns":1},{"damage":0,"enemies":"Cultist","floor":11,"turns":3},{"damage":4,"enemies":"Red Slaver","floor":12,"turns":3},{"damage":10,"enemies":"Blue Slaver","floor":14,"turns":3},{"damage":36,"enemies":"Hexaghost","floor":16,"turns":8},{"damage":12,"enemies":"2 Thieves","floor":18,"turns":3},{"damage":31,"enemies":"Masked Bandits","floor":20,"turns":3}],"seed_played":"1222977952332320938","potions_obtained":[{"floor":6,"key":"AttackPotion"},{"floor":14,"key":"Swift Potion"},{"floor":16,"key":"SteroidPotion"}],"is_trial":false,"path_per_floor":["M","?","?","M","?","E","R","$","T","R","M","M","R","M","R","B",null,"M","?","?"],"character_chosen":"DEFECT","items_purchased":[],"campfire_rested":0,"item_purchase_floors":[],"current_hp_per_floor":[64,71,71,71,71,71,71,71,71,71,71,67,67,57,57,21,59,47,47,16,16],"gold":195,"neow_bonus":"THREE_ENEMY_KILL","is_daily":false,"chose_seed":false,"campfire_upgraded":4,"win_rate":0.0,"timestamp":1610680326,"path_taken":["M","?","?","M","?","E","R","?","T","R","M","M","R","?","R","BOSS","M","?","?"],"items_purchased_type":[],"build_version":"2020-12-18","purchased_purges":1,"victory":false,"max_hp_per_floor":[71,78,78,78,71,71,71,71,71,71,71,71,71,71,71,71,71,71,71,71,71],"relic_stats":{"counters":[9,26],"Golden Idol":48,"Astrolabe":["Hello World","Aggregate","Steam"],"Orichalcum":[48],"obtain_stats":[{"DataDisk":6,"NeowsBlessing":0,"Golden Idol":5,"Strawberry":2,"Astrolabe":17,"Orichalcum":9,"Cracked Core":0},{"DataDisk":3,"NeowsBlessing":0,"Golden Idol":2,"Strawberry":1,"Astrolabe":7,"Orichalcum":3,"Cracked Core":0},{"DataDisk":3,"NeowsBlessing":0,"Golden Idol":2,"Strawberry":1,"Astrolabe":20,"Orichalcum":3,"Cracked Core":0}]},"card_choices":[{"not_picked":["Stack","Aggregate"],"picked":"Skim","floor":1},{"not_picked":["Coolheaded","Chaos"],"picked":"Gash","floor":4},{"not_picked":["Beam Cell","Turbo"],"picked":"Hologram","floor":6},{"not_picked":["Rip and Tear","Stack"],"picked":"Barrage","floor":11},{"not_picked":["Rebound","Rainbow"],"picked":"Ball Lightning","floor":12},{"not_picked":["Reprogram","Compile Driver"],"picked":"Redo","floor":14},{"not_picked":["Buffer","Core Surge"],"picked":"Fission","floor":16},{"not_picked":["Cold Snap","Skim"],"picked":"Beam Cell","floor":18}],"player_experience":1991651,"relics_obtained":[{"floor":6,"key":"DataDisk"},{"floor":9,"key":"Orichalcum"}],"event_choices":[{"damage_healed":0,"gold_gain":0,"player_choice":"Box","damage_taken":0,"relics_obtained":["Strawberry"],"max_hp_gain":0,"max_hp_loss":0,"event_name":"Big Fish","floor":2,"gold_loss":0,"cards_obtained":["Regret"]},{"cards_removed":["Regret"],"damage_healed":0,"gold_gain":0,"player_choice":"Card Removal","damage_taken":0,"max_hp_gain":0,"max_hp_loss":0,"event_name":"The Cleric","floor":3,"gold_loss":75},{"damage_healed":0,"gold_gain":0,"player_choice":"Lose Max HP","damage_taken":0,"relics_obtained":["Golden Idol"],"max_hp_gain":0,"max_hp_loss":7,"event_name":"Golden Idol","floor":5,"gold_loss":0},{"damage_healed":0,"gold_gain":0,"player_choice":"Ignored","damage_taken":0,"max_hp_gain":0,"max_hp_loss":0,"event_name":"Vampires","floor":19,"gold_loss":0},{"damage_healed":0,"gold_gain":0,"player_choice":"Fought Bandits","damage_taken":0,"max_hp_gain":0,"max_hp_loss":0,"event_name":"Masked Bandits","floor":20,"gold_loss":0}],"is_beta":true,"boss_relics":[{"not_picked":["Tiny House","Runic Pyramid"],"picked":"Astrolabe"}],"items_purged_floors":[8],"is_endless":false,"potions_floor_spawned":[6,14,16],"killed_by":"Masked Bandits","ascension_level":20}}