{"host":"2no1vwhhkhf0ohz3","time":1610723696,"event":{"mods":["AchievementEnabler","BaseMod","Colored Map","DeckTracker","Keyboard Shortcuts","Minty Spire (QoL Compilation)","Relic Stats","SuperFastMode"],"gold_per_floor":[110,110,120,120,137,137,137,149,161,206,218,277,76,76,76,173,173,187,199,218,229,246,246,276,276,276,276,276,289,289,299,299,299,299],"floor_reached":33,"language":"KOR","playtime":732,"items_purged":[],"score":398,"play_id":"5bccdee6-2da6-4ce7-b219-81c2d0a98bc5","local_time":"20210116001456","is_ascension_mode":true,"campfire_choices":[{"data":"Hemokinesis","floor":6,"key":"SMITH"},{"data":"Flex","floor":8,"key":"SMITH"},{"data":"Pummel","floor":11,"key":"SMITH"},{"data":"Carnage","floor":15,"key":"SMITH"},{"data":"Heavy Blade","floor":23,"key":"SMITH"},{"floor":27,"key":"REST"},{"floor":30,"key":"REST"},{"data":"Rupture","floor":32,"key":"SMITH"}],"circlet_count":0,"master_deck":["AscendersBane","Strike_R","Strike_R","Strike_R","Defend_R","Defend_R","Defend_R","Bash+1","Flex+1","Hemokinesis+1","Heavy Blade+1","Pummel+1","Headbutt","Carnage+1","Evolve","Double Tap","Warcry","Flame Barrier+1","Power Through","Shrug It Off","Decay","Shrug It Off","Rupture+1","Rupture","Twin Strike+1","Pommel Strike"],"relics":["Burning Blood","NeowsBlessing","MawBank","Matryoshka","Nunchaku","Red Skull","Dream Catcher","Orrery","Philosopher\u0027s Stone","Smiling Mask","Paper Frog","InkBottle"],"acts_visited":["Exordium","TheCity"],"potions_floor_usage":[16,16,16,20,22,24,24,33],"damage_taken":[{"damage":0,"enemies":"Cultist","floor":1,"turns":1},{"damage":0,"enemies":"Jaw Worm","floor":3,"turns":1},{"damage":0,"enemies":"Small Slimes","floor":5,"turns":2},{"damage":31,"enemies":"3 Sentries","floor":10,"turns":7},{"damage":42,"enemies":"Hexaghost","floor":16,"turns":5},{"damage":9,"enemies":"Chosen","floor":18,"turns":3},{"damage":9,"enemies":"Spheric Guardian","floor":19,"turns":3},{"damage":21,"enemies":"Snake Plant","floor":20,"turns":4},{"damage":21,"enemies":"Shelled Parasite and Fungi","floor":21,"turns":3},{"damage":15,"enemies":"3 Cultists","floor":22,"turns":4},{"damage":24,"enemies":"Gremlin Leader","floor":24,"turns":5},{"damage":35,"enemies":"Chosen and Byrds","floor":29,"turns":3},{"damage":9,"enemies":"Cultist and Chosen","floor":31,"turns":4},{"damage":36,"enemies":"Automaton","floor":33,"turns":4}],"seed_played":"-6762425714482664581","potions_obtained":[{"floor":10,"key":"DuplicationPotion"},{"floor":14,"key":"CultistPotion"},{"floor":14,"key":"Energy Potion"},{"floor":16,"key":"Fruit Juice"},{"floor":19,"key":"SteroidPotion"},{"floor":20,"key":"Strength Potion"},{"floor":22,"key":"Fruit Juice"},{"floor":31,"key":"SteroidPotion"}],"is_trial":false,"path_per_floor":["M","?","M","?","M","R","T","R","T","E","R","T","$","?","R","B",null,"M","M","M","M","M","R","E","?","T","R","?","M","R","M","R","B"],"character_chosen":"IRONCLAD","items_purchased":["Orrery","Double Tap"],"campfire_rested":2,"item_purchase_floors":[13,13],"current_hp_per_floor":[78,78,80,80,80,80,80,80,80,55,55,55,55,55,55,24,70,67,64,49,34,30,30,12,12,12,39,39,10,37,34,34,0,0],"gold":299,"neow_bonus":"THREE_ENEMY_KILL","is_daily":false,"chose_seed":false,"campfire_upgraded":6,"win_rate":0.0,"timestamp":1610723696,"path_taken":["M","?","M","?","?","R","?","R","T","E","R","?","$","?","R","BOSS","M","?","M","M","M","R","E","?","T","R","?","M","R","M","R","BOSS"],"items_purchased_type":["Relic","Card"],"build_version":"2020-12-22","purchased_purges":0,"victory":false,"max_hp_per_floor":[80,80,80,80,80,80,80,80,80,80,80,80,80,80,80,85,85,85,85,85,85,90,90,90,90,90,90,90,90,90,90,90,90,90],"relic_stats":{"Nunchaku":[7],"Dream Catcher":2,"counters":[14,49],"MawBank":72,"Smiling Mask":0,"obtain_stats":[{"Nunchaku":10,"Dream Catcher":12,"Matryoshka":9,"NeowsBlessing":0,"Orrery":13,"Philosopher\u0027s Stone":17,"MawBank":7,"Smiling Mask":24,"Burning Blood":0,"Red Skull":12,"InkBottle":26,"Paper Frog":26},{"Nunchaku":4,"Dream Catcher":4,"Matryoshka":3,"NeowsBlessing":0,"Orrery":4,"Philosopher\u0027s Stone":5,"MawBank":3,"Smiling Mask":11,"Burning Blood":0,"Red Skull":4,"InkBottle":11,"Paper Frog":11},{"Nunchaku":11,"Dream Catcher":11,"Matryoshka":4,"NeowsBlessing":0,"Orrery":11,"Philosopher\u0027s Stone":16,"MawBank":4,"Smiling Mask":38,"Burning Blood":0,"Red Skull":11,"InkBottle":38,"Paper Frog":38}],"Burning Blood":68,"InkBottle":[3]},"card_choices":[{"not_picked":["Warcry","Heavy Blade"],"picked":"Flex","floor":1},{"not_picked":["Combust","Body Slam"],"picked":"Hemokinesis","floor":3},{"not_picked":["Flex","Perfected Strike"],"picked":"Heavy Blade","floor":5},{"not_picked":["Thunderclap","Havoc"],"picked":"Pummel","floor":10},{"not_picked":["Berserk","Infernal Blade"],"picked":"Headbutt","floor":13},{"not_picked":["Hemokinesis","Thunderclap"],"picked":"Carnage","floor":13},{"not_picked":["Ghostly Armor","Warcry"],"picked":"Evolve","floor":13},{"not_picked":["Cleave","Heavy Blade+1"],"picked":"Warcry","floor":18},{"not_picked":["Carnage","Hemokinesis","Iron Wave"],"picked":"SKIP","floor":19},{"not_picked":["Rage","Havoc+1","Thunderclap"],"picked":"SKIP","floor":20},{"not_picked":["Armaments+1","Burning Pact"],"picked":"Flame Barrier+1","floor":21},{"not_picked":["Dark Embrace","Thunderclap"],"picked":"Power Through","floor":22},{"not_picked":["Corruption","Cleave"],"picked":"Shrug It Off","floor":24},{"not_picked":["Disarm","Sentinel"],"picked":"Shrug It Off","floor":27},{"not_picked":["Pommel Strike","Spot Weakness","Thunderclap+1"],"picked":"SKIP","floor":29},{"not_picked":["Iron Wave","Power Through+1"],"picked":"Twin Strike+1","floor":30},{"not_picked":["Sever Soul+1","Anger+1"],"picked":"Pommel Strike","floor":31}],"player_experience":292516,"relics_obtained":[{"floor":7,"key":"MawBank"},{"floor":9,"key":"Matryoshka"},{"floor":10,"key":"Nunchaku"},{"floor":12,"key":"Red Skull"},{"floor":12,"key":"Dream Catcher"},{"floor":24,"key":"Smiling Mask"},{"floor":26,"key":"Paper Frog"},{"floor":26,"key":"InkBottle"}],"event_choices":[{"damage_healed":0,"gold_gain":0,"player_choice":"Grow","damage_taken":0,"max_hp_gain":0,"max_hp_loss":0,"event_name":"Living Wall","floor":2,"gold_loss":0,"cards_upgraded":["Bash"]},{"cards_removed":["Strike_R"],"damage_healed":0,"gold_gain":0,"player_choice":"Offered Basic","damage_taken":0,"max_hp_gain":0,"max_hp_loss":0,"event_name":"Bonfire Elementals","floor":4,"gold_loss":0},{"damage_healed":0,"gold_gain":0,"player_choice":"Got Potions","damage_taken":0,"max_hp_gain":0,"max_hp_loss":0,"event_name":"Lab","floor":14,"gold_loss":0},{"damage_healed":0,"gold_gain":0,"player_choice":"Smashed Altar","damage_taken":0,"max_hp_gain":0,"max_hp_loss":0,"event_name":"Forgotten Altar","floor":25,"gold_loss":0,"cards_obtained":["Decay"]},{"damage_healed":0,"gold_gain":0,"cards_transformed":["Strike_R","Defend_R"],"player_choice":"Became Test Subject","damage_taken":0,"max_hp_gain":0,"max_hp_loss":0,"event_name":"Drug Dealer","floor":28,"gold_loss":0,"cards_obtained":["Rupture","Rupture"]}],"is_beta":false,"boss_relics":[{"not_picked":["Runic Cube","Empty Cage"],"picked":"Philosopher\u0027s Stone"}],"items_purged_floors":[],"is_endless":false,"potions_floor_spawned":[10,16,19,20,22,31],"killed_by":"Automaton","ascension_level":10}}