{"host":"npubv26u89aif4fa","time":1610740953,"event":{"mods":["Astrologer","BaseMod","Better Vampires","Better-Laid Plans","Colored Powertips","GifTheSpireLib","GungeonMod","HornydragonMod","Hubris","Jedi Mod","Minty Spire (QoL Compilation)","Quick Restart","Remilia（蕾米莉亚）","Replay The Spire","StSLib","Td1madao Mod","The Administrix","The Alterego","The Bug Knight","The Cursed","The Runesmith","Yuri Mod","残留之物"],"gold_per_floor":[117,137,150,150,325,325,357,357,357,392,405,422,432,464,464,464,464],"floor_reached":16,"language":"ZHS","playtime":947,"items_purged":[],"score":147,"play_id":"15ca4276-5019-4620-a186-273063464807","local_time":"20210116040233","is_ascension_mode":false,"campfire_choices":[{"data":"Eruption","floor":6.0,"key":"SMITH"},{"floor":8.0,"key":"RECALL"},{"floor":15,"key":"DIG"}],"circlet_count":0,"master_deck":["Strike_P","Strike_P","Strike_P","Strike_P","Defend_P","Defend_P","Defend_P","Defend_P","Eruption+1","Vigilance","Prostrate","DeceiveReality","Doubt","Worship","Conclude","Tantrum","FearNoEvil","LessonLearned"],"relics":["PureWater","NeowsBlessing","hubris:Icosahedron","Simple Rune","Snack Pack","Anchor","hubris:SlimyHat"],"acts_visited":["Exordium"],"potions_floor_usage":[11,14],"damage_taken":[{"damage":0.0,"enemies":"Small Slimes","floor":1.0,"turns":1.0},{"damage":0.0,"enemies":"Jaw Worm","floor":2.0,"turns":1.0},{"damage":0.0,"enemies":"2 Louse","floor":3.0,"turns":1.0},{"damage":50.0,"enemies":"Gremlin Nob","floor":7.0,"turns":8.0},{"damage":0,"enemies":"3 Sentries","floor":10,"turns":16},{"damage":0,"enemies":"Looter","floor":11,"turns":4},{"damage":5,"enemies":"3 Louse","floor":12,"turns":2},{"damage":0,"enemies":"Large Slime","floor":13,"turns":3},{"damage":17,"enemies":"Lagavulin","floor":14,"turns":5},{"damage":19,"enemies":"Hexaghost","floor":16,"turns":11}],"seed_played":"1350540064254947105","potions_obtained":[{"floor":2.0,"key":"BottledMiracle"},{"floor":3.0,"key":"Weak Potion"},{"floor":10,"key":"GamblersBrew"},{"floor":12,"key":"AttackPotion"}],"is_trial":false,"path_per_floor":["M","M","M","?","?","R","E","R","T","E","M","M","M","E","R","B"],"character_chosen":"WATCHER","items_purchased":[],"campfire_rested":0,"item_purchase_floors":[],"current_hp_per_floor":[72,72,72,72,72,72,22,22,22,22,26,23,25,10,10,0,0],"gold":464,"neow_bonus":"THREE_ENEMY_KILL","is_daily":false,"chose_seed":false,"campfire_upgraded":1,"win_rate":0.0,"timestamp":1610740953,"path_taken":["M","M","M","?","?","R","E","R","T","E","M","M","M","E","R","BOSS"],"items_purchased_type":[],"build_version":"2020-12-22","purchased_purges":0,"victory":false,"max_hp_per_floor":[72,72,72,72,72,72,72,72,72,72,72,72,72,72,72,72,72],"card_choices":[{"not_picked":["Protect","Replay:Battleflow","MentalFortress"],"picked":"SKIP","floor":1.0},{"not_picked":["Indignation","FlurryOfBlows"],"picked":"Prostrate","floor":2.0},{"not_picked":["Wireheading","Indignation"],"picked":"DeceiveReality","floor":3.0},{"not_picked":["Halt","FollowUp"],"picked":"Worship","floor":7.0},{"not_picked":["JustLucky","Replay:ManipulateFuture"],"picked":"Conclude","floor":10},{"not_picked":["Protect","Replay:AtTheReady","WheelKick"],"picked":"SKIP","floor":11},{"not_picked":["Consecrate","FlyingSleeves"],"picked":"Tantrum","floor":12},{"not_picked":["BowlingBash","CutThroughFate"],"picked":"FearNoEvil","floor":13},{"not_picked":["Replay:BluntJabs","BowlingBash"],"picked":"LessonLearned","floor":14}],"player_experience":295643,"relics_obtained":[{"floor":7.0,"key":"Simple Rune"},{"floor":10,"key":"Snack Pack"},{"floor":14,"key":"Anchor"},{"floor":15,"key":"hubris:SlimyHat"}],"event_choices":[{"damage_healed":0.0,"max_hp_gain":0.0,"max_hp_loss":0.0,"gold_gain":175.0,"event_name":"Liars Game","player_choice":"AGREE","floor":5.0,"gold_loss":0.0,"damage_taken":0.0,"cards_obtained":["Doubt"]}],"is_beta":false,"boss_relics":[],"items_purged_floors":[],"is_endless":false,"potions_floor_spawned":[2,3,10,12],"killed_by":"Hexaghost","ascension_level":0}}