{"host":"njruw0b0uprlitpx","time":1610682940,"event":{"mods":["2.2 Compatiblity","Astrologer","Bartender","BaseMod","Better Altar","Better Match","Better Note","Better Sensory Stone","Better Skull","Better Third Choice","BetterRewards","Block Reminder","Colored Map","Colored Powertips","Energized Spire","Jedi Mod","Keyboard Shortcuts","Minty Spire (QoL Compilation)","Quick Restart","Rare Cards Sparkle","Relic Stats","Replay The Spire","SacredBarkPlus","Spicy Shops","StSLib","SuperFastMode","The Construct","The Dragon Tamer","The Hierophant","The Marked","The Mystic","Wandering Minibosses"],"gold_per_floor":[113,13,27,131,91,113,113,131,131,141,131,131,131,6,6,106,106,132,132,146,421,183,183,183,183,183,183,39,29,29,29,29,24,24],"floor_reached":33,"language":"ENG","playtime":1401,"items_purged":["hierophant:Defend_Hierophant","hierophant:Strike_Hierophant","Spreading Infection","Regret"],"score":390,"play_id":"9f240a60-72a8-4293-9e1d-c08e9eee4b4b","local_time":"20210114215540","is_ascension_mode":false,"campfire_choices":[{"data":"hierophant:Anathema","floor":7.0,"key":"SMITH"},{"data":"hierophant:ChurchCoffers","floor":12.0,"key":"SMITH"},{"data":"hierophant:MorningPrayer","floor":15.0,"key":"SMITH"},{"floor":23,"key":"REST"},{"floor":27,"key":"REST"},{"floor":32,"key":"REST"}],"circlet_count":0,"master_deck":["hierophant:Strike_Hierophant","hierophant:Strike_Hierophant","hierophant:Punish","hierophant:Defend_Hierophant","hierophant:Defend_Hierophant","hierophant:Defend_Hierophant","hierophant:ChurchCoffers+1","hierophant:MorningPrayer+1","hierophant:DisplayOfPower","hierophant:Bribe","hierophant:Smite+1","hierophant:DisplayOfPower","hierophant:Anathema+1","hierophant:Purify","hierophant:WrathOfGod","hierophant:Smite","hierophant:Zeal+1","hierophant:AuricForm","Momentum","hierophant:Zeal+1","hierophant:Doomsaying","hierophant:Invocation","hierophant:MorningPrayer","hierophant:SealAway","hierophant:PassingBell","hierophant:Batter"],"relics":["hierophant:PropheticMaskRelic","Counterbalance","Mirror","Blue Doll","Simple Rune","Ring of Searing","ReplayTheSpireMod:TigerMarble","SlaversCollar","jedi:ominousloannote","Whetstone","White_Cape","Bottled Lightning","jedi:bottledfury","Orrery"],"acts_visited":["Exordium","TheCity"],"potions_floor_usage":[24,24,33],"damage_taken":[{"damage":3.0,"enemies":"Small Slimes","floor":1.0,"turns":2.0},{"damage":0.0,"enemies":"Cultist","floor":3.0,"turns":2.0},{"damage":8.0,"enemies":"3 Sentries","floor":6.0,"turns":5.0},{"damage":0.0,"enemies":"2 Louse","floor":8.0,"turns":2.0},{"damage":0.0,"enemies":"2 Fungi Beasts","floor":10.0,"turns":2.0},{"damage":0.0,"enemies":"Looter","floor":11.0,"turns":2.0},{"damage":19.0,"enemies":"The Guardian","floor":16.0,"turns":9.0},{"damage":28,"enemies":"2 Thieves","floor":18,"turns":4},{"damage":10,"enemies":"Shell Parasite","floor":20,"turns":3},{"damage":27,"enemies":"Book of Stabbing","floor":24,"turns":4},{"damage":30,"enemies":"Snake Plant","floor":29,"turns":4},{"damage":0,"enemies":"Sentry and Sphere","floor":30,"turns":1},{"damage":0,"enemies":"Cultist and Chosen","floor":31,"turns":3},{"damage":77,"enemies":"Automaton","floor":33,"turns":6}],"seed_played":"-1089267972681572129","potions_obtained":[{"floor":1.0,"key":"jedi:tentaclejuice"},{"floor":5.0,"key":"SneckoOil"},{"floor":5.0,"key":"DuplicationPotion"},{"floor":5.0,"key":"Languid Potion"},{"floor":18,"key":"Languid Potion"},{"floor":20,"key":"Weak Potion"},{"floor":30,"key":"SkillPotion"}],"is_trial":false,"path_per_floor":["M","$","M","?","?","E","R","M","T","M","M","R","?","$","R","B",null,"M","?","M","?","$","R","E","?","T","R","$","M","M","M","R","B"],"character_chosen":"HIEROPHANT","items_purchased":["hierophant:MorningPrayer","hierophant:DisplayOfPower","Mirror","hierophant:Bribe","ReplayTheSpireMod:TigerMarble","jedi:ominousloannote","hierophant:Zeal+1","Regen Potion","Whetstone","White_Cape","Orrery"],"campfire_rested":3,"item_purchase_floors":[0,0,0,0,14,22,22,22,22,22,28],"current_hp_per_floor":[72,72,72,72,72,64,64,64,64,64,64,64,64,64,64,45,75,47,47,37,37,37,59,46,46,46,68,68,38,38,38,60,0,0],"gold":24,"neow_bonus":"","is_daily":false,"chose_seed":false,"campfire_upgraded":3,"win_rate":0.0,"timestamp":1610682940,"path_taken":["M","$","M","?","?","E","R","?","T","M","M","R","?","$","R","BOSS","M","?","M","?","$","R","E","?","T","R","$","?","M","M","R","BOSS"],"items_purchased_type":["Card","Card","Relic","Card","Relic","Relic","Card","Potion","Relic","Relic","Relic"],"build_version":"2020-12-22","purchased_purges":4,"victory":false,"max_hp_per_floor":[75,75,75,75,75,75,75,75,75,75,75,75,75,75,75,75,75,75,75,75,75,75,75,75,75,75,75,75,75,75,75,75,75,75],"relic_stats":{"counters":[129,487],"Whetstone":["hierophant:Strike_Hierophant","hierophant:Smite"],"obtain_stats":[{"Golden Egg":13,"Divine Protection":26,"construct:FoamFinger":45,"Whetstone":23,"Ginger":9,"jedi:bottledfury":26,"Bottled Tornado":44,"Sling":0,"Ring of Searing":13,"Sozu":36,"Lizard Tail":25,"Strawberry":46,"aspiration:ArtOfWarUpgrade":25,"HandDrill":46,"Toxic Egg 2":0,"Girya":43,"Pear":36,"ReplayTheSpireMod:CursedCoin":47,"Replay:Grab Bag":17,"Astrolabe":17,"Dead Branch":14,"Counterbalance":56,"Oddly Smooth Stone":7,"HollowMod:JonisBlessing":0,"Ring of Chaos":17,"energizedSpire:StickyHand":34,"aspiration:FrozenJewel":9,"Runic Dome":17,"SlaversCollar":17,"wanderingMiniBosses:Blackblade":31,"jedi:hotpepper":19,"Bird Faced Urn":29,"hierophant:DonationBoxRelic":26,"Snecko Eye":17,"Molten Egg 2":30,"Simple Rune":9,"ReplayTheSpireMod:TigerMarble":2,"Mirror":0,"Unceasing Top":28,"Pocketwatch":0,"Regal Pillow":28,"Torii":41,"Singing Bowl":20,"hierophant:PropheticMaskRelic":0,"Angel_Ring":14,"Enchiridion":27,"Painkiller Herb":17,"StoneCalendar":0,"Mango":0,"Blue Doll":6,"Juzu Bracelet":40,"Incense Burner":0,"Bag of Preparation":32,"Mythril_Glove":45,"Replay:Mystery Machine":0,"Cursed Key":38,"Power_Wrist":28,"White_Cape":22,"Cleaning_Rag":26,"Silver_Glasses":36,"BranchBurnRelic":54,"Nunchaku":10,"Replay:Bandana":40,"Chameleon Ring":43,"theSleuth:Tectrixcalibur":39,"Tiny Chest":13,"Red Mask":41,"InkBottle":38,"Runic Pyramid":34,"aspiration:ChemicalBlood":43,"Potion Belt":0,"Lee\u0027s Waffle":22,"BargainBundle":46,"construct:WeddingRing":36,"Golden Idol":2,"Guide Book":0,"PreservedInsect":19,"Protect_Vest":3,"aspiration:SecretTechniqueScroll":34,"Orichalcum":9,"energizedSpire:SpiderWeb":36,"Medical Kit":50,"Mercury Hourglass":26,"CaptainsWheel":0,"Golden_Hairpin":17,"Busted Crown":36,"jedi:kaleidoscope":0,"Ornamental Fan":24,"jedi:ominousloannote":22,"aspiration:WatcherSkillbook":17,"Orrery":0,"Art of War":22,"Membership Card":20,"Bottled Lightning":45,"FossilizedHelix":49,"TungstenRod":0},{"Golden Egg":52,"Divine Protection":81,"construct:FoamFinger":66,"Whetstone":57,"Ginger":99,"jedi:bottledfury":125,"Bottled Tornado":112,"Sling":95,"Ring of Searing":121,"Sozu":110,"Lizard Tail":58,"Strawberry":41,"aspiration:ArtOfWarUpgrade":11,"HandDrill":41,"Toxic Egg 2":69,"Girya":112,"Pear":38,"ReplayTheSpireMod:CursedCoin":21,"Replay:Grab Bag":7,"Astrolabe":7,"Dead Branch":77,"Counterbalance":94,"Oddly Smooth Stone":3,"HollowMod:JonisBlessing":46,"Ring of Chaos":7,"energizedSpire:StickyHand":86,"aspiration:FrozenJewel":25,"Runic Dome":7,"SlaversCollar":122,"wanderingMiniBosses:Blackblade":85,"jedi:hotpepper":103,"Bird Faced Urn":13,"hierophant:DonationBoxRelic":11,"Snecko Eye":54,"Molten Egg 2":84,"Simple Rune":119,"ReplayTheSpireMod:TigerMarble":1,"Mirror":115,"Unceasing Top":108,"Pocketwatch":46,"Regal Pillow":60,"Torii":19,"Singing Bowl":31,"hierophant:PropheticMaskRelic":0,"Angel_Ring":29,"Enchiridion":34,"Painkiller Herb":7,"StoneCalendar":22,"Mango":69,"Blue Doll":118,"Juzu Bracelet":18,"Incense Burner":22,"Bag of Preparation":60,"Mythril_Glove":89,"Replay:Mystery Machine":95,"Cursed Key":39,"Power_Wrist":83,"White_Cape":124,"Cleaning_Rag":58,"Silver_Glasses":62,"BranchBurnRelic":93,"Nunchaku":4,"Replay:Bandana":111,"Chameleon Ring":19,"theSleuth:Tectrixcalibur":111,"Tiny Chest":5,"Red Mask":111,"InkBottle":111,"Runic Pyramid":37,"aspiration:ChemicalBlood":40,"Potion Belt":69,"Lee\u0027s Waffle":10,"BargainBundle":41,"construct:WeddingRing":62,"Golden Idol":23,"Guide Book":95,"PreservedInsect":31,"Protect_Vest":47,"aspiration:SecretTechniqueScroll":15,"Orichalcum":3,"energizedSpire:SpiderWeb":62,"Medical Kit":67,"Mercury Hourglass":107,"CaptainsWheel":69,"Golden_Hairpin":78,"Busted Crown":62,"jedi:kaleidoscope":95,"Ornamental Fan":11,"jedi:ominousloannote":124,"aspiration:WatcherSkillbook":30,"Orrery":46,"Art of War":10,"Membership Card":55,"Bottled Lightning":112,"FossilizedHelix":91,"TungstenRod":95},{"Golden Egg":195,"Divine Protection":315,"construct:FoamFinger":253,"Whetstone":212,"Ginger":384,"jedi:bottledfury":473,"Bottled Tornado":425,"Sling":374,"Ring of Searing":453,"Sozu":421,"Lizard Tail":220,"Strawberry":149,"aspiration:ArtOfWarUpgrade":33,"HandDrill":149,"Toxic Egg 2":273,"Girya":425,"Pear":137,"ReplayTheSpireMod:CursedCoin":65,"Replay:Grab Bag":20,"Astrolabe":20,"Dead Branch":304,"Counterbalance":367,"Oddly Smooth Stone":6,"HollowMod:JonisBlessing":172,"Ring of Chaos":20,"energizedSpire:StickyHand":336,"aspiration:FrozenJewel":80,"Runic Dome":20,"SlaversCollar":462,"wanderingMiniBosses:Blackblade":331,"jedi:hotpepper":396,"Bird Faced Urn":40,"hierophant:DonationBoxRelic":33,"Snecko Eye":203,"Molten Egg 2":325,"Simple Rune":449,"ReplayTheSpireMod:TigerMarble":1,"Mirror":438,"Unceasing Top":411,"Pocketwatch":172,"Regal Pillow":229,"Torii":59,"Singing Bowl":99,"hierophant:PropheticMaskRelic":0,"Angel_Ring":91,"Enchiridion":114,"Painkiller Herb":20,"StoneCalendar":71,"Mango":273,"Blue Doll":447,"Juzu Bracelet":54,"Incense Burner":71,"Bag of Preparation":229,"Mythril_Glove":349,"Replay:Mystery Machine":374,"Cursed Key":140,"Power_Wrist":322,"White_Cape":469,"Cleaning_Rag":220,"Silver_Glasses":241,"BranchBurnRelic":363,"Nunchaku":8,"Replay:Bandana":422,"Chameleon Ring":59,"theSleuth:Tectrixcalibur":422,"Tiny Chest":10,"Red Mask":422,"InkBottle":422,"Runic Pyramid":134,"aspiration:ChemicalBlood":144,"Potion Belt":273,"Lee\u0027s Waffle":28,"BargainBundle":149,"construct:WeddingRing":241,"Golden Idol":74,"Guide Book":374,"PreservedInsect":99,"Protect_Vest":173,"aspiration:SecretTechniqueScroll":48,"Orichalcum":6,"energizedSpire:SpiderWeb":241,"Medical Kit":260,"Mercury Hourglass":408,"CaptainsWheel":273,"Golden_Hairpin":307,"Busted Crown":241,"jedi:kaleidoscope":374,"Ornamental Fan":33,"jedi:ominousloannote":469,"aspiration:WatcherSkillbook":94,"Orrery":172,"Art of War":28,"Membership Card":206,"Bottled Lightning":425,"FossilizedHelix":355,"TungstenRod":374}]},"card_choices":[{"not_picked":["hierophant:FieryStrike","hierophant:Purify"],"picked":"hierophant:Smite","floor":1.0},{"not_picked":["hierophant:Community","hierophant:FlamingChariot","hierophant:Embezzle"],"picked":"SKIP","floor":3.0},{"not_picked":["hierophant:ThreeLashes","hierophant:ConvertCurrency"],"picked":"hierophant:DisplayOfPower","floor":4.0},{"not_picked":["hierophant:EyeForCoin","hierophant:Endure"],"picked":"hierophant:Anathema","floor":4.0},{"not_picked":["hierophant:CoinFling","hierophant:Alms"],"picked":"hierophant:Purify","floor":4.0},{"not_picked":["hierophant:Remorse","hierophant:RustyCrate","hierophant:Blessing"],"picked":"SKIP","floor":6.0},{"not_picked":["hierophant:Generosity","hierophant:Refuge","hierophant:FieryStrike"],"picked":"SKIP","floor":8.0},{"not_picked":["hierophant:Doomsaying","hierophant:RustyCrate","hierophant:Purify"],"picked":"SKIP","floor":10.0},{"not_picked":["hierophant:Doubloon","hierophant:EyeForCoin","hierophant:SolarFlare"],"picked":"SKIP","floor":11.0},{"not_picked":["hierophant:Cornucopia","hierophant:DeathKnell"],"picked":"hierophant:WrathOfGod","floor":16.0},{"not_picked":["hierophant:Dazzle","hierophant:Blessing","hierophant:Shelter"],"picked":"SKIP","floor":18},{"not_picked":["hierophant:Doomsaying","hierophant:Purify"],"picked":"hierophant:Smite","floor":20},{"not_picked":["hierophant:Zeal","hierophant:Shelter"],"picked":"hierophant:AuricForm","floor":24},{"not_picked":["hierophant:Remorse","hierophant:Doubloon+1"],"picked":"hierophant:Zeal+1","floor":28},{"not_picked":["hierophant:SecretStash","hierophant:Chorus"],"picked":"hierophant:Doomsaying","floor":28},{"not_picked":["hierophant:RustyCrate+1","hierophant:Doubloon"],"picked":"hierophant:Invocation","floor":28},{"not_picked":["hierophant:Bribe+1","hierophant:Doubloon"],"picked":"hierophant:MorningPrayer","floor":28},{"not_picked":["hierophant:Mercenaries","hierophant:ThreeLashes"],"picked":"hierophant:SealAway","floor":29},{"not_picked":["hierophant:AuricBeam","hierophant:Empathy"],"picked":"hierophant:PassingBell","floor":30},{"not_picked":["hierophant:SealAway","hierophant:Remorse+1"],"picked":"hierophant:Batter","floor":31}],"player_experience":1569427,"relics_obtained":[{"floor":6.0,"key":"Blue Doll"},{"floor":9.0,"key":"Simple Rune"},{"floor":13.0,"key":"Ring of Searing"},{"floor":24,"key":"Bottled Lightning"},{"floor":26,"key":"jedi:bottledfury"}],"event_choices":[{"damage_healed":0.0,"max_hp_gain":0.0,"max_hp_loss":0.0,"gold_gain":0.0,"event_name":"The Woman in Blue","player_choice":"Bought 3 Potions","floor":5.0,"gold_loss":0.0,"damage_taken":0.0},{"cards_removed":["hierophant:Strike_Hierophant"],"damage_healed":0,"gold_gain":0,"player_choice":"Offered Basic","damage_taken":0,"max_hp_gain":0,"max_hp_loss":0,"event_name":"Bonfire Elementals","floor":19,"gold_loss":0},{"damage_healed":0,"gold_gain":275,"player_choice":"Desecrate","damage_taken":0,"max_hp_gain":0,"max_hp_loss":0,"event_name":"Golden Shrine","floor":21,"gold_loss":0,"cards_obtained":["Regret"]},{"cards_removed":["hierophant:DisplayOfPower"],"damage_healed":0,"gold_gain":0,"player_choice":"Take \u0026 Give","damage_taken":0,"max_hp_gain":0,"max_hp_loss":0,"event_name":"betterNote:BetterNote","floor":25,"gold_loss":0,"cards_obtained":["Momentum"]}],"is_beta":false,"boss_relics":[{"not_picked":["energizedSpire:SpiderWeb","Fusion Hammer"],"picked":"SlaversCollar"}],"items_purged_floors":[0,2,14,22],"is_endless":false,"potions_floor_spawned":[1,8,11,18,20,30],"killed_by":"Automaton","ascension_level":0}}