{"host":"uu8qcv8llpcbwyus","time":1610693571,"event":{"mods":["100% Spire Juice","BaseMod","CapriCore","Conspire","Downfall","Hubris","Marisa（霧雨　魔理沙）","Minty Spire (QoL Compilation)","Reimu（博??梦）","Remilia（蕾米莉?）","Replay The Spire","StSLib","The Administrix","The Animator","The Gatherer","The Immortal","The Servant 0.9.4","TheSwordswoman","WarShipGirlsR/??少女R mod","Yakumo Yukari mod"],"gold_per_floor":[210,40,40,64,78,78,112,130,130,130,29,29,104,127,127,250,250,263,68,68,68,82,82,122,136,136,136,136,150,150,30,30,158,158,178,191,23,23,48,48,87,87,87,110,62,125,125,148,148,148,148],"floor_reached":50,"language":"ENG","playtime":3495,"items_purged":["Moonworks:Strike","Moonworks:DeployBits"],"score":539,"play_id":"9db21bb3-80fa-4e29-b626-ab67a4a04801","local_time":"20210114225251","is_ascension_mode":true,"campfire_choices":[{"data":"Moonworks:SealedMemories","floor":6,"key":"SMITH"},{"data":"hubris:DuctTapeCard","floor":10,"key":"SMITH"},{"data":"Moonworks:Poppoformation","floor":15,"key":"SMITH"},{"data":"Moonworks:TreasureThief","floor":23,"key":"SMITH"},{"data":"Moonworks:MeltingMemories","floor":28,"key":"SMITH"},{"data":"Moonworks:IndiscriminateFireSupport","floor":32,"key":"SMITH"},{"data":"Moonworks:MetallicMonocoque","floor":40,"key":"SMITH"},{"data":"Moonworks:CrystalBarrier","floor":42,"key":"SMITH"},{"floor":49,"key":"REST"}],"circlet_count":0,"master_deck":["Moonworks:Defend","Moonworks:Defend","Moonworks:Ambush","Moonworks:SealedMemories+1","Moonworks:NicePresent","Moonworks:TreasureThief+1","Moonworks:StiffCrystal","Moonworks:Poppoformation+1","hubris:DuctTapeCard+2","Moonworks:AwakeningOfTalent","Moonworks:MeltingMemories+1","Moonworks:IndiscriminateFireSupport+1","Moonworks:StarBlastingFuse","Moonworks:NicePresent+1","Moonworks:MetallicMonocoque+1","Moonworks:IntelligenceOfficer+1","Moonworks:CrystalBarrier+1","Moonworks:IntelligenceOfficer","Moonworks:RagingMadness","Moonworks:BigMagnum+1","Moonworks:EvilSpyWorkPreparation+1","Moonworks:ReflectiveShell","Moonworks:NicePresent+1"],"relics":["Moonworks:BrokenBomb","Moonworks:Homemark","Golden Idol","Replay:Bottled Steam","hubris:DuctTape","conspire:SlowCooker","Boot","hubris:PeanutButter","hubris:Towel","Empty Cage","Nunchaku","Mastiff:ReiMu","Blue Doll"],"acts_visited":["Exordium","TheCity","TheBeyond"],"potions_floor_usage":[24,29,41,44,44,50,50,50],"damage_taken":[{"damage":12,"enemies":"conspire:RoseBush","floor":1,"turns":3},{"damage":2,"enemies":"Small Slimes","floor":4,"turns":4},{"damage":0,"enemies":"Jaw Worm","floor":5,"turns":2},{"damage":3,"enemies":"Replay:BlueRogue","floor":7,"turns":8},{"damage":2,"enemies":"2 Fungi Beasts","floor":8,"turns":4},{"damage":2,"enemies":"Exordium Thugs","floor":11,"turns":6},{"damage":2,"enemies":"Blue Slaver","floor":14,"turns":3},{"damage":17,"enemies":"Fading Forest","floor":16,"turns":11},{"damage":4,"enemies":"conspire:FuzzyDice","floor":18,"turns":6},{"damage":21,"enemies":"Chosen","floor":22,"turns":4},{"damage":29,"enemies":"conspire:SneckoGhost","floor":24,"turns":9},{"damage":0,"enemies":"3 Cultists","floor":25,"turns":3},{"damage":19,"enemies":"Cultist and Chosen","floor":29,"turns":8},{"damage":20,"enemies":"Automaton","floor":33,"turns":9},{"damage":12,"enemies":"3 Shapes","floor":35,"turns":3},{"damage":1,"enemies":"Orb Walker","floor":36,"turns":4},{"damage":12,"enemies":"Spire Growth","floor":39,"turns":10},{"damage":16,"enemies":"Reptomancer","floor":41,"turns":6},{"damage":5,"enemies":"Maw","floor":44,"turns":11},{"damage":15,"enemies":"Maw","floor":47,"turns":4},{"damage":7,"enemies":"Jaw Worm Horde","floor":48,"turns":2},{"damage":61,"enemies":"Donu and Deca","floor":50,"turns":12}],"seed_played":"4061594391565770794","potions_obtained":[{"floor":1,"key":"LifebloodPotion"},{"floor":7,"key":"Energy Potion"},{"floor":11,"key":"GamblersBrew"},{"floor":14,"key":"Adrenaline Potion"},{"floor":25,"key":"Elixir"},{"floor":36,"key":"Block Potion"},{"floor":39,"key":"Swift Potion"},{"floor":41,"key":"Block Potion"},{"floor":44,"key":"Languid Potion"}],"is_trial":false,"path_per_floor":["M","?","?","M","M","R","E","M","T","R","M","?","?","M","R","B",null,"M","$","?","$","M","R","E","M","T","?","R","M","?","$","R","B",null,"M","M","$","?","M","R","E","R","T","M","$","?","?","M","R","B"],"character_chosen":"THE_STARBREAKER","items_purchased":["Moonworks:IntelligenceOfficer","Swift Potion"],"campfire_rested":1,"item_purchase_floors":[37,45],"current_hp_per_floor":[48,48,33,31,31,31,28,26,26,26,24,24,13,11,11,4,60,60,60,60,60,48,48,26,34,34,34,34,34,34,34,34,18,60,52,53,53,53,50,50,34,34,34,46,46,31,34,27,45,0,0],"gold":148,"neow_bonus":"HUNDRED_GOLD","is_daily":false,"chose_seed":false,"campfire_upgraded":8,"win_rate":0.0,"timestamp":1610693571,"path_taken":["M","?","?","M","M","R","E","M","T","R","M","?","?","M","R","BOSS","M","$","?","?","M","R","E","M","T","?","R","?","?","?","R","BOSS","M","M","$","?","M","R","E","R","T","?","$","?","?","M","R","BOSS"],"items_purchased_type":["Card","Potion"],"build_version":"2020-12-22","purchased_purges":2,"victory":false,"max_hp_per_floor":[60,60,60,60,60,60,60,60,60,60,60,60,60,60,60,60,60,60,60,60,60,60,60,60,60,60,60,60,60,60,60,60,60,60,60,60,60,60,60,60,60,60,60,60,60,60,60,60,60,60,60],"card_choices":[{"not_picked":["Moonworks:Bloodlust","Moonworks:EvilSpyWorkPreparation"],"picked":"Moonworks:SealedMemories","floor":1},{"not_picked":["Moonworks:CastOff","Moonworks:ForcedRevival"],"picked":"Moonworks:NicePresent","floor":4},{"not_picked":["Moonworks:DeployBits","Moonworks:Bloodlust"],"picked":"Moonworks:TreasureThief","floor":5},{"not_picked":["Moonworks:JonathanRush","Moonworks:ReproductionOfRecords"],"picked":"Moonworks:StiffCrystal","floor":7},{"not_picked":["Moonworks:NicePresent","Moonworks:BigMagnum"],"picked":"Moonworks:Poppoformation","floor":8},{"not_picked":["Moonworks:JonathanRush","Moonworks:GoAway"],"picked":"Moonworks:AwakeningOfTalent","floor":11},{"not_picked":["Moonworks:JonathanRush","Moonworks:Assault"],"picked":"Moonworks:SweetBattle","floor":14},{"not_picked":["Moonworks:ShieldCounter","Moonworks:SinkOrSwim"],"picked":"Moonworks:MeltingMemories","floor":16},{"not_picked":["Moonworks:EvilSpyWorkPreparation","Moonworks:CookingTime+1"],"picked":"Moonworks:IndiscriminateFireSupport","floor":18},{"not_picked":[],"picked":"Moonworks:StarBlastingFuse","floor":20},{"not_picked":["Moonworks:EvilSpyWorkPreparation","Moonworks:BigMagnum"],"picked":"Moonworks:NicePresent+1","floor":22},{"not_picked":["Moonworks:UnluckyCharm","Moonworks:LulusLuckyEgg"],"picked":"Moonworks:DeployBits","floor":24},{"not_picked":["Moonworks:ForcedRevival","Moonworks:x16BigRocket","Moonworks:DeployBits"],"picked":"SKIP","floor":25},{"not_picked":["Moonworks:JonathanRush","Moonworks:ImOnFire+1","Moonworks:CookingTime"],"picked":"SKIP","floor":29},{"not_picked":["Moonworks:AccelHyper","Moonworks:StarBlastingFuse"],"picked":"Moonworks:MetallicMonocoque","floor":33},{"not_picked":["Moonworks:JonathanRush+1","Moonworks:CloudOfSeagulls+1"],"picked":"Moonworks:IntelligenceOfficer+1","floor":35},{"not_picked":["Moonworks:Flamethrower","Moonworks:CloudOfSeagulls"],"picked":"Moonworks:CrystalBarrier","floor":36},{"not_picked":["Moonworks:ImOnFire+1","Moonworks:UnpaidWork"],"picked":"Moonworks:BigMagnum+1","floor":39},{"not_picked":["Moonworks:Flamethrower+1","Moonworks:WindyEnchantment"],"picked":"Moonworks:EvilSpyWorkPreparation+1","floor":41},{"not_picked":["Moonworks:IndiscriminateFireSupport","Moonworks:EvilSpyWorkPreparation+1","Moonworks:Assault+1"],"picked":"SKIP","floor":44},{"not_picked":["Moonworks:UnluckyCharm","Moonworks:JonathanRush"],"picked":"Moonworks:ReflectiveShell","floor":46},{"not_picked":["Moonworks:DeployBits","Moonworks:BigBangBell+1"],"picked":"Moonworks:NicePresent+1","floor":46},{"not_picked":["Moonworks:UnluckyCharm+1","Moonworks:EvilSpyWorkPreparation+1","Moonworks:JonathanRush+1"],"picked":"SKIP","floor":48}],"player_experience":1123233,"relics_obtained":[{"floor":7,"key":"Replay:Bottled Steam"},{"floor":9,"key":"hubris:DuctTape"},{"floor":24,"key":"Boot"},{"floor":26,"key":"hubris:PeanutButter"},{"floor":41,"key":"Nunchaku"},{"floor":43,"key":"Mastiff:ReiMu"},{"floor":46,"key":"Blue Doll"}],"event_choices":[{"cards_removed":["Moonworks:Strike"],"damage_healed":0,"gold_gain":0,"player_choice":"Card Removal","damage_taken":0,"max_hp_gain":0,"max_hp_loss":0,"event_name":"The Cleric","floor":2,"gold_loss":50},{"damage_healed":0,"gold_gain":0,"player_choice":"Take Damage","damage_taken":15,"relics_obtained":["Golden Idol"],"max_hp_gain":0,"max_hp_loss":0,"event_name":"Golden Idol","floor":3,"gold_loss":0},{"damage_healed":0,"gold_gain":0,"player_choice":"Ignored","damage_taken":0,"max_hp_gain":0,"max_hp_loss":0,"event_name":"Liars Game","floor":12,"gold_loss":0},{"damage_healed":0,"gold_gain":75,"player_choice":"Gather Gold","damage_taken":11,"max_hp_gain":0,"max_hp_loss":0,"event_name":"World of Goop","floor":13,"gold_loss":0},{"damage_healed":0,"gold_gain":0,"cards_transformed":["Moonworks:LongDistanceShot"],"player_choice":"Transformed","damage_taken":0,"max_hp_gain":0,"max_hp_loss":0,"event_name":"Transmorgrifier","floor":38,"gold_loss":0,"cards_obtained":["Moonworks:RagingMadness"]}],"is_beta":false,"boss_relics":[{"not_picked":["SlaversCollar","hubris:ScarierMask"],"picked":"conspire:SlowCooker"},{"not_picked":["Kintsugi","SacredBark"],"picked":"Empty Cage"}],"items_purged_floors":[19,37],"is_endless":false,"potions_floor_spawned":[1,7,11,14,18,22,25,36,39,41,44],"killed_by":"Donu and Deca","ascension_level":2}}