{"host":"npubv26u89aif4fa","time":1610686981,"event":{"mods":["Astrologer","BaseMod","Better Vampires","Better-Laid Plans","Colored Powertips","GifTheSpireLib","GungeonMod","HornydragonMod","Hubris","Jedi Mod","Minty Spire (QoL Compilation)","Quick Restart","Remilia（蕾米莉亚）","Replay The Spire","StSLib","Td1madao Mod","The Administrix","The Alterego","The Bug Knight","The Cursed","The Runesmith","Yuri Mod","残留之物"],"gold_per_floor":[113,4,24,24,24,49,68,96,96,96,96,113,138,155,155,155,155],"floor_reached":16,"language":"ZHS","playtime":877,"items_purged":["Strike_B"],"score":145,"play_id":"eead3de9-c539-42d2-ad7d-1e5aa27c06fe","local_time":"20210115130301","is_ascension_mode":false,"campfire_choices":[{"floor":10,"key":"RECALL"},{"data":"WeaponsOverheat","floor":15,"key":"SMITH"}],"circlet_count":0,"master_deck":["Strike_B","Strike_B","Strike_B","Defend_B","Defend_B","Defend_B","Defend_B","Zap+1","Coolheaded","Storm","Coolheaded","WeaponsOverheat+1","Auto Shields","Gash","Scorching Beam"],"relics":["NeowsBlessing","Iron Core","Potion Belt","Mirror","jedi:paperfaux","DemoMod:Bottle"],"acts_visited":["Exordium"],"potions_floor_usage":[],"damage_taken":[{"damage":0,"enemies":"Jaw Worm","floor":1,"turns":1},{"damage":0,"enemies":"2 Louse","floor":3,"turns":1},{"damage":0,"enemies":"Gremlin Nob","floor":6,"turns":1},{"damage":0,"enemies":"Small Slimes","floor":7,"turns":2},{"damage":27,"enemies":"3 Sentries","floor":8,"turns":12},{"damage":0,"enemies":"2 Fungi Beasts","floor":12,"turns":4},{"damage":6,"enemies":"Replay:BlueRogue","floor":13,"turns":7},{"damage":16,"enemies":"Exordium Thugs","floor":14,"turns":7},{"damage":28,"enemies":"Slime Boss","floor":16,"turns":8}],"seed_played":"-3747799910289516176","potions_obtained":[{"floor":3,"key":"DemoMod:LeadSkinPotion"},{"floor":6,"key":"Energy Potion"},{"floor":7,"key":"SkillPotion"},{"floor":14,"key":"Elixir"}],"is_trial":false,"path_per_floor":["M","$","M","?","?","E","M","E","T","R","?","M","E","M","R","B"],"character_chosen":"DEFECT","items_purchased":["Storm"],"campfire_rested":0,"item_purchase_floors":[2],"current_hp_per_floor":[75,75,75,75,75,75,75,48,48,48,48,48,42,26,26,0,0],"gold":155,"neow_bonus":"THREE_ENEMY_KILL","is_daily":false,"chose_seed":false,"campfire_upgraded":1,"win_rate":0.0,"timestamp":1610686981,"path_taken":["M","$","M","?","?","E","?","E","T","R","?","M","E","M","R","BOSS"],"items_purchased_type":["Card"],"build_version":"2020-12-22","purchased_purges":1,"victory":false,"max_hp_per_floor":[75,75,75,75,75,75,75,75,75,75,75,75,75,75,75,75,75],"card_choices":[{"not_picked":["Double Energy","Stack"],"picked":"Coolheaded","floor":1},{"not_picked":["Steam","Beam Cell"],"picked":"Coolheaded","floor":3},{"not_picked":["jedi:blockon","Streamline"],"picked":"WeaponsOverheat","floor":6},{"not_picked":["Headbutt","jedi:BurstLightning"],"picked":"Auto Shields","floor":7},{"not_picked":["jedi:BurstFrost","Turbo","jedi:spotbugs"],"picked":"SKIP","floor":8},{"not_picked":["Go for the Eyes","Dual Wield"],"picked":"Gash","floor":12},{"not_picked":["WeaponsOverheat","Meteor Strike","Biased Cognition"],"picked":"SKIP","floor":13},{"not_picked":["ReplayTheSpireMod:System Scan","Go for the Eyes"],"picked":"Scorching Beam","floor":14}],"player_experience":280510,"relics_obtained":[{"floor":6,"key":"Potion Belt"},{"floor":8,"key":"Mirror"},{"floor":9,"key":"jedi:paperfaux"},{"floor":13,"key":"DemoMod:Bottle"}],"event_choices":[{"cards_removed":["Bash"],"damage_healed":0,"gold_gain":0,"player_choice":"Offered Basic","damage_taken":0,"max_hp_gain":0,"max_hp_loss":0,"event_name":"Bonfire Elementals","floor":11,"gold_loss":0}],"is_beta":false,"boss_relics":[],"items_purged_floors":[2],"is_endless":false,"potions_floor_spawned":[3,6,7,14],"killed_by":"Slime Boss","ascension_level":0}}