{"host":"4kqumtn9vzgpomuw","time":1610677233,"event":{"mods":["AchievementEnabler","BaseMod","Colored Map","Minty Spire (QoL Compilation)","StSLib"],"gold_per_floor":[119,32454,32470,32483,32483,32483,32503,32503,32503,32503,32522,31555,31578,31578,31590,31705,31717,31745,31770,31817,30900,30917,30917,30842,30757,30757,30757,30784,29958,29968,29305,29305,29404,29404,29423,28388,28405,28460,28460,28460,28460,28476,28476,28107,28157,28169,28188,28208,28208,28208],"floor_reached":51,"language":"KOR","playtime":2212,"items_purged":["Strike_B","Strike_B","Strike_B","Defend_B","Defend_B","Static Discharge","Echo Form"],"score":710,"play_id":"ef49c279-98ee-4513-80c6-6a0029d688dd","local_time":"20210115112033","is_ascension_mode":false,"campfire_choices":[{"data":"Electrodynamics","floor":6,"key":"SMITH"},{"data":"Self Repair","floor":10,"key":"SMITH"},{"data":"White Noise","floor":15,"key":"SMITH"},{"data":"Storm","floor":23,"key":"SMITH"},{"data":"Electrodynamics","floor":27,"key":"SMITH"},{"data":"Capacitor","floor":32,"key":"SMITH"},{"data":"Storm","floor":40,"key":"SMITH"},{"data":"Mayhem","floor":49,"key":"SMITH"}],"circlet_count":0,"master_deck":["Defend_B+1","Defend_B","Zap","Dualcast","Cold Snap","Steam","Electrodynamics+1","Self Repair+1","Electrodynamics+1","Storm+1","White Noise+1","Mayhem+1","Static Discharge","Echo Form","Cold Snap","Loop","Coolheaded+1","Biased Cognition","Capacitor+1","Panache","Storm+1","Heatsinks","Panache","Steam+1","Barrage+1","Coolheaded+1","Steam","Redo+1","Steam","Coolheaded+1","Leap+1","Steam"],"relics":["Cracked Core","NeowsBlessing","OrangePellets","Pear","Meat on the Bone","Mercury Hourglass","Ice Cream","Question Card","Potion Belt","TheAbacus","Odd Mushroom","MawBank","Red Mask","Cauldron","Shuriken","Calipers","Ginger","TungstenRod","Pen Nib","Toolbox","Regal Pillow","War Paint","Sling","Toy Ornithopter","Vajra","Inserter","Medical Kit","Bottled Tornado","Sundial","FossilizedHelix","Lantern","Orrery","CaptainsWheel"],"acts_visited":["Exordium","TheCity","TheBeyond"],"potions_floor_usage":[16,16,33,33,45,50,50],"damage_taken":[{"damage":0,"enemies":"Cultist","floor":1,"turns":1},{"damage":0,"enemies":"Jaw Worm","floor":3,"turns":1},{"damage":0,"enemies":"Small Slimes","floor":4,"turns":1},{"damage":5,"enemies":"3 Louse","floor":7,"turns":2},{"damage":0,"enemies":"Large Slime","floor":11,"turns":4},{"damage":12,"enemies":"The Mushroom Lair","floor":13,"turns":2},{"damage":18,"enemies":"The Guardian","floor":16,"turns":9},{"damage":10,"enemies":"3 Byrds","floor":18,"turns":3},{"damage":12,"enemies":"Shell Parasite","floor":19,"turns":3},{"damage":7,"enemies":"Masked Bandits","floor":20,"turns":2},{"damage":20,"enemies":"3 Cultists","floor":22,"turns":3},{"damage":12,"enemies":"Snake Plant","floor":30,"turns":3},{"damage":17,"enemies":"Automaton","floor":33,"turns":6},{"damage":10,"enemies":"3 Shapes","floor":35,"turns":2},{"damage":20,"enemies":"3 Darklings","floor":37,"turns":3},{"damage":45,"enemies":"2 Orb Walkers","floor":38,"turns":3},{"damage":5,"enemies":"4 Shapes","floor":42,"turns":2},{"damage":0,"enemies":"Mind Bloom Boss Battle","floor":45,"turns":2},{"damage":0,"enemies":"Maw","floor":46,"turns":5},{"damage":0,"enemies":"Sphere and 2 Shapes","floor":47,"turns":3},{"damage":0,"enemies":"Transient","floor":48,"turns":5},{"damage":50,"enemies":"Awakened One","floor":50,"turns":7}],"seed_played":"8690874439849889801","potions_obtained":[{"floor":7,"key":"FearPotion"},{"floor":11,"key":"Fire Potion"},{"floor":18,"key":"BlessingOfTheForge"},{"floor":19,"key":"SteroidPotion"},{"floor":21,"key":"FairyPotion"},{"floor":21,"key":"BlessingOfTheForge"},{"floor":21,"key":"FearPotion"},{"floor":37,"key":"AttackPotion"},{"floor":42,"key":"Energy Potion"},{"floor":45,"key":"GamblersBrew"},{"floor":47,"key":"DistilledChaos"}],"is_trial":false,"path_per_floor":["M","$","M","M","T","R","M","?","T","R","M","$","?","?","R","B",null,"M","M","?","$","M","R","?","?","T","R","T","$","M","$","R","B",null,"M","$","M","?","?","R","?","M","T","$","?","M","M","M","R","B",null],"character_chosen":"DEFECT","items_purchased":["Steam","Electrodynamics","OrangePellets","Pear","Meat on the Bone","Storm","White Noise","Mayhem","Question Card","Potion Belt","TheAbacus","Cauldron","Shuriken","Calipers","Loop","Coolheaded","Toolbox","Regal Pillow","War Paint","Capacitor","Panache","Sling","Toy Ornithopter","Vajra","Storm","Panache","Medical Kit","Bottled Tornado","Sundial","Orrery"],"campfire_rested":0,"item_purchase_floors":[2,2,2,2,2,12,12,12,12,12,12,21,21,21,21,21,29,29,29,29,29,31,31,31,31,36,36,36,36,44],"current_hp_per_floor":[75,85,85,85,85,85,85,85,85,85,85,85,83,83,83,75,85,85,73,76,76,56,56,56,56,56,56,56,56,54,54,54,57,85,75,75,55,22,13,13,74,69,69,69,74,74,74,74,74,66],"gold":28208,"neow_bonus":"THREE_ENEMY_KILL","is_daily":false,"chose_seed":false,"campfire_upgraded":8,"win_rate":0.0,"timestamp":1610677233,"path_taken":["M","$","M","M","?","R","M","?","T","R","M","$","?","?","R","BOSS","M","M","?","$","M","R","?","?","T","R","?","$","M","?","R","BOSS","M","$","M","?","?","R","?","M","T","$","?","M","M","M","R","BOSS"],"items_purchased_type":["Card","Card","Relic","Relic","Relic","Card","Card","Card","Relic","Relic","Relic","Relic","Relic","Relic","Card","Card","Relic","Relic","Relic","Card","Card","Relic","Relic","Relic","Card","Card","Relic","Relic","Relic","Relic"],"build_version":"2020-12-22","purchased_purges":7,"victory":true,"max_hp_per_floor":[75,85,85,85,85,85,85,85,85,85,85,85,85,85,85,85,85,85,85,85,85,85,85,85,85,85,85,85,85,85,85,85,85,85,85,85,85,85,85,85,74,74,74,74,74,74,74,74,74,74],"card_choices":[{"not_picked":["Streamline","Sweeping Beam"],"picked":"Cold Snap","floor":1},{"not_picked":["Melter","Gash"],"picked":"Self Repair","floor":3},{"not_picked":["Melter","Rebound","Consume"],"picked":"SKIP","floor":4},{"not_picked":["Skim","Streamline","Rebound"],"picked":"SKIP","floor":7},{"not_picked":["Skim","Go for the Eyes"],"picked":"Electrodynamics","floor":11},{"not_picked":["Conserve Battery","Chaos","Redo"],"picked":"Static Discharge","floor":13},{"not_picked":["Electrodynamics","Biased Cognition","Fission"],"picked":"Echo Form","floor":16},{"not_picked":["Go for the Eyes","Auto Shields","Darkness","Rip and Tear+1"],"picked":"SKIP","floor":18},{"not_picked":["Streamline","Stack","Fusion"],"picked":"Cold Snap","floor":19},{"not_picked":["Leap+1","Gash","Redo"],"picked":"Static Discharge","floor":20},{"not_picked":["Conserve Battery","Barrage+1","Leap+1"],"picked":"Biased Cognition","floor":22},{"not_picked":["Coolheaded","Hologram","Compile Driver","Barrage"],"picked":"SKIP","floor":30},{"not_picked":["Amplify","All For One","Multi-Cast"],"picked":"Echo Form","floor":33},{"not_picked":["Lockon","Stack","Steam"],"picked":"Heatsinks","floor":35},{"not_picked":["Gash","Glacier+1","Heatsinks"],"picked":"Steam+1","floor":37},{"not_picked":["Reinforced Body","Rebound","Go for the Eyes"],"picked":"Barrage+1","floor":38},{"not_picked":["Stack","Beam Cell","Gash+1"],"picked":"Coolheaded+1","floor":42},{"not_picked":["Compile Driver+1","Melter","Tempest"],"picked":"Steam","floor":44},{"not_picked":["Aggregate+1","Leap+1","Cold Snap"],"picked":"Redo+1","floor":44},{"not_picked":["Beam Cell","Ball Lightning","Hologram"],"picked":"Steam","floor":44},{"not_picked":["Undo+1","Barrage+1","Reprogram"],"picked":"Coolheaded+1","floor":44},{"not_picked":["Go for the Eyes","Capacitor+1","Heatsinks"],"picked":"Leap+1","floor":44},{"not_picked":["Coolheaded","Ball Lightning+1","Conserve Battery"],"picked":"Steam","floor":46},{"not_picked":["Gash","Streamline","Self Repair+1","FTL"],"picked":"SKIP","floor":47},{"not_picked":["Reprogram","Cold Snap+1","Static Discharge+1","Glacier+1"],"picked":"SKIP","floor":48}],"player_experience":8504,"relics_obtained":[{"floor":5,"key":"Mercury Hourglass"},{"floor":9,"key":"Ice Cream"},{"floor":13,"key":"Odd Mushroom"},{"floor":20,"key":"Red Mask"},{"floor":26,"key":"TungstenRod"},{"floor":28,"key":"Pen Nib"},{"floor":38,"key":"FossilizedHelix"},{"floor":43,"key":"Lantern"},{"floor":45,"key":"CaptainsWheel"}],"event_choices":[{"cards_removed":["Strike_B"],"damage_healed":0,"gold_gain":0,"player_choice":"Forget","damage_taken":0,"max_hp_gain":0,"max_hp_loss":0,"event_name":"Living Wall","floor":8,"gold_loss":0},{"damage_healed":0,"gold_gain":0,"player_choice":"Fought Mushrooms","damage_taken":0,"max_hp_gain":0,"max_hp_loss":0,"event_name":"Mushrooms","floor":13,"gold_loss":0},{"damage_healed":0,"gold_gain":0,"player_choice":"Box","damage_taken":0,"relics_obtained":["MawBank"],"max_hp_gain":0,"max_hp_loss":0,"event_name":"Big Fish","floor":14,"gold_loss":0,"cards_obtained":["Regret"]},{"damage_healed":0,"gold_gain":0,"player_choice":"Fought Bandits","damage_taken":0,"max_hp_gain":0,"max_hp_loss":0,"event_name":"Masked Bandits","floor":20,"gold_loss":0},{"cards_removed":["Regret"],"damage_healed":0,"gold_gain":0,"player_choice":"Gave Gold","damage_taken":0,"max_hp_gain":0,"max_hp_loss":0,"event_name":"Beggar","floor":24,"gold_loss":75},{"damage_healed":0,"gold_gain":0,"player_choice":"Obtained Relic","damage_taken":0,"relics_obtained":["Ginger"],"max_hp_gain":0,"max_hp_loss":0,"event_name":"Addict","floor":25,"gold_loss":85},{"damage_healed":0,"gold_gain":0,"player_choice":"Fight","damage_taken":0,"max_hp_gain":0,"max_hp_loss":0,"event_name":"Mysterious Sphere","floor":38,"gold_loss":0},{"damage_healed":0,"gold_gain":0,"player_choice":"Memory 3","damage_taken":10,"max_hp_gain":0,"max_hp_loss":0,"event_name":"SensoryStone","floor":39,"gold_loss":0},{"damage_healed":74,"gold_gain":0,"player_choice":"Heal","damage_taken":0,"max_hp_gain":0,"max_hp_loss":11,"event_name":"The Moai Head","floor":41,"gold_loss":0},{"damage_healed":0,"gold_gain":0,"player_choice":"Fight","damage_taken":0,"max_hp_gain":0,"max_hp_loss":0,"event_name":"MindBloom","floor":45,"gold_loss":0}],"is_beta":false,"boss_relics":[{"not_picked":["Runic Dome","Velvet Choker","Fusion Hammer"]},{"not_picked":["Busted Crown","SlaversCollar"],"picked":"Inserter"}],"items_purged_floors":[2,12,21,29,31,36,44],"is_endless":false,"potions_floor_spawned":[7,11,18,19,30,37,42,45,47],"ascension_level":0}}