{"host":"bczg3e1yq3rp3pkk","time":1610708175,"event":{"mods":["BaseMod","Hermit","Marisa£®ÏF”Í°°ƒß¿Ì…≥£©","Minty Spire (QoL Compilation)","Quick Restart","Replay The Spire","StSLib","The Construct","The Cursed","The Runesmith","The Servant 0.9.4","vexMod"],"gold_per_floor":[109,109,109,63,82,113,113,129,156,431,454,477,511,524,524,643,643,661,112,125,125,144,144,167,107,161,23,47,72,113,132,132,258,258,279,39,39,57,80,80,103,138,164,179,179,179,197,213,213,213],"floor_reached":51,"language":"ZHS","playtime":4697,"items_purged":["ReplayTheSpireMod:Doomed","ReplayTheSpireMod:Doomed"],"score":938,"play_id":"00f0fed3-ff58-4830-a408-ad89162dbaf8","local_time":"20210115185615","is_ascension_mode":false,"campfire_choices":[{"data":"Dilation","floor":7.0,"key":"SMITH"},{"data":"SoulSculpture","floor":15.0,"key":"SMITH"},{"data":"FlawlessForm","floor":23.0,"key":"SMITH"},{"data":"SilverBlades","floor":23.0,"key":"SMITH"},{"floor":32.0,"key":"REST"},{"data":"Solidify","floor":40,"key":"SMITH"},{"data":"Luminosity","floor":40,"key":"SMITH"},{"floor":45,"key":"REST"},{"floor":49,"key":"REST"}],"circlet_count":0,"master_deck":["Strike_S","Strike_S","Strike_S","Strike_S","Defend_S+1","Defend_S","Defend_S","Defend_S","KidneyShot","Exchange","Spin+1","BottledTime+1","Defy","Dilation+1","Starlight","SilverBlades+1","Rearm","SoulSculpture+1","Ricochet","FlawlessForm+1","Luminosity+1","FanOfKnives","BottledTime","Spin+1","Unruled","Luminosity","GearUp","BestPractice+1","Solidify+1","BottledTime","Read+1","Solidify+1","Moonlight+1"],"relics":["Uniform","NeowsBlessing","Golden Idol","Omamori","ReplayTheSpireMod:TigerMarble","The Courier","Replay:Ancient Bell","War Paint","Mirror","Replay:Arrowhead","vexMod:InvisibilityCloak","Bronze Scales","Nunchaku","Art of War","Pen Nib","vexMod:BarristanHead","Divine Protection","MysterySword","Frozen Eye","Blue Doll","Potion Belt","Pet Ghost"],"acts_visited":["Exordium","TheCity","TheBeyond"],"potions_floor_usage":[42,47,50,50,50],"damage_taken":[{"damage":0.0,"enemies":"2 Louse","floor":1.0,"turns":1.0},{"damage":0.0,"enemies":"Cultist","floor":5.0,"turns":1.0},{"damage":0.0,"enemies":"Gremlin Nob","floor":6.0,"turns":1.0},{"damage":5.0,"enemies":"Small Slimes","floor":8.0,"turns":3.0},{"damage":0.0,"enemies":"3 Louse","floor":11.0,"turns":3.0},{"damage":5.0,"enemies":"2 Fungi Beasts","floor":12.0,"turns":2.0},{"damage":35.0,"enemies":"Lagavulin","floor":13.0,"turns":7.0},{"damage":0.0,"enemies":"Exordium Thugs","floor":14.0,"turns":3.0},{"damage":0.0,"enemies":"Fading Forest","floor":16.0,"turns":11.0},{"damage":17.0,"enemies":"2 Thieves","floor":18.0,"turns":3.0},{"damage":3.0,"enemies":"Shell Parasite","floor":20.0,"turns":4.0},{"damage":6.0,"enemies":"Centurion and Healer","floor":22.0,"turns":8.0},{"damage":0.0,"enemies":"3 Cultists","floor":24.0,"turns":3.0},{"damage":4.0,"enemies":"Shelled Parasite and Fungi","floor":28.0,"turns":5.0},{"damage":26.0,"enemies":"Slavers","floor":30.0,"turns":4.0},{"damage":0.0,"enemies":"Snake Plant","floor":31.0,"turns":3.0},{"damage":0.0,"enemies":"Champ","floor":33.0,"turns":8.0},{"damage":9.0,"enemies":"Orb Walker","floor":35.0,"turns":4.0},{"damage":16.0,"enemies":"3 Shapes","floor":38.0,"turns":3.0},{"damage":1,"enemies":"3 Darklings","floor":39,"turns":4},{"damage":25,"enemies":"4 Shapes","floor":41,"turns":5},{"damage":0,"enemies":"Giant Head","floor":42,"turns":10},{"damage":5,"enemies":"Sphere and 2 Shapes","floor":44,"turns":5},{"damage":0,"enemies":"Transient","floor":47,"turns":5},{"damage":0,"enemies":"4 Shapes","floor":48,"turns":4},{"damage":0,"enemies":"Time Eater","floor":50,"turns":10}],"seed_played":"8267318871654554040","potions_obtained":[{"floor":5.0,"key":"Languid Potion"},{"floor":8.0,"key":"LifebloodPotion"},{"floor":12.0,"key":"Toxic Potion"},{"floor":24.0,"key":"Ancient Potion"},{"floor":31.0,"key":"FearPotion"},{"floor":33.0,"key":"Swift Potion"},{"floor":39,"key":"EssenceOfSteel"},{"floor":42,"key":"SteroidPotion"},{"floor":44,"key":"Explosive Potion"}],"is_trial":false,"path_per_floor":["M","?","?","$","M","E","R","M","T","?","M","M","E","M","R","B",null,"M","$","M","?","M","R","M","?","T","$","M","T","E","M","R","B",null,"M","$","?","M","M","R","M","E","T","M","R","?","M","M","R","B",null],"character_chosen":"THE_SERVANT","items_purchased":["BottledTime","vexMod:InvisibilityCloak","Bronze Scales","Nunchaku","FanOfKnives","Luminosity","Frozen Eye","Blue Doll"],"campfire_rested":3,"item_purchase_floors":[4,19,19,19,19,27,36,36],"current_hp_per_floor":[65,65,60,60,60,60,60,55,55,55,55,50,15,15,15,15,60,43,43,40,40,34,34,34,34,34,34,30,30,4,4,22,22,60,51,51,51,35,34,34,9,9,9,4,22,22,22,22,40,40],"gold":213,"neow_bonus":"THREE_ENEMY_KILL","is_daily":false,"chose_seed":false,"campfire_upgraded":6,"win_rate":0.0,"timestamp":1610708175,"path_taken":["M","?","?","$","M","E","R","M","T","?","M","M","E","?","R","BOSS","M","$","M","?","M","R","M","?","T","$","?","?","E","M","R","BOSS","M","$","?","M","?","R","M","E","T","M","R","?","M","M","R","BOSS"],"items_purchased_type":["Card","Relic","Relic","Relic","Card","Card","Relic","Relic"],"build_version":"2020-12-22","purchased_purges":2,"victory":true,"max_hp_per_floor":[65,65,60,60,60,60,60,60,60,60,60,60,60,60,60,60,60,60,60,60,60,60,60,60,60,60,60,60,60,60,60,60,60,60,60,60,60,60,60,60,60,60,60,60,60,60,60,60,60,60],"card_choices":[{"not_picked":["Potential","Advance"],"picked":"Spin","floor":1.0},{"not_picked":["TimeWarp","Snipe"],"picked":"Defy","floor":5.0},{"not_picked":["Sabotage","Defy"],"picked":"Dilation","floor":6.0},{"not_picked":["Potential","Defy"],"picked":"Starlight","floor":8.0},{"not_picked":["Potential","Replace"],"picked":"SilverBlades","floor":11.0},{"not_picked":["Snipe","Collapse"],"picked":"Rearm","floor":12.0},{"not_picked":["Rewind","ShatteredReality"],"picked":"SoulSculpture","floor":13.0},{"not_picked":["FastForward","ShatteredReality"],"picked":"Ricochet","floor":14.0},{"not_picked":["ForgedInTime","LightFlow"],"picked":"FlawlessForm","floor":16.0},{"not_picked":["Regret","Spreading Infection"],"picked":"Wraith","floor":17.0},{"not_picked":["Wraith","AbeCurse"],"picked":"ReplayTheSpireMod:Doomed","floor":17.0},{"not_picked":["Overencumbered","Replay:Hysterical Blindness"],"picked":"ReplayTheSpireMod:Doomed","floor":17.0},{"not_picked":["Potential","Starlight"],"picked":"Luminosity","floor":18.0},{"not_picked":["ShatteredReality","PendulumOfEternity"],"picked":"BottledTime","floor":20.0},{"not_picked":["Read","TimeWarp"],"picked":"Spin+1","floor":22.0},{"not_picked":["Replace","MurderousAura"],"picked":"Unruled","floor":24.0},{"not_picked":["Starlight","ShiftingGears","Potential"],"picked":"SKIP","floor":28.0},{"not_picked":["Starlight","Spin"],"picked":"GearUp","floor":30.0},{"not_picked":["Read+1","Starlight+1"],"picked":"BestPractice","floor":31.0},{"not_picked":["KillingDoll","FloweringNight"],"picked":"Solidify","floor":33.0},{"not_picked":["FanOfKnives+1","Starlight"],"picked":"BottledTime","floor":35.0},{"not_picked":["Potential","Desolation"],"picked":"Read+1","floor":38.0},{"not_picked":["Rewind","Revamp+1","StarChef+1"],"picked":"SKIP","floor":39},{"not_picked":["Potential","Gouge","Rewind"],"picked":"SKIP","floor":41},{"not_picked":["Revamp+1","FlawlessForm","Ricochet"],"picked":"SKIP","floor":42},{"not_picked":["Revamp+1","Rewind","TimeWarp"],"picked":"SKIP","floor":44},{"not_picked":["Ricochet","Defy","Unruled"],"picked":"SKIP","floor":47},{"not_picked":["Spin+1","BottledTime"],"picked":"Moonlight+1","floor":48}],"player_experience":348568,"relics_obtained":[{"floor":6.0,"key":"Omamori"},{"floor":9.0,"key":"ReplayTheSpireMod:TigerMarble"},{"floor":13.0,"key":"The Courier"},{"floor":26.0,"key":"Pen Nib"},{"floor":29.0,"key":"vexMod:BarristanHead"},{"floor":30.0,"key":"Divine Protection"},{"floor":42,"key":"Potion Belt"},{"floor":43,"key":"Pet Ghost"}],"event_choices":[{"damage_healed":0.0,"max_hp_gain":0.0,"max_hp_loss":0.0,"gold_gain":0.0,"event_name":"Living Wall","player_choice":"Grow","floor":2.0,"gold_loss":0.0,"damage_taken":0.0,"cards_upgraded":["Spin"]},{"damage_healed":0.0,"max_hp_gain":0.0,"max_hp_loss":5.0,"gold_gain":0.0,"event_name":"Golden Idol","player_choice":"Lose Max HP","floor":3.0,"gold_loss":0.0,"damage_taken":0.0,"relics_obtained":["Golden Idol"]},{"damage_healed":0.0,"max_hp_gain":0.0,"max_hp_loss":0.0,"gold_gain":275.0,"event_name":"Golden Shrine","player_choice":"Desecrate","floor":10.0,"gold_loss":0.0,"damage_taken":0.0,"cards_obtained":["Regret"]},{"damage_healed":0.0,"max_hp_gain":0.0,"max_hp_loss":0.0,"gold_gain":0.0,"event_name":"Accursed Blacksmith","player_choice":"Forge","floor":37.0,"gold_loss":0.0,"damage_taken":0.0,"cards_upgraded":["BestPractice"]},{"damage_healed":0,"gold_gain":0,"player_choice":"Copied","damage_taken":0,"max_hp_gain":0,"max_hp_loss":0,"event_name":"Duplicator","floor":46,"gold_loss":0,"cards_obtained":["Solidify"]}],"is_beta":false,"boss_relics":[{"not_picked":["vexMod:EndlessSickness","Sozu"],"picked":"Replay:Ancient Bell"},{"not_picked":["Replay:Rubber Ducky","Tiny Chest"],"picked":"War Paint"},{"not_picked":["vexMod:BerryBomb","Eternal Feather"],"picked":"Mirror"},{"not_picked":["Girya","Replay:Towering Pillar of Hats"],"picked":"Replay:Arrowhead"},{"not_picked":["Snecko Eye","Honey Jar"],"picked":"MysterySword"}],"items_purged_floors":[19,27],"is_endless":false,"potions_floor_spawned":[5,8,12,14,24,28,31,33,39,42,44],"ascension_level":0}}