{"host":"g5ztulhog0otympt","time":1610733790,"event":{"mods":["AchievementEnabler","BaseMod","Downfall","Hermit","Minty Spire (QoL Compilation)","StSLib","The Cursed"],"gold_per_floor":[117,117,127,127,127,127,159,159,182,182,201,232,247,90,90,191,241,257,274,324,343,38,38,38,65,116,116,129,129,129,149,149,149,149],"floor_reached":33,"language":"ENG","playtime":1422,"items_purged":[],"score":275,"play_id":"8292fe29-35e8-45c2-951f-bf4e928820d4","local_time":"20210115200310","is_ascension_mode":false,"campfire_choices":[{"floor":6,"key":"REST"},{"data":"Backstab","floor":8,"key":"SMITH"},{"data":"Dagger Spray","floor":10,"key":"SMITH"},{"floor":15,"key":"REST"},{"floor":23,"key":"REST"},{"floor":29,"key":"REST"},{"floor":32,"key":"REST"}],"circlet_count":0,"master_deck":["Strike_G+1","Strike_G","Strike_G","Strike_G","Strike_G","Defend_G","Defend_G+1","Defend_G+1","Defend_G","Defend_G","Survivor","Neutralize","Dagger Spray+1","Backstab+1","Deadly Poison+1","Endless Agony","Flechettes","Outmaneuver+1","Backstab","Envenom","Escape Plan","Outmaneuver","Flying Knee","Slice","Terror","Deadly Poison","Decay","Flechettes+1","Poisoned Stab","Deadly Poison+1","Poisoned Stab"],"relics":["Ring of the Snake","Dream Catcher","PreservedInsect","War Paint","Strawberry","TheAbacus","Tiny House","White Beast Statue","HornCleat","Vajra"],"acts_visited":["Exordium","TheCity"],"potions_floor_usage":[7,16,16,16,21,21,24,25,28,31,33],"damage_taken":[{"damage":3,"enemies":"Small Slimes","floor":1,"turns":4},{"damage":4,"enemies":"Cultist","floor":3,"turns":4},{"damage":11,"enemies":"3 Sentries","floor":7,"turns":7},{"damage":0,"enemies":"2 Louse","floor":11,"turns":1},{"damage":18,"enemies":"Lagavulin","floor":12,"turns":4},{"damage":0,"enemies":"Exordium Wildlife","floor":13,"turns":3},{"damage":27,"enemies":"The Guardian","floor":16,"turns":8},{"damage":11,"enemies":"Spheric Guardian","floor":18,"turns":6},{"damage":15,"enemies":"Chosen","floor":19,"turns":6},{"damage":25,"enemies":"Centurion and Healer","floor":21,"turns":6},{"damage":0,"enemies":"3 Cultists","floor":24,"turns":1},{"damage":48,"enemies":"Gremlin Leader","floor":25,"turns":6},{"damage":5,"enemies":"Chosen and Byrds","floor":28,"turns":4},{"damage":18,"enemies":"Snake Plant","floor":31,"turns":4},{"damage":34,"enemies":"Champ","floor":33,"turns":6}],"seed_played":"5449294582457029238","potions_obtained":[{"floor":2,"key":"EssenceOfSteel"},{"floor":2,"key":"DuplicationPotion"},{"floor":2,"key":"Explosive Potion"},{"floor":12,"key":"FearPotion"},{"floor":13,"key":"Fire Potion"},{"floor":16,"key":"DuplicationPotion"},{"floor":17,"key":"SmokeBomb"},{"floor":18,"key":"Poison Potion"},{"floor":25,"key":"FearPotion"},{"floor":28,"key":"SpeedPotion"},{"floor":31,"key":"Dexterity Potion"}],"is_trial":false,"path_per_floor":["M","?","M","?","?","R","E","R","T","R","M","E","M","$","R","B",null,"M","M","?","M","$","R","M","E","T","?","M","R","?","M","R","B"],"character_chosen":"THE_SILENT","items_purchased":["TheAbacus","White Beast Statue","AttackPotion"],"campfire_rested":5,"item_purchase_floors":[14,22,22],"current_hp_per_floor":[67,67,63,63,49,70,59,59,59,59,59,48,48,48,71,44,82,71,56,56,31,31,55,55,7,7,7,2,26,26,8,32,0,0],"gold":149,"neow_bonus":"RANDOM_COMMON_RELIC","is_daily":false,"chose_seed":false,"campfire_upgraded":2,"win_rate":0.0,"timestamp":1610733790,"path_taken":["M","?","?","?","?","R","E","R","T","R","M","E","M","$","R","BOSS","M","M","?","M","$","R","?","E","T","?","M","R","?","?","R","BOSS"],"items_purchased_type":["Relic","Relic","Potion"],"build_version":"2020-12-22","purchased_purges":0,"victory":false,"max_hp_per_floor":[70,70,70,70,70,70,70,70,70,70,70,77,77,77,77,77,82,82,82,82,82,82,82,82,82,82,82,82,82,82,82,82,82,82],"card_choices":[{"not_picked":["Underhanded Strike","Prepared"],"picked":"Dagger Spray","floor":1},{"not_picked":["Quick Slash","Leg Sweep"],"picked":"Backstab","floor":3},{"not_picked":["Terror","Outmaneuver"],"picked":"Deadly Poison","floor":6},{"not_picked":["Flechettes","Choke"],"picked":"Endless Agony","floor":7},{"not_picked":["Bouncing Flask","Endless Agony","Blur"],"picked":"SKIP","floor":11},{"not_picked":["Prepared","Outmaneuver"],"picked":"Flechettes","floor":12},{"not_picked":["PiercingWail","Skewer"],"picked":"Outmaneuver","floor":13},{"not_picked":["Blade Dance","Deflect"],"picked":"Backstab","floor":15},{"not_picked":["Doppelganger","Die Die Die"],"picked":"Envenom","floor":16},{"not_picked":["Endless Agony","Dagger Spray"],"picked":"Escape Plan","floor":17},{"not_picked":["Flechettes","Underhanded Strike"],"picked":"Outmaneuver","floor":18},{"not_picked":["Dodge and Roll+1","Prepared+1"],"picked":"Flying Knee","floor":19},{"not_picked":["After Image","Outmaneuver"],"picked":"Slice","floor":21},{"not_picked":["Dagger Throw","Poisoned Stab"],"picked":"Terror","floor":23},{"not_picked":["Dagger Spray","Backflip"],"picked":"Deadly Poison","floor":25},{"not_picked":["Tactician","Outmaneuver"],"picked":"Flechettes+1","floor":28},{"not_picked":["Masterful Stab","Escape Plan"],"picked":"Poisoned Stab","floor":29},{"not_picked":["Dash","Phantasmal Killer"],"picked":"Deadly Poison+1","floor":31},{"not_picked":["Dodge and Roll","Quick Slash+1"],"picked":"Poisoned Stab","floor":32}],"player_experience":66768,"relics_obtained":[{"floor":7,"key":"PreservedInsect"},{"floor":9,"key":"War Paint"},{"floor":12,"key":"Strawberry"},{"floor":25,"key":"HornCleat"},{"floor":26,"key":"Vajra"}],"event_choices":[{"damage_healed":0,"gold_gain":0,"player_choice":"Got Potions","damage_taken":0,"max_hp_gain":0,"max_hp_loss":0,"event_name":"Lab","floor":2,"gold_loss":0},{"damage_healed":0,"gold_gain":0,"player_choice":"Ignored","damage_taken":0,"max_hp_gain":0,"max_hp_loss":0,"event_name":"Liars Game","floor":4,"gold_loss":0},{"damage_healed":0,"gold_gain":0,"player_choice":"Entered Light","damage_taken":14,"max_hp_gain":0,"max_hp_loss":0,"event_name":"Shining Light","floor":5,"gold_loss":0,"cards_upgraded":["Strike_G","Defend_G"]},{"damage_healed":0,"gold_gain":100,"player_choice":"Bet on Murderer","damage_taken":0,"max_hp_gain":0,"max_hp_loss":0,"event_name":"The Joust","floor":20,"gold_loss":50},{"damage_healed":0,"gold_gain":0,"player_choice":"Smashed Altar","damage_taken":0,"max_hp_gain":0,"max_hp_loss":0,"event_name":"Forgotten Altar","floor":27,"gold_loss":0,"cards_obtained":["Decay"]},{"damage_healed":0,"gold_gain":0,"player_choice":"Leave","damage_taken":0,"max_hp_gain":0,"max_hp_loss":0,"event_name":"FaceTrader","floor":30,"gold_loss":0}],"is_beta":false,"boss_relics":[{"not_picked":["HoveringKite","Runic Pyramid"],"picked":"Tiny House"}],"items_purged_floors":[],"is_endless":false,"potions_floor_spawned":[3,12,13,16,18,24,25,28,31],"killed_by":"Champ","ascension_level":0}}