{"host":"rupmf8lnk599ormj","time":1610741321,"event":{"mods":["2.2 Compatiblity","AchievementEnabler","BaseMod","Better Match","Better Third Choice","BetterRewards","Colored Map","Colored Powertips","Conspire","Downfall","Evolution","Gold Saver","Googly Eyes","Hubris","Minty Spire (QoL Compilation)","Quick Restart","Rare Cards Sparkle","Replay The Spire","Shade Mod","Spicy Shops","StSLib","The Cursed","The Jungle","The Runesmith"],"gold_per_floor":[554,569,579,132,151,151,151],"floor_reached":6,"language":"ENG","playtime":327,"items_purged":[],"score":38,"play_id":"62b8d9dd-7502-46e4-9b0b-e6de4984f6f4","local_time":"20210115150841","is_ascension_mode":false,"campfire_choices":[],"circlet_count":0,"master_deck":["Runesmith:Strike_RS","Runesmith:Strike_RS","Runesmith:Strike_RS","Runesmith:Strike_RS","Runesmith:Defend_RS","Runesmith:Defend_RS","Runesmith:Defend_RS","Runesmith:Defend_RS","Runesmith:CraftFirestone","Runesmith:Fortify","Runesmith:HammerThrow","Runesmith:RunicBlueprint","Runesmith:HeatedChisel","Runesmith:MakeshiftArmor+1","Runesmith:Firestorm","Runesmith:HeatExchange","Runesmith:EarthShield"],"relics":["Runesmith:BrokenRuby","EVO:Axolotl","NeowsBlessing","Runesmith:EmergencyProvisions"],"acts_visited":["Exordium"],"potions_floor_usage":[],"damage_taken":[{"damage":0,"enemies":"Small Slimes","floor":1,"turns":1},{"damage":0,"enemies":"conspire:RoseBush","floor":2,"turns":1},{"damage":0,"enemies":"2 Louse","floor":3,"turns":1},{"damage":15,"enemies":"2 Fungi Beasts","floor":5,"turns":3},{"damage":80,"enemies":"Gremlin Nob","floor":6,"turns":5}],"seed_played":"7980229006728971769","potions_obtained":[{"floor":2,"key":"SpeedPotion"}],"is_trial":false,"path_per_floor":["M","M","M","$","M","E"],"character_chosen":"RUNESMITH_CLASS","items_purchased":["Runesmith:EmergencyProvisions","Runesmith:MakeshiftArmor+1","Runesmith:Firestorm","Runesmith:HeatExchange"],"campfire_rested":0,"item_purchase_floors":[4,4,4,4],"current_hp_per_floor":[70,70,70,70,55,0,0],"gold":151,"neow_bonus":"THREE_ENEMY_KILL","is_daily":false,"chose_seed":false,"campfire_upgraded":0,"win_rate":0.0,"timestamp":1610741321,"path_taken":["M","M","M","$","M","E"],"items_purchased_type":["Relic","Card","Card","Card"],"build_version":"2020-12-22","purchased_purges":0,"victory":false,"max_hp_per_floor":[70,70,70,70,70,70,70],"card_choices":[{"not_picked":["Runesmith:RuneHurl","Runesmith:CraftReservo"],"picked":"Runesmith:HammerThrow","floor":1},{"not_picked":["Runesmith:Discharge","Runesmith:Grindstone"],"picked":"Runesmith:RunicBlueprint","floor":2},{"not_picked":["Runesmith:CraftVitae","Runesmith:Terraform"],"picked":"Runesmith:HeatedChisel","floor":3},{"not_picked":["Runesmith:ElementalConversion","Runesmith:CraftReservo"],"picked":"Runesmith:EarthShield","floor":5}],"player_experience":202233,"relics_obtained":[],"event_choices":[],"is_beta":false,"boss_relics":[],"items_purged_floors":[],"is_endless":false,"potions_floor_spawned":[2],"killed_by":"Gremlin Nob","ascension_level":0}}