{"host":"fa35vd3kig5td25x","time":1610734235,"event":{"mods":["BaseMod","Colored Powertips","Minty Spire (QoL Compilation)","Relic Stats","Slay the Relics Exporter"],"gold_per_floor":[114,130,130,46,64,79,79,105,105,105,105],"floor_reached":10,"language":"ENG","playtime":379,"items_purged":[],"score":136,"play_id":"4209c93b-5364-41ea-853f-50ec6573cd2f","local_time":"20210115191035","is_ascension_mode":true,"campfire_choices":[{"data":"Blood for Blood","floor":7.0,"key":"SMITH"}],"circlet_count":0,"master_deck":["AscendersBane","Strike_R","Strike_R","Strike_R","Strike_R","Strike_R","Defend_R","Defend_R","Defend_R","Defend_R","Bash","Blood for Blood+1","Battle Trance","Thunderclap","Sever Soul","Wild Strike+1"],"relics":["Burning Blood","Molten Egg 2","Eternal Feather"],"acts_visited":["Exordium"],"potions_floor_usage":[8,8],"damage_taken":[{"damage":11.0,"enemies":"Jaw Worm","floor":1.0,"turns":6.0},{"damage":10.0,"enemies":"2 Louse","floor":2.0,"turns":2.0},{"damage":1.0,"enemies":"Cultist","floor":5.0,"turns":3.0},{"damage":34.0,"enemies":"Exordium Thugs","floor":6.0,"turns":4.0},{"damage":10,"enemies":"Lagavulin","floor":8,"turns":5},{"damage":45,"enemies":"3 Sentries","floor":10,"turns":8}],"seed_played":"-1906293194567371682","potions_obtained":[{"floor":1.0,"key":"Block Potion"},{"floor":5.0,"key":"PowerPotion"}],"is_trial":false,"path_per_floor":["M","M","?","$","M","M","R","E","T","E"],"character_chosen":"IRONCLAD","items_purchased":["LiquidMemories"],"campfire_rested":0,"item_purchase_floors":[4],"current_hp_per_floor":[70,66,71,71,76,48,48,44,44,0,0],"gold":105,"neow_bonus":"TEN_PERCENT_HP_BONUS","is_daily":false,"chose_seed":false,"campfire_upgraded":1,"win_rate":0.0,"timestamp":1610734235,"path_taken":["M","M","?","$","M","M","R","E","T","E"],"items_purchased_type":["Potion"],"build_version":"2020-12-22","purchased_purges":0,"victory":false,"max_hp_per_floor":[82,82,87,87,87,87,87,87,87,87,87],"relic_stats":{"counters":[6,28],"Eternal Feather":0,"obtain_stats":[{"Molten Egg 2":8,"Eternal Feather":9,"Burning Blood":0},{"Molten Egg 2":5,"Eternal Feather":5,"Burning Blood":0},{"Molten Egg 2":20,"Eternal Feather":20,"Burning Blood":0}],"Burning Blood":30},"card_choices":[{"not_picked":["Body Slam","Twin Strike"],"picked":"Blood for Blood","floor":1.0},{"not_picked":["Flex","Armaments"],"picked":"Battle Trance","floor":2.0},{"not_picked":["Shockwave","Armaments"],"picked":"Thunderclap","floor":5.0},{"not_picked":["Infernal Blade","Flex"],"picked":"Sever Soul","floor":6.0},{"not_picked":["Rupture","Shrug It Off"],"picked":"Wild Strike+1","floor":8}],"player_experience":2931009,"relics_obtained":[{"floor":8,"key":"Molten Egg 2"},{"floor":9,"key":"Eternal Feather"}],"event_choices":[{"damage_healed":0.0,"max_hp_gain":5.0,"max_hp_loss":0.0,"gold_gain":0.0,"event_name":"Big Fish","player_choice":"Donut","floor":3.0,"gold_loss":0.0,"damage_taken":0.0}],"is_beta":false,"boss_relics":[],"items_purged_floors":[],"is_endless":false,"potions_floor_spawned":[1,5],"killed_by":"3 Sentries","ascension_level":20}}