{"host":"ji1fk25fd1ga4ji1","time":1610689177,"event":{"mods":["2.2 Compatiblity","BaseMod","Colored Map","DeckTracker","Minty Spire (QoL Compilation)","Permanent Neow","Quick Restart","StSLib","SuperFastMode"],"gold_per_floor":[216,227,302,227,246,246,279,279,279,179,189,189,48,75,75,172,172,189,204,204,220,220,245,245,278,278,288,302,239,44,63,63,165,165,177,27,43,143,160,160,174,174,174,203,203,232,232,244,244,244,244,244,69,96,96,96],"floor_reached":55,"language":"KOR","playtime":981,"items_purged":["Strike_R","Strike_R","Strike_R","Defend_R","Defend_R"],"score":788,"play_id":"a4d292be-a80d-46e3-8e66-0545f6f8b248","local_time":"20210115143937","is_ascension_mode":true,"campfire_choices":[{"data":"Cleave","floor":6.0,"key":"SMITH"},{"data":"Thunderclap","floor":8.0,"key":"SMITH"},{"data":"Sword Boomerang","floor":12.0,"key":"SMITH"},{"data":"Spot Weakness","floor":15.0,"key":"SMITH"},{"floor":24.0,"key":"REST"},{"floor":32.0,"key":"REST"},{"floor":40.0,"key":"RECALL"},{"data":"Limit Break","floor":42,"key":"SMITH"},{"data":"Double Tap","floor":45,"key":"SMITH"},{"data":"Battle Trance","floor":47,"key":"SMITH"},{"data":"Inflame","floor":49,"key":"SMITH"},{"data":"Spot Weakness","floor":52,"key":"SMITH"}],"circlet_count":0,"master_deck":["Defend_R","Bash","Combust","Sword Boomerang+1","Cleave+1","Thunderclap+1","Spot Weakness+1","Reaper","Whirlwind+1","Shrug It Off+1","Headbutt+1","Battle Trance+1","Flex+1","Inflame+1","Limit Break+1","Spot Weakness+1","Inflame+1","Double Tap+1","Spot Weakness+1","Inflame+1"],"relics":["Burning Blood","Eternal Feather","Bag of Marbles","Ginger","Astrolabe","Boot","Bottled Lightning","Meat on the Bone","Sozu","Akabeko","Bottled Tornado","Shovel","Mercury Hourglass"],"acts_visited":["Exordium","TheCity","TheBeyond","TheEnding"],"potions_floor_usage":[55],"damage_taken":[{"damage":6.0,"enemies":"Jaw Worm","floor":1.0,"turns":3.0},{"damage":6.0,"enemies":"Cultist","floor":2.0,"turns":4.0},{"damage":5.0,"enemies":"2 Louse","floor":5.0,"turns":4.0},{"damage":31.0,"enemies":"Gremlin Nob","floor":7.0,"turns":5.0},{"damage":2.0,"enemies":"Large Slime","floor":11.0,"turns":4.0},{"damage":27.0,"enemies":"3 Sentries","floor":14.0,"turns":3.0},{"damage":64.0,"enemies":"The Guardian","floor":16.0,"turns":10.0},{"damage":12.0,"enemies":"Chosen","floor":18.0,"turns":4.0},{"damage":20.0,"enemies":"2 Thieves","floor":19.0,"turns":2.0},{"damage":29.0,"enemies":"Snake Plant","floor":21.0,"turns":4.0},{"damage":23.0,"enemies":"Gremlin Leader","floor":23.0,"turns":6.0},{"damage":57.0,"enemies":"Book of Stabbing","floor":25.0,"turns":6.0},{"damage":8.0,"enemies":"Snecko","floor":27.0,"turns":4.0},{"damage":5.0,"enemies":"Cultist and Chosen","floor":28.0,"turns":4.0},{"damage":9.0,"enemies":"3 Cultists","floor":31.0,"turns":3.0},{"damage":29.0,"enemies":"Collector","floor":33.0,"turns":7.0},{"damage":12.0,"enemies":"3 Shapes","floor":35.0,"turns":3.0},{"damage":0.0,"enemies":"Orb Walker","floor":37.0,"turns":2.0},{"damage":19.0,"enemies":"Transient","floor":39.0,"turns":5.0},{"damage":0,"enemies":"Jaw Worm Horde","floor":41,"turns":2},{"damage":2,"enemies":"Nemesis","floor":44,"turns":3},{"damage":0,"enemies":"Reptomancer","floor":46,"turns":3},{"damage":27,"enemies":"4 Shapes","floor":48,"turns":2},{"damage":35,"enemies":"Donu and Deca","floor":50,"turns":3},{"damage":42,"enemies":"Shield and Spear","floor":54,"turns":4},{"damage":111,"enemies":"The Heart","floor":55,"turns":5}],"seed_played":"3708825413208968672","potions_obtained":[{"floor":2.0,"key":"Strength Potion"},{"floor":5.0,"key":"Ancient Potion"},{"floor":18.0,"key":"PowerPotion"},{"floor":21.0,"key":"PowerPotion"},{"floor":25.0,"key":"DistilledChaos"},{"floor":31.0,"key":"SteroidPotion"}],"is_trial":false,"path_per_floor":["M","M","?","$","M","R","E","R","T","$","M","R","$","E","R","B",null,"M","M","?","M","?","E","R","E","T","M","M","?","$","M","R","B",null,"M","$","M","?","M","R","M","R","T","E","R","E","R","M","R","B",null,"R","$","E","B"],"character_chosen":"IRONCLAD","items_purchased":["Reaper","Inflame"],"campfire_rested":2,"item_purchase_floors":[13,30],"current_hp_per_floor":[80,80,72,72,73,73,48,54,54,54,58,64,64,64,70,24,80,74,60,45,24,24,15,46,10,10,20,21,21,21,30,64,66,85,81,81,85,85,85,85,85,85,85,85,85,85,85,85,85,85,85,85,85,85,0,0],"gold":96,"neow_bonus":"HUNDRED_GOLD","is_daily":false,"chose_seed":false,"campfire_upgraded":9,"win_rate":0.0,"timestamp":1610689177,"path_taken":["M","M","?","$","M","R","E","R","T","$","M","R","$","E","R","BOSS","M","M","?","M","?","E","R","E","T","M","M","?","$","M","R","BOSS","M","$","?","?","M","R","M","R","T","E","R","E","R","M","R","BOSS","R","$","E","BOSS"],"items_purchased_type":["Card","Card"],"build_version":"2020-12-22","purchased_purges":5,"victory":false,"max_hp_per_floor":[80,80,80,80,80,80,80,80,80,80,80,80,80,80,80,80,80,80,80,85,85,85,85,85,85,85,85,85,85,85,85,85,85,85,85,85,85,85,85,85,85,85,85,85,85,85,85,85,85,85,85,85,85,85,85,85],"card_choices":[{"not_picked":["Sword Boomerang","Dropkick"],"picked":"Combust","floor":1.0},{"not_picked":["Clothesline","Reckless Charge"],"picked":"Sword Boomerang","floor":2.0},{"not_picked":["Anger","Warcry"],"picked":"Cleave","floor":5.0},{"not_picked":["Dark Embrace","Shockwave"],"picked":"Thunderclap","floor":7.0},{"not_picked":["Carnage","Flex"],"picked":"Spot Weakness","floor":11.0},{"not_picked":["Ghostly Armor","Intimidate","Body Slam"],"picked":"SKIP","floor":14.0},{"not_picked":["Shrug It Off","Body Slam","Dual Wield"],"picked":"SKIP","floor":18.0},{"not_picked":["Wild Strike","Pommel Strike+1","Heavy Blade+1"],"picked":"SKIP","floor":19.0},{"not_picked":["Perfected Strike","Searing Blow","Combust+1"],"picked":"SKIP","floor":21.0},{"not_picked":["Headbutt","Double Tap","Heavy Blade+1"],"picked":"SKIP","floor":23.0},{"not_picked":["Flex","Armaments+1","Thunderclap+1"],"picked":"SKIP","floor":25.0},{"not_picked":["Flex","Armaments+1","Thunderclap+1"],"picked":"SKIP","floor":25.0},{"not_picked":["Cleave","Body Slam"],"picked":"Battle Trance","floor":27.0},{"not_picked":["Carnage+1","Disarm"],"picked":"Flex+1","floor":28.0},{"not_picked":["Dark Embrace+1","Anger","Disarm"],"picked":"SKIP","floor":31.0},{"not_picked":["Berserk","Exhume"],"picked":"Limit Break","floor":33.0},{"not_picked":["Intimidate","Clash"],"picked":"Spot Weakness","floor":35.0},{"not_picked":["Warcry+1","Fire Breathing+1"],"picked":"Inflame+1","floor":37.0},{"not_picked":["Body Slam+1","Havoc+1","Wild Strike"],"picked":"SKIP","floor":39.0},{"not_picked":["Rupture","Perfected Strike","Flex"],"picked":"SKIP","floor":41},{"not_picked":["Double Tap","Searing Blow","Hemokinesis"],"picked":"SKIP","floor":44},{"not_picked":["Searing Blow","Hemokinesis"],"picked":"Double Tap","floor":44},{"not_picked":["Cleave","Bloodletting","Warcry"],"picked":"SKIP","floor":46},{"not_picked":["Rupture","Thunderclap+1"],"picked":"Spot Weakness+1","floor":48},{"not_picked":["True Grit","Shrug It Off"],"picked":"Inflame+1","floor":54}],"player_experience":476041,"relics_obtained":[{"floor":7.0,"key":"Eternal Feather"},{"floor":9.0,"key":"Bag of Marbles"},{"floor":14.0,"key":"Ginger"},{"floor":23.0,"key":"Boot"},{"floor":25.0,"key":"Bottled Lightning"},{"floor":43,"key":"Akabeko"},{"floor":44,"key":"Bottled Tornado"},{"floor":46,"key":"Shovel"},{"floor":54,"key":"Mercury Hourglass"}],"event_choices":[{"damage_healed":0.0,"max_hp_gain":0.0,"max_hp_loss":0.0,"gold_gain":75.0,"event_name":"FaceTrader","player_choice":"Touch","floor":3.0,"gold_loss":0.0,"damage_taken":8.0},{"damage_healed":0.0,"max_hp_gain":5.0,"max_hp_loss":0.0,"gold_gain":0.0,"event_name":"Forgotten Altar","player_choice":"Shed Blood","floor":20.0,"gold_loss":0.0,"damage_taken":20.0},{"damage_healed":0.0,"max_hp_gain":0.0,"max_hp_loss":0.0,"gold_gain":0.0,"event_name":"Ghosts","player_choice":"Ignored","floor":22.0,"gold_loss":0.0,"damage_taken":0.0},{"damage_healed":0.0,"max_hp_gain":0.0,"max_hp_loss":0.0,"gold_gain":0.0,"event_name":"WeMeetAgain","player_choice":"Paid Gold","floor":29.0,"gold_loss":63.0,"damage_taken":0.0,"relics_obtained":["Meat on the Bone"]},{"damage_healed":0.0,"max_hp_gain":0.0,"max_hp_loss":0.0,"gold_gain":100.0,"event_name":"Golden Shrine","player_choice":"Pray","floor":38.0,"gold_loss":0.0,"damage_taken":0.0}],"is_beta":false,"boss_relics":[{"not_picked":["Black Star","Runic Pyramid"],"picked":"Astrolabe"},{"not_picked":["Pandora\u0027s Box","Busted Crown"],"picked":"Sozu"}],"items_purged_floors":[4,10,30,36,53],"is_endless":false,"potions_floor_spawned":[2,5,18,21,25,31,37,39,46,48],"killed_by":"The Heart","ascension_level":1}}