{"host":"9dr4xkxgnke2i0td","time":1610745656,"event":{"mods":["AchievementEnabler","BaseMod","DeckTracker","Highlight Path","Minty Spire (QoL Compilation)","Shop Mod","StSLib"],"gold_per_floor":[114,129,129,304,304,304,319,349,349,349,364,364,379,394,394,494,494,509,524,524,524,71,101,101,200,200,230,230,46,76,91,91,191,191,206,206,221,0,50,80,80,110,144,183,207,246,600,624,624,624],"floor_reached":51,"language":"ENG","playtime":2875,"items_purged":["Multi-Cast","Biased Cognition"],"score":1096,"play_id":"c994f2d8-470e-4555-8026-3f387b80c2c9","local_time":"20210115152056","daily_mods":["Shiny","Blue Cards","Elite Swarm"],"is_ascension_mode":false,"campfire_choices":[{"data":"Alpha","floor":6.0,"key":"SMITH"},{"data":"Vault","floor":10.0,"key":"SMITH"},{"data":"Omniscience","floor":12.0,"key":"SMITH"},{"floor":15.0,"key":"REST"},{"data":"Scrawl","floor":24.0,"key":"SMITH"},{"data":"Hyperbeam","floor":28.0,"key":"SMITH"},{"floor":32.0,"key":"REST"},{"data":"TalkToTheHand","floor":41.0,"key":"SMITH"},{"data":"Buffer","floor":49,"key":"SMITH"}],"circlet_count":0,"master_deck":["Hyperbeam+1","Thunder Strike","Machine Learning","Electrodynamics","Buffer+1","Rainbow","Seek","Meteor Strike","Echo Form","All For One","Reboot","Creative AI","Fission","Core Surge","Judgement","ConjureBlade","MasterReality","Brilliance","Devotion+1","Blasphemy","Ragnarok","LessonLearned","Scrawl+1","Vault+1","Alpha+1","Wish+1","Omniscience+1","Establishment","SpiritShield","DevaForm","DeusExMachina","Static Discharge","Recycle","Doubt","SpiritShield","Sanctity+1","Auto Shields+1","Stack+1","Omniscience+1","Reinforced Body+1","Swivel+1","ThirdEye+1","ThirdEye+1","SpiritShield+1","Scrawl+1","Bandage Up+1","Meteor Strike","TalkToTheHand+1","Hyperbeam","Reinforced Body+1","Leap+1","DeusExMachina+1","Doubt","Seek+1","Heatsinks","Seek+1","Leap+1","Meditate+1"],"relics":["PureWater","PreservedInsect","Pear","Toxic Egg 2","Cursed Key","Pen Nib","Bag of Preparation","Pantograph","Toy Ornithopter","SlaversCollar","Red Mask","FossilizedHelix","Ginger","CeramicFish","Dream Catcher","Thread and Needle","Regal Pillow","Old Coin"],"acts_visited":["Exordium","TheCity","TheBeyond"],"potions_floor_usage":[],"damage_taken":[{"damage":18.0,"enemies":"Cultist","floor":1.0,"turns":5.0},{"damage":0.0,"enemies":"Jaw Worm","floor":2.0,"turns":2.0},{"damage":10.0,"enemies":"Small Slimes","floor":7.0,"turns":2.0},{"damage":34.0,"enemies":"Gremlin Nob","floor":8.0,"turns":5.0},{"damage":0.0,"enemies":"Exordium Wildlife","floor":11.0,"turns":2.0},{"damage":22.0,"enemies":"Lots of Slimes","floor":13.0,"turns":4.0},{"damage":10.0,"enemies":"Exordium Thugs","floor":14.0,"turns":3.0},{"damage":14.0,"enemies":"Hexaghost","floor":16.0,"turns":8.0},{"damage":25.0,"enemies":"2 Thieves","floor":18.0,"turns":3.0},{"damage":0.0,"enemies":"Shell Parasite","floor":19.0,"turns":4.0},{"damage":9.0,"enemies":"Gremlin Leader","floor":23.0,"turns":7.0},{"damage":0.0,"enemies":"Slavers","floor":27.0,"turns":1.0},{"damage":18.0,"enemies":"Gremlin Leader","floor":30.0,"turns":6.0},{"damage":21.0,"enemies":"Snake Plant","floor":31.0,"turns":3.0},{"damage":0.0,"enemies":"Collector","floor":33.0,"turns":2.0},{"damage":4.0,"enemies":"3 Shapes","floor":35.0,"turns":2.0},{"damage":15.0,"enemies":"3 Darklings","floor":37.0,"turns":3.0},{"damage":0.0,"enemies":"Mind Bloom Boss Battle","floor":39.0,"turns":8.0},{"damage":0.0,"enemies":"Giant Head","floor":40.0,"turns":2.0},{"damage":0.0,"enemies":"Reptomancer","floor":42.0,"turns":3.0},{"damage":0.0,"enemies":"Nemesis","floor":44.0,"turns":5.0},{"damage":0.0,"enemies":"Maw","floor":45.0,"turns":3.0},{"damage":0.0,"enemies":"Reptomancer","floor":46.0,"turns":4.0},{"damage":0,"enemies":"2 Orb Walkers","floor":47,"turns":1},{"damage":0,"enemies":"Jaw Worm Horde","floor":48,"turns":2},{"damage":22,"enemies":"Awakened One","floor":50,"turns":10}],"seed_played":"5830580211590973081","potions_obtained":[{"floor":7.0,"key":"BottledMiracle"},{"floor":8.0,"key":"Swift Potion"},{"floor":13.0,"key":"GamblersBrew"},{"floor":16.0,"key":"SteroidPotion"},{"floor":18.0,"key":"Ancient Potion"},{"floor":27.0,"key":"Energy Potion"},{"floor":37.0,"key":"Energy Potion"}],"is_trial":false,"path_per_floor":["M","M","?","?","?","R","M","E","T","R","M","R","M","M","R","B",null,"M","M","?","?","$","E","R","?","T","E","R","$","E","M","R","B",null,"M","?","M","?","?","E","R","E","T","E","M","E","?","M","R","B",null],"character_chosen":"WATCHER","items_purchased":["Fruit Juice","LiquidMemories","ThirdEye+1","Pen Nib","Bandage Up+1"],"campfire_rested":2,"item_purchase_floors":[22,22,22,22,29],"current_hp_per_floor":[54,54,47,47,71,71,61,37,37,37,37,37,15,5,29,15,82,57,57,57,41,46,37,37,37,37,37,37,37,25,9,36,61,92,92,92,77,77,92,92,92,92,92,92,92,92,92,92,92,76],"gold":624,"neow_bonus":"","is_daily":true,"chose_seed":false,"campfire_upgraded":7,"win_rate":0.0,"timestamp":1610745656,"path_taken":["M","M","?","?","?","R","?","E","T","R","M","R","M","?","R","BOSS","M","M","?","?","$","E","R","?","T","E","R","$","E","M","R","BOSS","M","?","M","?","?","E","R","E","T","E","M","E","?","M","R","BOSS"],"items_purchased_type":["Potion","Potion","Card","Relic","Card"],"build_version":"2020-12-22","purchased_purges":2,"victory":true,"max_hp_per_floor":[72,72,72,72,72,72,72,82,82,82,82,82,82,82,82,82,82,82,82,82,87,92,92,92,92,92,92,92,92,92,92,92,92,92,92,92,92,92,92,92,92,92,92,92,92,92,92,92,92,92],"card_choices":[{"not_picked":["Consecrate","Double Energy"],"picked":"Static Discharge","floor":1.0},{"not_picked":["Barrage","Capacitor"],"picked":"Recycle","floor":2.0},{"not_picked":["Crescendo","CrushJoints","WreathOfFlame"],"picked":"SKIP","floor":7.0},{"not_picked":["Devotion","DevaForm"],"picked":"SpiritShield","floor":8.0},{"not_picked":["FlyingSleeves","Sweeping Beam"],"picked":"Sanctity+1","floor":11.0},{"not_picked":["Leap+1","Stack+1"],"picked":"Auto Shields+1","floor":13.0},{"not_picked":["EmptyFist","Halt+1"],"picked":"Stack+1","floor":14.0},{"not_picked":["Wish+1","Multi-Cast+1"],"picked":"Omniscience+1","floor":16.0},{"not_picked":["SignatureMove+1","Turbo+1"],"picked":"Reinforced Body+1","floor":18.0},{"not_picked":["Wireheading","Barrage"],"picked":"Swivel+1","floor":19.0},{"not_picked":["Blasphemy+1","Meteor Strike"],"picked":"SpiritShield+1","floor":23.0},{"not_picked":["SpiritShield+1","MasterReality"],"picked":"Scrawl+1","floor":27.0},{"not_picked":["MasterReality","Multi-Cast+1"],"picked":"Meteor Strike","floor":30.0},{"not_picked":["Blizzard+1","JustLucky"],"picked":"TalkToTheHand","floor":31.0},{"not_picked":["Wish+1","Thunder Strike"],"picked":"Hyperbeam","floor":33.0},{"not_picked":["Sweeping Beam","Ball Lightning+1"],"picked":"Reinforced Body+1","floor":35.0},{"not_picked":["Evaluate+1","JustLucky","FlyingSleeves+1"],"picked":"SKIP","floor":37.0},{"not_picked":["FlurryOfBlows","Brilliance"],"picked":"Leap+1","floor":39.0},{"not_picked":["MasterReality","Multi-Cast+1"],"picked":"DeusExMachina+1","floor":40.0},{"not_picked":["LessonLearned","Biased Cognition","Brilliance"],"picked":"SKIP","floor":42.0},{"not_picked":["Fission+1","Amplify+1"],"picked":"Seek+1","floor":44.0},{"not_picked":["Darkness+1","Sweeping Beam+1"],"picked":"Heatsinks","floor":45.0},{"not_picked":["Vault+1","DeusExMachina+1"],"picked":"Seek+1","floor":46.0},{"not_picked":["ReachHeaven","ClearTheMind+1"],"picked":"Leap+1","floor":47},{"not_picked":["Coolheaded+1","Darkness+1"],"picked":"Meditate+1","floor":48}],"player_experience":715633,"relics_obtained":[{"floor":8.0,"key":"Pear"},{"floor":9.0,"key":"Toxic Egg 2"},{"floor":23.0,"key":"Bag of Preparation"},{"floor":27.0,"key":"Pantograph"},{"floor":30.0,"key":"Toy Ornithopter"},{"floor":39.0,"key":"FossilizedHelix"},{"floor":40.0,"key":"Ginger"},{"floor":42.0,"key":"CeramicFish"},{"floor":43.0,"key":"Dream Catcher"},{"floor":44.0,"key":"Thread and Needle"},{"floor":46.0,"key":"Regal Pillow"},{"floor":47,"key":"Old Coin"}],"event_choices":[{"damage_healed":0.0,"max_hp_gain":0.0,"max_hp_loss":0.0,"gold_gain":0.0,"event_name":"Scrap Ooze","player_choice":"Success","floor":3.0,"gold_loss":0.0,"damage_taken":7.0,"relics_obtained":["PreservedInsect"]},{"damage_healed":0.0,"max_hp_gain":0.0,"max_hp_loss":0.0,"gold_gain":175.0,"event_name":"Liars Game","player_choice":"AGREE","floor":4.0,"gold_loss":0.0,"damage_taken":0.0,"cards_obtained":["Doubt"]},{"damage_healed":24.0,"max_hp_gain":0.0,"max_hp_loss":0.0,"gold_gain":0.0,"event_name":"Big Fish","player_choice":"Banana","floor":5.0,"gold_loss":0.0,"damage_taken":0.0},{"damage_healed":0.0,"max_hp_gain":0.0,"max_hp_loss":0.0,"gold_gain":0.0,"event_name":"The Library","player_choice":"Read","floor":20.0,"gold_loss":0.0,"damage_taken":0.0,"cards_obtained":["ThirdEye"]},{"damage_healed":0.0,"max_hp_gain":5.0,"max_hp_loss":0.0,"gold_gain":0.0,"event_name":"Forgotten Altar","player_choice":"Shed Blood","floor":21.0,"gold_loss":0.0,"damage_taken":21.0},{"damage_healed":0.0,"max_hp_gain":0.0,"max_hp_loss":0.0,"gold_gain":99.0,"event_name":"Nest","player_choice":"Stole From Cult","floor":25.0,"gold_loss":0.0,"damage_taken":0.0},{"cards_removed":["Amplify"],"damage_healed":0.0,"max_hp_gain":0.0,"max_hp_loss":0.0,"gold_gain":0.0,"event_name":"Falling","player_choice":"Removed Skill","floor":36.0,"gold_loss":0.0,"damage_taken":0.0},{"damage_healed":0.0,"max_hp_gain":0.0,"max_hp_loss":0.0,"gold_gain":0.0,"event_name":"Tomb of Lord Red Mask","player_choice":"Paid","floor":38.0,"gold_loss":221.0,"damage_taken":0.0,"relics_obtained":["Red Mask"]},{"damage_healed":0.0,"max_hp_gain":0.0,"max_hp_loss":0.0,"gold_gain":0.0,"event_name":"MindBloom","player_choice":"Fight","floor":39.0,"gold_loss":0.0,"damage_taken":0.0},{"damage_healed":0,"gold_gain":0,"player_choice":"Fight","damage_taken":0,"max_hp_gain":0,"max_hp_loss":0,"event_name":"Mysterious Sphere","floor":47,"gold_loss":0}],"is_beta":false,"boss_relics":[{"not_picked":["Sozu","Coffee Dripper"],"picked":"Cursed Key"},{"not_picked":["Black Star","Busted Crown"],"picked":"SlaversCollar"}],"items_purged_floors":[22,29],"is_endless":false,"potions_floor_spawned":[7,8,13,16,18,27,37,42,46,48],"ascension_level":0}}