{"host":"lxihx0b6awoz2w1j","time":1610719329,"event":{"mods":["Aspiration","BaseMod","Better Third Choice","CapriCore","Colored Powertips","Downfall","Hermit","Hubris","Infinite Spire","JesterMod","Luminous","Marisa????????","Melee Mod","Minty Spire (QoL Compilation)","Prisma Mod","Quick Restart","Relic Stats","Replay The Spire","Shade Mod","Spicy Shops","StSLib","The Alterego","The Blue Laboratory","The Cursed","The Disciple","The Forsaken","The Immortal","The Jungle","The Marked","The Runesmith","The Senshi","The Servant 0.9.4","Waifu the Spire"],"gold_per_floor":[117,192,211,227,156,156,191,202,202,39,39,39,39,49,49,146,146,146,146],"floor_reached":18,"language":"ENG","playtime":1208,"items_purged":[],"score":160,"play_id":"861442a3-2486-4be9-943c-d5cd20818053","local_time":"20210115150209","is_ascension_mode":false,"campfire_choices":[{"data":"Bash","floor":6.0,"key":"SMITH"},{"floor":12.0,"key":"REST"},{"data":"Flame Barrier","floor":15.0,"key":"SMITH"}],"circlet_count":0,"master_deck":["Strike_R","Strike_R","Strike_R","Strike_R","Strike_R","Defend_R","Defend_R","Defend_R","Defend_R","Bash+1","Heavy Blade","Anger","Twin Strike","Rupture","Combust","Clothesline","Pot Of Greed","Pot Of Greed","expansioncontent:Collect","Iron Wave","ReplayTheSpireMod:Stacked","Demon Form","Bandage Up","Bash","Flame Barrier+1","Immolate","Pot Of Greed"],"relics":["Burning Blood","Bag of Preparation","Juzu Bracelet","Gambling Chip","Grinning Jar","Ring of Chaos"],"acts_visited":["Exordium","TheCity"],"potions_floor_usage":[],"damage_taken":[{"damage":5.0,"enemies":"Jaw Worm","floor":1.0,"turns":5.0},{"damage":0.0,"enemies":"Small Slimes","floor":3.0,"turns":3.0},{"damage":1.0,"enemies":"Cultist","floor":4.0,"turns":3.0},{"damage":39.0,"enemies":"Lagavulin","floor":7.0,"turns":7.0},{"damage":14.0,"enemies":"2 Fungi Beasts","floor":8.0,"turns":3.0},{"damage":6.0,"enemies":"Exordium Wildlife","floor":14.0,"turns":5.0},{"damage":37.0,"enemies":"The Guardian","floor":16.0,"turns":8.0},{"damage":0,"enemies":"2 Thieves","floor":18,"turns":1}],"seed_played":"7333367438270359084","potions_obtained":[{"floor":4.0,"key":"blueLaboratory:EnragingPotion"},{"floor":7.0,"key":"Swift Potion"},{"floor":16.0,"key":"ElixirPotion"}],"is_trial":false,"path_per_floor":["M","?","M","M","$","R","E","M","T","$","?","R","?","M","R","B",null,"M"],"character_chosen":"IRONCLAD","items_purchased":["Rupture","Grinning Jar","expansioncontent:Collect"],"campfire_rested":1,"item_purchase_floors":[5,10,10],"current_hp_per_floor":[80,69,75,80,80,80,47,39,39,39,39,63,63,67,67,40,80,80,80],"gold":146,"neow_bonus":"RANDOM_COMMON_RELIC","is_daily":false,"chose_seed":false,"campfire_upgraded":2,"win_rate":0.0,"timestamp":1610719329,"path_taken":["M","?","M","M","$","R","E","M","T","$","?","R","?","M","R","BOSS","M"],"items_purchased_type":["Card","Relic","Card"],"build_version":"2020-12-22","purchased_purges":0,"victory":false,"max_hp_per_floor":[80,80,80,80,80,80,80,80,80,80,80,80,80,80,80,80,80,80,80],"relic_stats":{"counters":[8,35],"Gambling Chip":[1],"Bag of Preparation":[16],"Juzu Bracelet":0,"obtain_stats":[{"Gambling Chip":9,"Ring of Chaos":17,"Bag of Preparation":0,"Juzu Bracelet":7,"Grinning Jar":10,"Burning Blood":0},{"Gambling Chip":5,"Ring of Chaos":7,"Bag of Preparation":0,"Juzu Bracelet":4,"Grinning Jar":5,"Burning Blood":0},{"Gambling Chip":21,"Ring of Chaos":34,"Bag of Preparation":0,"Juzu Bracelet":18,"Grinning Jar":21,"Burning Blood":0}],"Burning Blood":41},"card_choices":[{"not_picked":["Abandon","Havoc"],"picked":"Heavy Blade","floor":1.0},{"not_picked":["Sever Soul","True Grit"],"picked":"Anger","floor":3.0},{"not_picked":["Searing Blow","Shrug It Off"],"picked":"Twin Strike","floor":4.0},{"not_picked":["Iron Wave","Clothesline"],"picked":"Combust","floor":7.0},{"not_picked":["Combust","Flex"],"picked":"Clothesline","floor":8.0},{"not_picked":["Dark Embrace","Rage"],"picked":"Flame Barrier","floor":14.0},{"not_picked":["Impervious","Juggernaut"],"picked":"Immolate","floor":16.0}],"player_experience":612623,"relics_obtained":[{"floor":7.0,"key":"Juzu Bracelet"},{"floor":9.0,"key":"Gambling Chip"}],"event_choices":[{"damage_healed":0.0,"max_hp_gain":1.0,"max_hp_loss":0.0,"gold_gain":75.0,"event_name":"betterThird:BetterGoop","player_choice":"Gold","floor":2.0,"gold_loss":0.0,"damage_taken":11.0},{"damage_healed":0.0,"max_hp_gain":0.0,"max_hp_loss":0.0,"gold_gain":0.0,"event_name":"Match and Keep!","player_choice":"5 cards matched","floor":13.0,"gold_loss":0.0,"damage_taken":0.0,"cards_obtained":["Iron Wave","ReplayTheSpireMod:Stacked","Demon Form","Bandage Up","Bash"]}],"is_beta":false,"boss_relics":[{"not_picked":["Replay:Wanted Poster","Snecko Eye"],"picked":"Ring of Chaos"}],"items_purged_floors":[],"is_endless":false,"potions_floor_spawned":[4,7,16],"killed_by":"2 Thieves","ascension_level":0}}