{"host":"l84l8xigz5v5foa2","time":1610689888,"event":{"mods":["2.2 Compatiblity","AchievementEnabler","BaseMod","Better Note","Better Vampires","Card Filter","Colored Map","DeckTracker","Downfall","Gremlin Skip","Highlight Path","Keyboard Shortcuts","Minty Spire (QoL Compilation)","Permanent Neow","Quick Restart","Relic Filter","Relic Stats","StSLib","SuperFastMode","Transform Curses","Unknown Chances"],"gold_per_floor":[99,115,25,42,55,55,82,82,82,111,138,138,153,153,165,165,165,165],"floor_reached":16,"language":"ENG","playtime":1033,"items_purged":["Guardian:Aged"],"score":200,"play_id":"08ec27cb-b16f-4c38-af4d-3f8cdbf1ff65","local_time":"20210115145128","is_ascension_mode":true,"campfire_choices":[{"data":"Guardian:TwinSlam","floor":1.0,"key":"SMITH"},{"data":"Guardian:Suspension","floor":6,"key":"SMITH"},{"data":"Guardian:CurlUp","floor":9,"key":"SMITH"},{"floor":12,"key":"REST"}],"circlet_count":0,"master_deck":["AscendersBane","Guardian:Strike_Guardian","Guardian:Strike_Guardian","Guardian:Strike_Guardian","Guardian:Defend_Guardian","Guardian:Defend_Guardian","Guardian:Defend_Guardian","Guardian:Defend_Guardian","Guardian:CurlUp+1","Guardian:TwinSlam+1","Guardian:Suspension+1","Guardian:Incinerate","Guardian:Recover","Guardian:PrismaticBarrier","Guardian:FloatingOrbs","Guardian:TemporalStrike"],"relics":["Guardian:ModeShifter","Gambling Chip","Oddly Smooth Stone","downfall:ShatteredFragment","Juzu Bracelet","Odd Mushroom"],"acts_visited":["Exordium"],"potions_floor_usage":[10,11],"damage_taken":[{"damage":4.0,"enemies":"Small Slimes","floor":2.0,"turns":4.0},{"damage":5,"enemies":"downfall:FleeingMerchant","floor":3,"turns":4},{"damage":8,"enemies":"Jaw Worm","floor":4,"turns":4},{"damage":2,"enemies":"2 Louse","floor":5,"turns":3},{"damage":32,"enemies":"Gremlin Nob","floor":10,"turns":4},{"damage":0,"enemies":"The Mushroom Lair","floor":11,"turns":4},{"damage":0,"enemies":"Large Slime","floor":13,"turns":5},{"damage":0,"enemies":"3 Louse","floor":15,"turns":3},{"damage":57,"enemies":"downfall:Ironclad","floor":16,"turns":13}],"seed_played":"-2300061778945668890","potions_obtained":[{"floor":4,"key":"Energy Potion"},{"floor":5,"key":"Regen Potion"},{"floor":10,"key":"BlessingOfTheForge"},{"floor":11,"key":"SmokeBomb"}],"is_trial":false,"path_per_floor":["R","M","$","M","M","R","T","?","R","E","?","R","M","?","M","B"],"character_chosen":"GUARDIAN","items_purchased":[],"campfire_rested":1,"item_purchase_floors":[],"current_hp_per_floor":[65,61,56,48,46,46,46,22,22,2,2,23,23,23,23,0,0,0],"gold":165,"neow_bonus":"ONE_RARE_RELIC","is_daily":false,"chose_seed":false,"campfire_upgraded":3,"win_rate":0.0,"timestamp":1610689888,"path_taken":["R","M","$","M","M","R","T","?","R","E","?","R","M","?","M","BOSS"],"items_purchased_type":[],"build_version":"2020-12-22","purchased_purges":1,"victory":false,"max_hp_per_floor":[72,72,72,72,72,72,72,72,72,72,72,72,72,72,72,72,72,72],"relic_stats":{"counters":[9,44],"Gambling Chip":[24],"Juzu Bracelet":0,"obtain_stats":[{"downfall:ShatteredFragment":8,"Gambling Chip":0,"Guardian:ModeShifter":0,"Oddly Smooth Stone":7,"Juzu Bracelet":10,"Odd Mushroom":11},{"downfall:ShatteredFragment":4,"Gambling Chip":0,"Guardian:ModeShifter":0,"Oddly Smooth Stone":4,"Juzu Bracelet":5,"Odd Mushroom":6},{"downfall:ShatteredFragment":15,"Gambling Chip":0,"Guardian:ModeShifter":0,"Oddly Smooth Stone":15,"Juzu Bracelet":19,"Odd Mushroom":23}]},"card_choices":[{"not_picked":["Guardian:ShieldSpikes","Guardian:Gem_Green"],"picked":"Guardian:Suspension","floor":2.0},{"not_picked":["Guardian:BronzeOrb","Guardian:Planning"],"picked":"Guardian:Incinerate","floor":3},{"not_picked":["Guardian:Planning","Guardian:Repulse"],"picked":"Guardian:Recover","floor":4},{"not_picked":["Guardian:RollAttack","Guardian:Repulse","Guardian:Suspension"],"picked":"SKIP","floor":5},{"not_picked":["Guardian:ChargeUp","Guardian:VentSteam"],"picked":"Guardian:PrismaticBarrier","floor":10},{"not_picked":["Guardian:Incinerate","Guardian:TemporalShield"],"picked":"Guardian:Gem_Cyan","floor":11},{"not_picked":["Guardian:Gem_Cyan","Guardian:Gem_Purple"],"picked":"Guardian:FloatingOrbs","floor":13},{"not_picked":["Guardian:Emergency","Guardian:WalkerClaw"],"picked":"Guardian:TemporalStrike","floor":15}],"player_experience":3213261,"relics_obtained":[{"floor":7,"key":"Oddly Smooth Stone"},{"floor":10,"key":"Juzu Bracelet"},{"floor":11,"key":"Odd Mushroom"}],"event_choices":[{"damage_healed":0,"gold_gain":0,"player_choice":"Fought Mushrooms","damage_taken":0,"max_hp_gain":0,"max_hp_loss":0,"event_name":"Mushrooms","floor":11,"gold_loss":0},{"cards_removed":["Guardian:Strike_Guardian"],"damage_healed":0,"gold_gain":0,"player_choice":"Card Removal","damage_taken":0,"max_hp_gain":0,"max_hp_loss":0,"event_name":"The Cleric","floor":14,"gold_loss":0}],"is_beta":false,"boss_relics":[],"items_purged_floors":[3],"is_endless":false,"potions_floor_spawned":[4,5,10,11],"killed_by":"downfall:Ironclad","ascension_level":20}}