{"host":"ibonnlq6s1c814xj","time":1610743589,"event":{"mods":["BaseMod","BetterRewards","Minty Spire (QoL Compilation)","Shop Mod","【功能Mod】聪明的最终Boss","【遗物卡牌】REMEMod"],"gold_per_floor":[109,125,125,125,19,54,54,84,84,113,128,128,140,175,175,271,271,282,300,156,156,175,202,212,212,239,239,256,276,305,352,352,553,553,584,25,44,93,115,164,164,203,272,304,52,52,72,109,109,118],"floor_reached":51,"language":"ZHS","playtime":3055,"items_purged":["Strike_R","Strike_R"],"score":1052,"play_id":"f1239ee2-1138-42ce-ba81-61ec5ca2302d","local_time":"20210116044629","is_ascension_mode":true,"campfire_choices":[{"data":"Judgement","floor":7,"key":"SMITH"},{"floor":15,"key":"REST"},{"data":"Brutality","floor":25,"key":"SMITH"},{"floor":32,"key":"REST"},{"data":"Barricade","floor":41,"key":"SMITH"},{"data":"Body Slam","floor":46,"key":"SMITH"},{"data":"Berserk","floor":49,"key":"SMITH"}],"circlet_count":0,"master_deck":["Strike_R","Strike_R","Defend_R","Defend_R","Defend_R+1","Defend_R+1","Bash","Judgement+1","Dropkick","Flex","True Grit","Twin Strike","Flex","Spot Weakness+1","Rupture","Dual Wield+1","Armaments+1","Body Slam+1","Rage+1","Brutality+1","Barricade+1","True Grit+1","Heavy Blade","Body Slam+1","Havoc+1","Havoc+1","Combust+1","Warcry+1","Berserk+1","Flex+1","Infernal Blade+1","Entrench+1","Sentinel+1"],"relics":["Black Blood","REME_ComplimentaryCards","REME_LimitBreaker","PreservedInsect","Torii","Toxic Egg 2","Oddly Smooth Stone","Lantern","HornCleat","REME_PuzzleBoxRelic","Dead Branch","Black Star","Pen Nib","MerchantsRug","White Beast Statue","Omamori","Orichalcum","Strawberry","REME_ArchaeologicalTools","Ice Cream","OrangePellets","Dream Catcher","War Paint","Red Skull","Anchor","Pantograph","REME_CardOfGreed"],"acts_visited":["Exordium","TheCity","TheBeyond"],"potions_floor_usage":[16,21,27,28,28,38,47,50,50],"damage_taken":[{"damage":1,"enemies":"2 Louse","floor":1,"turns":2},{"damage":1,"enemies":"Small Slimes","floor":2,"turns":3},{"damage":33,"enemies":"Lagavulin","floor":6,"turns":8},{"damage":0,"enemies":"Gremlin Nob","floor":8,"turns":2},{"damage":4,"enemies":"Lagavulin","floor":10,"turns":3},{"damage":1,"enemies":"Cultist","floor":11,"turns":3},{"damage":10,"enemies":"Looter","floor":13,"turns":2},{"damage":0,"enemies":"Gremlin Nob","floor":14,"turns":1},{"damage":24,"enemies":"The Guardian","floor":16,"turns":9},{"damage":2,"enemies":"Chosen","floor":18,"turns":6},{"damage":20,"enemies":"Spheric Guardian","floor":19,"turns":4},{"damage":0,"enemies":"Snake Plant","floor":21,"turns":1},{"damage":25,"enemies":"Centurion and Healer","floor":22,"turns":6},{"damage":62,"enemies":"Slavers","floor":23,"turns":5},{"damage":1,"enemies":"Snecko","floor":24,"turns":4},{"damage":4,"enemies":"Cultist and Chosen","floor":28,"turns":4},{"damage":18,"enemies":"Centurion and Healer","floor":29,"turns":5},{"damage":23,"enemies":"Book of Stabbing","floor":30,"turns":5},{"damage":9,"enemies":"Snake Plant","floor":31,"turns":2},{"damage":15,"enemies":"Automaton","floor":33,"turns":4},{"damage":12,"enemies":"3 Shapes","floor":35,"turns":3},{"damage":1,"enemies":"Orb Walker","floor":37,"turns":2},{"damage":33,"enemies":"4 Shapes","floor":38,"turns":4},{"damage":15,"enemies":"Jaw Worm Horde","floor":39,"turns":3},{"damage":39,"enemies":"Reptomancer","floor":40,"turns":4},{"damage":9,"enemies":"Giant Head","floor":42,"turns":5},{"damage":6,"enemies":"3 Darklings","floor":44,"turns":3},{"damage":13,"enemies":"Writhing Mass","floor":47,"turns":3},{"damage":9,"enemies":"Transient","floor":48,"turns":5},{"damage":52,"enemies":"Donu and Deca","floor":50,"turns":6}],"seed_played":"-476198412852011540","potions_obtained":[{"floor":1,"key":"AttackPotion"},{"floor":6,"key":"SmokeBomb"},{"floor":8,"key":"Strength Potion"},{"floor":13,"key":"PowerPotion"},{"floor":16,"key":"Strength Potion"},{"floor":18,"key":"LiquidMemories"},{"floor":24,"key":"LiquidMemories"},{"floor":27,"key":"BloodPotion"},{"floor":27,"key":"Regen Potion"},{"floor":27,"key":"Energy Potion"},{"floor":28,"key":"FairyPotion"},{"floor":29,"key":"SpeedPotion"},{"floor":38,"key":"REME_GoldPotion"},{"floor":39,"key":"BlessingOfTheForge"},{"floor":47,"key":"Fruit Juice"},{"floor":48,"key":"SteroidPotion"}],"is_trial":false,"path_per_floor":["M","M","?","?","$","E","R","E","T","E","M","?","M","E","R","B",null,"M","M","$","M","M","E","M","R","T","?","M","M","E","M","R","B",null,"M","$","M","M","M","E","R","E","T","M","$","R","M","M","R","B",null],"character_chosen":"IRONCLAD","items_purchased":["REME_LimitBreaker","PreservedInsect","True Grit","Spot Weakness+1","Rupture","MerchantsRug","Flex+1","Ice Cream","OrangePellets","REME_CardOfGreed"],"campfire_rested":2,"item_purchase_floors":[0,0,0,5,5,20,36,36,36,45],"current_hp_per_floor":[49,54,54,54,54,27,27,33,33,35,40,40,36,42,66,48,80,80,66,66,72,80,24,29,29,29,45,52,41,31,28,54,45,87,87,87,87,66,63,36,36,39,39,47,47,47,51,57,57,42],"gold":118,"neow_bonus":"","is_daily":false,"chose_seed":false,"campfire_upgraded":5,"win_rate":0.0,"timestamp":1610743589,"path_taken":["M","M","?","?","$","E","R","E","T","E","?","?","M","E","R","BOSS","M","M","$","?","M","E","M","R","T","?","M","M","E","M","R","BOSS","M","$","M","M","M","E","R","E","T","M","$","R","M","M","R","BOSS"],"items_purchased_type":["Relic","Relic","Card","Card","Card","Relic","Card","Relic","Relic","Relic"],"build_version":"2020-12-22","purchased_purges":2,"victory":true,"max_hp_per_floor":[80,80,80,80,80,80,80,80,80,80,80,80,80,80,80,80,80,80,80,80,80,80,80,80,80,80,80,80,80,87,87,87,87,87,87,87,87,87,87,87,87,87,87,89,89,89,94,97,97,97],"card_choices":[{"not_picked":["Fire Breathing","Clothesline"],"picked":"Twin Strike","floor":1},{"not_picked":["Thunderclap","Whirlwind"],"picked":"Flex","floor":2},{"not_picked":["Pommel Strike","Wild Strike","Power Through+1"],"picked":"SKIP","floor":6},{"not_picked":["Sword Boomerang","Pommel Strike"],"picked":"Dual Wield+1","floor":8},{"not_picked":["True Grit+1","REME_Scribble+1"],"picked":"Armaments+1","floor":10},{"not_picked":["Rupture","Havoc+1"],"picked":"Body Slam","floor":11},{"not_picked":["Wild Strike","Anger"],"picked":"Rage+1","floor":13},{"not_picked":["Rampage","Battle Trance+1"],"picked":"Brutality","floor":14},{"not_picked":["Berserk","REME_TheLastStrike"],"picked":"Barricade","floor":16},{"not_picked":["Reckless Charge+1","Anger"],"picked":"True Grit+1","floor":18},{"not_picked":["REME_Scribble+1","Shockwave+1","Dual Wield+1"],"picked":"SKIP","floor":19},{"not_picked":["Warcry+1","True Grit+1"],"picked":"Heavy Blade","floor":22},{"not_picked":["Thunderclap","Shockwave+1"],"picked":"Body Slam+1","floor":23},{"not_picked":["Feel No Pain","Rupture+1"],"picked":"Havoc+1","floor":24},{"not_picked":["Burning Pact+1","Armaments+1","Clothesline"],"picked":"SKIP","floor":28},{"not_picked":["True Grit+1","Reckless Charge"],"picked":"Havoc+1","floor":29},{"not_picked":["Anger+1","Double Tap+1"],"picked":"Combust+1","floor":30},{"not_picked":["Twin Strike","Pummel"],"picked":"Warcry+1","floor":31},{"not_picked":["Limit Break+1","REME_ACTH+1"],"picked":"Berserk","floor":33},{"not_picked":["Sever Soul","Twin Strike","Rupture+1"],"picked":"SKIP","floor":35},{"not_picked":["REME_SingleHolding+1","Sever Soul+1","Perfected Strike"],"picked":"SKIP","floor":37},{"not_picked":["Perfected Strike+1","Cleave+1","Twin Strike"],"picked":"SKIP","floor":38},{"not_picked":["REME_Cut","Intimidate+1"],"picked":"Infernal Blade+1","floor":39},{"not_picked":["Heavy Blade+1","Feed","Disarm+1"],"picked":"SKIP","floor":40},{"not_picked":["REME_TheLastStrike","Hemokinesis"],"picked":"Entrench+1","floor":42},{"not_picked":["Clothesline+1","Second Wind+1"],"picked":"Sentinel+1","floor":44},{"not_picked":["Sword Boomerang+1","Anger+1","Clothesline+1"],"picked":"SKIP","floor":47},{"not_picked":["True Grit+1","Wild Strike","Combust+1"],"picked":"SKIP","floor":48}],"player_experience":245122,"relics_obtained":[{"floor":6,"key":"Oddly Smooth Stone"},{"floor":8,"key":"Lantern"},{"floor":9,"key":"HornCleat"},{"floor":10,"key":"REME_PuzzleBoxRelic"},{"floor":14,"key":"Dead Branch"},{"floor":23,"key":"White Beast Statue"},{"floor":23,"key":"Omamori"},{"floor":26,"key":"Orichalcum"},{"floor":30,"key":"Strawberry"},{"floor":30,"key":"REME_ArchaeologicalTools"},{"floor":40,"key":"Dream Catcher"},{"floor":40,"key":"War Paint"},{"floor":42,"key":"Red Skull"},{"floor":42,"key":"Anchor"},{"floor":43,"key":"Pantograph"}],"event_choices":[{"damage_healed":0,"gold_gain":0,"player_choice":"Box","damage_taken":0,"relics_obtained":["Toxic Egg 2"],"max_hp_gain":0,"max_hp_loss":0,"event_name":"Big Fish","floor":3,"gold_loss":0,"cards_obtained":["Regret"]},{"cards_removed":["Strike_R"],"damage_healed":0,"gold_gain":0,"player_choice":"Purged","damage_taken":0,"max_hp_gain":0,"max_hp_loss":0,"event_name":"Purifier","floor":4,"gold_loss":0},{"cards_removed":["Regret"],"damage_healed":0,"gold_gain":0,"player_choice":"Removed Curses","damage_taken":0,"max_hp_gain":0,"max_hp_loss":0,"event_name":"Fountain of Cleansing","floor":12,"gold_loss":0},{"damage_healed":0,"gold_gain":0,"player_choice":"Got Potions","damage_taken":0,"max_hp_gain":0,"max_hp_loss":0,"event_name":"Lab","floor":27,"gold_loss":0}],"is_beta":false,"boss_relics":[{"not_picked":["Fusion Hammer","SacredBark"],"picked":"Black Star"},{"not_picked":["Velvet Choker","REME_DemonsWealth"],"picked":"Black Blood"}],"items_purged_floors":[36,45],"is_endless":false,"potions_floor_spawned":[1,6,8,13,16,18,19,21,24,28,29,30,31,33,35,37,38,39,40,42,44,47,48],"ascension_level":1}}