{"host":"hnrafgucdht3qvsp","time":1610677707,"event":{"mods":["BaseMod","Bestiary","Colored Map","Minty Spire (QoL Compilation)","Relic Stats","StSLib"],"gold_per_floor":[110,129,129,146,160,160,173,173,198,233,253,286,286,312,312,413,413,423,77,93,93,93,93,128,128,155,172,190,190,260,277,277,379,379,389,405,417,417,417,449,449,138,207,207,219,232,261,274,274,274,274,274,51,79,79],"floor_reached":56,"language":"ENG","playtime":4556,"items_purged":["Beam Cell+1"],"score":1504,"play_id":"02704dbe-f599-4546-9021-af9ad34302b7","local_time":"20210114212827","is_ascension_mode":true,"campfire_choices":[{"data":"Glacier","floor":6.0,"key":"SMITH"},{"data":"Beam Cell","floor":8.0,"key":"SMITH"},{"data":"Barrage","floor":13.0,"key":"SMITH"},{"data":"Fusion","floor":15.0,"key":"SMITH"},{"data":"Meteor Strike","floor":23,"key":"SMITH"},{"data":"Reboot","floor":25,"key":"SMITH"},{"data":"Consume","floor":32,"key":"SMITH"},{"data":"Capacitor","floor":41,"key":"SMITH"},{"data":"Echo Form","floor":44,"key":"SMITH"},{"floor":49,"key":"RECALL"},{"data":"Defragment","floor":52,"key":"SMITH"}],"circlet_count":0,"master_deck":["Strike_B+1","Strike_B+1","Strike_B+1","Defend_B+1","Defend_B+1","Zap+1","Dualcast","Cold Snap+1","Glacier+1","Capacitor+1","Barrage+1","Reboot+1","Fusion+1","Meteor Strike+1","Skim","Coolheaded","Capacitor+1","Amplify","Coolheaded","Consume+1","Echo Form+1","Barrage+1","Defragment+1","Defragment+1","Reinforced Body","Loop+1","Creative AI+1","Skim+1"],"relics":["SlaversCollar","Orichalcum","Bag of Preparation","War Paint","Tiny Chest","Peace Pipe","Snecko Eye","Pocketwatch","Bag of Marbles","Darkstone Periapt","Philosopher\u0027s Stone","Boot","Strawberry","Frozen Egg 2","Whetstone","Orrery","Mango"],"acts_visited":["Exordium","TheCity","TheBeyond","TheEnding"],"potions_floor_usage":[35,45,47,55,55,55],"damage_taken":[{"damage":15.0,"enemies":"Small Slimes","floor":1.0,"turns":4.0},{"damage":0.0,"enemies":"Cultist","floor":2.0,"turns":4.0},{"damage":2.0,"enemies":"2 Louse","floor":4.0,"turns":2.0},{"damage":10.0,"enemies":"2 Fungi Beasts","floor":5.0,"turns":5.0},{"damage":1.0,"enemies":"Exordium Wildlife","floor":7.0,"turns":4.0},{"damage":6.0,"enemies":"3 Sentries","floor":10.0,"turns":11.0},{"damage":12.0,"enemies":"Gremlin Gang","floor":11.0,"turns":5.0},{"damage":0.0,"enemies":"Gremlin Nob","floor":12.0,"turns":4.0},{"damage":0.0,"enemies":"Lagavulin","floor":14.0,"turns":5.0},{"damage":9.0,"enemies":"The Guardian","floor":16.0,"turns":8.0},{"damage":0.0,"enemies":"Spheric Guardian","floor":18.0,"turns":2.0},{"damage":0,"enemies":"Chosen","floor":20,"turns":3},{"damage":9,"enemies":"Slavers","floor":24,"turns":6},{"damage":0,"enemies":"3 Cultists","floor":27,"turns":6},{"damage":13,"enemies":"Centurion and Healer","floor":28,"turns":4},{"damage":0,"enemies":"Chosen and Byrds","floor":31,"turns":5},{"damage":7,"enemies":"Collector","floor":33,"turns":8},{"damage":10,"enemies":"3 Darklings","floor":35,"turns":7},{"damage":1,"enemies":"Orb Walker","floor":36,"turns":3},{"damage":0,"enemies":"Maw","floor":37,"turns":5},{"damage":12,"enemies":"Giant Head","floor":40,"turns":6},{"damage":8,"enemies":"Jaw Worm Horde","floor":45,"turns":5},{"damage":2,"enemies":"Spire Growth","floor":46,"turns":4},{"damage":11,"enemies":"Nemesis","floor":47,"turns":3},{"damage":9,"enemies":"3 Darklings","floor":48,"turns":5},{"damage":0,"enemies":"Awakened One","floor":50,"turns":11},{"damage":26,"enemies":"Shield and Spear","floor":54,"turns":7},{"damage":43,"enemies":"The Heart","floor":55,"turns":8}],"seed_played":"4290332419035959851","potions_obtained":[{"floor":1.0,"key":"Fire Potion"},{"floor":4.0,"key":"Dexterity Potion"},{"floor":10.0,"key":"AttackPotion"},{"floor":18.0,"key":"GamblersBrew"},{"floor":35,"key":"Block Potion"},{"floor":45,"key":"Dexterity Potion"},{"floor":47,"key":"Strength Potion"}],"is_trial":false,"path_per_floor":["M","M","?","M","M","R","M","R","T","E","M","E","R","E","R","B",null,"M","$","M","?","?","R","E","R","T","M","M","?","T","M","R","B",null,"M","M","M","?","?","E","R","$","T","R","M","M","E","M","R","B",null,"R","$","E","B",null],"character_chosen":"DEFECT","items_purchased":["Pocketwatch","Coolheaded","Defragment","Strawberry","Loop+1","Orrery"],"campfire_rested":0,"item_purchase_floors":[19,19,42,42,53,53],"current_hp_per_floor":[60,60,60,58,48,48,47,47,47,41,29,29,29,29,29,20,75,75,75,75,75,75,75,66,66,66,66,53,53,53,53,53,46,75,65,64,64,64,64,52,52,59,59,59,51,49,38,29,29,29,78,78,78,66,23],"gold":79,"neow_bonus":"BOSS_RELIC","is_daily":false,"chose_seed":false,"campfire_upgraded":10,"win_rate":0.0,"timestamp":1610677707,"path_taken":["M","M","?","M","M","R","M","R","T","E","?","E","R","E","R","BOSS","M","$","M","?","?","R","E","R","T","M","M","?","?","M","R","BOSS","M","M","?","?","?","E","R","$","T","R","M","M","E","M","R","BOSS","R","$","E","BOSS"],"items_purchased_type":["Relic","Card","Card","Relic","Card","Relic"],"build_version":"2020-12-22","purchased_purges":1,"victory":true,"max_hp_per_floor":[75,75,75,75,75,75,75,75,75,75,75,75,75,75,75,75,75,75,75,75,75,75,75,75,75,75,75,75,75,75,75,75,75,75,75,75,75,71,71,71,71,78,78,78,78,78,78,78,78,78,78,78,78,92,92],"relic_stats":{"Peace Pipe":0,"Darkstone Periapt":0,"counters":[28,150],"Snecko Eye":[239,248,238,218],"Tiny Chest":1,"Bag of Preparation":[46],"Whetstone":["Cold Snap"],"Orichalcum":[126],"War Paint":["Defend_B","Zap"],"Boot":[9],"obtain_stats":[{"Darkstone Periapt":30,"Mango":54,"Bag of Preparation":9,"Whetstone":47,"Orichalcum":3,"War Paint":10,"Frozen Egg 2":43,"Boot":40,"Peace Pipe":14,"SlaversCollar":0,"Strawberry":42,"Snecko Eye":17,"Orrery":53,"Tiny Chest":12,"Philosopher\u0027s Stone":34,"Bag of Marbles":24,"Cracked Core":0,"Pocketwatch":19},{"Darkstone Periapt":15,"Mango":27,"Bag of Preparation":5,"Whetstone":24,"Orichalcum":2,"War Paint":6,"Frozen Egg 2":21,"Boot":21,"Peace Pipe":9,"SlaversCollar":0,"Strawberry":21,"Snecko Eye":10,"Orrery":26,"Tiny Chest":8,"Philosopher\u0027s Stone":17,"Bag of Marbles":13,"Cracked Core":0,"Pocketwatch":11},{"Darkstone Periapt":73,"Mango":142,"Bag of Preparation":19,"Whetstone":119,"Orichalcum":8,"War Paint":30,"Frozen Egg 2":107,"Boot":107,"Peace Pipe":44,"SlaversCollar":0,"Strawberry":107,"Snecko Eye":52,"Orrery":135,"Tiny Chest":39,"Philosopher\u0027s Stone":86,"Bag of Marbles":63,"Cracked Core":0,"Pocketwatch":54}],"Pocketwatch":[12]},"card_choices":[{"not_picked":["Sunder","Aggregate"],"picked":"Cold Snap","floor":1.0},{"not_picked":["Hologram","Hello World"],"picked":"Consume","floor":2.0},{"not_picked":["Stack","Streamline"],"picked":"Beam Cell","floor":4.0},{"not_picked":["Scrape","Sunder"],"picked":"Glacier","floor":5.0},{"not_picked":["Darkness","Undo","Turbo"],"picked":"SKIP","floor":7.0},{"not_picked":["Sunder","Leap"],"picked":"Capacitor","floor":10.0},{"not_picked":["Stack","Chaos"],"picked":"Barrage","floor":11.0},{"not_picked":["Leap","Sweeping Beam"],"picked":"Reboot","floor":12.0},{"not_picked":["Recycle","Sunder"],"picked":"Fusion","floor":14.0},{"not_picked":["Seek","Rainbow"],"picked":"Meteor Strike","floor":16.0},{"not_picked":["Redo+1","Melter"],"picked":"Skim","floor":18.0},{"not_picked":["Coolheaded","Conserve Battery","Stack"],"picked":"SKIP","floor":20},{"not_picked":["Conserve Battery","Leap+1"],"picked":"Capacitor+1","floor":24},{"not_picked":["Stack+1","Go for the Eyes+1","Redo"],"picked":"SKIP","floor":27},{"not_picked":["Cold Snap","Coolheaded","Stack+1"],"picked":"SKIP","floor":28},{"not_picked":["Self Repair","Redo"],"picked":"Consume","floor":31},{"not_picked":["All For One","Core Surge"],"picked":"Echo Form","floor":33},{"not_picked":["Leap","Coolheaded"],"picked":"Barrage+1","floor":35},{"not_picked":["Lockon+1","Hologram"],"picked":"Defragment+1","floor":36},{"not_picked":["Chaos","Sweeping Beam","Beam Cell"],"picked":"SKIP","floor":37},{"not_picked":["Aggregate","Sweeping Beam","Conserve Battery+1"],"picked":"SKIP","floor":40},{"not_picked":["Hologram+1","Rebound+1","Seek"],"picked":"SKIP","floor":45},{"not_picked":["Steam Power","Barrage+1","Compile Driver"],"picked":"SKIP","floor":46},{"not_picked":["Go for the Eyes","Turbo"],"picked":"Reinforced Body","floor":47},{"not_picked":["Barrage","Steam","Cold Snap"],"picked":"SKIP","floor":48},{"not_picked":["Conserve Battery+1","Self Repair+1"],"picked":"Creative AI+1","floor":53},{"not_picked":["Barrage","Sunder"],"picked":"Skim+1","floor":53},{"not_picked":["Biased Cognition+1","Cold Snap+1","Fusion+1"],"picked":"SKIP","floor":54}],"player_experience":410162,"relics_obtained":[{"floor":9.0,"key":"Bag of Preparation"},{"floor":10.0,"key":"War Paint"},{"floor":12.0,"key":"Tiny Chest"},{"floor":14.0,"key":"Peace Pipe"},{"floor":24,"key":"Bag of Marbles"},{"floor":30,"key":"Darkstone Periapt"},{"floor":40,"key":"Boot"},{"floor":43,"key":"Frozen Egg 2"},{"floor":47,"key":"Whetstone"},{"floor":54,"key":"Mango"}],"event_choices":[{"cards_removed":["Consume"],"damage_healed":0.0,"max_hp_gain":0.0,"max_hp_loss":0.0,"gold_gain":0.0,"event_name":"WeMeetAgain","player_choice":"Gave Card","floor":3.0,"gold_loss":0.0,"damage_taken":0.0,"relics_obtained":["Orichalcum"]},{"damage_healed":0,"gold_gain":0,"player_choice":"Simplicity","damage_taken":0,"max_hp_gain":0,"max_hp_loss":0,"event_name":"Back to Basics","floor":21,"gold_loss":0,"cards_upgraded":["Strike_B","Strike_B","Strike_B","Strike_B","Defend_B","Defend_B","Defend_B"]},{"damage_healed":0,"gold_gain":0,"player_choice":"Ignored","damage_taken":0,"max_hp_gain":0,"max_hp_loss":0,"event_name":"Ghosts","floor":22,"gold_loss":0},{"damage_healed":0,"gold_gain":0,"cards_transformed":["Strike_B","Defend_B"],"player_choice":"Became Test Subject","damage_taken":0,"max_hp_gain":0,"max_hp_loss":0,"event_name":"Drug Dealer","floor":29,"gold_loss":0,"cards_obtained":["Amplify","Coolheaded"]},{"damage_healed":0,"gold_gain":0,"player_choice":"Max HP","damage_taken":0,"max_hp_gain":0,"max_hp_loss":4,"event_name":"Winding Halls","floor":38,"gold_loss":0},{"cards_removed":["Defend_B"],"damage_healed":0,"gold_gain":0,"player_choice":"Removed Skill","damage_taken":0,"max_hp_gain":0,"max_hp_loss":0,"event_name":"Falling","floor":39,"gold_loss":0}],"is_beta":false,"boss_relics":[{"not_picked":["SacredBark","Inserter"],"picked":"Snecko Eye"},{"not_picked":["Fusion Hammer","Coffee Dripper"],"picked":"Philosopher\u0027s Stone"}],"items_purged_floors":[42],"is_endless":false,"potions_floor_spawned":[1,4,10,12,18,20,27,35,45,47,54],"ascension_level":4}}