{"host":"5ty8fyb0ngp9gspj","time":1610712661,"event":{"mods":["2.2 Compatiblity","AchievementEnabler","Act Like it!","BaseMod","Colored Map","Downfall","Minty Spire (QoL Compilation)","Rare Cards Sparkle","Replay The Spire","StSLib","The Wild Card","slay the spire mod where everything is the same but ironclad has a cowboy hat"],"gold_per_floor":[113,113,38,52,52,52,66,95,146,163,163,127,60,60,60,184,184,205,219,219,219,219,219,257,276,300,324,368,391,429,447,447,573,573,597,819,283,301,634,634,634,644,644,677,677,264,278,292,292,292,342,354,366,378,58,83,83,83],"floor_reached":57,"language":"ENG","playtime":1919,"items_purged":["Regret"],"score":784,"play_id":"2b7871cf-cf8a-41a9-95da-7684d1b529ef","local_time":"20210115231101","is_ascension_mode":true,"campfire_choices":[{"data":"Bash","floor":6,"key":"SMITH"},{"data":"Havoc","floor":11,"key":"SMITH"},{"data":"Perfected Strike","floor":23,"key":"SMITH"},{"data":"True Grit","floor":32,"key":"SMITH"},{"data":"Clothesline","floor":40,"key":"SMITH"},{"floor":45,"key":"RECALL"},{"data":"Disarm","floor":54,"key":"SMITH"}],"circlet_count":0,"master_deck":["Strike_R+2","Strike_R+2","Strike_R+1","Strike_R+1","Strike_R+1","Defend_R","Defend_R","Defend_R","Defend_R","Bash+1","Perfected Strike+1","ReplayTheSpireMod:Strike From Hell","ReplayTheSpireMod:Strike From Hell","Spot Weakness","Evolve","Havoc+1","Fire Breathing+1","Shockwave","Double Tap","ReplayTheSpireMod:Strike From Hell","Headbutt+1","Perfected Strike+1","J.A.X.","Pommel Strike","Reckless Charge+1","Shrug It Off","Pommel Strike","Feel No Pain+1","True Grit+1","ReplayTheSpireMod:Strike From Hell+1","Offering","Headbutt+1","Clothesline+1","Inflame","Iron Wave+1","Life Link","Headbutt+1","Uppercut+1","Disarm+1","Perfected Strike","Perfected Strike","Sentinel+1"],"relics":["Burning Blood","Bag of Marbles","Oddly Smooth Stone","Velvet Choker","Orichalcum","Anchor","Simple Rune","Red Mask","ChewingGum","Omamori","White Beast Statue","StrikeDummy","Bird Faced Urn","Replay:Bottled Eggs","ClockworkSouvenir","Ring of Greed","Tiny Chest","MawBank","Ring of Searing","Counterbalance","Replay:Mystery Machine"],"acts_visited":["Exordium","TheCity","TheBeyond","TheEnding"],"potions_floor_usage":[8,16,24,33,33,33,47,52,52,52,57],"damage_taken":[{"damage":0,"enemies":"Small Slimes","floor":1,"turns":3},{"damage":12,"enemies":"Jaw Worm","floor":4,"turns":2},{"damage":2,"enemies":"2 Louse","floor":7,"turns":2},{"damage":35,"enemies":"Lagavulin","floor":8,"turns":4},{"damage":6,"enemies":"Large Slime","floor":10,"turns":3},{"damage":41,"enemies":"The Guardian","floor":16,"turns":10},{"damage":9,"enemies":"Chosen","floor":18,"turns":4},{"damage":0,"enemies":"Spheric Guardian","floor":19,"turns":3},{"damage":22,"enemies":"Book of Stabbing","floor":24,"turns":3},{"damage":6,"enemies":"Snecko","floor":25,"turns":4},{"damage":0,"enemies":"Sentry and Sphere","floor":27,"turns":2},{"damage":20,"enemies":"Gremlin Leader","floor":28,"turns":6},{"damage":4,"enemies":"Shelled Parasite and Fungi","floor":29,"turns":3},{"damage":4,"enemies":"Masked Bandits","floor":30,"turns":3},{"damage":6,"enemies":"3 Cultists","floor":31,"turns":4},{"damage":34,"enemies":"Collector","floor":33,"turns":7},{"damage":18,"enemies":"3 Darklings","floor":35,"turns":6},{"damage":11,"enemies":"Orb Walker","floor":38,"turns":3},{"damage":23,"enemies":"Maw","floor":42,"turns":6},{"damage":34,"enemies":"Giant Head","floor":44,"turns":6},{"damage":2,"enemies":"Writhing Mass","floor":47,"turns":3},{"damage":3,"enemies":"Spire Growth","floor":48,"turns":3},{"damage":44,"enemies":"Replay:Hell Engine","floor":52,"turns":4},{"damage":64,"enemies":"Shield and Spear","floor":56,"turns":4},{"damage":34,"enemies":"The Heart","floor":57,"turns":3}],"seed_played":"6316578706981044130","potions_obtained":[{"floor":7,"key":"PowerPotion"},{"floor":8,"key":"Explosive Potion"},{"floor":19,"key":"AttackPotion"},{"floor":28,"key":"Guardian:BlockOnCardUsePotion"},{"floor":29,"key":"LifebloodPotion"},{"floor":31,"key":"Strength Potion"},{"floor":35,"key":"Elixir"},{"floor":38,"key":"LifebloodPotion"},{"floor":42,"key":"SteroidPotion"},{"floor":44,"key":"Swift Potion"},{"floor":47,"key":"FearPotion"},{"floor":56,"key":"Doom Potion"}],"is_trial":false,"path_per_floor":["M","?","$","M","?","R","M","E","T","M","R","$","$","?","R_BF","B",null,"M","M","?","?","?","R","E","M","T","M","E","M","?","M","R","B",null,"M","?","$","M","?","R","?","M","T","E","R","$","M","M","PTL","PTL","R_BF","B",null,"R","$","E","B"],"character_chosen":"IRONCLAD","items_purchased":["Fire Breathing","Shockwave","Omamori","Clothesline","Inflame","White Beast Statue","Replay:Bottled Eggs","ClockworkSouvenir","Counterbalance","Perfected Strike"],"campfire_rested":0,"item_purchase_floors":[12,13,37,37,37,37,46,46,55,55],"current_hp_per_floor":[80,80,80,74,74,74,78,49,49,49,49,49,49,29,53,18,80,77,80,80,80,80,80,64,64,64,70,56,58,60,60,60,32,80,68,68,68,63,63,63,80,63,63,35,35,35,43,52,52,52,52,20,80,80,80,24,0,0],"gold":83,"neow_bonus":"THREE_CARDS","is_daily":false,"chose_seed":false,"campfire_upgraded":6,"win_rate":0.0,"timestamp":1610712661,"path_taken":["M","?","$","M","?","R","M","E","T","M","R","?","$","?","R_BF","BOSS","M","M","?","?","?","R","E","M","T","M","E","M","?","M","R","BOSS","M","?","$","M","?","R","?","M","T","E","R","?","M","?","PTL","PTL","R_BF","BOSS","R","$","E","BOSS"],"items_purchased_type":["Card","Card","Relic","Card","Card","Relic","Relic","Relic","Relic","Card"],"build_version":"2020-12-22","purchased_purges":1,"victory":false,"max_hp_per_floor":[80,80,80,80,80,80,80,80,80,80,80,80,80,80,80,80,80,80,80,80,80,80,80,80,80,80,80,80,80,80,80,80,80,80,80,80,80,80,80,80,80,80,80,80,80,80,80,80,80,80,80,80,80,80,80,80,80,80],"card_choices":[{"not_picked":["Twin Strike","Shrug It Off"],"picked":"Perfected Strike","floor":0},{"not_picked":["Armaments","Rampage"],"picked":"ReplayTheSpireMod:Strike From Hell","floor":1},{"not_picked":["Defy Death","Sword Boomerang"],"picked":"ReplayTheSpireMod:Strike From Hell","floor":4},{"not_picked":["Pummel","Life Link"],"picked":"Spot Weakness","floor":7},{"not_picked":["Replay:Undeath\u0027s Touch","ReplayTheSpireMod:Strike From Hell"],"picked":"Evolve","floor":8},{"not_picked":["Armaments","Rampage"],"picked":"Havoc","floor":10},{"not_picked":["Barricade","Eclipse"],"picked":"Double Tap","floor":16},{"not_picked":["Entrench","Replay:Undeath\u0027s Touch"],"picked":"ReplayTheSpireMod:Strike From Hell","floor":18},{"not_picked":["Flex","Fire Breathing"],"picked":"Headbutt+1","floor":19},{"not_picked":["Wild Strike","Feed"],"picked":"Pommel Strike","floor":24},{"not_picked":["Seeing Red","Flex"],"picked":"Reckless Charge+1","floor":25},{"not_picked":["Sword Boomerang","Iron Wave"],"picked":"Shrug It Off","floor":27},{"not_picked":["Corruption","ReplayTheSpireMod:Muscle Training"],"picked":"Pommel Strike","floor":28},{"not_picked":["Run Through+1","Abandon+1"],"picked":"Feel No Pain+1","floor":29},{"not_picked":["Heavy Blade","Iron Wave"],"picked":"True Grit","floor":30},{"not_picked":["Searing Blow","Spot Weakness"],"picked":"ReplayTheSpireMod:Strike From Hell+1","floor":31},{"not_picked":["Berserk","Barricade"],"picked":"Offering","floor":33},{"not_picked":["Flex+1","Blood for Blood+1"],"picked":"Headbutt+1","floor":35},{"not_picked":["Spot Weakness","Warcry"],"picked":"Iron Wave+1","floor":38},{"not_picked":["Sword Boomerang","ReplayTheSpireMod:Strike From Hell"],"picked":"Life Link","floor":42},{"not_picked":["Inflame","Spot Weakness+1"],"picked":"Headbutt+1","floor":44},{"not_picked":["Run Through+1","ReplayTheSpireMod:Strike From Hell"],"picked":"Uppercut+1","floor":47},{"not_picked":["Shrug It Off","Warcry"],"picked":"Disarm","floor":48},{"not_picked":["Clash+1","Seeing Red+1"],"picked":"Sentinel+1","floor":56}],"player_experience":376662,"relics_obtained":[{"floor":8,"key":"Oddly Smooth Stone"},{"floor":24,"key":"Orichalcum"},{"floor":26,"key":"Anchor"},{"floor":28,"key":"Simple Rune"},{"floor":30,"key":"Red Mask"},{"floor":43,"key":"StrikeDummy"},{"floor":44,"key":"Bird Faced Urn"},{"floor":51,"key":"Ring of Greed"},{"floor":51,"key":"Tiny Chest"},{"floor":51,"key":"MawBank"},{"floor":51,"key":"Ring of Searing"},{"floor":56,"key":"Replay:Mystery Machine"}],"event_choices":[{"damage_healed":0,"gold_gain":0,"player_choice":"Box","damage_taken":0,"relics_obtained":["Bag of Marbles"],"max_hp_gain":0,"max_hp_loss":0,"event_name":"Big Fish","floor":2,"gold_loss":0,"cards_obtained":["Regret"]},{"damage_healed":0,"gold_gain":0,"player_choice":"Grow","damage_taken":0,"max_hp_gain":0,"max_hp_loss":0,"event_name":"Living Wall","floor":5,"gold_loss":0,"cards_upgraded":["Perfected Strike"]},{"damage_healed":0,"gold_gain":0,"player_choice":"Take Damage","damage_taken":20,"relics_obtained":["Golden Idol"],"max_hp_gain":0,"max_hp_loss":0,"event_name":"Golden Idol","floor":14,"gold_loss":0},{"damage_healed":0,"gold_gain":0,"player_choice":"Read","damage_taken":0,"max_hp_gain":0,"max_hp_loss":0,"event_name":"The Library","floor":20,"gold_loss":0,"cards_obtained":["Perfected Strike"]},{"damage_healed":0,"gold_gain":0,"player_choice":"Obtain J.A.X.","damage_taken":0,"max_hp_gain":0,"max_hp_loss":0,"event_name":"Drug Dealer","floor":21,"gold_loss":0,"cards_obtained":["J.A.X."]},{"damage_healed":0,"gold_gain":0,"player_choice":"Ignored","damage_taken":0,"max_hp_gain":0,"max_hp_loss":0,"event_name":"Ghosts","floor":22,"gold_loss":0},{"damage_healed":0,"gold_gain":0,"player_choice":"Fought Bandits","damage_taken":0,"max_hp_gain":0,"max_hp_loss":0,"event_name":"Masked Bandits","floor":30,"gold_loss":0},{"damage_healed":0,"gold_gain":222,"player_choice":"Wore Mask","damage_taken":0,"max_hp_gain":0,"max_hp_loss":0,"event_name":"Tomb of Lord Red Mask","floor":36,"gold_loss":0},{"damage_healed":0,"gold_gain":333,"player_choice":"Gave Idol","damage_taken":0,"max_hp_gain":0,"max_hp_loss":0,"event_name":"The Moai Head","floor":39,"relics_lost":["Golden Idol"],"gold_loss":0},{"damage_healed":20,"gold_gain":0,"player_choice":"Writhe","damage_taken":0,"max_hp_gain":0,"max_hp_loss":0,"event_name":"Winding Halls","floor":41,"gold_loss":0,"cards_obtained":["Writhe"]}],"is_beta":false,"boss_relics":[{"not_picked":["Pandora\u0027s Box","Replay:Wanted Poster"],"picked":"Velvet Choker"},{"not_picked":["SlaversCollar","Fusion Hammer"],"picked":"ChewingGum"}],"items_purged_floors":[3],"is_endless":false,"potions_floor_spawned":[7,8,19,28,29,31,35,38,42,44,47,48,56],"killed_by":"The Heart","ascension_level":4}}