{"host":"60l258qxpyrtzhoo","time":1610671601,"event":{"mods":["AchievementEnabler","Act Like it!","Arknights The Spire","Bard","BaseMod","Bestiary","BetterRewards","ChefMod","Colored Map","Colored Powertips","Custom Start","Decade(???)","Downfall","Duelist Mod","Gensokyo","Googly Eyes","Gremlin Mod","GungeonMod","Hermit","Hubris","Infinite Spire","Jorbs\u0027s Wanderer Trilogy","Koishi","Marisa????????","Minty Spire (QoL Compilation)","Quick Restart","Reimu??????","Remilia??????","Remove Card Discount Mod","Replay The Spire","Shade Mod","Shop Mod","Somnambulant","Spicy Shops","StSLib","Synergy Search","The Bug Knight","The Construct","The Cursed","The Death Knight","The Disciple","The Forsaken","The Gatherer","The Hierophant","The Kombatant","The Mystic","The Necromancer","The Poker Player","The Runesmith","The Sage","The Servant 0.9.4","The Valiant","TheBandit","UnlockEverythingMod","vexMod"],"gold_per_floor":[69,80,99,109,109,144,104,117,143,163,163,183,183,193,193,288,288,299,314,314,325,343,370,370,400,452,470,483,77,77,94,94,189,189,199,217,227,243,243,243],"floor_reached":39,"language":"ENG","playtime":6157,"items_purged":["Strike_Valiant+1","Strike_Valiant+1","Defend_Valiant+1"],"score":508,"play_id":"f991cf67-53d8-485b-b3b9-9f7e383f5bf5","local_time":"20210115014641","is_ascension_mode":false,"campfire_choices":[{"data":"Quickstep","floor":11.0,"key":"SMITH"},{"data":"UnyieldingZeal","floor":15.0,"key":"SMITH"},{"data":"EmpoweringForce","floor":24.0,"key":"SMITH"},{"floor":32.0,"key":"REST"}],"circlet_count":1,"master_deck":["Strike_Valiant+1","Strike_Valiant+1","Strike_Valiant+1","Defend_Valiant+1","Defend_Valiant+1","Defend_Valiant+1","BlindingLight+1","MinorHealing+1","MinorHealing+1","UnyieldingZeal+1","SeekAnswers+1","Decimate+1","FlashOfAnger+1","FlashOfAnger+1","TakeAim+1","Zen+1","Quickstep+1","HolyFury+1","CombatDance+1","Meaballize+1","DivineFavor+1","EmpoweringForce+1","ArcaneHealing+1","QuickSiphon","ArcaneHealing+1","DeadlyPlay+1","PiercingStab+1","TempoMaster+1","Radiance+1","GracefulSiphon+1","UnyieldingZeal+1","BraceThePain+1"],"relics":["Cross Pendant","Replay:Wax Seal","Anchor","PaintedHorse:ReiMu","Mark of Pain","Circlet","TungstenRod","TungstenRod","vexMod:ImprovementManual","vexMod:ImprovementManual","vexMod:ImprovementManual","vexMod:ImprovementManual","PreservedInsect","Boot","infinitespire:Lucky Rock","Omamori","Golden Egg","vexMod:BigBerry"],"acts_visited":["Exordium","TheCity","TheBeyond"],"potions_floor_usage":[],"damage_taken":[{"damage":1.0,"enemies":"Jaw Worm","floor":1.0,"turns":5.0},{"damage":8.0,"enemies":"Small Slimes","floor":2.0,"turns":5.0},{"damage":3.0,"enemies":"Cultist","floor":3.0,"turns":5.0},{"damage":0.0,"enemies":"3 Louse","floor":4.0,"turns":4.0},{"damage":8.0,"enemies":"Replay:BlueRogue","floor":6.0,"turns":9.0},{"damage":2.0,"enemies":"Blue Slaver","floor":8.0,"turns":4.0},{"damage":11.0,"enemies":"Exordium Wildlife","floor":10.0,"turns":4.0},{"damage":4.0,"enemies":"Looter","floor":12.0,"turns":3.0},{"damage":6.0,"enemies":"2 Fungi Beasts","floor":14.0,"turns":3.0},{"damage":60.0,"enemies":"Slime Boss","floor":16.0,"turns":20.0},{"damage":2.0,"enemies":"3 Byrds","floor":18.0,"turns":8.0},{"damage":2.0,"enemies":"Chosen","floor":19.0,"turns":5.0},{"damage":26.0,"enemies":"Sentry and Sphere","floor":21.0,"turns":7.0},{"damage":2.0,"enemies":"Centurion and Healer","floor":22.0,"turns":6.0},{"damage":6.0,"enemies":"HollowMod:Nosk","floor":23.0,"turns":17.0},{"damage":30.0,"enemies":"Nightmare","floor":25.0,"turns":10.0},{"damage":84.0,"enemies":"Snake Plant","floor":27.0,"turns":1.0},{"damage":34.0,"enemies":"Chosen and Byrds","floor":28.0,"turns":11.0},{"damage":29.0,"enemies":"Cultist and Chosen","floor":31.0,"turns":7.0},{"damage":144.0,"enemies":"Champ","floor":33.0,"turns":22.0},{"damage":1.0,"enemies":"Orb Walker","floor":35.0,"turns":3.0},{"damage":8.0,"enemies":"3 Shapes","floor":36.0,"turns":3.0},{"damage":22.0,"enemies":"Writhing Mass","floor":37.0,"turns":7.0},{"damage":49.0,"enemies":"Transient","floor":38.0,"turns":5.0},{"damage":109,"enemies":"Jaw Worm Horde","floor":39,"turns":5}],"seed_played":"8940350849435346104","potions_obtained":[{"floor":3.0,"key":"Energy Potion"},{"floor":4.0,"key":"LifebloodPotion"},{"floor":6.0,"key":"BlessingOfTheForge"},{"floor":16.0,"key":"FearPotion"},{"floor":25.0,"key":"Elixir"},{"floor":31.0,"key":"DistilledChaos"},{"floor":33.0,"key":"FearPotion"},{"floor":36.0,"key":"Swift Potion"},{"floor":37.0,"key":"Flashbang"}],"is_trial":false,"path_per_floor":["M","M","M","M","?","E","?","M","T","M","R","M","?","M","R","B",null,"M","M","?","M","M","E","R","NM","T","M","M","$","?","M","R","B",null,"M","M","M","M","M"],"character_chosen":"TheValiant","items_purchased":["Omamori","Golden Egg"],"campfire_rested":1,"item_purchase_floors":[29,29],"current_hp_per_floor":[109,110,107,110,110,110,110,108,108,97,97,105,105,99,99,53,110,108,110,110,106,110,109,109,108,108,24,37,37,37,66,99,11,140,140,132,134,103,0,0],"gold":243,"neow_bonus":"TEN_PERCENT_HP_BONUS","is_daily":false,"chose_seed":false,"campfire_upgraded":3,"win_rate":0.0,"timestamp":1610671601,"path_taken":["M","M","M","M","?","E","?","M","T","M","R","M","?","M","R","BOSS","M","M","?","M","M","E","R","NM","T","M","M","?","?","M","R","BOSS","M","M","M","M","M"],"items_purchased_type":["Relic","Relic"],"build_version":"2020-12-22","purchased_purges":3,"victory":false,"max_hp_per_floor":[110,110,110,110,110,110,110,110,110,110,110,110,110,110,110,110,110,110,110,110,110,110,110,110,110,110,110,110,110,110,110,110,110,140,140,140,140,140,140,140],"card_choices":[{"not_picked":["SeekAnswers","Sharpen"],"picked":"UnyieldingZeal","floor":1.0},{"not_picked":["RecklessSmite","FuriousSmite"],"picked":"SeekAnswers","floor":2.0},{"not_picked":["RecklessSmite","ItsSmitingTime"],"picked":"Decimate","floor":3.0},{"not_picked":["ArcaneHealing","TearSoul"],"picked":"FlashOfAnger","floor":4.0},{"not_picked":["MightBracer","DangerousSmash"],"picked":"TakeAim","floor":6.0},{"not_picked":["ToweringCharge","MercilessSmite"],"picked":"Zen","floor":8.0},{"not_picked":["Tantrum","DeadlyPlay"],"picked":"Quickstep","floor":10.0},{"not_picked":["DualSpirit","GracefulSiphon"],"picked":"HolyFury","floor":12.0},{"not_picked":["ZealousPersecution","HolyLight"],"picked":"CombatDance","floor":14.0},{"not_picked":["Uprising","HolyFury"],"picked":"Meaballize+1","floor":18.0},{"not_picked":["PiercingStab","Quickstep"],"picked":"DivineFavor","floor":19.0},{"not_picked":["InsightfulPrayer","RecklessSmite"],"picked":"EmpoweringForce","floor":21.0},{"not_picked":["ZealousPersecution","CombatDance","Sharpen"],"picked":"SKIP","floor":22.0},{"not_picked":["Decimate","EmpoweringForce","ItsSmitingTime"],"picked":"SKIP","floor":23.0},{"not_picked":["Decimate","EmpoweringForce","ItsSmitingTime"],"picked":"SKIP","floor":23.0},{"not_picked":["QuickSiphon","ArcaneHealing","InsightfulPrayer"],"picked":"SKIP","floor":25.0},{"not_picked":["QuickSiphon","ArcaneHealing","InsightfulPrayer"],"picked":"SKIP","floor":25.0},{"not_picked":["Meaballize","FlashOfAnger"],"picked":"QuickSiphon","floor":27.0},{"not_picked":["CombatStance","ArcaneHealing","SoulStrain"],"picked":"SKIP","floor":28.0},{"not_picked":["PiercingStab","HolyFury"],"picked":"DeadlyPlay","floor":31.0},{"not_picked":["Overburn","Execution"],"picked":"TempoMaster","floor":33.0},{"not_picked":["GracefulSiphon","ItsSmitingTime+1"],"picked":"Radiance+1","floor":35.0},{"not_picked":["HolyFury","Meaballize"],"picked":"GracefulSiphon+1","floor":36.0},{"not_picked":["Decimate+1","ItsSmitingTime+1"],"picked":"UnyieldingZeal+1","floor":37.0},{"not_picked":["ZealousPersecution","QuickSiphon"],"picked":"BraceThePain+1","floor":38.0}],"player_experience":26467,"relics_obtained":[{"floor":6.0,"key":"Replay:Wax Seal"},{"floor":23.0,"key":"PreservedInsect"},{"floor":25.0,"key":"Boot"},{"floor":26.0,"key":"infinitespire:Lucky Rock"}],"event_choices":[{"damage_healed":0.0,"max_hp_gain":0.0,"max_hp_loss":0.0,"gold_gain":0.0,"event_name":"yidonshenshe","player_choice":"Donate","floor":7.0,"gold_loss":40.0,"damage_taken":0.0,"relics_obtained":["PaintedHorse:ReiMu"]},{"damage_healed":0.0,"max_hp_gain":0.0,"max_hp_loss":0.0,"gold_gain":0.0,"event_name":"Upgrade Shrine","player_choice":"Upgraded","floor":20.0,"gold_loss":0.0,"damage_taken":0.0,"cards_upgraded":["DivineFavor"]}],"is_beta":false,"boss_relics":[{"not_picked":["vexMod:FluxCapacitor","Honey Jar"],"picked":"vexMod:ImprovementManual"},{"not_picked":["Snecko Eye","infinitespire:Cupcake"],"picked":"vexMod:BigBerry"}],"items_purged_floors":[29,29,29],"is_endless":false,"potions_floor_spawned":[3,4,6,8,16,19,23,25,31,33,36,37],"killed_by":"Jaw Worm Horde","ascension_level":0}}