{"host":"mdbnki27vzqujy5q","time":1610691915,"event":{"mods":["BaseMod","Better Note","Better Skull","Colored Map","Colored Powertips","DeckTracker","Highlight Path","Minty Spire (QoL Compilation)","Quick Restart","Rare Cards Sparkle","StSLib"],"gold_per_floor":[112,112,112,112,1,1,35,58,82,100,100,0,15,15,15,146,146,164,38,38,38,58,58,58,58,129,129,129,129,30,55,55,55,55],"floor_reached":33,"language":"ENG","playtime":1298,"items_purged":["Defend_P","Defend_P"],"score":321,"play_id":"1a403ef4-b807-4d9c-b807-7cccc58c0072","local_time":"20210114222515","is_ascension_mode":true,"campfire_choices":[{"data":"Adaptation","floor":6,"key":"SMITH"},{"floor":15,"key":"REST"},{"floor":24,"key":"RECALL"},{"data":"Tantrum","floor":27,"key":"SMITH"},{"data":"SandsOfTime","floor":32,"key":"SMITH"}],"circlet_count":0,"master_deck":["Strike_P","Strike_P+1","Defend_P","Defend_P","Eruption+1","Vigilance","InnerPeace+1","Adaptation+1","Evaluate","Tantrum+1","Consecrate+1","Wish+1","LessonLearned","CutThroughFate+1","Halt","EmptyBody+1","BowlingBash","Streamline","Swivel+1","SandsOfTime+1"],"relics":["PureWater","NeowsBlessing","Golden Idol","Omamori","Coffee Dripper","Shuriken"],"acts_visited":["Exordium","TheCity"],"potions_floor_usage":[20,23,29,31,31,33],"damage_taken":[{"damage":0,"enemies":"2 Louse","floor":1,"turns":1},{"damage":0,"enemies":"3 Sentries","floor":7,"turns":2},{"damage":0,"enemies":"Jaw Worm","floor":8,"turns":1},{"damage":0,"enemies":"Cultist","floor":10,"turns":2},{"damage":7,"enemies":"Lots of Slimes","floor":13,"turns":3},{"damage":3,"enemies":"Slime Boss","floor":16,"turns":5},{"damage":23,"enemies":"2 Thieves","floor":18,"turns":3},{"damage":3,"enemies":"3 Byrds","floor":20,"turns":4},{"damage":18,"enemies":"Shelled Parasite and Fungi","floor":22,"turns":3},{"damage":10,"enemies":"Book of Stabbing","floor":23,"turns":5},{"damage":11,"enemies":"Slavers","floor":29,"turns":2},{"damage":8,"enemies":"Snake Plant","floor":31,"turns":4},{"damage":23,"enemies":"Automaton","floor":33,"turns":4}],"seed_played":"3911454558450699933","potions_obtained":[{"floor":7,"key":"Ambrosia"},{"floor":10,"key":"LiquidBronze"},{"floor":16,"key":"Ambrosia"},{"floor":18,"key":"GamblersBrew"},{"floor":31,"key":"PowerPotion"}],"is_trial":false,"path_per_floor":["M","?","?","?","$","R","E","M","T","M","?","$","M","?","R","B",null,"M","$","M","?","M","E","R","?","T","R","?","E","$","M","R","B"],"character_chosen":"WATCHER","items_purchased":["Adaptation","Halt","EmptyBody","BowlingBash","SkillPotion","SkillPotion"],"campfire_rested":1,"item_purchase_floors":[5,19,19,19,30,30],"current_hp_per_floor":[72,54,59,44,44,44,44,44,44,44,37,37,30,30,53,50,77,54,54,51,51,33,23,23,23,23,23,23,12,12,4,4,0,0],"gold":55,"neow_bonus":"THREE_ENEMY_KILL","is_daily":false,"chose_seed":false,"campfire_upgraded":3,"win_rate":0.0,"timestamp":1610691915,"path_taken":["M","?","?","?","?","R","E","M","T","?","?","$","M","?","R","BOSS","M","?","?","?","M","E","R","?","T","R","?","E","?","M","R","BOSS"],"items_purchased_type":["Card","Card","Card","Card","Potion","Potion"],"build_version":"2020-12-22","purchased_purges":2,"victory":false,"max_hp_per_floor":[72,72,77,77,77,77,77,77,77,77,77,77,77,77,77,77,77,77,77,77,77,77,77,77,77,77,77,77,77,77,77,77,77,77],"card_choices":[{"not_picked":["SashWhip","BattleHymn"],"picked":"InnerPeace","floor":1},{"not_picked":["CarveReality","Omniscience"],"picked":"Evaluate","floor":7},{"not_picked":["JustLucky","Protect"],"picked":"Tantrum","floor":8},{"not_picked":["ClearTheMind","CrushJoints"],"picked":"Consecrate","floor":10},{"not_picked":["FlyingSleeves","ThirdEye"],"picked":"Wish","floor":13},{"not_picked":["Blasphemy","SpiritShield"],"picked":"LessonLearned","floor":16},{"not_picked":["Crescendo","Meditate"],"picked":"CutThroughFate+1","floor":18},{"not_picked":["Worship","FlurryOfBlows+1","Perseverance"],"picked":"SKIP","floor":20},{"not_picked":["Perseverance","CutThroughFate"],"picked":"Swivel+1","floor":22},{"not_picked":["FollowUp","Pray","EmptyBody+1"],"picked":"SKIP","floor":23},{"not_picked":["Fasting2","WheelKick","Halt+1"],"picked":"SKIP","floor":29},{"not_picked":["FollowUp","Crescendo"],"picked":"SandsOfTime","floor":31}],"player_experience":86510,"relics_obtained":[{"floor":7,"key":"Omamori"},{"floor":26,"key":"Shuriken"}],"event_choices":[{"damage_healed":0,"gold_gain":0,"player_choice":"Take Damage","damage_taken":18,"relics_obtained":["Golden Idol"],"max_hp_gain":0,"max_hp_loss":0,"event_name":"Golden Idol","floor":2,"gold_loss":0},{"damage_healed":0,"gold_gain":0,"player_choice":"Donut","damage_taken":0,"max_hp_gain":5,"max_hp_loss":0,"event_name":"Big Fish","floor":3,"gold_loss":0},{"damage_healed":0,"gold_gain":0,"player_choice":"Entered Light","damage_taken":15,"max_hp_gain":0,"max_hp_loss":0,"event_name":"Shining Light","floor":4,"gold_loss":0,"cards_upgraded":["Strike_P","Eruption"]},{"cards_removed":["Strike_P"],"damage_healed":0,"gold_gain":0,"player_choice":"Card Removal","damage_taken":7,"max_hp_gain":0,"max_hp_loss":0,"event_name":"Golden Wing","floor":11,"gold_loss":0},{"cards_removed":["Strike_P"],"damage_healed":0,"gold_gain":0,"player_choice":"Purged","damage_taken":0,"max_hp_gain":0,"max_hp_loss":0,"event_name":"Purifier","floor":14,"gold_loss":0},{"cards_removed":["LessonLearned"],"damage_healed":0,"gold_gain":0,"player_choice":"Take \u0026 Give","damage_taken":0,"max_hp_gain":0,"max_hp_loss":0,"event_name":"betterNote:BetterNote","floor":21,"gold_loss":0,"cards_obtained":["Streamline"]},{"damage_healed":0,"gold_gain":0,"player_choice":"Ignored","damage_taken":0,"max_hp_gain":0,"max_hp_loss":0,"event_name":"Ghosts","floor":25,"gold_loss":0},{"damage_healed":0,"gold_gain":0,"player_choice":"Ignored","damage_taken":0,"max_hp_gain":0,"max_hp_loss":0,"event_name":"Cursed Tome","floor":28,"gold_loss":0}],"is_beta":false,"boss_relics":[{"not_picked":["Runic Pyramid","Empty Cage"],"picked":"Coffee Dripper"}],"items_purged_floors":[5,12],"is_endless":false,"potions_floor_spawned":[7,10,16,18,20,31],"killed_by":"Automaton","ascension_level":1}}