{"host":"qr1bwouox9un7py1","time":1610713457,"event":{"mods":["2.2 Compatiblity","AchievementEnabler","BaseMod","Colored Map","Colored Powertips","GifTheSpireLib","Highlight Path","Infinite Spire","Lobotomy","LobotomyExtend","Minty Spire (QoL Compilation)","Quick Restart","Shop Mod","StSLib","Unceasing Turn Reminder"],"gold_per_floor":[117,130,145,145,161,161,188,240,267,367,385,420,440,459,459,560,560,575,590,600,600,600,600,64,94,168,168,181,200,229,243,243,347,347,364,118,130,142,142,170,180,180,180,197,247,262,273,285,285,285,285],"floor_reached":52,"language":"ENG","playtime":4502,"items_purged":["Normality"],"score":867,"play_id":"62e43f91-f81a-4907-a110-dd7326646e18","local_time":"20210115232417","is_ascension_mode":false,"campfire_choices":[],"circlet_count":0,"master_deck":["CENSORED","LongBird","SpecialBullet","SpecialBullet","SpecialBullet","SpecialBullet","SpecialBullet","SpecialBullet","SpecialBullet","SpecialBullet","SecurityCode","InformationCode","ExtractionCode","WallGazer","FourthMatchFlame","MeatLantern","RedEyes+1","GrinderMk4","OSAHOGD","Lamp+2","BlackSwan","RedEyes+1","UniverseFragment","MHz","BlackSwan_ego","CherryBlossom","OldLady","Beak","Harvest","CrimsonScar","CrumblingArmor","TrainingCode","GoldRush","GreedKing","Justitia","SingingMachine","Moonlight","NakedNest","GreenStem+1","FieryBird","FeatherOfHonor+1","Ecstasy","Wellcheers","DaCapo","infinitespire:UltimateForm+1","Bloodbath","Logging+1","Christmas","RecordCode","Penitence","PunishingBird","Justitia+1","Rudolta","Heaven+1","Justitia+1","ShyLook","Beak+1","Gaze+1","Logging+1","Moonlight+1","Regret","Lamp+1","WristCuter+1","Horn+1","RedEyes+1","CherryBlossom","Beak+1","WristCuter+1","BloodyDesire+1","WristCuter+1"],"relics":["CogitoBucket","NeowsBlessing","LetterFromLob","infinitespire:FocusingShard","Pen Nib","Strawberry","SkinProphecy","War Paint","Cursed Key","MutagenicStrength","Vajra","Incense Burner","Art of War","Molten Egg 2","HornCleat","LuminousBracelet","AtMidnight","White Beast Statue","Coffee Dripper","Toxic Egg 2","Prayer Wheel","HonorFeather","Moonlight_r","Heaven_r","The Courier","CaptainsWheel","Justitia_r","CENSORED_r"],"acts_visited":["Exordium","TheCity","TheBeyond"],"potions_floor_usage":[18,18,18,24,42],"damage_taken":[{"damage":0.0,"enemies":"2 Louse","floor":1.0,"turns":1.0},{"damage":0.0,"enemies":"Jaw Worm","floor":2.0,"turns":1.0},{"damage":0.0,"enemies":"Cultist","floor":3.0,"turns":1.0},{"damage":20.0,"enemies":"Blue Slaver","floor":5.0,"turns":4.0},{"damage":28.0,"enemies":"Lagavulin","floor":7.0,"turns":5.0},{"damage":17.0,"enemies":"Exordium Wildlife","floor":11.0,"turns":4.0},{"damage":21.0,"enemies":"Gremlin Nob","floor":12.0,"turns":5.0},{"damage":20.0,"enemies":"Large Slime","floor":13.0,"turns":5.0},{"damage":3.0,"enemies":"Exordium Thugs","floor":14.0,"turns":4.0},{"damage":33.0,"enemies":"Hexaghost","floor":16.0,"turns":7.0},{"damage":34,"enemies":"3 Byrds","floor":18,"turns":3},{"damage":7,"enemies":"Chosen","floor":19,"turns":2},{"damage":11,"enemies":"Snecko","floor":20,"turns":3},{"damage":36,"enemies":"Nightmare","floor":25,"turns":5},{"damage":0,"enemies":"Sentry and Sphere","floor":28,"turns":3},{"damage":18,"enemies":"Shelled Parasite and Fungi","floor":29,"turns":11},{"damage":34,"enemies":"Book of Stabbing","floor":30,"turns":6},{"damage":16,"enemies":"Snake Plant","floor":31,"turns":2},{"damage":95,"enemies":"Collector","floor":33,"turns":14},{"damage":0,"enemies":"3 Darklings","floor":35,"turns":1},{"damage":4,"enemies":"Orb Walker","floor":37,"turns":1},{"damage":21,"enemies":"4 Shapes","floor":38,"turns":2},{"damage":106,"enemies":"Nemesis","floor":40,"turns":9},{"damage":34,"enemies":"3 Darklings","floor":41,"turns":3},{"damage":55,"enemies":"Giant Head","floor":42,"turns":3},{"damage":0,"enemies":"Giant Head","floor":42,"turns":1},{"damage":0,"enemies":"Sphere and 2 Shapes","floor":44,"turns":1},{"damage":0,"enemies":"Mind Bloom Boss Battle","floor":45,"turns":2},{"damage":56,"enemies":"Spire Growth","floor":46,"turns":6},{"damage":0,"enemies":"3 Darklings","floor":47,"turns":2},{"damage":0,"enemies":"4 Shapes","floor":48,"turns":1},{"damage":40,"enemies":"infinitespire:MassOfShapes","floor":50,"turns":11}],"seed_played":"-6088133159873582675","potions_obtained":[{"floor":1.0,"key":"EntropicBrew"},{"floor":7.0,"key":"PowerPotion"},{"floor":11.0,"key":"Weak Potion"},{"floor":14.0,"key":"Fire Potion"},{"floor":18,"key":"Strength Potion"},{"floor":33,"key":"DuplicationPotion"},{"floor":44,"key":"Block Potion"}],"is_trial":false,"path_per_floor":["M","M","M","?","M","R","E","T","T","?","M","E","M","M","R","B",null,"M","M","M","?","?","R","$","NM","T","AVR","M","M","E","M","R","B",null,"M","$","M","M","$","E","M","E","T","M","?","M","M","M","R","B",null,null],"character_chosen":"Angela","items_purchased":["Vajra","Incense Burner","EntropicBrew","Toxic Egg 2"],"campfire_rested":0,"item_purchase_floors":[24,24,24,36],"current_hp_per_floor":[70,70,70,70,64,64,52,52,59,59,56,45,39,52,52,33,97,73,80,83,83,83,83,83,61,61,61,80,91,106,102,102,54,162,168,168,174,180,180,177,184,87,87,101,115,80,94,108,420,424,424],"gold":285,"neow_bonus":"THREE_ENEMY_KILL","is_daily":false,"chose_seed":false,"campfire_upgraded":0,"win_rate":0.0,"timestamp":1610713457,"path_taken":["M","M","M","?","M","R","E","?","T","?","M","E","M","M","R","BOSS","M","M","M","?","?","R","$","NM","T","AVR","M","M","E","?","R","BOSS","M","$","M","M","$","E","M","E","T","M","?","M","M","M","R","BOSS"],"items_purchased_type":["Relic","Relic","Potion","Relic"],"build_version":"2020-12-22","purchased_purges":1,"victory":true,"max_hp_per_floor":[70,70,70,70,70,70,70,70,77,77,77,79,85,91,91,97,97,105,111,117,117,117,117,117,123,123,123,129,152,154,156,156,162,162,168,168,174,180,180,186,188,192,192,198,200,202,204,210,420,424,424],"card_choices":[{"not_picked":["Scorched","Murderer"],"picked":"WallGazer","floor":1.0},{"not_picked":["SolemnVow"],"picked":"FourthMatchFlame","floor":1.0},{"not_picked":["Yin","PunishingBird"],"picked":"MeatLantern","floor":2.0},{"not_picked":["SolemnVow"],"picked":"RedEyes","floor":2.0},{"not_picked":["Regret_ego"],"picked":"GrinderMk4","floor":3.0},{"not_picked":["Wellcheers","Scorched"],"picked":"OSAHOGD","floor":5.0},{"not_picked":["MagicBullet"],"picked":"Lamp","floor":5.0},{"not_picked":["Harmony","Amita"],"picked":"SKIP","floor":5.0},{"not_picked":["SpiderBud","Bloodbath"],"picked":"BlackSwan","floor":7.0},{"not_picked":["Regret_ego","Discord"],"picked":"SKIP","floor":7.0},{"not_picked":["RapturousDream"],"picked":"RedEyes","floor":11.0},{"not_picked":["MHz","LaLuna"],"picked":"UniverseFragment","floor":11.0},{"not_picked":["DreamingCurrent","Mercenary"],"picked":"MHz","floor":12.0},{"not_picked":["Loneliness"],"picked":"BlackSwan_ego","floor":12.0},{"not_picked":["CUTE"],"picked":"CherryBlossom","floor":13.0},{"not_picked":["SnowQueen","HeroicMonk"],"picked":"OldLady","floor":13.0},{"not_picked":["BearPaw"],"picked":"Beak","floor":13.0},{"not_picked":["Laetitia_ego"],"picked":"Harvest","floor":14.0},{"not_picked":["Harvest"],"picked":"CrimsonScar","floor":14.0},{"not_picked":["VoidDream","Wellcheers"],"picked":"CrumblingArmor","floor":14.0},{"not_picked":["CENSORED_ego"],"picked":"GoldRush","floor":16.0},{"not_picked":["QueenBee","SnowQueen"],"picked":"GreedKing","floor":16.0},{"not_picked":["Twilight"],"picked":"Justitia","floor":16.0},{"not_picked":["Laetitia","Wellcheers"],"picked":"SingingMachine","floor":18},{"not_picked":["Pinks"],"picked":"Moonlight","floor":18},{"not_picked":["HappyTeddy","CherryBlossoms"],"picked":"NakedNest","floor":19},{"not_picked":["Galaxy+1"],"picked":"GreenStem+1","floor":19},{"not_picked":["LittlePrince","LittleHelper"],"picked":"FieryBird","floor":20},{"not_picked":["FrostShard"],"picked":"FeatherOfHonor+1","floor":20},{"not_picked":["Penitence"],"picked":"Ecstasy","floor":25},{"not_picked":["WhiteNight","FairyFestival"],"picked":"Wellcheers","floor":25},{"not_picked":["Soda"],"picked":"DaCapo","floor":25},{"not_picked":["LittlePrince","Murderer"],"picked":"Bloodbath","floor":28},{"not_picked":["BearPaw+1","TodaysExpression"],"picked":"SKIP","floor":28},{"not_picked":["Tough+1","TodaysExpression"],"picked":"SKIP","floor":28},{"not_picked":["Murderer","Mercenary"],"picked":"QueenOfHatred","floor":29},{"not_picked":["Harvest+1"],"picked":"Logging+1","floor":29},{"not_picked":["Harmony+1"],"picked":"Christmas","floor":30},{"not_picked":["BlueScar+1","SomewhereSpear+1"],"picked":"SKIP","floor":30},{"not_picked":["TodaysExpression"],"picked":"Penitence","floor":31},{"not_picked":["ShyLook","LittleHelper"],"picked":"PunishingBird","floor":33},{"not_picked":["Pinks"],"picked":"Justitia+1","floor":33},{"not_picked":["QueenBee","Woodsman"],"picked":"Rudolta","floor":35},{"not_picked":["BlackSwan_ego"],"picked":"Heaven+1","floor":35},{"not_picked":["WhitesApple","Scorched"],"picked":"QueenOfHatred","floor":37},{"not_picked":["Lantern+1"],"picked":"Justitia+1","floor":37},{"not_picked":["BeautyBeast","CherryBlossoms"],"picked":"ShyLook","floor":38},{"not_picked":["Noise+1","Regret_ego+1"],"picked":"SKIP","floor":38},{"not_picked":["Woodsman","DreamingCurrent"],"picked":"CENSORED","floor":40},{"not_picked":["Loneliness+1"],"picked":"Beak+1","floor":40},{"not_picked":["Harmony+1"],"picked":"Gaze+1","floor":41},{"not_picked":["FourthMatchFlame+1"],"picked":"Logging+1","floor":41},{"not_picked":["Beak+1"],"picked":"Moonlight+1","floor":41},{"not_picked":["Laetitia","GalaxyChild"],"picked":"LongBird","floor":44},{"not_picked":["Noise+1","Penitence+1"],"picked":"SKIP","floor":44},{"not_picked":["Adoration+1","Lamp+1"],"picked":"SKIP","floor":44},{"not_picked":["FourthMatchFlame+1","Hornet+1"],"picked":"SKIP","floor":44},{"not_picked":["Loneliness+1"],"picked":"Lamp+1","floor":45},{"not_picked":["SolemnVow+1","TodaysExpression+1"],"picked":"WristCuter+1","floor":46},{"not_picked":["CUTE+1","Tough+1"],"picked":"Horn+1","floor":46},{"not_picked":["Regret_ego","GrinderMk4+1"],"picked":"RedEyes+1","floor":46},{"not_picked":["SomewhereSpear+1","Hornet+1","Laetitia_ego+1"],"picked":"SKIP","floor":46},{"not_picked":["Laetitia","GalaxyChild","QueenBee"],"picked":"Singing Bowl","floor":47},{"not_picked":["SomewhereSpear+1","Beak+1"],"picked":"CherryBlossom","floor":47},{"not_picked":["CUTE+1","MagicBullet+1"],"picked":"Beak+1","floor":47},{"not_picked":["Penitence+1","Hornet+1"],"picked":"WristCuter+1","floor":47},{"not_picked":["HappyTeddy","QueenOfHatred","LittlePrince"],"picked":"Singing Bowl","floor":48},{"not_picked":["QueenOfHatred","NothingThere"],"picked":"BodiesMountain","floor":48},{"not_picked":["GrinderMk4+1","Beak+1"],"picked":"BloodyDesire+1","floor":48},{"not_picked":["ScreamingWedge+1","Galaxy+1"],"picked":"WristCuter+1","floor":48},{"not_picked":["MagicBullet+1","Loneliness+1","Galaxy+1"],"picked":"SKIP","floor":48}],"player_experience":243922,"relics_obtained":[{"floor":5.0,"key":"LetterFromLob"},{"floor":7.0,"key":"infinitespire:FocusingShard"},{"floor":8.0,"key":"Pen Nib"},{"floor":9.0,"key":"Strawberry"},{"floor":12.0,"key":"War Paint"},{"floor":25,"key":"Art of War"},{"floor":26,"key":"Molten Egg 2"},{"floor":29,"key":"AtMidnight"},{"floor":30,"key":"White Beast Statue"},{"floor":40,"key":"Prayer Wheel"},{"floor":43,"key":"The Courier"},{"floor":45,"key":"CaptainsWheel"}],"event_choices":[{"damage_healed":0.0,"max_hp_gain":0.0,"max_hp_loss":0.0,"gold_gain":100.0,"event_name":"Golden Shrine","player_choice":"Pray","floor":10.0,"gold_loss":0.0,"damage_taken":0.0},{"damage_healed":0,"gold_gain":0,"player_choice":"Inject Mutagens","damage_taken":0,"relics_obtained":["MutagenicStrength"],"max_hp_gain":0,"max_hp_loss":0,"event_name":"Drug Dealer","floor":21,"gold_loss":0},{"damage_healed":0,"gold_gain":0,"player_choice":"Ignored","damage_taken":0,"max_hp_gain":0,"max_hp_loss":0,"event_name":"Vampires","floor":22,"gold_loss":0},{"damage_healed":0,"gold_gain":0,"player_choice":"Fight","damage_taken":0,"max_hp_gain":0,"max_hp_loss":0,"event_name":"MindBloom","floor":45,"gold_loss":0}],"is_beta":false,"boss_relics":[{"not_picked":["SacredBark","Empty Cage"],"picked":"Cursed Key"},{"not_picked":["Velvet Choker","Sozu"],"picked":"Coffee Dripper"}],"items_purged_floors":[27],"is_endless":false,"potions_floor_spawned":[1,7,11,14,16,18,19,29,30,31,33,35,37,38,40,41,42,42,44,45,46,47,48],"ascension_level":0}}