{"host":"oc9z8cublggqyfxu","time":1610722021,"event":{"mods":["AchievementEnabler","Act Like it!","Aspiration","BaseMod","Colored Map","Colored Powertips","Downfall","Friendly Minions","Gensokyo","Hallownest","Hermit","Highlight Path","Infinite Spire","KinomotoSakuraMod(木之本樱)","Koishi","Lobotomy","LobotomyExtend","Marisa（F雨　魔理沙）","Minty Spire (QoL Compilation)","Quick Restart","Reimu（博丽灵梦）","Relic Stats","Remilia（蕾米莉亚）","Replay The Spire","RumiaBox-露米娅的神秘盒子","StSLib","The Administrix","The Animator","The Blackbeard","The Bug Knight","The Cursed","The Hierophant","The Mystic","The Runesmith","The Servant 0.9.4","Youmu（魂魄妖梦）","Yuyuko","vexMod","【功能Mod】混沌之环修复补丁","【功能Mod】聪明的最终Boss"],"gold_per_floor":[117,132,53,152,172,172,18,18,18,29,29,29,29,54,54,54,54],"floor_reached":16,"language":"ZHS","playtime":719,"items_purged":["Defend_B"],"score":98,"play_id":"f403926e-0511-4183-a144-82caa6d156b8","local_time":"20210115224701","is_ascension_mode":false,"campfire_choices":[{"data":"Storm","floor":6,"key":"SMITH"},{"data":"Storm","floor":8,"key":"SMITH"},{"data":"ReplayTheSpireMod:GoodbyeWorld","floor":15,"key":"SMITH"}],"circlet_count":0,"master_deck":["Strike_B","Strike_B","Strike_B","Strike_B","Defend_B","Defend_B","Defend_B","Zap","Dualcast","BeautyBeast","MeatLantern","Storm+1","Storm+1","Ball Lightning","Sweeping Beam","Static Discharge","Wellcheers","GreedKing","ReplayTheSpireMod:GoodbyeWorld+1"],"relics":["Cracked Core","CogitoBucket","AddBug","SecretRecord","SecretRecord"],"acts_visited":["Gensokyo:Gensokyo"],"potions_floor_usage":[],"damage_taken":[{"damage":6,"enemies":"Gensokyo:2_Kodama","floor":1,"turns":3},{"damage":0,"enemies":"Gensokyo:3_Fairies","floor":2,"turns":3},{"damage":0,"enemies":"Gensokyo:Python","floor":5,"turns":2},{"damage":0,"enemies":"Gensokyo:5_Fairies","floor":10,"turns":3},{"damage":50,"enemies":"Gensokyo:Mamizou","floor":14,"turns":3},{"damage":50,"enemies":"Gensokyo:Yukari","floor":16,"turns":3}],"seed_played":"7714320061146998091","potions_obtained":[{"floor":1,"key":"SkillPotion"},{"floor":14,"key":"Energy Potion"}],"is_trial":false,"path_per_floor":["M","M","$","?","M","R","$","R","T","M","?","$","?","E","R","B"],"character_chosen":"DEFECT","items_purchased":["Storm","Static Discharge"],"campfire_rested":0,"item_purchase_floors":[3,7],"current_hp_per_floor":[69,69,69,51,51,51,51,51,51,59,59,59,66,29,29,0,0],"gold":54,"neow_bonus":"","is_daily":false,"chose_seed":false,"campfire_upgraded":3,"win_rate":0.0,"timestamp":1610722021,"path_taken":["M","M","?","?","M","R","$","R","T","?","?","?","?","E","R","BOSS"],"items_purchased_type":["Card","Card"],"build_version":"2020-12-22","purchased_purges":1,"victory":false,"max_hp_per_floor":[75,75,75,75,75,75,75,75,75,75,75,75,82,82,82,82,82],"relic_stats":{"counters":[6,17],"obtain_stats":[{"CogitoBucket":0,"AddBug":1,"SecretRecord":1,"Cracked Core":0},{"CogitoBucket":0,"AddBug":1,"SecretRecord":1,"Cracked Core":0},{"CogitoBucket":0,"AddBug":3,"SecretRecord":3,"Cracked Core":0}]},"card_choices":[{"not_picked":["OSAHOGD","CherryBlossoms"],"picked":"BeautyBeast","floor":1},{"not_picked":["Steam","Barrage","Consume"],"picked":"SKIP","floor":1},{"not_picked":["Murderer","MHz"],"picked":"MeatLantern","floor":2},{"not_picked":["Gash","Leap"],"picked":"Storm","floor":2},{"not_picked":["Compile Driver","Beam Cell"],"picked":"Ball Lightning","floor":4},{"not_picked":["Skim","Panic Button"],"picked":"Sweeping Beam","floor":4},{"not_picked":["OldLady","VoidDream"],"picked":"QueenOfHatred","floor":5},{"not_picked":["ReplayGash","ReplayTheSpireMod:Repulse","Rip and Tear"],"picked":"SKIP","floor":5},{"not_picked":["ReplayGash","ReplayTheSpireMod:Repulse","Rip and Tear"],"picked":"SKIP","floor":5},{"not_picked":["PunishingBird","Scorched"],"picked":"Wellcheers","floor":10},{"not_picked":["Cold Snap","Leap","Redo"],"picked":"SKIP","floor":10},{"not_picked":["BigBird","UniverseFragment"],"picked":"GreedKing","floor":14},{"not_picked":["Lockon","Ball Lightning"],"picked":"ReplayTheSpireMod:GoodbyeWorld","floor":14}],"player_experience":267694,"relics_obtained":[{"floor":1,"key":"AddBug"},{"floor":1,"key":"LetterFromLob"},{"floor":2,"key":"LetterFromLob"},{"floor":5,"key":"SecretRecord"},{"floor":5,"key":"LetterFromLob"},{"floor":9,"key":"Pear"},{"floor":10,"key":"LetterFromLob"},{"floor":14,"key":"Omamori"},{"floor":14,"key":"LetterFromLob"}],"event_choices":[],"is_beta":false,"boss_relics":[],"items_purged_floors":[7],"is_endless":false,"potions_floor_spawned":[1,14],"killed_by":"Gensokyo:Yukari","ascension_level":0}}