{"host":"1bf4lopb4xlrny0j","time":1610708359,"event":{"mods":["100% Spire Juice","Act Like it!","Astrologer","BaseMod","CapriCore","Chen","Colored Powertips","Gensokyo","Koishi","Marisa£®ÏF”Í°°ƒß¿Ì…≥£©","Minty Spire (QoL Compilation)","Reimu£®≤©¿ˆ¡È√Œ£©","Remilia£®¿Ÿ√◊¿Ú—«£©","Replay The Spire","Spicy Shops","StSLib","The Administrix","The Gatherer","The Immortal","The Mystic","The Runesmith","The Servant 0.9.4","Yakumo Yukari mod","Youmu£®ªÍ∆«—˝√Œ£©","Yuyuko","vexMod"],"gold_per_floor":[113,288,300,311,324,356,356,356,356],"floor_reached":8,"language":"ZHS","playtime":456,"items_purged":[],"score":58,"play_id":"a6a8d3a8-4bb4-40f2-9a60-b783aa911de9","local_time":"20210115185919","is_ascension_mode":false,"campfire_choices":[{"floor":7,"key":"REST"}],"circlet_count":0,"master_deck":["Koishi:BasicStrike","Koishi:BasicStrike","Koishi:BasicStrike","Koishi:BasicStrike","Koishi:BasicDefend","Koishi:BasicDefend","Koishi:BasicDefend","Koishi:BasicDefend","Koishi:Provoke","Koishi:HauntingSlash","Koishi:SubterraneanRose","Doubt","Koishi:FreudianInstinct","Koishi:UnconsciousUprising","Koishi:SubterraneanRose"],"relics":["Koishi:ImaginaryFriend","NeowsBlessing","Chameleon Ring"],"acts_visited":["Exordium"],"potions_floor_usage":[],"damage_taken":[{"damage":0,"enemies":"Jaw Worm","floor":1,"turns":1},{"damage":0,"enemies":"Small Slimes","floor":3,"turns":1},{"damage":0,"enemies":"2 Louse","floor":4,"turns":2},{"damage":19,"enemies":"2 Fungi Beasts","floor":5,"turns":5},{"damage":36,"enemies":"3 Sentries","floor":6,"turns":17},{"damage":13,"enemies":"Replay:BlueRogue","floor":8,"turns":10}],"seed_played":"-9054834857998845800","potions_obtained":[{"floor":5,"key":"Energy Potion"},{"floor":6,"key":"Dexterity Potion"}],"is_trial":false,"path_per_floor":["M","?","M","M","M","E","R","E"],"character_chosen":"KOISHI","items_purchased":[],"campfire_rested":1,"item_purchase_floors":[],"current_hp_per_floor":[60,60,60,60,42,7,25,12,12],"gold":356,"neow_bonus":"THREE_ENEMY_KILL","is_daily":false,"chose_seed":false,"campfire_upgraded":0,"win_rate":0.0,"timestamp":1610708359,"path_taken":["M","?","M","M","M","E","R","E"],"items_purchased_type":[],"build_version":"2020-12-22","purchased_purges":0,"victory":false,"max_hp_per_floor":[60,60,60,60,60,60,60,60,60],"card_choices":[{"not_picked":["Koishi:UnansweredLove","Koishi:Possession"],"picked":"Koishi:SubterraneanRose","floor":1},{"not_picked":["Koishi:YoukaiPolygraph","Koishi:EmbryosDream","Koishi:ReflexRadar"],"picked":"SKIP","floor":3},{"not_picked":["Koishi:JumpScare","Koishi:UnconsciousUprising"],"picked":"Koishi:FreudianInstinct","floor":4},{"not_picked":["Koishi:HeartfeltFancy","Koishi:UnansweredLove"],"picked":"Koishi:UnconsciousUprising","floor":5},{"not_picked":["Koishi:Jaunt","Koishi:ParalyzingFear"],"picked":"Koishi:SubterraneanRose","floor":6}],"player_experience":258389,"relics_obtained":[{"floor":6,"key":"Chameleon Ring"}],"event_choices":[{"damage_healed":0,"gold_gain":175,"player_choice":"AGREE","damage_taken":0,"max_hp_gain":0,"max_hp_loss":0,"event_name":"Liars Game","floor":2,"gold_loss":0,"cards_obtained":["Doubt"]}],"is_beta":false,"boss_relics":[],"items_purged_floors":[],"is_endless":false,"potions_floor_spawned":[5,6],"killed_by":"Replay:BlueRogue","ascension_level":0}}