{"host":"ydg0vn0pu4pubmdt","time":1610742616,"event":{"mods":["AchievementEnabler","BaseMod","Colored Map","Gold Saver","Minty Spire (QoL Compilation)","Quick Restart","SuperFastMode"],"gold_per_floor":[949,507,527,527,539,539,218,218,218,218,93,124,74,2,2,2,2],"floor_reached":16,"language":"KOR","playtime":12733,"items_purged":["Regret","Pain","Strike_B"],"score":151,"play_id":"8a2ecbdd-38cc-4779-a654-468eed22619c","local_time":"20210116053016","is_ascension_mode":true,"campfire_choices":[{"data":"Hyperbeam","floor":6,"key":"SMITH"},{"data":"Apotheosis","floor":15,"key":"SMITH"}],"circlet_count":0,"master_deck":["Strike_B","Strike_B","Defend_B","Defend_B","Defend_B","Zap","Dualcast","Hyperbeam+1","Steam Power","Apotheosis+1","Turbo","FTL"],"relics":["Cracked Core","PrismaticShard","Potion Belt","WarpedTongs","Blood Vial"],"acts_visited":["Exordium"],"potions_floor_usage":[12],"damage_taken":[{"damage":9.0,"enemies":"Jaw Worm","floor":1.0,"turns":2.0},{"damage":1,"enemies":"Cultist","floor":3,"turns":3},{"damage":4,"enemies":"Small Slimes","floor":5,"turns":2},{"damage":0,"enemies":"Lagavulin","floor":12,"turns":5},{"damage":65,"enemies":"The Guardian","floor":16,"turns":10}],"seed_played":"-7424815576805955139","potions_obtained":[{"floor":1.0,"key":"Energy Potion"},{"floor":5,"key":"LiquidMemories"},{"floor":12,"key":"Fire Potion"}],"is_trial":false,"path_per_floor":["M","$","M","?","M","R","$","?","T","?","$","E","?","$","R","B"],"character_chosen":"DEFECT","items_purchased":["PrismaticShard","Potion Belt","Steam Power","Apotheosis","Turbo","FTL"],"campfire_rested":0,"item_purchase_floors":[2,2,2,7,7,14],"current_hp_per_floor":[66,66,65,65,61,61,61,66,66,59,59,59,59,59,59,0,0],"gold":2,"neow_bonus":"THREE_RARE_CARDS","is_daily":false,"chose_seed":false,"campfire_upgraded":2,"win_rate":0.0,"timestamp":1610742616,"path_taken":["M","$","M","?","M","R","?","?","T","?","$","E","?","$","R","BOSS"],"items_purchased_type":["Relic","Relic","Card","Card","Card","Card"],"build_version":"2020-12-22","purchased_purges":3,"victory":false,"max_hp_per_floor":[75,75,75,75,75,75,75,80,80,80,80,80,80,80,80,80,80],"card_choices":[{"not_picked":["Multi-Cast","Electrodynamics"],"picked":"Hyperbeam","floor":0.0},{"not_picked":["Tempest","Stack","Blizzard"],"picked":"SKIP","floor":1.0},{"not_picked":["Dark Shackles","Heavy Blade","Flying Knee"],"picked":"SKIP","floor":3},{"not_picked":["Dark Shackles","Poisoned Stab","EmptyBody"],"picked":"SKIP","floor":5},{"not_picked":["Poisoned Stab","Discovery","Consume"],"picked":"SKIP","floor":12}],"player_experience":361977,"relics_obtained":[{"floor":12,"key":"Blood Vial"}],"event_choices":[{"damage_healed":0,"gold_gain":0,"player_choice":"Rummage","damage_taken":0,"relics_obtained":["WarpedTongs"],"max_hp_gain":0,"max_hp_loss":0,"event_name":"Accursed Blacksmith","floor":4,"gold_loss":0,"cards_obtained":["Pain"]},{"damage_healed":0,"gold_gain":0,"player_choice":"Donut","damage_taken":0,"max_hp_gain":5,"max_hp_loss":0,"event_name":"Big Fish","floor":8,"gold_loss":0},{"cards_removed":["Strike_B"],"damage_healed":0,"gold_gain":0,"player_choice":"Card Removal","damage_taken":7,"max_hp_gain":0,"max_hp_loss":0,"event_name":"Golden Wing","floor":10,"gold_loss":0},{"cards_removed":["Defend_B"],"damage_healed":0,"gold_gain":0,"player_choice":"Card Removal","damage_taken":0,"max_hp_gain":0,"max_hp_loss":0,"event_name":"The Cleric","floor":13,"gold_loss":50}],"is_beta":false,"boss_relics":[],"items_purged_floors":[2,7,11],"is_endless":false,"potions_floor_spawned":[1,5,12],"killed_by":"The Guardian","ascension_level":5}}