{"host":"x5al1swown9002c0","time":1610743882,"event":{"mods":["AchievementEnabler","AlwaysNeverKeys","Aspiration","BaseMod","Clawfect","Colored Map","Evolution","Highlight Path","Lobotomy","LobotomyExtend","Minty Spire (QoL Compilation)","Replay The Spire","Shop Mod","StSLib"],"gold_per_floor":[116,130,80,99,118,145,145,174,248,279,279,289,289,8,8,106,106,106,120,120,30,45,75,92,121,167,69,103,134,179,300,300,424,424,489,310,328,342,52,52,76,76,76,76,125,4,57,85,85,85,85],"floor_reached":50,"language":"ENG","playtime":3347,"items_purged":["Hallucinations","ReplayTheSpireMod:Doomed","ReplayTheSpireMod:Restless Dread","ReplayTheSpireMod:Restless Dread"],"score":864,"play_id":"67174eff-965a-4871-8313-a5f0b4ab2c19","local_time":"20210115225122","is_ascension_mode":true,"campfire_choices":[{"data":"Pommel Strike","floor":11.0,"key":"SMITH"},{"data":"Uppercut","floor":15.0,"key":"SMITH"},{"data":"Pot Of Greed","floor":32.0,"key":"SMITH"},{"data":"Pot Of Greed","floor":40.0,"key":"SMITH"},{"data":"Pot Of Greed","floor":42.0,"key":"SMITH"},{"data":"Flame Barrier","floor":44.0,"key":"SMITH"},{"data":"Voices","floor":49,"key":"PURGE"}],"circlet_count":0,"master_deck":["Strike_R","Strike_R","Strike_R","Strike_R","Strike_R","Defend_R","Defend_R","Defend_R","Bash","VoidDream","Flame Barrier+1","Bloodbath","Pommel Strike+1","MHz","Impervious","SpiderBud","Pot Of Greed+1","Pot Of Greed+1","MeatLantern","Uppercut+1","Double Tap+1","Master of Strategy","Pommel Strike+1","Pot Of Greed+1","Doubt","ReplayTheSpireMod:IOU","Havoc+1","Havoc+1","Sentinel+1","Freischutz","Defy Death+1"],"relics":["EVO:Axolotl","CogitoBucket","LetterFromLob","Pantograph","RedMistMask","ReplayFunnel","Onion Ring","Grinning Jar","Happy Flower","Snecko Heart","MagicBullet_r","HonorFeather","Heaven_r","ReplayTheSpireMod:Ring of Exchange","ReplayTheSpireMod:Ring of Collecting","Bag of Marbles","ReplayTheSpireMod:Shallot","ReplayTheSpireMod:Ring of Challenge","Bronze Scales","ReplayTheSpireMod:CursedCoin","Gremlin Food","Toxic Egg 2","Ring of Greed","ClockworkSouvenir","AtMidnight","MerchantsRug","Thread and Needle","Sling","Pet Ghost","Ring of Searing","aspiration:FrozenJewel","Omamori","Divine Protection","Replay:Multitool","Torii"],"acts_visited":["Exordium","TheCity","TheBeyond"],"potions_floor_usage":[46,50,50],"damage_taken":[{"damage":6.0,"enemies":"2 Louse","floor":1.0,"turns":3.0},{"damage":4.0,"enemies":"Jaw Worm","floor":2.0,"turns":5.0},{"damage":6.0,"enemies":"Cultist","floor":4.0,"turns":3.0},{"damage":6.0,"enemies":"2 Fungi Beasts","floor":5.0,"turns":5.0},{"damage":24.0,"enemies":"Gremlin Nob","floor":6.0,"turns":5.0},{"damage":36.0,"enemies":"Lagavulin","floor":8.0,"turns":10.0},{"damage":4.0,"enemies":"Gremlin Nob","floor":10.0,"turns":3.0},{"damage":0.0,"enemies":"Red Slaver","floor":12.0,"turns":1.0},{"damage":18.0,"enemies":"Fading Forest","floor":16.0,"turns":11.0},{"damage":105.0,"enemies":"Shell Parasite","floor":18.0,"turns":2.0},{"damage":8.0,"enemies":"Shell Parasite","floor":18.0,"turns":2.0},{"damage":0.0,"enemies":"Shell Parasite","floor":19.0,"turns":2.0},{"damage":0.0,"enemies":"2 Thieves","floor":22.0,"turns":1.0},{"damage":0.0,"enemies":"Gremlin Leader","floor":23.0,"turns":3.0},{"damage":20.0,"enemies":"Snecko","floor":24.0,"turns":3.0},{"damage":2.0,"enemies":"Book of Stabbing","floor":25.0,"turns":3.0},{"damage":0.0,"enemies":"Slavers","floor":28.0,"turns":1.0},{"damage":0.0,"enemies":"Centurion and Healer","floor":29.0,"turns":3.0},{"damage":33.0,"enemies":"Centurion and Healer","floor":30.0,"turns":3.0},{"damage":0.0,"enemies":"Collector","floor":33.0,"turns":5.0},{"damage":20.0,"enemies":"3 Darklings","floor":35.0,"turns":2.0},{"damage":0.0,"enemies":"Orb Walker","floor":37.0,"turns":2.0},{"damage":0.0,"enemies":"Sphere and 2 Shapes","floor":38.0,"turns":3.0},{"damage":0.0,"enemies":"Nemesis","floor":41.0,"turns":3.0},{"damage":23.0,"enemies":"Maw","floor":45.0,"turns":5.0},{"damage":0,"enemies":"2 Orb Walkers","floor":47,"turns":1},{"damage":0,"enemies":"Reptomancer","floor":48,"turns":2},{"damage":85,"enemies":"Time Eater","floor":50,"turns":4}],"seed_played":"-7751395776344072473","potions_obtained":[{"floor":1.0,"key":"ColorlessPotion"},{"floor":2.0,"key":"Cursed Concoction"},{"floor":6.0,"key":"FairyPotion"},{"floor":19.0,"key":"DistilledChaos"},{"floor":24.0,"key":"Strength Potion"},{"floor":25.0,"key":"Weak Potion"},{"floor":29.0,"key":"Dexterity Potion"},{"floor":35.0,"key":"SkillPotion"},{"floor":38.0,"key":"DuplicationPotion"},{"floor":41.0,"key":"Fruit Juice"}],"is_trial":false,"path_per_floor":["M","M","?","M","M","E","?","E","T","E","R","M","?","$","R","B",null,"M","M","?","?","M","E","M","E","T","$","E","M","?","T","R_BF","B",null,"M","$","M","M","$","R","E","R","T","R","M","$","?","E","R","B"],"character_chosen":"IRONCLAD","items_purchased":["Happy Flower","BloodPotion","Uppercut","ReplayTheSpireMod:CursedCoin","Master of Strategy","MerchantsRug","Havoc+1","Sentinel+1","Thread and Needle","Sling","Omamori","EntropicBrew","Divine Protection"],"campfire_rested":0,"item_purchase_floors":[14,14,14,27,27,36,36,36,39,39,46,46,46],"current_hp_per_floor":[80,80,80,80,80,62,62,36,36,38,38,44,44,44,44,78,80,78,80,80,80,80,80,66,70,70,70,76,80,78,78,80,80,80,67,67,74,80,80,80,80,80,80,80,64,69,69,69,85,0,0],"gold":85,"neow_bonus":"","is_daily":false,"chose_seed":false,"campfire_upgraded":6,"win_rate":0.0,"timestamp":1610743882,"path_taken":["M","M","?","M","M","E","?","E","T","E","R","M","?","$","R","BOSS","M","M","?","?","M","E","?","E","T","$","E","M","?","?","R_BF","BOSS","M","$","M","M","$","R","E","R","T","R","M","$","?","E","R","BOSS"],"items_purchased_type":["Relic","Potion","Card","Relic","Card","Relic","Card","Card","Relic","Relic","Relic","Potion","Relic"],"build_version":"2020-12-22","purchased_purges":4,"victory":false,"max_hp_per_floor":[80,80,80,80,80,80,80,80,80,80,80,80,80,80,80,80,80,80,80,80,80,80,80,80,80,80,80,80,80,80,80,80,80,80,80,80,80,80,80,80,80,80,80,80,80,85,85,85,85,85,85],"card_choices":[{"not_picked":["UniverseFragment","BeautyBeast"],"picked":"VoidDream","floor":1.0},{"not_picked":["Cleave","True Grit"],"picked":"Flame Barrier","floor":1.0},{"not_picked":["OSAHOGD","UniverseFragment","DreamingCurrent"],"picked":"Singing Bowl","floor":2.0},{"not_picked":["LongBird","Scarecrow"],"picked":"Bloodbath","floor":2.0},{"not_picked":["Replay:Undeath\u0027s Touch","Twin Strike"],"picked":"Pommel Strike","floor":2.0},{"not_picked":["FairyFestival","RedShoes","Mercenary"],"picked":"Singing Bowl","floor":4.0},{"not_picked":["ShyLook","Variant"],"picked":"MHz","floor":4.0},{"not_picked":["ReplayTheSpireMod:LeadingStrike","True Grit","Dark Embrace"],"picked":"SKIP","floor":4.0},{"not_picked":["ShyLook","FairyFestival","CrumblingArmor"],"picked":"Singing Bowl","floor":5.0},{"not_picked":["Heavy Blade","True Grit"],"picked":"Impervious","floor":5.0},{"not_picked":["PunishingBird","OSAHOGD"],"picked":"SpiderBud","floor":6.0},{"not_picked":["Dropkick","Wild Strike","Brutality"],"picked":"SKIP","floor":6.0},{"not_picked":["Twin Strike","Exhume","Headbutt"],"picked":"SKIP","floor":8.0},{"not_picked":["Wild Strike","Warcry","Abandon"],"picked":"SKIP","floor":10.0},{"not_picked":["Scorched","LittleHelper"],"picked":"MeatLantern","floor":12.0},{"not_picked":["Replay:Undeath\u0027s Touch","Rupture","ReplayTheSpireMod:Limb From Limb"],"picked":"SKIP","floor":12.0},{"not_picked":["Replay:Many Hands","Corruption"],"picked":"Double Tap","floor":16.0},{"not_picked":["GalaxyChild","Yin","GreedKing"],"picked":"Singing Bowl","floor":19.0},{"not_picked":["DreamingCurrent","PunishingBird"],"picked":"Murderer","floor":19.0},{"not_picked":["Havoc+1","Thunderclap","Perfected Strike+1"],"picked":"SKIP","floor":19.0},{"not_picked":["Twin Strike","Demonic Infusion","Inflame+1"],"picked":"SKIP","floor":22.0},{"not_picked":["Clothesline","Havoc","Warcry"],"picked":"SKIP","floor":23.0},{"not_picked":["Twin Strike","Shrug It Off+1","Pommel Strike"],"picked":"SKIP","floor":24.0},{"not_picked":["Flex","Body Slam","Shockwave"],"picked":"SKIP","floor":25.0},{"not_picked":["Replay:Many Hands","Sword Boomerang+1","Dropkick+1"],"picked":"SKIP","floor":28.0},{"not_picked":["Intimidate+1","Clash"],"picked":"Pommel Strike+1","floor":29.0},{"not_picked":["Feel No Pain+1","Sword Boomerang+1","Cleave"],"picked":"SKIP","floor":35.0},{"not_picked":["Inflame","Thunderclap+1","Rupture"],"picked":"SKIP","floor":37.0},{"not_picked":["Scorched","Yin"],"picked":"Freischutz","floor":38.0},{"not_picked":["Massacre","Intimidate+1","True Grit+1"],"picked":"SKIP","floor":38.0},{"not_picked":["Bloodletting+1","Whirlwind","Iron Wave+1"],"picked":"SKIP","floor":41.0},{"not_picked":["Havoc+1","Flex+1","Sword Boomerang"],"picked":"SKIP","floor":45.0},{"not_picked":["Power Through+1","Abandon+1"],"picked":"Defy Death+1","floor":48}],"player_experience":648849,"relics_obtained":[{"floor":1.0,"key":"LetterFromLob"},{"floor":6.0,"key":"Pantograph"},{"floor":8.0,"key":"RedMistMask"},{"floor":8.0,"key":"ReplayFunnel"},{"floor":9.0,"key":"Onion Ring"},{"floor":10.0,"key":"Grinning Jar"},{"floor":20.0,"key":"ReplayTheSpireMod:Ring of Exchange"},{"floor":20.0,"key":"ReplayTheSpireMod:Ring of Collecting"},{"floor":23.0,"key":"Bag of Marbles"},{"floor":25.0,"key":"ReplayTheSpireMod:Shallot"},{"floor":26.0,"key":"ReplayTheSpireMod:Ring of Challenge"},{"floor":26.0,"key":"Bronze Scales"},{"floor":28.0,"key":"Gremlin Food"},{"floor":31.0,"key":"Toxic Egg 2"},{"floor":31.0,"key":"Ring of Greed"},{"floor":31.0,"key":"Membership Card"},{"floor":31.0,"key":"Golden Idol"},{"floor":35.0,"key":"AtMidnight"},{"floor":41.0,"key":"Pet Ghost"},{"floor":43.0,"key":"Ring of Searing"},{"floor":43.0,"key":"aspiration:FrozenJewel"},{"floor":45.0,"key":"Dream Catcher"},{"floor":47,"key":"Replay:Multitool"},{"floor":48,"key":"Torii"}],"event_choices":[{"cards_removed":["Defend_R"],"damage_healed":0.0,"max_hp_gain":0.0,"max_hp_loss":0.0,"gold_gain":0.0,"event_name":"The Cleric","player_choice":"Card Removal","floor":3.0,"gold_loss":50.0,"damage_taken":0.0},{"damage_healed":0.0,"max_hp_gain":0.0,"max_hp_loss":0.0,"gold_gain":0.0,"event_name":"The Woman in Blue","player_choice":"Bought 0 Potions","floor":7.0,"gold_loss":0.0,"damage_taken":0.0},{"damage_healed":0.0,"max_hp_gain":0.0,"max_hp_loss":0.0,"gold_gain":0.0,"event_name":"NoteForYourself","player_choice":"Ignored","floor":13.0,"gold_loss":0.0,"damage_taken":0.0},{"cards_removed":["Murderer"],"damage_healed":0.0,"max_hp_gain":0.0,"max_hp_loss":0.0,"gold_gain":0.0,"event_name":"Designer","player_choice":"Upgrade and Remove","floor":21.0,"gold_loss":90.0,"damage_taken":0.0,"cards_upgraded":["Double Tap"]},{"damage_healed":0,"gold_gain":0,"player_choice":"Fight","damage_taken":0,"max_hp_gain":0,"max_hp_loss":0,"event_name":"Mysterious Sphere","floor":47,"gold_loss":0}],"is_beta":false,"boss_relics":[{"not_picked":["Replay:Bronze Core","aspiration:WatcherSkillbook"],"picked":"Snecko Heart"},{"not_picked":["Runic Dome","OrangePellets"],"picked":"ClockworkSouvenir"}],"items_purged_floors":[27,36,39,46],"is_endless":false,"potions_floor_spawned":[1,2,6,18,19,24,25,29,30,35,38,41],"killed_by":"Time Eater","ascension_level":1}}