{"host":"Rowan","time":1610681455,"event":{"mods":["BaseMod","Minty Spire (QoL Compilation)"],"gold_per_floor":[115,128,128,148,148,182,182,240,264,264,264,264,595,595,595,595,595],"floor_reached":16,"language":"ENG","playtime":469,"items_purged":[],"score":116,"play_id":"10976e65-6c02-4832-8e06-d5f01143683a","local_time":"20210114193055","is_ascension_mode":false,"campfire_choices":[{"floor":7,"key":"REST"},{"floor":12,"key":"REST"},{"floor":15,"key":"RECALL"}],"circlet_count":0,"master_deck":["Strike_G","Strike_G","Strike_G+1","Strike_G","Strike_G","Defend_G","Defend_G","Defend_G","Defend_G","Defend_G","Survivor+1","Neutralize","Dodge and Roll","Dagger Spray","Outmaneuver","Backstab","Quick Slash","Parasite"],"relics":["Ring of the Snake","NeowsBlessing","MealTicket","Ornamental Fan","Old Coin"],"acts_visited":["Exordium"],"potions_floor_usage":[6,10],"damage_taken":[{"damage":0,"enemies":"Cultist","floor":1,"turns":1},{"damage":0,"enemies":"2 Louse","floor":2,"turns":1},{"damage":0,"enemies":"Jaw Worm","floor":4,"turns":1},{"damage":45,"enemies":"Lagavulin","floor":6,"turns":9},{"damage":0,"enemies":"Gremlin Nob","floor":10,"turns":2},{"damage":38,"enemies":"3 Sentries","floor":13,"turns":11},{"damage":34,"enemies":"Hexaghost","floor":16,"turns":9}],"seed_played":"-5427253269774919269","potions_obtained":[{"floor":2,"key":"Fire Potion"},{"floor":6,"key":"SmokeBomb"}],"is_trial":false,"path_per_floor":["M","M","$","M","?","E","R","?","T","E","T","R","E","?","R","B"],"character_chosen":"THE_SILENT","items_purchased":[],"campfire_rested":2,"item_purchase_floors":[],"current_hp_per_floor":[70,70,70,70,56,11,32,32,32,32,32,53,15,32,32,0,0],"gold":595,"neow_bonus":"THREE_ENEMY_KILL","is_daily":false,"chose_seed":false,"campfire_upgraded":0,"win_rate":0.0,"timestamp":1610681455,"path_taken":["M","M","$","M","?","E","R","?","T","E","?","R","E","?","R","BOSS"],"items_purchased_type":[],"build_version":"2020-12-18","purchased_purges":0,"victory":false,"max_hp_per_floor":[70,70,70,70,70,70,70,70,70,70,70,70,70,70,70,70,70],"card_choices":[{"not_picked":["Deflect","Blur"],"picked":"Dodge and Roll","floor":1},{"not_picked":["Expertise","Deflect"],"picked":"Dagger Spray","floor":2},{"not_picked":["Concentrate","Blade Dance"],"picked":"Outmaneuver","floor":4},{"not_picked":["Predator","Burst"],"picked":"Backstab","floor":6},{"not_picked":["Dodge and Roll","Tools of the Trade"],"picked":"Quick Slash","floor":13}],"player_experience":379849,"relics_obtained":[{"floor":6,"key":"MealTicket"},{"floor":11,"key":"Ornamental Fan"},{"floor":13,"key":"Old Coin"}],"event_choices":[{"damage_healed":0,"gold_gain":0,"player_choice":"Entered Light","damage_taken":14,"max_hp_gain":0,"max_hp_loss":0,"event_name":"Shining Light","floor":5,"gold_loss":0,"cards_upgraded":["Survivor","Strike_G"]},{"damage_healed":0,"gold_gain":58,"player_choice":"Gained Gold","damage_taken":0,"max_hp_gain":0,"max_hp_loss":0,"event_name":"Golden Wing","floor":8,"gold_loss":0},{"damage_healed":17,"gold_gain":0,"player_choice":"Healed and dodged fight","damage_taken":0,"max_hp_gain":0,"max_hp_loss":0,"event_name":"Mushrooms","floor":14,"gold_loss":0,"cards_obtained":["Parasite"]}],"is_beta":true,"boss_relics":[],"items_purged_floors":[],"is_endless":false,"potions_floor_spawned":[2,6,10],"killed_by":"Hexaghost","ascension_level":0}}