{"host":"nlowmoq7gy18n72d","time":1610723376,"event":{"mods":["BaseMod","Colored Powertips","Conspire","Downfall","Hermit","Highlight Path","Infinite Spire","Jorbs\u0027s Wanderer Trilogy","Minty Spire (QoL Compilation)","Replay The Spire","StSLib","The Cursed"],"gold_per_floor":[349,360,422,37,55,124,124,141,175,188,220,70,70,95,125,133,133,133],"floor_reached":16,"language":"ENG","playtime":866,"items_purged":["hexamod:Strike"],"score":135,"play_id":"98a2bcae-65eb-4987-b172-e3eb5dd98483","local_time":"20210115180936","is_ascension_mode":true,"campfire_choices":[{"floor":1,"key":"RECALL"},{"floor":12,"key":"REST"}],"circlet_count":0,"master_deck":["hexamod:Strike","hexamod:Strike","hexamod:Strike","hexamod:Defend","hexamod:Defend+1","hexamod:Defend","hexamod:Defend","hexamod:Sear","hexamod:Float+1","hexamod:GhostShield","hexamod:Hexaguard+1","hexamod:SixthSeal","hexamod:GhostLash+1","hexamod:EmpoweredFlame+1","hexamod:EmpoweredFlame+1","hexamod:SuperheatedStrike","hexamod:NightmareGuise+1","hexamod:Hexaguard","hexamod:RecurringNightmare","hexamod:SpectersWail","hexamod:FourthSeal"],"relics":["hexamod:SpiritBrand","Juzu Bracelet","PreservedInsect","Replay:Bandana","conspire:BottledYoYo","downfall:HeartBlessingRed","downfall:HeartBlessingGreen","downfall:BrokenWingStatue"],"acts_visited":["Exordium"],"potions_floor_usage":[4,4,9,10,16,16],"damage_taken":[{"damage":0,"enemies":"Jaw Worm","floor":2,"turns":3},{"damage":0,"enemies":"downfall:FleeingMerchant","floor":4,"turns":4},{"damage":3,"enemies":"Small Slimes","floor":5,"turns":4},{"damage":28,"enemies":"Lagavulin Event","floor":6,"turns":6},{"damage":0,"enemies":"2 Louse","floor":8,"turns":3},{"damage":0,"enemies":"Gremlin Nob","floor":9,"turns":4},{"damage":12,"enemies":"Lots of Slimes","floor":10,"turns":4},{"damage":2,"enemies":"2 Fungi Beasts","floor":11,"turns":3},{"damage":9,"enemies":"Exordium Thugs","floor":14,"turns":4},{"damage":0,"enemies":"Exordium Wildlife","floor":15,"turns":4},{"damage":29,"enemies":"downfall:Defect","floor":16,"turns":5}],"seed_played":"-7828120349919694944","potions_obtained":[{"floor":2,"key":"Fire Potion"},{"floor":3,"key":"Explosive Potion"},{"floor":3,"key":"PowerPotion"},{"floor":5,"key":"Elixir"},{"floor":11,"key":"SteroidPotion"},{"floor":14,"key":"hexamod:InfernoChargePotion"},{"floor":15,"key":"Swift Potion"}],"is_trial":false,"path_per_floor":["R","M","?","$","M","?","T","M","E","M","M","R","?","M","M","B"],"character_chosen":"THE_SPIRIT","items_purchased":["PreservedInsect","hexamod:GhostLash","hexamod:EmpoweredFlame","PowerPotion"],"campfire_rested":1,"item_purchase_floors":[4,4,4,4],"current_hp_per_floor":[63,63,63,63,60,32,32,32,32,20,18,36,36,27,27,0,0,0],"gold":133,"neow_bonus":"TWO_FIFTY_GOLD","is_daily":false,"chose_seed":false,"campfire_upgraded":0,"win_rate":0.0,"timestamp":1610723376,"path_taken":["R","M","?","$","M","?","T","M","E","M","M","R","?","M","M","BOSS"],"items_purchased_type":["Relic","Card","Card","Potion"],"build_version":"2020-12-22","purchased_purges":1,"victory":false,"max_hp_per_floor":[63,63,63,63,63,63,63,63,63,63,63,63,63,63,63,63,63,63],"card_choices":[{"not_picked":["hexamod:BurningTouch","hexamod:InspiringFlames"],"picked":"hexamod:GhostShield","floor":2},{"not_picked":["hexamod:ExtraCrispy","hexamod:GhostShield"],"picked":"hexamod:Hexaguard","floor":3},{"not_picked":["hexamod:SpectralSpark","hexamod:SuperheatedStrike"],"picked":"hexamod:SixthSeal","floor":4},{"not_picked":["hexamod:ShieldOfDarkness","hexamod:AdvancingGuard"],"picked":"hexamod:SuperheatedStrike","floor":5},{"not_picked":["hexamod:RainOfEmbers","hexamod:SecondSeal"],"picked":"hexamod:NightmareGuise","floor":6},{"not_picked":["hexamod:SixthSeal","hexamod:PhantomFireball"],"picked":"hexamod:Hexaguard","floor":8},{"not_picked":["hexamod:BacktrackSmack","hexamod:HauntingEcho"],"picked":"hexamod:RecurringNightmare","floor":9},{"not_picked":["hexamod:ThirdSeal","hexamod:SoulSteal"],"picked":"hexamod:SpectersWail","floor":10},{"not_picked":["hexamod:HauntingEcho","hexamod:ThermalTransfer","hexamod:GhostOfSpirePast"],"picked":"SKIP","floor":11},{"not_picked":["hexamod:NightmareGuise","hexamod:ThermalTransfer"],"picked":"hexamod:FourthSeal","floor":14},{"not_picked":["hexamod:EmpoweredFlame","hexamod:CatchUp","hexamod:BurningTouch"],"picked":"SKIP","floor":15}],"player_experience":665084,"relics_obtained":[{"floor":3,"key":"Juzu Bracelet"},{"floor":9,"key":"conspire:BottledYoYo"}],"event_choices":[],"is_beta":false,"boss_relics":[],"items_purged_floors":[4],"is_endless":false,"potions_floor_spawned":[2,5,8,11,14],"killed_by":"downfall:Defect","ascension_level":1}}