{"host":"lh9qfzqeqctr28d2","time":1610703611,"event":{"mods":["BaseMod","Luminous","Minty Spire (QoL Compilation)","Quick Restart","Relic Stats","Remilia£®¿Ÿ√◊¿Ú—«£©","StSLib"],"gold_per_floor":[112,130,144,163,178,205,205],"floor_reached":6,"language":"ZHS","playtime":260,"items_purged":[],"score":63,"play_id":"53aa89d6-7237-429e-97b9-b68515df649d","local_time":"20210115174011","is_ascension_mode":true,"campfire_choices":[],"circlet_count":0,"master_deck":["Strike_RM","Strike_RM","Strike_RM","Strike_RM","Defend_RM","Defend_RM","Defend_RM","Defend_RM","RedMoon","ScarletShoot","LeisurelyOfLord","VampireFantasy","NightLord","MillenniumVampire","EternalNight"],"relics":["ScarletHat","NeowsBlessing","Bottled Lightning"],"acts_visited":["Exordium"],"potions_floor_usage":[4],"damage_taken":[{"damage":0,"enemies":"2 Louse","floor":1,"turns":1},{"damage":0,"enemies":"Small Slimes","floor":2,"turns":1},{"damage":0,"enemies":"Cultist","floor":3,"turns":1},{"damage":10,"enemies":"Lots of Slimes","floor":4,"turns":4},{"damage":2,"enemies":"Blue Slaver","floor":5,"turns":5},{"damage":29,"enemies":"Gremlin Nob","floor":6,"turns":6}],"seed_played":"-5869868993454981473","potions_obtained":[{"floor":1,"key":"GamblersBrew"},{"floor":3,"key":"Energy Potion"},{"floor":4,"key":"Dexterity Potion"}],"is_trial":false,"path_per_floor":["M","M","M","M","M","E"],"character_chosen":"REMILIA","items_purchased":[],"campfire_rested":0,"item_purchase_floors":[],"current_hp_per_floor":[75,75,75,65,64,36,36],"gold":205,"neow_bonus":"THREE_ENEMY_KILL","is_daily":false,"chose_seed":false,"campfire_upgraded":0,"win_rate":0.0,"timestamp":1610703611,"path_taken":["M","M","M","M","M","E"],"items_purchased_type":[],"build_version":"2020-12-22","purchased_purges":0,"victory":false,"max_hp_per_floor":[75,75,75,75,75,75,75],"relic_stats":{"counters":[6,18],"obtain_stats":[{"NeowsBlessing":0,"Bottled Lightning":6,"ScarletHat":0},{"NeowsBlessing":0,"Bottled Lightning":6,"ScarletHat":0},{"NeowsBlessing":0,"Bottled Lightning":18,"ScarletHat":0}]},"card_choices":[{"not_picked":["ScarletDevil","DiffusionOfMisfortune"],"picked":"LeisurelyOfLord","floor":1},{"not_picked":["UnstableMagic","DevilSight"],"picked":"VampireFantasy","floor":2},{"not_picked":["ChainGang","BlasphemousPunishment"],"picked":"NightLord","floor":3},{"not_picked":["ScarletDevilSign","VampireFantasy"],"picked":"MillenniumVampire","floor":4},{"not_picked":["DiffusionOfMisfortune","NightDance"],"picked":"EternalNight","floor":5}],"player_experience":375834,"relics_obtained":[{"floor":6,"key":"Bottled Lightning"}],"event_choices":[],"is_beta":false,"boss_relics":[],"items_purged_floors":[],"is_endless":false,"potions_floor_spawned":[1,3,4],"killed_by":"Gremlin Nob","ascension_level":5}}