{"host":"7icsapbuzx467fpx","time":1610749976,"event":{"mods":["BaseMod","Colored Map","Friendly Minions","Kiyohime????","Minty Spire (QoL Compilation)","Prisma Mod","Replay The Spire","StSLib","The Alterego","Waifu the Spire"],"gold_per_floor":[112,123,148,159,0,32,32,32,56,77,91,91,120,203,203,103,103,123,138,63,63,79,89,108,108,108,108,108],"floor_reached":27,"language":"ENG","playtime":2685,"items_purged":[],"score":223,"play_id":"d6dbd8eb-71a5-49ff-97de-1f1f2851947c","local_time":"20210115233256","is_ascension_mode":false,"campfire_choices":[{"floor":7,"key":"REST"},{"floor":12,"key":"REST"}],"circlet_count":0,"master_deck":["KiyohimeMod:Strike","KiyohimeMod:Strike","KiyohimeMod:Strike+1","KiyohimeMod:Strike","KiyohimeMod:Defend","KiyohimeMod:Defend","KiyohimeMod:Defend+1","KiyohimeMod:Track","KiyohimeMod:Shapeshift","KiyohimeMod:Berserker","KiyohimeMod:AndSoTheShipConquers","KiyohimeMod:FirstPremonition+1","KiyohimeMod:RedBlackKey","KiyohimeMod:HydraDagger","KiyohimeMod:GreenBlackKey","KiyohimeMod:Berserker+1","KiyohimeMod:CommandCard_Quick","KiyohimeMod:AVerseOfBurningLoveStory","KiyohimeMod:HydraDagger","KiyohimeMod:CommandCard_Quick+1","KiyohimeMod:BlueBlackKey","KiyohimeMod:GreenBlackKey","KiyohimeMod:Berserker+1"],"relics":["ReplayTheSpireMod:DimensionalGlitch","Replay:Mystery Machine","Replay:Wax Seal","Membership Card","Bag of Preparation","Toxic Egg 2","Bag of Marbles","Odd Mushroom","White Beast Statue","Snecko Eye"],"acts_visited":["Exordium","TheCity"],"potions_floor_usage":[16,22,23,24],"damage_taken":[{"damage":1,"enemies":"Cultist","floor":1,"turns":4},{"damage":0,"enemies":"2 Louse","floor":2,"turns":3},{"damage":9,"enemies":"Small Slimes","floor":4,"turns":3},{"damage":16,"enemies":"Lagavulin","floor":6,"turns":7},{"damage":0,"enemies":"The Mushroom Lair","floor":10,"turns":3},{"damage":0,"enemies":"Blue Slaver","floor":11,"turns":3},{"damage":3,"enemies":"Replay:BlueRogue","floor":13,"turns":4},{"damage":30,"enemies":"The Guardian","floor":16,"turns":5},{"damage":12,"enemies":"3 Byrds","floor":18,"turns":6},{"damage":3,"enemies":"2 Thieves","floor":19,"turns":3},{"damage":17,"enemies":"Centurion and Healer","floor":22,"turns":5},{"damage":16,"enemies":"Snake Plant","floor":23,"turns":3},{"damage":3,"enemies":"Cultist and Chosen","floor":24,"turns":5},{"damage":18,"enemies":"Replay:Snechameleon","floor":27,"turns":2}],"seed_played":"-8486508079326003985","potions_obtained":[{"floor":1,"key":"BlessingOfTheForge"},{"floor":11,"key":"LiquidBronze"},{"floor":13,"key":"Ancient Potion"},{"floor":16,"key":"Fire Potion"},{"floor":22,"key":"Energy Potion"},{"floor":23,"key":"Regen Potion"},{"floor":24,"key":"Strength Potion"}],"is_trial":false,"path_per_floor":["M","M","T","M","$","E","R","?","T","?","M","R","E","$","R_BF","B",null,"M","M","?","?","M","M","M","PTL","PTL","E"],"character_chosen":"Kiyohime","items_purchased":["Replay:Wax Seal","Membership Card","Bag of Preparation","KiyohimeMod:Berserker+1"],"campfire_rested":2,"item_purchase_floors":[5,5,5,14],"current_hp_per_floor":[59,59,59,50,50,34,52,40,40,40,40,58,55,55,55,25,60,48,45,45,45,28,12,17,17,17,0,0],"gold":108,"neow_bonus":"BOSS_RELIC","is_daily":false,"chose_seed":false,"campfire_upgraded":0,"win_rate":0.0,"timestamp":1610749976,"path_taken":["M","?","?","M","$","E","R","?","T","?","M","R","E","?","R_BF","BOSS","M","M","?","?","M","?","M","PTL","PTL","E"],"items_purchased_type":["Relic","Relic","Relic","Card"],"build_version":"2020-12-22","purchased_purges":0,"victory":false,"max_hp_per_floor":[60,60,60,60,60,60,60,60,60,60,60,60,60,60,60,60,60,60,60,60,60,60,60,60,60,60,60,60],"card_choices":[{"not_picked":["KiyohimeMod:BeElegant","KiyohimeMod:DivineConstruct"],"picked":"KiyohimeMod:Berserker","floor":1},{"not_picked":["KiyohimeMod:BeElegant","KiyohimeMod:WaterTurn","KiyohimeMod:EatSoul"],"picked":"SKIP","floor":2},{"not_picked":["KiyohimeMod:Fragarach","KiyohimeMod:SteelTraining"],"picked":"KiyohimeMod:AndSoTheShipConquers","floor":4},{"not_picked":["KiyohimeMod:Fragarach","KiyohimeMod:Preemptive"],"picked":"KiyohimeMod:FirstPremonition+1","floor":6},{"not_picked":["KiyohimeMod:WaterTurn+1","KiyohimeMod:AndSoTheShipConquers+1"],"picked":"KiyohimeMod:RedBlackKey","floor":10},{"not_picked":["KiyohimeMod:WaterTurn+1","KiyohimeMod:Preemptive"],"picked":"KiyohimeMod:HydraDagger","floor":11},{"not_picked":["KiyohimeMod:Fragarach","KiyohimeMod:BeElegant+1"],"picked":"KiyohimeMod:GreenBlackKey","floor":13},{"not_picked":["KiyohimeMod:PrismaCosmos","KiyohimeMod:CastleOfTheSun"],"picked":"KiyohimeMod:AVerseOfBurningLoveStory","floor":16},{"not_picked":["KiyohimeMod:Tenacious","KiyohimeMod:DragonVein+1"],"picked":"KiyohimeMod:HydraDagger","floor":18},{"not_picked":["KiyohimeMod:EatSoul+1","KiyohimeMod:FormalCraft+1"],"picked":"KiyohimeMod:CommandCard_Quick+1","floor":19},{"not_picked":["KiyohimeMod:SteelTraining+1","KiyohimeMod:AndSoTheShipConquers+1"],"picked":"KiyohimeMod:BlueBlackKey","floor":22},{"not_picked":["KiyohimeMod:Preemptive","KiyohimeMod:WaterTurn+1"],"picked":"KiyohimeMod:GreenBlackKey","floor":23},{"not_picked":["KiyohimeMod:RedBlackKey","KiyohimeMod:AndSoTheShipConquers+1"],"picked":"KiyohimeMod:Berserker+1","floor":24}],"player_experience":51173,"relics_obtained":[{"floor":3,"key":"Replay:Mystery Machine"},{"floor":6,"key":"Toxic Egg 2"},{"floor":9,"key":"Bag of Marbles"},{"floor":10,"key":"Odd Mushroom"},{"floor":13,"key":"White Beast Statue"}],"event_choices":[{"damage_healed":0,"gold_gain":0,"player_choice":"Entered Light","damage_taken":12,"max_hp_gain":0,"max_hp_loss":0,"event_name":"Shining Light","floor":8,"gold_loss":0,"cards_upgraded":["KiyohimeMod:Defend","KiyohimeMod:Strike"]},{"damage_healed":0,"gold_gain":0,"player_choice":"Fought Mushrooms","damage_taken":0,"max_hp_gain":0,"max_hp_loss":0,"event_name":"Mushrooms","floor":10,"gold_loss":0},{"cards_removed":["KiyohimeMod:Defend"],"damage_healed":0,"gold_gain":0,"player_choice":"Gave Gold","damage_taken":0,"max_hp_gain":0,"max_hp_loss":0,"event_name":"Beggar","floor":20,"gold_loss":75}],"is_beta":false,"boss_relics":[{"not_picked":["Replay:Drink Me","Runic Pyramid"],"picked":"Snecko Eye"}],"items_purged_floors":[],"is_endless":false,"potions_floor_spawned":[1,11,13,16,18,19,22,23,24],"killed_by":"Replay:Snechameleon","ascension_level":0}}