{"host":"npubv26u89aif4fa","time":1610737591,"event":{"mods":["Astrologer","BaseMod","Better Vampires","Better-Laid Plans","Colored Powertips","GifTheSpireLib","GungeonMod","HornydragonMod","Hubris","Jedi Mod","Minty Spire (QoL Compilation)","Quick Restart","Remilia（蕾米莉亚）","Replay The Spire","StSLib","Td1madao Mod","The Administrix","The Alterego","The Bug Knight","The Cursed","The Runesmith","Yuri Mod","残留之物"],"gold_per_floor":[109,109,125,125,139,172,172,189,189,224,242,242,368,379,379,484,484,495,514,531,136,136,164,182,182,182,201,201,201,11,37,37,146,146,166,166,166,166,195,247,274,303,357,394,86,86,86,86,86,98,98,98,50,85,107,107],"floor_reached":55,"language":"ZHS","playtime":5578,"items_purged":["Strike_P","Strike_P"],"score":589,"play_id":"101d5efe-cdc0-49f4-92ed-166886ed78e8","local_time":"20210116030631","is_ascension_mode":false,"campfire_choices":[{"floor":7.0,"key":"RECALL"},{"floor":12.0,"key":"REST"},{"data":"Devotion","floor":15.0,"key":"SMITH"},{"data":"Strike_P","floor":25.0,"key":"PURGE"},{"data":"Strike_P","floor":28.0,"key":"PURGE"},{"data":"BattleHymn","floor":32.0,"key":"SMITH"},{"floor":47.0,"key":"REST"},{"floor":49.0,"key":"REST"},{"data":"Pray","floor":52.0,"key":"SMITH"}],"circlet_count":0,"master_deck":["Defend_P","Defend_P","Defend_P","Defend_P","Vigilance","ForeignInfluence","EmptyMind","Indignation","CutThroughFate","Prostrate","Devotion+1","CarveReality","Prostrate","Devotion+1","Replay:AtTheReady","Prostrate+1","DeceiveReality","BattleHymn+1","Replay:DivineShield","Scrawl","Dramatic Entrance","WindmillStrike","ForeignInfluence","Replay:Battleflow","MentalFortress","Perseverance+1","Replay:AllIn","Finesse","Flash of Steel","Madness","Madness","Tantrum","Pray+1","ClearTheMind"],"relics":["PureWater","Peace Pipe","hubris:Icosahedron","hubris:ToyBattleship","Matryoshka","Strawberry","PlaceholderMod:DaolothFragment","hubris:HollowSoul","Runesmith:Nanobots","Replay:Bottled Steam","Replay:Bandana","Bronze Scales","White Beast Statue","BargainBundle","hubris:TerracottaHorce","Bag of Marbles","Omamori","Runesmith:Locket","jedi:heavyjacket"],"acts_visited":["TheCity","TheBeyond","TheEnding"],"potions_floor_usage":[55,55,55],"damage_taken":[{"damage":0.0,"enemies":"2 Louse","floor":1.0,"turns":3.0},{"damage":0.0,"enemies":"Small Slimes","floor":3.0,"turns":2.0},{"damage":0.0,"enemies":"Cultist","floor":5.0,"turns":2.0},{"damage":39.0,"enemies":"Lagavulin","floor":6.0,"turns":8.0},{"damage":17.0,"enemies":"2 Fungi Beasts","floor":8.0,"turns":2.0},{"damage":34.0,"enemies":"3 Sentries","floor":10.0,"turns":8.0},{"damage":10.0,"enemies":"Red Slaver","floor":11.0,"turns":5.0},{"damage":13.0,"enemies":"Lagavulin","floor":13.0,"turns":4.0},{"damage":0.0,"enemies":"Lots of Slimes","floor":14.0,"turns":5.0},{"damage":21.0,"enemies":"Slime Boss","floor":16.0,"turns":5.0},{"damage":7.0,"enemies":"Shell Parasite","floor":18.0,"turns":4.0},{"damage":6.0,"enemies":"Chosen","floor":19.0,"turns":3.0},{"damage":10.0,"enemies":"3 Cultists","floor":20.0,"turns":5.0},{"damage":21.0,"enemies":"HollowMod:Nosk","floor":23.0,"turns":5.0},{"damage":3.0,"enemies":"Centurion and Healer","floor":24.0,"turns":4.0},{"damage":15.0,"enemies":"Snake Plant","floor":27.0,"turns":5.0},{"damage":0.0,"enemies":"Shelled Parasite and Fungi","floor":31.0,"turns":3.0},{"damage":24.0,"enemies":"hubris:MusketHawk","floor":33.0,"turns":4.0},{"damage":0.0,"enemies":"Orb Walker","floor":35.0,"turns":4.0},{"damage":0.0,"enemies":"3 Shapes","floor":39.0,"turns":2.0},{"damage":4.0,"enemies":"HollowMod:StalkingDevout","floor":40.0,"turns":5.0},{"damage":0.0,"enemies":"3 Darklings","floor":41.0,"turns":1.0},{"damage":0.0,"enemies":"Sphere and 2 Shapes","floor":42.0,"turns":4.0},{"damage":23.0,"enemies":"Maw","floor":44.0,"turns":6.0},{"damage":33.0,"enemies":"Replay:Hell Engine","floor":50.0,"turns":7.0},{"damage":48.0,"enemies":"Shield and Spear","floor":54.0,"turns":5.0},{"damage":124,"enemies":"The Heart","floor":55,"turns":2}],"seed_played":"-6106902503264915185","potions_obtained":[{"floor":3.0,"key":"PowerPotion"},{"floor":4.0,"key":"BottledMiracle"},{"floor":4.0,"key":"StancePotion"},{"floor":10.0,"key":"SpeedPotion"},{"floor":11.0,"key":"Block Potion"},{"floor":14.0,"key":"DemoMod:LeadSkinPotion"},{"floor":20.0,"key":"Adrenaline Potion"},{"floor":31.0,"key":"Strength Potion"},{"floor":33.0,"key":"PlaceholderMod:PlaceholderPotion"},{"floor":40.0,"key":"Elixir"},{"floor":41.0,"key":"Flashbang"}],"is_trial":false,"path_per_floor":["M","?","M","?","M","E","R","M","T","E","M","R","E","M","R","B",null,"M","M","M","$","?","E","M","R","T","M","R","T","$","M","R","B",null,"M","?","?","?","M","E","M","M","T","M","$","?","R","$","R","B",null,"R","$","E","B"],"character_chosen":"WATCHER","items_purchased":["Runesmith:Nanobots","BattleHymn","BargainBundle","MentalFortress","Runesmith:Locket","ClearTheMind"],"campfire_rested":3,"item_purchase_floors":[21,21,30,30,45,53],"current_hp_per_floor":[65,65,65,65,65,26,26,48,48,21,11,32,19,72,72,51,72,65,59,49,49,49,51,48,48,48,33,33,33,33,33,33,9,56,56,51,42,42,42,38,38,38,38,15,15,15,36,36,57,34,63,63,63,15,0,0],"gold":107,"neow_bonus":"ONE_RARE_RELIC","is_daily":false,"chose_seed":false,"campfire_upgraded":3,"win_rate":0.0,"timestamp":1610737591,"path_taken":["M","?","M","?","M","E","R","M","T","E","M","R","E","M","R","BOSS","M","?","M","$","?","E","?","R","T","?","R","?","?","M","R","BOSS","M","?","?","?","M","E","M","M","T","?","$","?","R","$","R","BOSS","R","$","E","BOSS"],"items_purchased_type":["Relic","Card","Relic","Card","Relic","Card"],"build_version":"2020-12-22","purchased_purges":2,"victory":false,"max_hp_per_floor":[65,65,65,65,65,65,65,65,65,72,72,72,72,72,72,72,72,72,72,72,72,72,72,72,72,72,72,72,72,72,72,72,72,72,72,72,72,72,72,72,72,72,72,72,72,72,72,72,72,72,72,72,72,72,72,72],"card_choices":[{"not_picked":["FlyingSleeves","Tantrum"],"picked":"ForeignInfluence","floor":1.0},{"not_picked":["SandsOfTime","EmptyBody"],"picked":"EmptyMind","floor":3.0},{"not_picked":["Wallop","Evaluate"],"picked":"Indignation","floor":5.0},{"not_picked":["CutThroughFate","SpiritShield","EmptyFist"],"picked":"SKIP","floor":6.0},{"not_picked":["SpiritShield","EmptyFist"],"picked":"CutThroughFate","floor":6.0},{"not_picked":["Worship","ThirdEye"],"picked":"Prostrate","floor":8.0},{"not_picked":["Meditate","CutThroughFate"],"picked":"Devotion","floor":10.0},{"not_picked":["Protect","Swivel","Evaluate"],"picked":"SKIP","floor":11.0},{"not_picked":["SashWhip","TalkToTheHand"],"picked":"CarveReality","floor":13.0},{"not_picked":["Protect","FearNoEvil"],"picked":"Prostrate","floor":14.0},{"not_picked":["Replay:LoomingThreat","Alpha"],"picked":"Devotion","floor":16.0},{"not_picked":["Vengeance+1","Replay:ManipulateFuture"],"picked":"Replay:AtTheReady","floor":18.0},{"not_picked":["WreathOfFlame+1","DeceiveReality"],"picked":"Prostrate+1","floor":19.0},{"not_picked":["Nirvana","DevaForm"],"picked":"DeceiveReality","floor":20.0},{"not_picked":["Devotion","ClearTheMind+1"],"picked":"WindmillStrike","floor":23.0},{"not_picked":["Prostrate","EmptyFist"],"picked":"ForeignInfluence","floor":24.0},{"not_picked":["TalkToTheHand","Replay:Hum"],"picked":"Replay:Battleflow","floor":27.0},{"not_picked":["Swivel","ThirdEye+1"],"picked":"Perseverance+1","floor":31.0},{"not_picked":["MasterReality","Alpha"],"picked":"Replay:AllIn","floor":33.0},{"not_picked":["BowlingBash+1","FollowUp+1","CrushJoints"],"picked":"SKIP","floor":35.0},{"not_picked":["Transmutation","jedi:RedIncense"],"picked":"Finesse","floor":36.0},{"not_picked":["Specialist","DemoMod:Deposit"],"picked":"Flash of Steel","floor":36.0},{"not_picked":["TalkToTheHand","Replay:AtTheReady"],"picked":"Tantrum","floor":39.0},{"not_picked":["BowlingBash","Halt+1","Blasphemy"],"picked":"SKIP","floor":40.0},{"not_picked":["BowlingBash","Halt+1","Blasphemy"],"picked":"SKIP","floor":40.0},{"not_picked":["CrushJoints+1","ThirdEye","Fasting2"],"picked":"SKIP","floor":41.0},{"not_picked":["LikeWater","SandsOfTime+1"],"picked":"Pray","floor":42.0},{"not_picked":["PathToVictory+1","Vengeance+1","WindmillStrike+1"],"picked":"SKIP","floor":44.0},{"not_picked":["Replay:LoomingThreat","FollowUp+1","Halt+1"],"picked":"SKIP","floor":54.0}],"player_experience":287961,"relics_obtained":[{"floor":6.0,"key":"hubris:ToyBattleship"},{"floor":9.0,"key":"Matryoshka"},{"floor":10.0,"key":"Strawberry"},{"floor":13.0,"key":"PlaceholderMod:DaolothFragment"},{"floor":23.0,"key":"Replay:Bottled Steam"},{"floor":26.0,"key":"Replay:Bandana"},{"floor":29.0,"key":"Bronze Scales"},{"floor":29.0,"key":"White Beast Statue"},{"floor":40.0,"key":"Bag of Marbles"},{"floor":43.0,"key":"Omamori"},{"floor":54.0,"key":"jedi:heavyjacket"}],"event_choices":[{"damage_healed":0.0,"max_hp_gain":0.0,"max_hp_loss":0.0,"gold_gain":0.0,"event_name":"Lab","player_choice":"Got Potions","floor":4.0,"gold_loss":0.0,"damage_taken":0.0},{"damage_healed":0.0,"max_hp_gain":0.0,"max_hp_loss":0.0,"gold_gain":0.0,"event_name":"Match and Keep!","player_choice":"4 cards matched","floor":22.0,"gold_loss":0.0,"damage_taken":0.0,"cards_obtained":["Replay:DivineShield","Scrawl","Dramatic Entrance","CrushJoints"]},{"damage_healed":0.0,"max_hp_gain":0.0,"max_hp_loss":0.0,"gold_gain":0.0,"event_name":"SensoryStone","player_choice":"Memory 2","floor":36.0,"gold_loss":0.0,"damage_taken":5.0},{"damage_healed":0.0,"max_hp_gain":0.0,"max_hp_loss":0.0,"gold_gain":0.0,"event_name":"Winding Halls","player_choice":"Embrace Madness","floor":37.0,"gold_loss":0.0,"damage_taken":9.0,"cards_obtained":["Madness","Madness"]},{"cards_removed":["CrushJoints"],"damage_healed":0.0,"max_hp_gain":0.0,"max_hp_loss":0.0,"gold_gain":0.0,"event_name":"Falling","player_choice":"Removed Attack","floor":46.0,"gold_loss":0.0,"damage_taken":0.0}],"is_beta":false,"boss_relics":[{"not_picked":["Philosopher\u0027s Stone","Coffee Dripper"],"picked":"hubris:HollowSoul"},{"not_picked":["ReplayTheSpireMod:DimensionalGlitch","Astrolabe"],"picked":"hubris:TerracottaHorce"}],"items_purged_floors":[21,30],"is_endless":false,"potions_floor_spawned":[3,5,10,11,14,20,23,31,33,35,39,40,41,42,44,54],"killed_by":"The Heart","ascension_level":0}}