{"host":"2no1vwhhkhf0ohz3","time":1610724018,"event":{"mods":["AchievementEnabler","BaseMod","Colored Map","DeckTracker","Keyboard Shortcuts","Minty Spire (QoL Compilation)","Relic Stats","SuperFastMode"],"gold_per_floor":[114,131,5,17,68,68,101,114,114,114,114,114],"floor_reached":11,"language":"KOR","playtime":289,"items_purged":[],"score":102,"play_id":"dfe9e04f-2d15-474b-b658-27619bc7bb83","local_time":"20210116002018","is_ascension_mode":true,"campfire_choices":[{"data":"Deadly Poison","floor":6,"key":"SMITH"},{"floor":10,"key":"REST"}],"circlet_count":0,"master_deck":["Strike_G","Strike_G","Strike_G","Strike_G","Strike_G","Defend_G","Defend_G","Defend_G","Defend_G","Defend_G","Survivor","Neutralize","Deadly Poison+1","Predator","Backflip","Well Laid Plans","Backflip","Dagger Throw","Poisoned Stab"],"relics":["Ring of the Snake","Blood Vial","Dream Catcher","Omamori"],"acts_visited":["Exordium"],"potions_floor_usage":[7],"damage_taken":[{"damage":0,"enemies":"Cultist","floor":1,"turns":5},{"damage":8,"enemies":"Jaw Worm","floor":2,"turns":4},{"damage":5,"enemies":"Small Slimes","floor":4,"turns":3},{"damage":34,"enemies":"Lagavulin","floor":7,"turns":7},{"damage":3,"enemies":"Blue Slaver","floor":8,"turns":4},{"damage":27,"enemies":"3 Sentries","floor":11,"turns":4}],"seed_played":"5187052542131950863","potions_obtained":[{"floor":2,"key":"Block Potion"},{"floor":7,"key":"SpeedPotion"}],"is_trial":false,"path_per_floor":["M","M","$","M","T","R","E","M","T","R","E"],"character_chosen":"THE_SILENT","items_purchased":["Well Laid Plans","Backflip"],"campfire_rested":1,"item_purchase_floors":[3,3],"current_hp_per_floor":[63,55,55,50,50,50,18,17,17,38,13,13],"gold":114,"neow_bonus":"THREE_CARDS","is_daily":false,"chose_seed":false,"campfire_upgraded":1,"win_rate":0.0,"timestamp":1610724018,"path_taken":["M","M","$","M","?","R","E","M","T","R","E"],"items_purchased_type":["Card","Card"],"build_version":"2020-12-22","purchased_purges":0,"victory":false,"max_hp_per_floor":[70,70,70,70,70,70,70,70,70,70,70,70],"relic_stats":{"Blood Vial":6,"Dream Catcher":1,"counters":[6,27],"obtain_stats":[{"Blood Vial":5,"Dream Catcher":7,"Omamori":9,"Ring of the Snake":0},{"Blood Vial":3,"Dream Catcher":4,"Omamori":5,"Ring of the Snake":0},{"Blood Vial":12,"Dream Catcher":19,"Omamori":23,"Ring of the Snake":0}],"Ring of the Snake":[12]},"card_choices":[{"not_picked":["Poisoned Stab","Quick Slash"],"picked":"Deadly Poison","floor":0},{"not_picked":["Underhanded Strike","Leg Sweep"],"picked":"Predator","floor":1},{"not_picked":["Deadly Poison","Distraction"],"picked":"Backflip","floor":2},{"not_picked":["Bane","Finisher"],"picked":"Dagger Throw","floor":4},{"not_picked":["Backflip","Deadly Poison","Flechettes"],"picked":"SKIP","floor":7},{"not_picked":["Blade Dance","Concentrate","Bane"],"picked":"SKIP","floor":8},{"not_picked":["Underhanded Strike","Deflect"],"picked":"Poisoned Stab","floor":10}],"player_experience":293248,"relics_obtained":[{"floor":5,"key":"Blood Vial"},{"floor":7,"key":"Dream Catcher"},{"floor":9,"key":"Omamori"}],"event_choices":[],"is_beta":false,"boss_relics":[],"items_purged_floors":[],"is_endless":false,"potions_floor_spawned":[2,7],"killed_by":"3 Sentries","ascension_level":8}}