{"host":"s3s7xsmblwiz356v","time":1610753225,"event":{"mods":["AchievementEnabler","BaseMod","Block Reminder","Colored Map","Colored Powertips","Minty Spire (QoL Compilation)"],"gold_per_floor":[118,83,158,176,176,209,209,238,238,238,238],"floor_reached":10,"language":"ENG","playtime":501,"items_purged":[],"score":130,"play_id":"0a71c244-b437-424d-b751-2661fd493a08","local_time":"20210115182705","is_ascension_mode":true,"campfire_choices":[{"data":"1","floor":7,"key":"LIFT"}],"circlet_count":0,"master_deck":["AscendersBane","Strike_G","Strike_G","Strike_G","Strike_G","Strike_G","Defend_G","Defend_G","Defend_G","Defend_G","Defend_G","Survivor","Neutralize","CurseOfTheBell","Terror","Deflect","Dagger Spray","Footwork"],"relics":["Calling Bell","Regal Pillow","White Beast Statue","Lizard Tail","Lantern","Girya","Blood Vial","Nunchaku"],"acts_visited":["Exordium"],"potions_floor_usage":[6,10],"damage_taken":[{"damage":4,"enemies":"Jaw Worm","floor":1,"turns":6},{"damage":0,"enemies":"Small Slimes","floor":4,"turns":5},{"damage":33,"enemies":"Gremlin Nob","floor":6,"turns":5},{"damage":33,"enemies":"3 Sentries","floor":8,"turns":10},{"damage":72,"enemies":"Gremlin Nob","floor":10,"turns":6}],"seed_played":"-5025085662523310442","potions_obtained":[{"floor":1,"key":"ColorlessPotion"},{"floor":4,"key":"FairyPotion"},{"floor":6,"key":"SteroidPotion"},{"floor":8,"key":"FearPotion"}],"is_trial":false,"path_per_floor":["M","?","?","M","T","E","R","E","T","E"],"character_chosen":"THE_SILENT","items_purchased":[],"campfire_rested":0,"item_purchase_floors":[],"current_hp_per_floor":[55,66,55,55,55,22,22,8,8,0,0],"gold":238,"neow_bonus":"BOSS_RELIC","is_daily":false,"chose_seed":false,"campfire_upgraded":0,"win_rate":0.0,"timestamp":1610753225,"path_taken":["M","?","?","M","?","E","R","E","T","E"],"items_purchased_type":[],"build_version":"2020-12-22","purchased_purges":0,"victory":false,"max_hp_per_floor":[66,66,66,66,66,66,66,66,66,66,66],"card_choices":[{"not_picked":["Deadly Poison","Setup"],"picked":"Terror","floor":1},{"not_picked":["Acrobatics","Distraction"],"picked":"Deflect","floor":4},{"not_picked":["Dagger Throw","Escape Plan"],"picked":"Dagger Spray","floor":6},{"not_picked":["Underhanded Strike","Bane"],"picked":"Footwork","floor":8}],"player_experience":429203,"relics_obtained":[{"floor":0,"key":"Regal Pillow"},{"floor":0,"key":"White Beast Statue"},{"floor":0,"key":"Lizard Tail"},{"floor":5,"key":"Lantern"},{"floor":6,"key":"Girya"},{"floor":8,"key":"Blood Vial"},{"floor":9,"key":"Nunchaku"}],"event_choices":[{"damage_healed":16,"gold_gain":0,"player_choice":"Healed","damage_taken":0,"max_hp_gain":0,"max_hp_loss":0,"event_name":"The Cleric","floor":2,"gold_loss":35},{"damage_healed":0,"gold_gain":75,"player_choice":"Gather Gold","damage_taken":11,"max_hp_gain":0,"max_hp_loss":0,"event_name":"World of Goop","floor":3,"gold_loss":0}],"is_beta":false,"boss_relics":[],"items_purged_floors":[],"is_endless":false,"potions_floor_spawned":[1,4,6,8],"killed_by":"Gremlin Nob","ascension_level":15}}