{"host":"ya062ahhhuj9au1o","time":1610681954,"event":{"mods":["BaseMod","Better Third Choice","Downfall","Filter the Spire","Hermit","Minty Spire (QoL Compilation)","Random Character Button","Robot Space Explorer","Somnambulant","StSLib","The Bug Knight","The Cursed","The Marked","The Servant 0.9.4"],"gold_per_floor":[116,136,136,154,154,154,484,500,569,569,569,582,429,440,440,515,515,526,589,413,424,384,384,394,394,419,430,124,141,159,170,170,245,295,312,374,424,435,504,504,504],"floor_reached":40,"language":"ENG","playtime":2409,"items_purged":["HollowMod:QuickDashStart","HollowMod:QuickDashStart"],"score":698,"play_id":"5bea221d-f55c-4645-bca9-256d474690da","local_time":"20210114223914","is_ascension_mode":true,"campfire_choices":[{"data":"HollowMod:DashSlash","floor":6.0,"key":"SMITH"},{"floor":10.0,"key":"REST"},{"data":"HollowMod:ShadowDash","floor":15.0,"key":"SMITH"},{"data":"HollowMod:SharpenedShadows","floor":23.0,"key":"SMITH"},{"floor":25.0,"key":"REST"},{"data":"HollowMod:MantisMark","floor":32,"key":"SMITH"}],"circlet_count":0,"master_deck":["AscendersBane","HollowMod:NailStrikeStart+1","HollowMod:NailStrikeStart","HollowMod:NailStrikeStart","HollowMod:NailStrikeStart","HollowMod:QuickDashStart+1","HollowMod:PogoStrike","HollowMod:DescendingDark","HollowMod:DashSlash+1","HollowMod:DescendingDark","HollowMod:ShadowDash+1","HollowMod:RecoilStrike+1","HollowMod:BlackTendrils+1","HollowMod:SharpenedShadows+1","HollowMod:VengefulVoid","HollowMod:VoidDash","HollowMod:DashSlash","HollowMod:HuntersJournal","HollowMod:SharpenedShadows","HollowMod:RecoilStrike+1","HollowMod:MantisMark+1","HollowMod:CloakDash","HollowMod:ShadowDash","HollowMod:BlackTendrils","HollowMod:VengefulVoid+1"],"relics":["Philosopher\u0027s Stone","Old Coin","Question Card","SsserpentHead","HollowMod:VoidIdolRelic","Anchor","Lee\u0027s Waffle","Vajra","Tiny House"],"acts_visited":["Exordium","TheCity","TheBeyond"],"potions_floor_usage":[33,36],"damage_taken":[{"damage":5.0,"enemies":"Small Slimes","floor":1.0,"turns":3.0},{"damage":7.0,"enemies":"Jaw Worm","floor":2.0,"turns":4.0},{"damage":2.0,"enemies":"2 Louse","floor":4.0,"turns":2.0},{"damage":16.0,"enemies":"Lagavulin","floor":7.0,"turns":5.0},{"damage":4.0,"enemies":"Lots of Slimes","floor":8.0,"turns":2.0},{"damage":3.0,"enemies":"Large Slime","floor":12.0,"turns":3.0},{"damage":0.0,"enemies":"Gremlin Gang","floor":14.0,"turns":2.0},{"damage":35.0,"enemies":"HollowMod:FalseKnight","floor":16.0,"turns":7.0},{"damage":2.0,"enemies":"Chosen","floor":18.0,"turns":3.0},{"damage":10.0,"enemies":"HollowMod:HuskSentry","floor":19.0,"turns":4.0},{"damage":9.0,"enemies":"Cultist and Chosen","floor":21.0,"turns":5.0},{"damage":38.0,"enemies":"Snake Plant","floor":24.0,"turns":4.0},{"damage":20.0,"enemies":"Centurion and Healer","floor":27.0,"turns":5.0},{"damage":8.0,"enemies":"Snecko","floor":29.0,"turns":3.0},{"damage":38.0,"enemies":"Snake Plant","floor":30.0,"turns":3.0},{"damage":4,"enemies":"Chosen and Byrds","floor":31,"turns":3},{"damage":43,"enemies":"Collector","floor":33,"turns":5},{"damage":8,"enemies":"3 Shapes","floor":35,"turns":4},{"damage":12,"enemies":"Orb Walker","floor":36,"turns":3},{"damage":27,"enemies":"Sphere and 2 Shapes","floor":38,"turns":3},{"damage":0,"enemies":"3 Darklings","floor":39,"turns":3},{"damage":71,"enemies":"Nemesis","floor":40,"turns":3}],"seed_played":"3474763794973416411","potions_obtained":[{"floor":8.0,"key":"EntropicBrew"},{"floor":12.0,"key":"PowerPotion"},{"floor":16.0,"key":"DuplicationPotion"},{"floor":19.0,"key":"PowerPotion"},{"floor":34,"key":"hexamod:EctoCoolerPotion"}],"is_trial":false,"path_per_floor":["M","M","?","M","?","R","E","M","T","R","?","M","$","M","R","B",null,"M","M","$","M","?","R","M","R","T","M","$","M","M","M","R","B",null,"M","M","?","M","M","E"],"character_chosen":"THE_BUGKNIGHT","items_purchased":["HollowMod:SharpenedShadows","HollowMod:SharpenedShadows","Lee\u0027s Waffle","Vajra"],"campfire_rested":2,"item_purchase_floors":[13,20,28,28],"current_hp_per_floor":[63,56,41,39,39,39,23,19,19,41,41,38,38,38,38,5,58,61,51,51,45,45,45,11,33,33,22,82,78,42,42,42,9,69,73,68,60,37,50,0,0],"gold":504,"neow_bonus":"BOSS_RELIC","is_daily":false,"chose_seed":false,"campfire_upgraded":4,"win_rate":0.0,"timestamp":1610681954,"path_taken":["M","M","?","M","?","R","E","M","T","R","?","M","$","M","R","BOSS","M","?","$","M","?","R","M","R","T","M","$","M","M","M","R","BOSS","M","?","?","M","?","E"],"items_purchased_type":["Card","Card","Relic","Relic"],"build_version":"2020-12-22","purchased_purges":2,"victory":false,"max_hp_per_floor":[75,75,75,75,75,75,75,75,75,75,75,75,75,75,75,75,75,75,75,75,75,75,75,75,75,75,75,82,82,82,82,82,82,87,87,87,87,87,87,87,87],"card_choices":[{"not_picked":["HollowMod:WraithStrike","HollowMod:SharpenedNail"],"picked":"HollowMod:DescendingDark","floor":1.0},{"not_picked":["HollowMod:LifebloodCore","HollowMod:SoulShaman"],"picked":"HollowMod:DashSlash","floor":2.0},{"not_picked":["HollowMod:MothsMistake","HollowMod:SharpenedNail"],"picked":"HollowMod:DescendingDark","floor":4.0},{"not_picked":["HollowMod:CornifersMapStart","HollowMod:WraithStrike"],"picked":"HollowMod:ShadowDash","floor":7.0},{"not_picked":["HollowMod:SoulStrike","HollowMod:WhiteLadysBlessing"],"picked":"HollowMod:RecoilStrike","floor":8.0},{"not_picked":["HollowMod:NewLittleFool","HollowMod:SoulStrike","HollowMod:LuriensSpire"],"picked":"HollowMod:BlackTendrils","floor":12.0},{"not_picked":["HollowMod:SiblingsSouls","HollowMod:SoulSplash","HollowMod:ChannelNail"],"picked":"HollowMod:VengefulVoid","floor":14.0},{"not_picked":["HollowMod:ElderbugsWisdom","HollowMod:ZotesMagnificence","HollowMod:PaleKingsBlessing"],"picked":"HollowMod:VoidDash","floor":16.0},{"not_picked":["HollowMod:HeavyBlow","HollowMod:GoodIntentions","HollowMod:GreatSlash+1"],"picked":"HollowMod:DashSlash","floor":18.0},{"not_picked":["HollowMod:DungDefenderAura","HollowMod:GrimmsGift","HollowMod:SiblingsShadow"],"picked":"HollowMod:HuntersJournal","floor":19.0},{"not_picked":["HollowMod:NewGlowingWomb+1","HollowMod:SiblingsSouls","HollowMod:InfectedCysts"],"picked":"HollowMod:RecoilStrike+1","floor":21.0},{"not_picked":["HollowMod:VoidDash","HollowMod:CrystalDash","HollowMod:SoulSplash"],"picked":"HollowMod:MantisMark","floor":24.0},{"not_picked":["HollowMod:CoiledNail","HollowMod:InfectionAssault","HollowMod:HowlingWraiths","HollowMod:TaintedHusks"],"picked":"SKIP","floor":27.0},{"not_picked":["HollowMod:MothsMistake","HollowMod:GrimmsGift","HollowMod:MonomonsArchive"],"picked":"HollowMod:CloakDash","floor":29.0},{"not_picked":["HollowMod:NewGlowingWomb","HollowMod:DreamGate","HollowMod:AbyssShriek","HollowMod:ChannelNail"],"picked":"SKIP","floor":30.0},{"not_picked":["HollowMod:DungDefenderAura","HollowMod:SoulVessel","HollowMod:SoulEater"],"picked":"HollowMod:ShadowDash","floor":31},{"not_picked":["HollowMod:ChannelNail","HollowMod:DashSlash","HollowMod:VengefulVoid"],"picked":"HollowMod:BlackTendrils","floor":34},{"not_picked":["HollowMod:MothsMistake","HollowMod:ChannelNail","HollowMod:RecoilStrike","HollowMod:SoulVessel"],"picked":"SKIP","floor":35},{"not_picked":["HollowMod:NewJinnsSoul","HollowMod:LifebloodCocoon","HollowMod:ChannelNail"],"picked":"HollowMod:VengefulVoid+1","floor":36},{"not_picked":["HollowMod:DoubleDash","HollowMod:InfectedCysts+1","HollowMod:GoodIntentions","HollowMod:CoiledNail+1"],"picked":"SKIP","floor":38},{"not_picked":["HollowMod:FastStrike","HollowMod:DoubleDash+1","HollowMod:TaintedHusks","HollowMod:NewLittleFool+1"],"picked":"SKIP","floor":39}],"player_experience":1801286,"relics_obtained":[{"floor":7.0,"key":"Old Coin"},{"floor":9.0,"key":"Question Card"},{"floor":26.0,"key":"Anchor"}],"event_choices":[{"damage_healed":56.0,"max_hp_gain":0.0,"max_hp_loss":75.0,"gold_gain":0.0,"event_name":"betterThird:BetterShining","player_choice":"Upgrade","floor":3.0,"gold_loss":0.0,"damage_taken":15.0,"cards_upgraded":["HollowMod:QuickDashStart","HollowMod:NailStrikeStart"]},{"cards_removed":["HollowMod:FocusHealStart"],"damage_healed":0.0,"max_hp_gain":0.0,"max_hp_loss":0.0,"gold_gain":0.0,"event_name":"Living Wall","player_choice":"Forget","floor":5.0,"gold_loss":0.0,"damage_taken":0.0},{"damage_healed":0.0,"max_hp_gain":0.0,"max_hp_loss":0.0,"gold_gain":0.0,"event_name":"FaceTrader","player_choice":"Trade","floor":11.0,"gold_loss":0.0,"damage_taken":0.0,"relics_obtained":["SsserpentHead"]},{"cards_removed":["HollowMod:QuickDashStart"],"damage_healed":0.0,"max_hp_gain":0.0,"max_hp_loss":0.0,"gold_gain":0.0,"event_name":"Designer","player_choice":"Upgrade and Remove","floor":22.0,"gold_loss":90.0,"damage_taken":0.0,"cards_upgraded":["HollowMod:RecoilStrike"]},{"damage_healed":0,"gold_gain":0,"player_choice":"Damaged","damage_taken":8,"max_hp_gain":0,"max_hp_loss":0,"event_name":"Wheel of Change","floor":37,"gold_loss":0}],"is_beta":false,"boss_relics":[{"not_picked":["Snecko Eye","Pandora\u0027s Box"],"picked":"HollowMod:VoidIdolRelic"},{"not_picked":["SlaversCollar","SacredBark"],"picked":"Tiny House"}],"items_purged_floors":[13,20],"is_endless":false,"potions_floor_spawned":[8,12,16,19,24,27,30],"killed_by":"Nemesis","ascension_level":14}}