{"host":"jfbo3eu2ui08ej1u","time":1610724411,"event":{"mods":["2.2 Compatiblity","AchievementEnabler","Act Like it!","Aspiration","BaseMod","Better Altar","Better Match","Better Note","Better Sensory Stone","Better Skull","Better Third Choice","Block Reminder","Colored Map","Colored Powertips","Conspire","DeckTracker","Displayed Cursed Tome","Downfall","Energized Spire","Fox Events","GifTheSpireLib","Hubris","Infinite Spire","Marked Mod","Minty Spire (QoL Compilation)","Pale of the Ancients","Quick Restart","RRrroohrrRGHHhhh!!","Relic Filter","Reorder Act Four","Replay The Spire","Shop Mod","Spicy Shops","StSLib","Stuff the Spire","The Blue Laboratory","The Disciple","The Forsaken","The Hierophant","The Marked","Uncapped","Unceasing Turn Reminder","Wandering Minibosses"],"gold_per_floor":[110,129,163,182,182,182,199,199,199,218,218,253,253,286,286,51,51,51,51],"floor_reached":18,"language":"ENG","playtime":633,"items_purged":[],"score":240,"play_id":"8cd4a74e-4f77-4e92-9969-f662559635de","local_time":"20210115102651","is_ascension_mode":true,"campfire_choices":[{"floor":8.0,"key":"REST"},{"floor":17,"key":"REST"}],"circlet_count":0,"master_deck":["AscendersBane","Strike_R+1","Strike_R","Strike_R","Strike_R","Strike_R","Defend_R","Defend_R","Defend_R","Defend_R","Bash","ReplayTheSpireMod:LeadingStrike+1","Perfected Strike","StuffTheSpire:Resist","Feel No Pain","True Grit","StuffTheSpire:Resist+1","Whirlwind"],"relics":["Burning Blood","Peace Pipe","Pear","Frozen Egg 2","Whetstone","StuffTheSpire:OldFever"],"acts_visited":["Exordium"],"potions_floor_usage":[],"damage_taken":[{"damage":3.0,"enemies":"2 Louse","floor":1.0,"turns":3.0},{"damage":6.0,"enemies":"Cultist","floor":2.0,"turns":4.0},{"damage":47.0,"enemies":"conspire:MimicChest","floor":3.0,"turns":7.0},{"damage":4.0,"enemies":"Small Slimes","floor":4.0,"turns":3.0},{"damage":19.0,"enemies":"Blue Slaver","floor":7.0,"turns":5.0},{"damage":0.0,"enemies":"Looter","floor":10.0,"turns":1.0},{"damage":55.0,"enemies":"Lagavulin","floor":12.0,"turns":8.0},{"damage":40.0,"enemies":"Gremlin Nob","floor":14.0,"turns":5.0},{"damage":59,"enemies":"Hexaghost","floor":18,"turns":9}],"seed_played":"5257659331259338400","potions_obtained":[{"floor":4.0,"key":"HeartOfIron"},{"floor":7.0,"key":"ColorlessPotion"},{"floor":12.0,"key":"blueLaboratory:Moonshine"},{"floor":14.0,"key":"BloodPotion"}],"is_trial":false,"path_per_floor":["M","M","?","M","PTL","PTL","M","R","?","M","T","E","?","E","?","$","R","B"],"character_chosen":"IRONCLAD","items_purchased":["Whirlwind","StuffTheSpire:OldFever"],"campfire_rested":2,"item_purchase_floors":[16,16],"current_hp_per_floor":[78,78,37,39,39,39,26,50,50,56,66,17,44,28,28,28,55,0,0],"gold":51,"neow_bonus":"TEN_PERCENT_HP_BONUS","is_daily":false,"chose_seed":false,"campfire_upgraded":0,"win_rate":0.0,"timestamp":1610724411,"path_taken":["M","M","?","?","PTL","PTL","M","R","?","M","T","E","?","E","?","$","R","BOSS"],"items_purchased_type":["Card","Relic"],"build_version":"2020-12-22","purchased_purges":0,"victory":false,"max_hp_per_floor":[82,82,82,82,82,82,82,82,82,82,92,92,92,92,92,92,92,92,92],"card_choices":[{"not_picked":["ReplayTheSpireMod:Strike From Hell","Body Slam"],"picked":"ReplayTheSpireMod:LeadingStrike","floor":1.0},{"not_picked":["True Grit","Body Slam","Second Wind"],"picked":"SKIP","floor":2.0},{"not_picked":["Metallicize","Armaments"],"picked":"Perfected Strike","floor":3.0},{"not_picked":["Bloodletting","rorgmod:Sentinel"],"picked":"StuffTheSpire:Resist","floor":4.0},{"not_picked":["ReplayTheSpireMod:Strike From Hell","Infernal Blade"],"picked":"Feel No Pain","floor":7.0},{"not_picked":["Pommel Strike","Run Through","StuffTheSpire:BloodClot"],"picked":"SKIP","floor":10.0},{"not_picked":["Heavy Blade","rorgmod:Sentinel"],"picked":"True Grit","floor":12.0},{"not_picked":["Armaments","Anger"],"picked":"StuffTheSpire:Resist+1","floor":14.0}],"player_experience":1226531,"relics_obtained":[{"floor":3.0,"key":"Peace Pipe"},{"floor":11.0,"key":"Pear"},{"floor":12.0,"key":"Frozen Egg 2"},{"floor":14.0,"key":"Whetstone"}],"event_choices":[{"damage_healed":0,"gold_gain":0,"player_choice":"Searched \u00270\u0027 times","damage_taken":0,"max_hp_gain":0,"max_hp_loss":0,"event_name":"Dead Adventurer","floor":15,"gold_loss":0}],"is_beta":false,"boss_relics":[],"items_purged_floors":[],"is_endless":false,"potions_floor_spawned":[4,7,12,14],"killed_by":"Hexaghost","ascension_level":20}}