{"host":"y9jgkjnf95sujozk","time":1610721135,"event":{"mods":["2.2 Compatiblity","AchievementEnabler","Act Like it!","BaseMod","Block Reminder","Colored Map","Colored Powertips","Decade(王小明)","Downfall","Friendly Minions","Gensokyo","GifTheSpireLib","Hallownest","Hermit","Highlight Path","HololiveMod","Hubris","Infinite Spire","Jorbs\u0027s Wanderer Trilogy","Koishi","Marisa（霧雨　魔理沙）","Minty Spire (QoL Compilation)","Quick Restart","Random Character Button","Rare Cards Sparkle","Reimu（博??梦）","Remilia（蕾米莉?）","Replay The Spire","Shop Mod","StSLib","SuperFastMode","The Animator","The Bug Knight","The Cursed","The Disciple","The Hierophant","The Jungle","The Senshi","The Servant 0.9.4"],"gold_per_floor":[119,119,44,64,84,84,114,114,114,114,114,134,94,45,45,146,146,161,13,13,0,0,0,19,19,19,19,35,35,55,65,65,65,65],"floor_reached":33,"language":"ENG","playtime":827,"items_purged":["Regret","Pain"],"score":243,"play_id":"adfe5219-a793-4d04-92dc-c9f71a3d366a","local_time":"20210115153215","is_ascension_mode":false,"campfire_choices":[{"floor":6,"key":"REST"},{"floor":8,"key":"REST"},{"data":"theSenshi:SailorVenusAssists","floor":10,"key":"SMITH"},{"data":"theSenshi:MoonTiaraMagic","floor":15,"key":"SMITH"},{"data":"theSenshi:Sidestep","floor":23,"key":"SMITH"},{"data":"theSenshi:SailorVenusAssists","floor":25,"key":"SMITH"},{"data":"theSenshi:MoonPrincessHalation","floor":32,"key":"SMITH"}],"circlet_count":0,"master_deck":["theSenshi:SailorKick","theSenshi:SailorKick","theSenshi:SailorKick","theSenshi:SailorKick","theSenshi:SailorBlock+1","theSenshi:SailorBlock","theSenshi:SailorBlock","theSenshi:SailorBlock","theSenshi:RoseThrow+1","theSenshi:MoonPrismPowerMakeUp","theSenshi:SailorMarsAssists","theSenshi:TuxedoMaskAssists","theSenshi:MoonsReflection","theSenshi:SailorVenusAssists+1","theSenshi:MoonPunch","theSenshi:MoonTiaraMagic+1","theSenshi:SailorStarHealerAssists","theSenshi:MoonKick","theSenshi:Sidestep+1","theSenshi:SailorVenusAssists+1","theSenshi:MoonPrincessHalation+1","theSenshi:SailorV+1","theSenshi:SailorVenusAssists+1"],"relics":["theSenshi:TransformationBroochRelic","War Paint","MealTicket","Kunai","WarpedTongs","PaintedHorse:ReiMu","hubris:TerracottaHorce","hubris:BottledHeart","MutagenicStrength","The Courier","hubris:HerbalPaste","Philosopher\u0027s Stone"],"acts_visited":["Exordium","TheCity"],"potions_floor_usage":[7,16,33,33,33],"damage_taken":[{"damage":0,"enemies":"2 Louse","floor":1,"turns":3},{"damage":0,"enemies":"Small Slimes","floor":4,"turns":4},{"damage":6,"enemies":"infinitespire:Voidling","floor":5,"turns":4},{"damage":20,"enemies":"Gremlin Nob","floor":7,"turns":4},{"damage":4,"enemies":"2 Fungi Beasts","floor":12,"turns":4},{"damage":55,"enemies":"Fading Forest","floor":16,"turns":11},{"damage":16,"enemies":"Chosen","floor":18,"turns":5},{"damage":0,"enemies":"3 Byrds","floor":24,"turns":4},{"damage":0,"enemies":"Centurion and Healer","floor":28,"turns":5},{"damage":0,"enemies":"Snake Plant","floor":30,"turns":4},{"damage":0,"enemies":"Cultist and Chosen","floor":31,"turns":4},{"damage":1,"enemies":"Collector","floor":33,"turns":5}],"seed_played":"-6039346878302427529","potions_obtained":[{"floor":5,"key":"AttackPotion"},{"floor":7,"key":"SteroidPotion"},{"floor":18,"key":"Swift Potion"},{"floor":24,"key":"PowerPotion"},{"floor":31,"key":"CultistPotion"}],"is_trial":false,"path_per_floor":["M","?","$","M","M","R","E","R","T","R","?","M","?","$","R","B",null,"M","$","?","?","?","R","M","R","T","$","M","AVR","M","M","R","B"],"character_chosen":"THE_SENSHI","items_purchased":["theSenshi:MoonTiaraMagic","theSenshi:Sidestep"],"campfire_rested":2,"item_purchase_floors":[14,19],"current_hp_per_floor":[82,82,82,82,76,82,62,82,82,82,82,78,78,82,82,43,72,61,76,1,1,1,1,1,1,1,1,1,1,1,1,1,0,0],"gold":65,"neow_bonus":"TEN_PERCENT_HP_BONUS","is_daily":false,"chose_seed":false,"campfire_upgraded":5,"win_rate":0.0,"timestamp":1610721135,"path_taken":["M","?","$","M","M","R","E","R","T","R","?","?","?","?","R","BOSS","M","$","?","?","?","R","?","R","T","?","M","AVR","M","M","R","BOSS"],"items_purchased_type":["Card","Card"],"build_version":"2020-12-22","purchased_purges":2,"victory":false,"max_hp_per_floor":[82,82,82,82,82,82,82,82,82,82,82,82,82,82,82,82,82,82,82,1,1,1,1,1,1,1,1,1,1,1,1,1,1,1],"card_choices":[{"not_picked":["theSenshi:Sidestep","theSenshi:MoonTwilightFlash"],"picked":"theSenshi:SailorMarsAssists","floor":1},{"not_picked":["theSenshi:MoonPunch","theSenshi:MoonlightKnight"],"picked":"theSenshi:TuxedoMaskAssists","floor":4},{"not_picked":["theSenshi:TuxedoSmokingBomber","theSenshi:Overload"],"picked":"theSenshi:MoonsReflection","floor":5},{"not_picked":["theSenshi:SailorChibiMoonAssists","theSenshi:SailorPlanetAttack"],"picked":"theSenshi:SailorVenusAssists","floor":7},{"not_picked":["theSenshi:MoonKick","theSenshi:MoonTwilightFlash"],"picked":"theSenshi:MoonPunch","floor":12},{"not_picked":["theSenshi:FatedKiss","theSenshi:JupitersPower"],"picked":"theSenshi:SailorStarHealerAssists","floor":16},{"not_picked":["theSenshi:TuxedoSmokingBomber","theSenshi:SailorVenusAssists+1"],"picked":"theSenshi:MoonKick","floor":18},{"not_picked":["theSenshi:MoonCrystalPowerMakeUp+1","theSenshi:SteeledNerves"],"picked":"theSenshi:SailorVenusAssists","floor":24},{"not_picked":["theSenshi:SailorMercuryAssists+1","theSenshi:MoonPower"],"picked":"theSenshi:MoonPrincessHalation","floor":28},{"not_picked":["theSenshi:LunasBite+1","theSenshi:InTheNickOfTime"],"picked":"theSenshi:SailorV+1","floor":30},{"not_picked":["theSenshi:MoonPower","theSenshi:KlutzyLuck"],"picked":"theSenshi:SailorVenusAssists+1","floor":31}],"player_experience":148532,"relics_obtained":[{"floor":7,"key":"MealTicket"},{"floor":9,"key":"Kunai"},{"floor":26,"key":"The Courier"}],"event_choices":[{"damage_healed":0,"gold_gain":0,"player_choice":"Box","damage_taken":0,"relics_obtained":["War Paint"],"max_hp_gain":0,"max_hp_loss":0,"event_name":"Big Fish","floor":2,"gold_loss":0,"cards_obtained":["Regret"]},{"damage_healed":0,"gold_gain":0,"player_choice":"Rummage","damage_taken":0,"relics_obtained":["WarpedTongs"],"max_hp_gain":0,"max_hp_loss":0,"event_name":"Accursed Blacksmith","floor":11,"gold_loss":0,"cards_obtained":["Pain"]},{"damage_healed":0,"gold_gain":0,"player_choice":"Donate","damage_taken":0,"relics_obtained":["PaintedHorse:ReiMu"],"max_hp_gain":0,"max_hp_loss":0,"event_name":"yidonshenshe","floor":13,"gold_loss":40},{"damage_healed":0,"gold_gain":0,"player_choice":"Paid Fearfully","damage_taken":0,"max_hp_gain":0,"max_hp_loss":0,"event_name":"Masked Bandits","floor":21,"gold_loss":13},{"damage_healed":0,"gold_gain":0,"player_choice":"Inject Mutagens","damage_taken":0,"relics_obtained":["MutagenicStrength"],"max_hp_gain":0,"max_hp_loss":0,"event_name":"Drug Dealer","floor":22,"gold_loss":0}],"is_beta":false,"boss_relics":[{"not_picked":["Replay:Drink Me","Snecko Eye"],"picked":"hubris:TerracottaHorce"}],"items_purged_floors":[3,19],"is_endless":false,"potions_floor_spawned":[5,7,18,24,31],"killed_by":"Collector","ascension_level":0}}