{"host":"fmwbmnqnrup981we","time":1610679366,"event":{"mods":["AchievementEnabler","Act Like it!","Alarm Clock","BaseMod","Better Match","Better Note","Better Skull","Better Synergies","Better Third Choice","Better Vampires","Block Reminder","Curses Come First","Displayed Cursed Tome","Downfall","Duelist Mod","Ekko","Elementarium","GungeonMod","HexUI Lib","HornydragonMod","Kratos Character Expansion","Marked Mod","Minty Spire (QoL Compilation)","Pikachu Mod","Poor People Problems","Quick Restart","Relic Stats","SIMod","StSLib","The Bug Knight","The Death Knight","The Forsaken","The Marked","The Necromancer","The Runesmith","The Servant 0.9.4","The Wild Card","TheHero","TheVacant","TheVelvet","Thieving Mod","Transform Curses","Waifu the Spire","Yuri Mod","everything is the same but u backflip on backflip"],"gold_per_floor":[115,129,129,129,129,129,142,159,159,84,102,113,127,202,202,300,300,313,313,313,331,331,331,331],"floor_reached":23,"language":"ENG","playtime":797,"items_purged":["Burn"],"score":192,"play_id":"bae34415-d553-4d42-9e25-afc47b08dba4","local_time":"20210115025606","is_ascension_mode":true,"campfire_choices":[{"floor":6,"key":"RECALL"},{"floor":15,"key":"REST"}],"circlet_count":0,"master_deck":["Strike_P","Strike_P","Strike_P","Defend_P","Defend_P","Defend_P","Defend_P","Eruption","Vigilance","SashWhip","Prostrate","theWildCard:Loki","Halt","Alpha+1","Prostrate","Prostrate","Pain"],"relics":["PureWater","NeowsBlessing","Black Star","WarpedTongs"],"acts_visited":["Exordium","TheCity"],"potions_floor_usage":[16,16,16,23],"damage_taken":[{"damage":0,"enemies":"2 Louse","floor":1,"turns":2},{"damage":0,"enemies":"Cultist","floor":2,"turns":1},{"damage":0,"enemies":"Small Slimes","floor":7,"turns":1},{"damage":0,"enemies":"2 Fungi Beasts","floor":8,"turns":4},{"damage":0,"enemies":"Blue Slaver","floor":11,"turns":6},{"damage":0,"enemies":"3 Louse","floor":12,"turns":4},{"damage":5,"enemies":"Lots of Slimes","floor":13,"turns":6},{"damage":38,"enemies":"Hexaghost","floor":16,"turns":10},{"damage":11,"enemies":"Shell Parasite","floor":18,"turns":9},{"damage":26,"enemies":"2 Thieves","floor":21,"turns":3},{"damage":37,"enemies":"Book of Stabbing","floor":23,"turns":5}],"seed_played":"-5450105850537433319","potions_obtained":[{"floor":2,"key":"ColorlessPotion"},{"floor":7,"key":"Block Potion"},{"floor":12,"key":"Swift Potion"},{"floor":13,"key":"AttackPotion"},{"floor":21,"key":"GamblersBrew"}],"is_trial":false,"path_per_floor":["M","M","?","?","?","R","M","M","T","$","M","M","M","?","R","B",null,"M","?","?","M","?","E"],"character_chosen":"WATCHER","items_purchased":[],"campfire_rested":1,"item_purchase_floors":[],"current_hp_per_floor":[72,72,65,65,65,65,65,65,65,65,65,65,60,49,70,32,72,61,61,61,35,35,0,0],"gold":331,"neow_bonus":"THREE_ENEMY_KILL","is_daily":false,"chose_seed":false,"campfire_upgraded":0,"win_rate":0.0,"timestamp":1610679366,"path_taken":["M","M","?","?","?","R","M","M","T","?","M","?","M","?","R","BOSS","M","?","?","M","?","E"],"items_purchased_type":[],"build_version":"2020-12-22","purchased_purges":1,"victory":false,"max_hp_per_floor":[72,72,72,72,72,72,72,72,72,72,72,72,72,72,72,72,72,72,72,72,72,72,72,72],"relic_stats":{"counters":[11,51],"Black Star":0,"obtain_stats":[{"NeowsBlessing":0,"DemoMod:GlassGuonStoneRelic":2,"Black Star":17,"PureWater":0,"WarpedTongs":22},{"NeowsBlessing":0,"DemoMod:GlassGuonStoneRelic":2,"Black Star":8,"PureWater":0,"WarpedTongs":10},{"NeowsBlessing":0,"DemoMod:GlassGuonStoneRelic":3,"Black Star":34,"PureWater":0,"WarpedTongs":46}],"WarpedTongs":[5]},"card_choices":[{"not_picked":["Crescendo","MarkedMod:GracefulMovements"],"picked":"SashWhip","floor":1},{"not_picked":["ForeignInfluence","CutThroughFate"],"picked":"Prostrate","floor":2},{"not_picked":["Evaluate","SashWhip"],"picked":"Halt","floor":7},{"not_picked":["FlyingSleeves","CrushJoints","PathToVictory"],"picked":"SKIP","floor":8},{"not_picked":["Judgement","Worship","Pray"],"picked":"SKIP","floor":11},{"not_picked":["EmptyBody","Indignation","MarkedMod:Acupuncture"],"picked":"SKIP","floor":12},{"not_picked":["BowlingBash","ClearTheMind","Wireheading"],"picked":"SKIP","floor":13},{"not_picked":["Ragnarok","LessonLearned"],"picked":"Alpha","floor":16},{"not_picked":["SashWhip","MarkedMod:Acupuncture"],"picked":"Prostrate","floor":18},{"not_picked":["MarkedMod:GentlePulse","Conclude","EmptyBody"],"picked":"SKIP","floor":21}],"player_experience":446749,"relics_obtained":[],"event_choices":[{"cards_removed":["Strike_P"],"damage_healed":0,"gold_gain":0,"player_choice":"Card Removal","damage_taken":7,"max_hp_gain":0,"max_hp_loss":0,"event_name":"Golden Wing","floor":3,"gold_loss":0},{"damage_healed":65,"gold_gain":0,"player_choice":"Embrace Burn","damage_taken":0,"max_hp_gain":0,"max_hp_loss":72,"event_name":"betterThird:BetterShining","floor":5,"gold_loss":0},{"damage_healed":0,"gold_gain":75,"player_choice":"Gold","damage_taken":11,"max_hp_gain":0,"max_hp_loss":0,"event_name":"betterThird:BetterGoop","floor":14,"gold_loss":0},{"damage_healed":0,"gold_gain":0,"player_choice":"Upgraded","damage_taken":0,"max_hp_gain":0,"max_hp_loss":0,"event_name":"Upgrade Shrine","floor":19,"gold_loss":0,"cards_upgraded":["Alpha"]},{"damage_healed":0,"gold_gain":0,"player_choice":"Copied","damage_taken":0,"max_hp_gain":0,"max_hp_loss":0,"event_name":"Duplicator","floor":20,"gold_loss":0,"cards_obtained":["Prostrate"]},{"damage_healed":0,"gold_gain":0,"player_choice":"Rummage","damage_taken":0,"relics_obtained":["WarpedTongs"],"max_hp_gain":0,"max_hp_loss":0,"event_name":"Accursed Blacksmith","floor":22,"gold_loss":0,"cards_obtained":["Pain"]}],"is_beta":false,"boss_relics":[{"not_picked":["Astrolabe","Velvet Choker"],"picked":"Black Star"}],"items_purged_floors":[10],"is_endless":false,"potions_floor_spawned":[2,7,12,13,21],"killed_by":"Book of Stabbing","ascension_level":1}}