{"host":"npubv26u89aif4fa","time":1610692134,"event":{"mods":["Astrologer","BaseMod","Better Vampires","Better-Laid Plans","Colored Powertips","GifTheSpireLib","GungeonMod","HornydragonMod","Hubris","Jedi Mod","Minty Spire (QoL Compilation)","Quick Restart","Remilia（蕾米莉亚）","Replay The Spire","StSLib","Td1madao Mod","The Administrix","The Alterego","The Bug Knight","The Cursed","The Runesmith","Yuri Mod","残留之物"],"gold_per_floor":[119,21,33,33,45,45,59,59,83,95,139,151,163,189,201,315,327,350,362,374,405,417,464,490,502,514,541,569,581,593,605,617,725,737,762,788,818,830,842,887,899,923,935,947,969,981,1023,1054,1066,1078],"floor_reached":51,"language":"ZHS","playtime":4364,"items_purged":[],"score":802,"play_id":"1ceb37e4-dd1e-4f25-af3d-1e8f0527ebbc","local_time":"20210115142854","is_ascension_mode":false,"campfire_choices":[{"data":"Defragment","floor":8.0,"key":"SMITH"},{"data":"Knight Kick","floor":10.0,"key":"SMITH"},{"data":"Zap","floor":12.0,"key":"SMITH"},{"floor":15.0,"key":"RECALL"},{"data":"Blizzard","floor":25.0,"key":"SMITH"},{"data":"Mirror Shield","floor":29.0,"key":"SMITH"},{"floor":32.0,"key":"DIG"},{"data":"FIFO Queue","floor":41.0,"key":"SMITH"},{"data":"Tempest","floor":44.0,"key":"SMITH"},{"data":"Seek","floor":46.0,"key":"SMITH"},{"data":"Conserve Battery","floor":49.0,"key":"SMITH"}],"circlet_count":0,"master_deck":["Strike_B","Strike_B","Defend_B","Defend_B","Defend_B","Defend_B","Zap+1","Dualcast","AdministrixMod:Defend_Administrix","Knight Kick+1","Defragment+1","Coolheaded","jedi:markofdeath+1","FIFO Queue+1","Mirror Shield+1","Blizzard+1","Conserve Battery+1","Glacier","Panic Button+1","Lust_TH","Seek+1","Tempest+1","Steam","Static Discharge+1","Parasite","Tempest+1","Coolheaded+1","Stack+1"],"relics":["Cracked Core","hubris:Zylophone","MawBank","Frozen Egg 2","hubris:VirtuousBlindfold","DemoMod:ResourcefulSack","jedi:purplefairy","ReplayTheSpireMod:Ring of Addiction","SacredBark","hubris:EmptyBottle","Regal Pillow","hubris:GrandSneckoEye","hubris:Icosahedron","PreservedInsect","DemoMod:GlassGuonStoneRelic","jedi:heavyjacket","Replay:Bottled Steam"],"acts_visited":["Exordium","TheCity","TheBeyond"],"potions_floor_usage":[50],"damage_taken":[{"damage":0.0,"enemies":"Small Slimes","floor":1.0,"turns":3.0},{"damage":0.0,"enemies":"Cultist","floor":3.0,"turns":4.0},{"damage":2.0,"enemies":"2 Louse","floor":5.0,"turns":2.0},{"damage":0.0,"enemies":"Blue Slaver","floor":7.0,"turns":4.0},{"damage":30.0,"enemies":"Gremlin Nob","floor":11.0,"turns":5.0},{"damage":6.0,"enemies":"Exordium Wildlife","floor":14.0,"turns":5.0},{"damage":14.0,"enemies":"Hexaghost","floor":16.0,"turns":8.0},{"damage":7.0,"enemies":"Shell Parasite","floor":18.0,"turns":6.0},{"damage":11.0,"enemies":"Centurion and Healer","floor":21.0,"turns":10.0},{"damage":0.0,"enemies":"HollowMod:Nosk","floor":23.0,"turns":8.0},{"damage":14.0,"enemies":"Chosen and Byrds","floor":24.0,"turns":6.0},{"damage":0.0,"enemies":"Snecko","floor":27.0,"turns":5.0},{"damage":2.0,"enemies":"Snake Plant","floor":28.0,"turns":5.0},{"damage":17.0,"enemies":"Champ","floor":33.0,"turns":14.0},{"damage":22.0,"enemies":"3 Darklings","floor":35.0,"turns":5.0},{"damage":2.0,"enemies":"3 Shapes","floor":36.0,"turns":4.0},{"damage":0.0,"enemies":"Transient","floor":37.0,"turns":5.0},{"damage":7.0,"enemies":"R_Hoarder","floor":40.0,"turns":4.0},{"damage":11.0,"enemies":"Writhing Mass","floor":42.0,"turns":5.0},{"damage":0.0,"enemies":"3 Darklings","floor":45.0,"turns":5.0},{"damage":0.0,"enemies":"Nemesis","floor":47.0,"turns":5.0},{"damage":0.0,"enemies":"4 Shapes","floor":48.0,"turns":5.0},{"damage":0,"enemies":"hubris:GrandSnecko","floor":50,"turns":17}],"seed_played":"-5404125421113566464","potions_obtained":[{"floor":7.0,"key":"Dexterity Potion"},{"floor":14.0,"key":"jedi:StrikingPotion"},{"floor":24.0,"key":"Toxic Potion"},{"floor":27.0,"key":"Fire Potion"},{"floor":31.0,"key":"FocusPotion"},{"floor":31.0,"key":"SkillPotion"},{"floor":33.0,"key":"jedi:coolantleak"},{"floor":35.0,"key":"Toxic Potion"},{"floor":40.0,"key":"Languid Potion"},{"floor":45.0,"key":"Elixir"}],"is_trial":false,"path_per_floor":["M","$","M","?","M","?","M","R","T","R","E","R","$","M","R","B",null,"M","$","?","M","$","E","M","R","T","M","M","R","?","?","R","B",null,"M","M","M","?","?","E","R","M","T","R","M","R","E","M","R","B",null],"character_chosen":"DEFECT","items_purchased":["Defragment","Coolheaded"],"campfire_rested":0,"item_purchase_floors":[2,2],"current_hp_per_floor":[75,75,75,75,73,66,66,66,66,66,36,36,36,30,30,16,75,68,68,54,43,43,43,29,29,29,29,27,28,28,28,28,11,80,58,56,56,56,56,49,54,43,43,48,48,49,49,49,59,59],"gold":1090,"neow_bonus":"ONE_RARE_RELIC","is_daily":false,"chose_seed":false,"campfire_upgraded":9,"win_rate":0.0,"timestamp":1610692134,"path_taken":["M","$","M","?","?","?","M","R","T","R","E","R","?","?","R","BOSS","M","$","?","M","?","E","M","R","T","M","?","R","?","?","R","BOSS","M","M","M","?","?","E","R","M","T","R","M","R","E","M","R","BOSS"],"items_purchased_type":["Card","Card"],"build_version":"2020-12-22","purchased_purges":0,"victory":true,"max_hp_per_floor":[75,75,75,75,75,75,75,75,75,75,75,75,75,75,75,75,75,75,75,80,80,80,80,80,80,80,80,80,80,80,80,80,80,80,80,80,80,80,80,80,80,80,80,80,80,80,80,80,80,80],"card_choices":[{"not_picked":["Stack","Leap","Undo"],"picked":"SKIP","floor":1.0},{"not_picked":["Darkness","Sunder","jedi:BurstLightning"],"picked":"SKIP","floor":3.0},{"not_picked":["Glacier","Cold Snap"],"picked":"jedi:markofdeath","floor":5.0},{"not_picked":["Ball Lightning","Skim"],"picked":"FIFO Queue","floor":7.0},{"not_picked":["Hologram","Meteor Strike","jedi:spotbugs"],"picked":"SKIP","floor":11.0},{"not_picked":["Compile Driver","Rip and Tear","Stack"],"picked":"SKIP","floor":14.0},{"not_picked":["Meteor Strike","Amplify"],"picked":"Mirror Shield","floor":16.0},{"not_picked":["Redo","ReplayTheSpireMod:System Scan"],"picked":"Blizzard","floor":18.0},{"not_picked":["jedi:markofdeath+1","Gash","Go for the Eyes"],"picked":"SKIP","floor":21.0},{"not_picked":["ReplayTheSpireMod:GoodbyeWorld+1","Sweeping Beam+1"],"picked":"Conserve Battery","floor":23.0},{"not_picked":["Panic Button","Turbo+1"],"picked":"Glacier","floor":24.0},{"not_picked":["jedi:BurstFrost","Gash","jedi:blockon"],"picked":"SKIP","floor":27.0},{"not_picked":["Turbo+1","hubris:Prefetch"],"picked":"Panic Button","floor":28.0},{"not_picked":["hubris:SpecializedCircuitry+1","All For One"],"picked":"Seek","floor":33.0},{"not_picked":["Beam Cell+1","Stack"],"picked":"Tempest","floor":35.0},{"not_picked":["jedi:BurstFrost+1","Rebound+1"],"picked":"Steam","floor":36.0},{"not_picked":["Hologram","Redo"],"picked":"Static Discharge+1","floor":37.0},{"not_picked":["Sunder","Turbo","Sweeping Beam+1"],"picked":"SKIP","floor":40.0},{"not_picked":["Redo","hubris:Prefetch"],"picked":"Tempest+1","floor":42.0},{"not_picked":["Ball Lightning","jedi:BurstLightning"],"picked":"Coolheaded+1","floor":45.0},{"not_picked":["Beam Cell","Ball Lightning","Compile Driver+1"],"picked":"SKIP","floor":47.0},{"not_picked":["ReplayTheSpireMod:Repulse","Biased Cognition+1"],"picked":"Stack+1","floor":48.0}],"player_experience":281387,"relics_obtained":[{"floor":9.0,"key":"MawBank"},{"floor":11.0,"key":"Frozen Egg 2"},{"floor":23.0,"key":"DemoMod:ResourcefulSack"},{"floor":26.0,"key":"jedi:purplefairy"},{"floor":31.0,"key":"ReplayTheSpireMod:Ring of Addiction"},{"floor":31.0,"key":"SacredBark"},{"floor":31.0,"key":"hubris:EmptyBottle"},{"floor":32.0,"key":"Regal Pillow"},{"floor":40.0,"key":"PreservedInsect"},{"floor":43.0,"key":"jedi:heavyjacket"},{"floor":47.0,"key":"Replay:Bottled Steam"}],"event_choices":[{"damage_healed":0.0,"max_hp_gain":0.0,"max_hp_loss":0.0,"gold_gain":0.0,"event_name":"NoteForYourself","player_choice":"Ignored","floor":4.0,"gold_loss":0.0,"damage_taken":0.0},{"cards_removed":["Strike_B"],"damage_healed":0.0,"max_hp_gain":0.0,"max_hp_loss":0.0,"gold_gain":0.0,"event_name":"Golden Wing","player_choice":"Card Removal","floor":6.0,"gold_loss":0.0,"damage_taken":7.0},{"damage_healed":0.0,"max_hp_gain":5.0,"max_hp_loss":0.0,"gold_gain":0.0,"event_name":"Forgotten Altar","player_choice":"Shed Blood","floor":20.0,"gold_loss":0.0,"damage_taken":19.0},{"cards_removed":["Strike_B"],"damage_healed":0.0,"max_hp_gain":0.0,"max_hp_loss":0.0,"gold_gain":0.0,"event_name":"Falling","player_choice":"Removed Attack","floor":39.0,"gold_loss":0.0,"damage_taken":0.0}],"is_beta":false,"boss_relics":[{"not_picked":["FrozenCore","hubris:HollowSoul"],"picked":"hubris:VirtuousBlindfold"},{"not_picked":["hubris:TerracottaHorce","PlaceholderMod:LiveLive"],"picked":"hubris:GrandSneckoEye"}],"items_purged_floors":[],"is_endless":false,"potions_floor_spawned":[7,14,24,27,33,35,40,45],"ascension_level":0}}