{"host":"04hh9gplt9wkfmr1","time":1610731958,"event":{"mods":["AchievementEnabler","BaseMod","Colored Map","KOR Keyword Fix","Minty Spire (QoL Compilation)","Rare Cards Sparkle","SuperFastMode"],"gold_per_floor":[111,126,144,159,178,178,33,65,112,138,138,149,149,149,149,249,249,259,259,259,270,285,311,311,339,339,364,175,225,252,3,3,101,101,121,121,133,146,160,160,190,190,190,190,214,240,255,255,255,255],"floor_reached":51,"language":"KOR","playtime":1830,"items_purged":[],"score":1063,"play_id":"f8bf8125-e1ef-4af2-bfb4-cdd0cadc7b65","local_time":"20210116023238","is_ascension_mode":true,"campfire_choices":[{"data":"Die Die Die","floor":6.0,"key":"SMITH"},{"data":"Well Laid Plans","floor":11.0,"key":"SMITH"},{"floor":13.0,"key":"REST"},{"data":"Finisher","floor":15.0,"key":"SMITH"},{"data":"Burst","floor":24.0,"key":"SMITH"},{"floor":32.0,"key":"REST"},{"data":"Venomology","floor":40.0,"key":"SMITH"},{"data":"Storm of Steel","floor":42,"key":"SMITH"},{"data":"Infinite Blades","floor":44,"key":"SMITH"},{"data":"Blade Dance","floor":49,"key":"SMITH"}],"circlet_count":0,"master_deck":["Strike_G+1","Strike_G+1","Strike_G+1","Strike_G+1","Strike_G+1","Defend_G+1","Defend_G+1","Defend_G+1","Defend_G+1","Defend_G+1","Survivor","Neutralize","Terror+1","Backstab+1","Finisher+1","Die Die Die+1","Well Laid Plans+1","Accuracy+1","Burst+1","Infinite Blades+1","RitualDagger+1","Backflip+1","Slice+1","Infinite Blades+1","Venomology+1","Storm of Steel+1","Neutralize+1","Footwork","Trip","Doppelganger","Slice+1","Backstab+1","Infinite Blades+1","Writhe","Injury","Blade Dance","Blade Dance+1"],"relics":["Ring of the Snake","Tiny Chest","Happy Flower","Boot","Gremlin Horn","Black Star","Potion Belt","Whetstone","Eternal Feather","War Paint","Bag of Preparation","Nunchaku","Molten Egg 2","Bottled Flame","Kunai","Cursed Key","Anchor","MealTicket","HornCleat","PreservedInsect","StoneCalendar","Lantern"],"acts_visited":["Exordium","TheCity","TheBeyond"],"potions_floor_usage":[41,46,50,50,50,50,50,50],"damage_taken":[{"damage":1.0,"enemies":"Cultist","floor":1.0,"turns":4.0},{"damage":0.0,"enemies":"2 Louse","floor":2.0,"turns":3.0},{"damage":0.0,"enemies":"Small Slimes","floor":3.0,"turns":3.0},{"damage":5.0,"enemies":"Exordium Wildlife","floor":4.0,"turns":3.0},{"damage":0.0,"enemies":"Large Slime","floor":5.0,"turns":6.0},{"damage":0.0,"enemies":"Lagavulin","floor":8.0,"turns":4.0},{"damage":16.0,"enemies":"Gremlin Nob","floor":10.0,"turns":4.0},{"damage":17.0,"enemies":"Exordium Thugs","floor":12.0,"turns":2.0},{"damage":29.0,"enemies":"The Guardian","floor":16.0,"turns":12.0},{"damage":5.0,"enemies":"Shell Parasite","floor":18.0,"turns":3.0},{"damage":15.0,"enemies":"Chosen","floor":21.0,"turns":5.0},{"damage":13.0,"enemies":"Centurion and Healer","floor":22.0,"turns":6.0},{"damage":6.0,"enemies":"Gremlin Leader","floor":23.0,"turns":3.0},{"damage":14.0,"enemies":"Slavers","floor":25.0,"turns":5.0},{"damage":22.0,"enemies":"Book of Stabbing","floor":30.0,"turns":6.0},{"damage":18.0,"enemies":"Champ","floor":33.0,"turns":9.0},{"damage":7.0,"enemies":"Orb Walker","floor":35.0,"turns":3.0},{"damage":9.0,"enemies":"3 Darklings","floor":37.0,"turns":5.0},{"damage":1.0,"enemies":"Jaw Worm Horde","floor":38.0,"turns":3.0},{"damage":7.0,"enemies":"4 Shapes","floor":39.0,"turns":2.0},{"damage":0,"enemies":"Nemesis","floor":41,"turns":1},{"damage":0,"enemies":"Giant Head","floor":46,"turns":4},{"damage":0,"enemies":"Sphere and 2 Shapes","floor":47,"turns":3},{"damage":62,"enemies":"Donu and Deca","floor":50,"turns":7}],"seed_played":"-849104039344718781","potions_obtained":[{"floor":1.0,"key":"Strength Potion"},{"floor":4.0,"key":"EssenceOfSteel"},{"floor":5.0,"key":"CunningPotion"},{"floor":8.0,"key":"Weak Potion"},{"floor":12.0,"key":"Regen Potion"},{"floor":18.0,"key":"PowerPotion"},{"floor":22.0,"key":"FearPotion"},{"floor":23.0,"key":"SkillPotion"},{"floor":25.0,"key":"Poison Potion"},{"floor":37.0,"key":"SteroidPotion"},{"floor":38.0,"key":"Regen Potion"},{"floor":46,"key":"Fruit Juice"}],"is_trial":false,"path_per_floor":["M","M","M","M","M","R","$","E","T","E","R","M","R","?","R","B",null,"M","?","?","M","M","E","R","E","T","T","$","?","E","$","R","B",null,"M","?","M","M","M","R","E","R","T","R","T","E","M","?","R","B",null],"character_chosen":"THE_SILENT","items_purchased":["Tiny Chest","Infinite Blades","Venomology","Kunai"],"campfire_rested":2,"item_purchase_floors":[7,28,28,31],"current_hp_per_floor":[76,76,76,71,71,71,71,71,71,55,55,38,61,61,61,32,77,72,66,66,51,53,47,47,33,33,33,33,33,11,11,49,31,77,70,70,61,60,53,71,71,77,77,77,77,82,82,82,82,35],"gold":255,"neow_bonus":"TEN_PERCENT_HP_BONUS","is_daily":false,"chose_seed":false,"campfire_upgraded":8,"win_rate":0.0,"timestamp":1610731958,"path_taken":["M","M","?","?","M","R","?","E","T","E","R","M","R","?","R","BOSS","M","?","?","M","M","E","R","E","T","?","$","?","E","$","R","BOSS","M","?","?","M","M","R","E","R","T","R","?","E","M","?","R","BOSS"],"items_purchased_type":["Relic","Card","Card","Relic"],"build_version":"2020-12-22","purchased_purges":0,"victory":true,"max_hp_per_floor":[77,77,77,77,77,77,77,77,77,77,77,77,77,77,77,77,77,77,77,77,77,77,77,77,77,77,77,77,77,77,77,77,77,77,77,77,77,77,77,77,77,77,77,77,77,82,82,82,82,82],"card_choices":[{"not_picked":["Deadly Poison","Deflect"],"picked":"Terror","floor":1.0},{"not_picked":["Quick Slash","PiercingWail"],"picked":"Backstab","floor":2.0},{"not_picked":["Bouncing Flask","Deflect"],"picked":"Finisher","floor":3.0},{"not_picked":["Dagger Throw","Caltrops","Quick Slash"],"picked":"SKIP","floor":4.0},{"not_picked":["Sucker Punch","Dodge and Roll"],"picked":"Die Die Die","floor":5.0},{"not_picked":["Reflex","Catalyst"],"picked":"Well Laid Plans","floor":8.0},{"not_picked":["Blur","Dodge and Roll","Dash"],"picked":"SKIP","floor":10.0},{"not_picked":["Predator","Acrobatics"],"picked":"Accuracy","floor":12.0},{"not_picked":["Grand Finale","Malaise"],"picked":"Burst","floor":16.0},{"not_picked":["Dagger Throw","Deadly Poison"],"picked":"Infinite Blades+1","floor":18.0},{"not_picked":["Dagger Throw","Cloak And Dagger"],"picked":"Blade Dance","floor":21.0},{"not_picked":["Deflect+1","Endless Agony"],"picked":"Backflip","floor":22.0},{"not_picked":["Heel Hook","Calculated Gamble","Quick Slash+1"],"picked":"SKIP","floor":23.0},{"not_picked":["Sucker Punch","Dodge and Roll"],"picked":"Slice+1","floor":25.0},{"not_picked":["All Out Attack+1","Reflex","Dodge and Roll"],"picked":"SKIP","floor":30.0},{"not_picked":["Adrenaline","Die Die Die+1"],"picked":"Storm of Steel","floor":33.0},{"not_picked":["Noxious Fumes","Acrobatics","Underhanded Strike+1"],"picked":"SKIP","floor":35.0},{"not_picked":["Riddle With Holes+1","Sucker Punch+1"],"picked":"Backstab+1","floor":37.0},{"not_picked":["Catalyst+1","Sucker Punch+1","Deflect"],"picked":"SKIP","floor":38.0},{"not_picked":["Acrobatics+1","Predator+1"],"picked":"Infinite Blades+1","floor":39.0},{"not_picked":["Tactician","Setup+1","Deflect+1"],"picked":"SKIP","floor":41},{"not_picked":["Predator+1","Noxious Fumes+1"],"picked":"Blade Dance","floor":46},{"not_picked":["Prepared","Endless Agony+1"],"picked":"Blade Dance","floor":47}],"player_experience":33328,"relics_obtained":[{"floor":8.0,"key":"Happy Flower"},{"floor":9.0,"key":"Boot"},{"floor":10.0,"key":"Gremlin Horn"},{"floor":23.0,"key":"Potion Belt"},{"floor":23.0,"key":"Whetstone"},{"floor":25.0,"key":"Eternal Feather"},{"floor":25.0,"key":"War Paint"},{"floor":26.0,"key":"Bag of Preparation"},{"floor":27.0,"key":"Nunchaku"},{"floor":30.0,"key":"Molten Egg 2"},{"floor":30.0,"key":"Bottled Flame"},{"floor":41,"key":"Anchor"},{"floor":41,"key":"MealTicket"},{"floor":43,"key":"HornCleat"},{"floor":45,"key":"PreservedInsect"},{"floor":46,"key":"StoneCalendar"},{"floor":46,"key":"Lantern"}],"event_choices":[{"damage_healed":0.0,"max_hp_gain":0.0,"max_hp_loss":0.0,"gold_gain":0.0,"event_name":"Living Wall","player_choice":"Grow","floor":14.0,"gold_loss":0.0,"damage_taken":0.0,"cards_upgraded":["Accuracy"]},{"damage_healed":0.0,"max_hp_gain":0.0,"max_hp_loss":0.0,"gold_gain":0.0,"event_name":"Nest","player_choice":"Joined the Cult","floor":19.0,"gold_loss":0.0,"damage_taken":6.0,"cards_obtained":["RitualDagger"]},{"damage_healed":0.0,"max_hp_gain":0.0,"max_hp_loss":0.0,"gold_gain":0.0,"event_name":"Back to Basics","player_choice":"Simplicity","floor":20.0,"gold_loss":0.0,"damage_taken":0.0,"cards_upgraded":["Strike_G","Strike_G","Strike_G","Strike_G","Strike_G","Defend_G","Defend_G","Defend_G","Defend_G","Defend_G"]},{"damage_healed":0.0,"max_hp_gain":0.0,"max_hp_loss":0.0,"gold_gain":100.0,"event_name":"The Joust","player_choice":"Bet on Murderer","floor":29.0,"gold_loss":50.0,"damage_taken":0.0},{"damage_healed":0.0,"max_hp_gain":0.0,"max_hp_loss":0.0,"gold_gain":0.0,"event_name":"Match and Keep!","player_choice":"5 cards matched","floor":36.0,"gold_loss":0.0,"damage_taken":0.0,"cards_obtained":["Neutralize","Footwork","Trip","Doppelganger","Slice"]},{"cards_removed":["Blade Dance"],"damage_healed":0,"gold_gain":0,"player_choice":"Removed Skill","damage_taken":0,"max_hp_gain":0,"max_hp_loss":0,"event_name":"Falling","floor":48,"gold_loss":0}],"is_beta":false,"boss_relics":[{"not_picked":["Coffee Dripper","SlaversCollar"],"picked":"Black Star"},{"not_picked":["Velvet Choker","Calling Bell"],"picked":"Cursed Key"}],"items_purged_floors":[],"is_endless":false,"potions_floor_spawned":[1,4,5,8,12,16,18,22,23,25,37,38,46],"ascension_level":4}}