{"host":"wogey4gsknv4ot2d","time":1610678299,"event":{"mods":["AchievementEnabler","BaseMod","Bestiary","Colored Map","Colored Powertips","Googly Eyes","Key Reminder","Minty Spire (QoL Compilation)","Permanent Neow","Rare Cards Sparkle","Relic Stats","The IronCluck","slay the spire mod where everything is the same but ironclad has a cowboy hat"],"gold_per_floor":[119,119,119,138,101,139,159,159,185,285,16,31,31,31,31],"floor_reached":14,"language":"ENG","playtime":438,"items_purged":[],"score":88,"play_id":"66e43293-0b62-4c59-9a07-709417fc5ab2","local_time":"20210114203819","is_ascension_mode":false,"campfire_choices":[{"floor":8,"key":"REST"}],"circlet_count":0,"master_deck":["Strike_B","Strike_B","Strike_B","Strike_B","Defend_B","Defend_B","Defend_B","Defend_B","Zap","Dualcast","Shame","Sweeping Beam","Injury","Stack","Darkness","Sunder","Beam Cell","Go for the Eyes","Lockon","Conserve Battery"],"relics":["Cracked Core","Peace Pipe","Golden Idol","Omamori","Lantern","HandDrill"],"acts_visited":["Exordium"],"potions_floor_usage":[14],"damage_taken":[{"damage":1,"enemies":"Jaw Worm","floor":1,"turns":3},{"damage":12,"enemies":"Small Slimes","floor":4,"turns":3},{"damage":44,"enemies":"Gremlin Nob","floor":6,"turns":5},{"damage":4,"enemies":"2 Louse","floor":7,"turns":3},{"damage":5,"enemies":"Lots of Slimes","floor":12,"turns":3},{"damage":33,"enemies":"Lagavulin","floor":14,"turns":5}],"seed_played":"6282049718903942547","potions_obtained":[{"floor":1,"key":"EssenceOfSteel"}],"is_trial":false,"path_per_floor":["M","?","?","M","$","E","M","R","T","?","$","M","$","E"],"character_chosen":"DEFECT","items_purchased":["Darkness","HandDrill","Go for the Eyes","Lockon"],"campfire_rested":1,"item_purchase_floors":[5,11,11,11],"current_hp_per_floor":[74,74,74,62,62,18,14,36,36,36,36,31,31,0,0],"gold":31,"neow_bonus":"ONE_RARE_RELIC","is_daily":false,"chose_seed":false,"campfire_upgraded":0,"win_rate":0.0,"timestamp":1610678299,"path_taken":["M","?","?","M","$","E","M","R","T","?","$","?","?","E"],"items_purchased_type":["Card","Relic","Card","Card"],"build_version":"2020-12-22","purchased_purges":0,"victory":false,"max_hp_per_floor":[75,75,75,75,75,75,75,75,75,75,75,75,75,75,75],"relic_stats":{"Peace Pipe":0,"counters":[6,22],"Golden Idol":19,"HandDrill":[2],"obtain_stats":[{"Peace Pipe":0,"Lantern":9,"Golden Idol":3,"Omamori":6,"HandDrill":11,"Cracked Core":0},{"Peace Pipe":0,"Lantern":4,"Golden Idol":1,"Omamori":3,"HandDrill":4,"Cracked Core":0},{"Peace Pipe":0,"Lantern":14,"Golden Idol":3,"Omamori":11,"HandDrill":14,"Cracked Core":0}]},"card_choices":[{"not_picked":["Turbo","Cold Snap"],"picked":"Sweeping Beam","floor":1},{"not_picked":["Loop","Blizzard"],"picked":"Stack","floor":4},{"not_picked":["Force Field","Thunder Strike"],"picked":"Sunder","floor":6},{"not_picked":["Barrage","Aggregate"],"picked":"Beam Cell","floor":7},{"not_picked":["Redo","Scrape"],"picked":"Conserve Battery","floor":12}],"player_experience":33833,"relics_obtained":[{"floor":6,"key":"Omamori"},{"floor":9,"key":"Lantern"}],"event_choices":[{"damage_healed":0,"gold_gain":0,"player_choice":"Leave","damage_taken":0,"max_hp_gain":0,"max_hp_loss":0,"event_name":"The Cleric","floor":2,"gold_loss":0},{"damage_healed":0,"gold_gain":0,"player_choice":"Take Wound","damage_taken":0,"relics_obtained":["Golden Idol"],"max_hp_gain":0,"max_hp_loss":0,"event_name":"Golden Idol","floor":3,"gold_loss":0,"cards_obtained":["Injury"]},{"damage_healed":0,"gold_gain":100,"player_choice":"Pray","damage_taken":0,"max_hp_gain":0,"max_hp_loss":0,"event_name":"Golden Shrine","floor":10,"gold_loss":0}],"is_beta":false,"boss_relics":[],"items_purged_floors":[],"is_endless":false,"potions_floor_spawned":[1,6,7],"killed_by":"Lagavulin","ascension_level":0}}