{"host":"79i8v4iokcki37ew","time":1610736726,"event":{"mods":["AchievementEnabler","BaseMod","Better Note","Better Third Choice","BetterRewards","Colored Powertips","Conspire","Downfall","Halation","Infinite Spire","Minty Spire (QoL Compilation)","Permanent Neow","Quick Restart","Replay The Spire","Shop Mod","Spicy Shops","StSLib"],"gold_per_floor":[116,131,131,131,0,33,53,53,79,102,126,147,165,190,190,315,315,356,356,356,370,370,405,423,423,472,511,526,61,120,138,138,267,267,282,282,297,54,69,69,103,103,103,103,103,103,134,159,159,159],"floor_reached":51,"language":"ENG","playtime":2673,"items_purged":["Defend_B","Injury","Defend_G"],"score":1099,"play_id":"964bcff6-a79e-4be5-84e4-c7af3d2d85bc","local_time":"20210115125206","is_ascension_mode":true,"campfire_choices":[{"data":"Neutralize","floor":8,"key":"SMITH"},{"floor":15,"key":"DIG"},{"floor":25,"key":"REST"},{"floor":32,"key":"REST"},{"floor":40,"key":"REST"},{"data":"1","floor":42,"key":"LIFT"},{"data":"2","floor":49,"key":"LIFT"}],"circlet_count":0,"master_deck":["Defend_B","Neutralize+1","Streamline","Go for the Eyes","Seek","Gash","ReplaySort","Go for the Eyes","Mirror Shield","Streamline","infinitespire:Collect","Steam","Go for the Eyes","Chill","Gash","ReplayGash","conspire:SharedLibrary+1","Gash","All For One","Slimebound:Icky","Gash+1","Beam Cell","Steam","Replay:Fractal Strike","Go for the Eyes"],"relics":["Cracked Core","infinitespire:Golems Mask","Golden Idol","Bag of Marbles","Replay:Baseball","CaptainsWheel","Replay:Drink Me","halation:BottledLove","Gremlin Horn","halation:AfternoonTea","Girya","conspire:Boomerang","conspire:BottledYoYo","Nunchaku","Kintsugi","ReplayFunnel","infinitespire:BottledMercury","halation:EternalFortune","Frozen Egg 2"],"acts_visited":["Exordium","TheCity","TheBeyond"],"potions_floor_usage":[2,6,6,14,18,28,39,50,50],"damage_taken":[{"damage":0,"enemies":"Cultist","floor":1,"turns":3},{"damage":8,"enemies":"Jaw Worm","floor":2,"turns":4},{"damage":15,"enemies":"Lagavulin","floor":6,"turns":5},{"damage":4,"enemies":"2 Louse","floor":7,"turns":3},{"damage":0,"enemies":"Red Slaver","floor":10,"turns":3},{"damage":0,"enemies":"Blue Slaver","floor":11,"turns":3},{"damage":10,"enemies":"Exordium Wildlife","floor":12,"turns":3},{"damage":0,"enemies":"Looter","floor":13,"turns":3},{"damage":0,"enemies":"conspire:2 RoseBushes","floor":14,"turns":6},{"damage":33,"enemies":"Hexaghost","floor":16,"turns":9},{"damage":1,"enemies":"2 Thieves","floor":18,"turns":4},{"damage":0,"enemies":"Spheric Guardian","floor":21,"turns":3},{"damage":16,"enemies":"Replay:Snechameleon","floor":23,"turns":7},{"damage":0,"enemies":"Centurion and Healer","floor":24,"turns":7},{"damage":0,"enemies":"Gremlin Leader","floor":27,"turns":5},{"damage":6,"enemies":"Snake Plant","floor":28,"turns":4},{"damage":0,"enemies":"Cultist and Chosen","floor":31,"turns":3},{"damage":0,"enemies":"Champ","floor":33,"turns":7},{"damage":8,"enemies":"3 Darklings","floor":35,"turns":4},{"damage":2,"enemies":"Orb Walker","floor":37,"turns":2},{"damage":14,"enemies":"Jaw Worm Horde","floor":39,"turns":3},{"damage":0,"enemies":"R_Hoarder","floor":41,"turns":5},{"damage":8,"enemies":"Reptomancer","floor":47,"turns":4},{"damage":7,"enemies":"Writhing Mass","floor":48,"turns":4},{"damage":35,"enemies":"Awakened One","floor":50,"turns":6}],"seed_played":"4851865294429453685","potions_obtained":[{"floor":1,"key":"DistilledChaos"},{"floor":2,"key":"Fruit Juice"},{"floor":4,"key":"Weak Potion"},{"floor":4,"key":"ColorlessPotion"},{"floor":7,"key":"Regen Potion"},{"floor":12,"key":"DistilledChaos"},{"floor":14,"key":"EssenceOfSteel"},{"floor":21,"key":"ColorlessPotion"},{"floor":30,"key":"EssenceOfDarkness"},{"floor":41,"key":"champ:CounterPotion"}],"is_trial":false,"path_per_floor":["M","M","?","?","$","E","M","R","T","M","M","M","M","M","R","B",null,"M","?","T","M","?","E","M","R","T","E","M","$","?","M","R","B",null,"M","?","M","$","M","R","E","R","T","?","?","AVR","E","M","R","B",null],"character_chosen":"DEFECT","items_purchased":["Go for the Eyes","Seek","conspire:Boomerang","conspire:BottledYoYo","ReplayGash","Beam Cell","Steam"],"campfire_rested":3,"item_purchase_floors":[5,5,29,29,29,38,38],"current_hp_per_floor":[75,72,72,72,72,57,53,53,53,53,53,43,43,43,43,10,45,44,30,30,30,30,14,14,30,30,30,24,24,10,10,26,41,52,44,44,42,42,28,44,56,56,56,59,59,59,51,44,44,9],"gold":159,"neow_bonus":"ONE_RARE_RELIC","is_daily":false,"chose_seed":false,"campfire_upgraded":1,"win_rate":0.0,"timestamp":1610736726,"path_taken":["M","?","?","?","$","E","M","R","T","M","M","M","M","?","R","BOSS","M","?","?","M","?","E","?","R","T","E","M","$","?","?","R","BOSS","M","?","M","$","M","R","E","R","T","?","?","AVR","E","M","R","BOSS"],"items_purchased_type":["Card","Card","Relic","Relic","Card","Card","Card"],"build_version":"2020-12-22","purchased_purges":3,"victory":true,"max_hp_per_floor":[75,80,74,74,74,74,74,74,74,74,74,74,74,74,74,74,56,56,56,56,56,56,56,56,56,56,56,56,56,56,56,56,56,56,56,56,56,56,56,56,56,56,56,59,59,59,59,59,59,59],"card_choices":[{"not_picked":["Turbo","BootSequence","Stack"],"picked":"SKIP","floor":1},{"not_picked":["Doom and Gloom","Double Energy"],"picked":"Streamline","floor":2},{"not_picked":["Capacitor","Melter","Stack"],"picked":"SKIP","floor":6},{"not_picked":["Self Repair","Melter","Stack"],"picked":"SKIP","floor":7},{"not_picked":["Ball Lightning","Beam Cell"],"picked":"Gash","floor":10},{"not_picked":["Skim","Conserve Battery"],"picked":"ReplaySort","floor":11},{"not_picked":["Coolheaded","Sweeping Beam","BasicCrystalCard"],"picked":"SKIP","floor":12},{"not_picked":["Compile Driver","Sweeping Beam","Stack"],"picked":"SKIP","floor":13},{"not_picked":["Aggregate","Cold Snap"],"picked":"Go for the Eyes","floor":14},{"not_picked":["Creative AI","Thunder Strike"],"picked":"Mirror Shield","floor":16},{"not_picked":["Double Energy+1","BasicCrystalCard"],"picked":"Streamline","floor":18},{"not_picked":["infinitespire:Menacing","infinitespire:Execution"],"picked":"infinitespire:Collect","floor":19},{"not_picked":["Streamline","Cold Snap"],"picked":"Steam","floor":21},{"not_picked":["Stack","Machine Learning"],"picked":"Chill","floor":23},{"not_picked":["Compile Driver+1","Stack","Aggregate"],"picked":"SKIP","floor":24},{"not_picked":["Lockon+1","Loop","Doom and Gloom"],"picked":"SKIP","floor":27},{"not_picked":["Hologram","Ball Lightning"],"picked":"Gash","floor":28},{"not_picked":["Reprogram","Gash"],"picked":"conspire:SharedLibrary+1","floor":30},{"not_picked":["Panic Button","Hologram"],"picked":"Gash","floor":31},{"not_picked":["ReplayRNGCard","Mirror Shield"],"picked":"All For One","floor":33},{"not_picked":["Stack","Hologram+1","Streamline"],"picked":"SKIP","floor":35},{"not_picked":["Coolheaded","Conserve Battery"],"picked":"Gash+1","floor":37},{"not_picked":["Streamline+1","Leap+1","Conserve Battery"],"picked":"SKIP","floor":39},{"not_picked":["Tempest","Steam+1","Steam Power"],"picked":"SKIP","floor":41},{"not_picked":["Auto Shields+1","Turbo+1","Rebound+1"],"picked":"SKIP","floor":47},{"not_picked":["Turbo+1","Leap+1"],"picked":"Go for the Eyes","floor":48}],"player_experience":325625,"relics_obtained":[{"floor":6,"key":"Bag of Marbles"},{"floor":9,"key":"Replay:Baseball"},{"floor":15,"key":"CaptainsWheel"},{"floor":20,"key":"halation:BottledLove"},{"floor":23,"key":"Gremlin Horn"},{"floor":26,"key":"halation:AfternoonTea"},{"floor":27,"key":"Girya"},{"floor":30,"key":"Nunchaku"},{"floor":41,"key":"ReplayFunnel"},{"floor":43,"key":"infinitespire:BottledMercury"},{"floor":47,"key":"Frozen Egg 2"}],"event_choices":[{"damage_healed":0,"gold_gain":0,"player_choice":"Lose Max HP","damage_taken":0,"relics_obtained":["Golden Idol"],"max_hp_gain":0,"max_hp_loss":6,"event_name":"Golden Idol","floor":3,"gold_loss":0},{"damage_healed":0,"gold_gain":0,"player_choice":"Got Potions","damage_taken":0,"max_hp_gain":0,"max_hp_loss":0,"event_name":"Lab","floor":4,"gold_loss":0},{"damage_healed":0,"gold_gain":0,"player_choice":"Read","damage_taken":0,"max_hp_gain":0,"max_hp_loss":0,"event_name":"The Library","floor":22,"gold_loss":0,"cards_obtained":["Go for the Eyes"]},{"damage_healed":0,"gold_gain":0,"player_choice":"Ignored","damage_taken":0,"max_hp_gain":0,"max_hp_loss":0,"event_name":"Tomb of Lord Red Mask","floor":36,"gold_loss":0},{"damage_healed":0,"gold_gain":0,"player_choice":"Memory 1","damage_taken":0,"max_hp_gain":0,"max_hp_loss":0,"event_name":"SensoryStone","floor":45,"gold_loss":0}],"is_beta":false,"boss_relics":[{"not_picked":["Pandora\u0027s Box","SacredBark"],"picked":"Replay:Drink Me"},{"not_picked":["Nuclear Battery","conspire:RoyalGoblet"],"picked":"Kintsugi"}],"items_purged_floors":[29,38,46],"is_endless":false,"potions_floor_spawned":[1,2,7,12,14,21,23,24,27,37,41,47],"ascension_level":5}}