{"host":"4amcrcg6ktw8dbzk","time":1610676698,"event":{"mods":["ATMod(°¢èªMod)","BaseMod","Dota2Spire","Minty Spire (QoL Compilation)","MostiFishMod","Spicy Shops","StSLib","Waifu the Spire"],"gold_per_floor":[114,114,39,51,61,93,93,93,118,138,150,168,199,99,99,177,177,193,205,215,234,234,234,267,278,324,357,369,30,30,89,89,161,161,174,174,31,31,107,107,138,56,56,56,116,116,149,191,191,191,191,191,22,83,113],"floor_reached":56,"language":"ZHS","playtime":2661,"items_purged":["Strike_P","Strike_P"],"score":2565,"play_id":"5cd67307-0507-4b65-b5c6-d6d994a2ca9d","local_time":"20210115101138","is_ascension_mode":true,"campfire_choices":[{"data":"MostiFishMod:SephirahHod","floor":7.0,"key":"SMITH"},{"floor":15.0,"key":"REST"},{"floor":23.0,"key":"RECALL"},{"floor":32.0,"key":"REST"},{"floor":40.0,"key":"REST"},{"floor":44,"key":"REST"},{"floor":46,"key":"REST"},{"floor":49,"key":"REST"},{"floor":52,"key":"REST"}],"circlet_count":0,"master_deck":["AscendersBane","Strike_P","Strike_P","Defend_P","Defend_P","Defend_P","Eruption","Vigilance","AT_IrregularMenstruation","MostiFishMod:SephirahHod+1","Fasting2","Tantrum","MostiFishMod:Speedup","MostiFishMod:StarWish","TalkToTheHand","MostiFishMod:PathToVictory","Fasting2","FlurryOfBlows","AT_ChampionKick","MentalFortress","EmptyMind","MostiFishMod:StarHerder","Madness","Madness","Wallop+1","Sanctity","MostiFishMod:CyberBuddha","Wallop+1","Adaptation"],"relics":["PureWater","DaveBox","AT_ATBox","MostiFishMod:Hod","Dota2Spire:LotusOrb","SynthV:TestCard","Potion Belt","Strawberry","FaceOfCleric","Dota2Spire:ArcaneBoots","GreenFoldingFan","Dota2Spire:MaskOfMadness","Bag of Preparation","Molten Egg 2","Membership Card","OrangePellets","Dota2Spire:HandOfMidas","Gremlin Horn","SlaversCollar","AT_RedNoBalance","GoldenEye","Dota2Spire:AssaultCuirass","Dota2Spire:MagicBottle","Dota2Spire:EtherealBlade","AT_DeathDance","Shuriken","Medical Kit","Orrery","Bottled Tornado"],"acts_visited":["Exordium","TheCity","TheBeyond","TheEnding"],"potions_floor_usage":[55,55,55,55,55,55,55],"damage_taken":[{"damage":0.0,"enemies":"2 Louse","floor":1.0,"turns":1.0},{"damage":0.0,"enemies":"Cultist","floor":4.0,"turns":3.0},{"damage":0.0,"enemies":"Small Slimes","floor":5.0,"turns":2.0},{"damage":18.0,"enemies":"Gremlin Nob","floor":6.0,"turns":4.0},{"damage":0.0,"enemies":"Blue Slaver","floor":10.0,"turns":2.0},{"damage":0.0,"enemies":"3 Louse","floor":11.0,"turns":2.0},{"damage":0.0,"enemies":"Looter","floor":12.0,"turns":2.0},{"damage":0.0,"enemies":"Lagavulin","floor":13.0,"turns":4.0},{"damage":5.0,"enemies":"The Guardian","floor":16.0,"turns":7.0},{"damage":4.0,"enemies":"Spheric Guardian","floor":18.0,"turns":2.0},{"damage":6.0,"enemies":"Chosen","floor":19.0,"turns":3.0},{"damage":4.0,"enemies":"3 Cultists","floor":20.0,"turns":2.0},{"damage":6.0,"enemies":"Snecko","floor":21.0,"turns":3.0},{"damage":20.0,"enemies":"Book of Stabbing","floor":24.0,"turns":3.0},{"damage":37.0,"enemies":"Shelled Parasite and Fungi","floor":25.0,"turns":3.0},{"damage":4.0,"enemies":"Slavers","floor":27.0,"turns":2.0},{"damage":6.0,"enemies":"Snake Plant","floor":28.0,"turns":3.0},{"damage":8.0,"enemies":"Gremlin Leader","floor":31.0,"turns":4.0},{"damage":4.0,"enemies":"Collector","floor":33.0,"turns":2.0},{"damage":5.0,"enemies":"3 Shapes","floor":35.0,"turns":2.0},{"damage":26.0,"enemies":"2 Orb Walkers","floor":39.0,"turns":3.0},{"damage":36,"enemies":"Nemesis","floor":41,"turns":3},{"damage":6,"enemies":"Reptomancer","floor":45,"turns":3},{"damage":25,"enemies":"Nemesis","floor":47,"turns":3},{"damage":4,"enemies":"3 Darklings","floor":48,"turns":2},{"damage":14,"enemies":"Donu and Deca","floor":50,"turns":3},{"damage":4,"enemies":"Shield and Spear","floor":54,"turns":2},{"damage":24,"enemies":"The Heart","floor":55,"turns":6}],"seed_played":"-7150632159824249285","potions_obtained":[{"floor":1.0,"key":"BottledMiracle"},{"floor":6.0,"key":"Fire Potion"},{"floor":11.0,"key":"BottledMiracle"},{"floor":12.0,"key":"EssenceOfSteel"},{"floor":16.0,"key":"FearPotion"},{"floor":47,"key":"DuplicationPotion"},{"floor":48,"key":"EntropicBrew"}],"is_trial":false,"path_per_floor":["M","?","$","M","M","E","R","?","T","M","M","M","E","$","R","B",null,"M","M","M","M","?","R","E","M","T","E","M","$","?","E","R","B",null,"M","?","$","?","?","R","E","$","T","R","E","R","E","M","R","B",null,"R","$","E","B",null],"character_chosen":"WATCHER","items_purchased":["Membership Card","OrangePellets","Dota2Spire:HandOfMidas","AT_SilverBalance","Dota2Spire:MagicBottle","Medical Kit","Orrery"],"campfire_rested":7,"item_purchase_floors":[29,29,29,37,42,53,53],"current_hp_per_floor":[61,43,43,43,43,32,32,32,32,33,34,35,36,36,59,55,74,81,82,83,84,84,84,75,49,49,56,61,61,35,38,66,73,90,96,96,96,79,33,62,23,23,23,52,54,83,35,42,72,69,94,102,102,103,90],"gold":113,"neow_bonus":"RANDOM_COMMON_RELIC","is_daily":false,"chose_seed":false,"campfire_upgraded":1,"win_rate":0.0,"timestamp":1610676698,"path_taken":["M","?","$","M","M","E","R","?","T","?","M","M","E","?","R","BOSS","BOSS","M","M","M","M","?","R","E","M","T","E","?","$","?","E","R","BOSS","M","?","$","?","?","R","E","?","T","R","E","R","E","M","R","BOSS","R","$","E","BOSS"],"items_purchased_type":["Relic","Relic","Relic","Relic","Relic","Relic","Relic"],"build_version":"2020-12-22","purchased_purges":2,"victory":true,"max_hp_per_floor":[68,68,68,68,68,75,75,75,75,76,77,78,79,79,79,80,80,81,82,83,84,84,84,85,86,86,87,88,88,93,94,94,95,95,96,96,96,96,97,97,98,98,98,98,99,99,100,101,101,102,102,102,102,103,104],"card_choices":[{"not_picked":["ReachHeaven","Perseverance"],"picked":"Fasting2","floor":1.0},{"not_picked":["CutThroughFate","Study","FlurryOfBlows","Prostrate"],"picked":"Tantrum","floor":4.0},{"not_picked":["AT_DivineConfetti","ForeignInfluence","FollowUp","CutThroughFate"],"picked":"MostiFishMod:Speedup","floor":5.0},{"not_picked":["MostiFishMod:FlowState","CarveReality","EmptyBody","Consecrate"],"picked":"MostiFishMod:StarWish","floor":6.0},{"not_picked":["LikeWater","ThirdEye","ForeignInfluence","Prostrate"],"picked":"TalkToTheHand","floor":10.0},{"not_picked":["EmptyBody","Crescendo","Meditate","FlyingSleeves"],"picked":"MostiFishMod:PathToVictory","floor":11.0},{"not_picked":["PathToVictory","Meditate","ThirdEye","Conclude"],"picked":"Fasting2","floor":12.0},{"not_picked":["Meditate","ReachHeaven","ThirdEye","Alpha"],"picked":"FlurryOfBlows","floor":13.0},{"not_picked":["MostiFishMod:StarOceanP","MostiFishMod:KamiSmash","MostiFishMod:Pointsdynamics","MostiFishMod:Dust"],"picked":"AT_ChampionKick","floor":16.0},{"not_picked":["SashWhip","FlurryOfBlows+1","Collect+1","FollowUp","EmptyFist"],"picked":"SKIP","floor":18.0},{"not_picked":["MostiFishMod:PathToVictory","FlyingSleeves","BowlingBash","MostiFishMod:Nomercy","CrushJoints+1"],"picked":"SKIP","floor":19.0},{"not_picked":["EmptyFist","BattleHymn","ReachHeaven+1","Prostrate","Halt"],"picked":"SKIP","floor":20.0},{"not_picked":["EmptyBody","MostiFishMod:StarWish","ClearTheMind","ThirdEye"],"picked":"AT_ChampionStep","floor":21.0},{"not_picked":["ClearTheMind","LikeWater","Protect+1","Halt","WreathOfFlame"],"picked":"SKIP","floor":24.0},{"not_picked":["SandsOfTime","AT_OneInchPunch","Collect","PathToVictory","Evaluate"],"picked":"SKIP","floor":25.0},{"not_picked":["SignatureMove+1","Crescendo+1","AT_OneInchPunch+1","LikeWater","MostiFishMod:Nomercy"],"picked":"SKIP","floor":27.0},{"not_picked":["Halt","JustLucky+1","MostiFishMod:Dust","Prostrate","SashWhip+1"],"picked":"SKIP","floor":28.0},{"not_picked":["JustLucky+1","Consecrate+1","MostiFishMod:Speedup","Swivel"],"picked":"EmptyMind","floor":31.0},{"not_picked":["MostiFishMod:Pointsdynamics","MostiFishMod:OutWit","AT_ChampionKick+1","MostiFishMod:DisColor"],"picked":"MostiFishMod:StarHerder","floor":33.0},{"not_picked":["EmptyBody","Evaluate","PathToVictory","CrushJoints+1","AT_ChampionStep+1"],"picked":"SKIP","floor":35.0},{"not_picked":["Weave+1","ClearTheMind","Crescendo+1","BattleHymn"],"picked":"Wallop+1","floor":39.0},{"not_picked":["SashWhip+1","MostiFishMod:Pointsdynamics","ReachHeaven+1","CrushJoints+1","Nirvana"],"picked":"SKIP","floor":41},{"not_picked":["Pray+1","Evaluate","MostiFishMod:DustFall","ClearTheMind","ThirdEye"],"picked":"SKIP","floor":45},{"not_picked":["JustLucky+1","FollowUp+1","Evaluate","SashWhip+1","Protect"],"picked":"SKIP","floor":47},{"not_picked":["Consecrate+1","Meditate","Evaluate","Wireheading+1"],"picked":"Sanctity","floor":48},{"not_picked":["CutThroughFate+1","Worship+1","EmptyMind","BowlingBash+1"],"picked":"MostiFishMod:CyberBuddha","floor":53},{"not_picked":["CrushJoints+1","Prostrate+1","LikeWater","Protect"],"picked":"Wallop+1","floor":53},{"not_picked":["Pray","WaveOfTheHand","BowlingBash+1","InnerPeace+1"],"picked":"Adaptation","floor":53},{"not_picked":["Conclude+1","MentalFortress","MostiFishMod:FlowState","PathToVictory","MostiFishMod:Minus"],"picked":"SKIP","floor":54}],"player_experience":339816,"relics_obtained":[{"floor":1.0,"key":"SynthV:TestCard"},{"floor":6.0,"key":"Strawberry"},{"floor":13.0,"key":"Dota2Spire:ArcaneBoots"},{"floor":24.0,"key":"Dota2Spire:MaskOfMadness"},{"floor":26.0,"key":"Bag of Preparation"},{"floor":27.0,"key":"Molten Egg 2"},{"floor":31.0,"key":"Gremlin Horn"},{"floor":39.0,"key":"GoldenEye"},{"floor":41,"key":"Dota2Spire:AssaultCuirass"},{"floor":43,"key":"Dota2Spire:EtherealBlade"},{"floor":45,"key":"AT_DeathDance"},{"floor":47,"key":"Shuriken"},{"floor":54,"key":"Bottled Tornado"}],"event_choices":[{"damage_healed":0.0,"max_hp_gain":0.0,"max_hp_loss":0.0,"gold_gain":0.0,"event_name":"Scrap Ooze","player_choice":"Success","floor":2.0,"gold_loss":0.0,"damage_taken":18.0,"relics_obtained":["Potion Belt"]},{"damage_healed":0.0,"max_hp_gain":0.0,"max_hp_loss":0.0,"gold_gain":0.0,"event_name":"FaceTrader","player_choice":"Trade","floor":8.0,"gold_loss":0.0,"damage_taken":0.0,"relics_obtained":["FaceOfCleric"]},{"damage_healed":0.0,"max_hp_gain":0.0,"max_hp_loss":0.0,"gold_gain":0.0,"cards_transformed":["Defend_P"],"event_name":"Transmorgrifier","player_choice":"Transformed","floor":22.0,"gold_loss":0.0,"damage_taken":0.0,"cards_obtained":["MentalFortress"]},{"damage_healed":0.0,"max_hp_gain":5.0,"max_hp_loss":0.0,"gold_gain":0.0,"event_name":"Forgotten Altar","player_choice":"Shed Blood","floor":30.0,"gold_loss":0.0,"damage_taken":31.0},{"cards_removed":["AT_ChampionStep"],"damage_healed":0.0,"max_hp_gain":0.0,"max_hp_loss":0.0,"gold_gain":0.0,"event_name":"Falling","player_choice":"Removed Power","floor":36.0,"gold_loss":0.0,"damage_taken":0.0},{"damage_healed":0.0,"max_hp_gain":0.0,"max_hp_loss":0.0,"gold_gain":0.0,"event_name":"Winding Halls","player_choice":"Embrace Madness","floor":38.0,"gold_loss":0.0,"damage_taken":17.0,"cards_obtained":["Madness","Madness"]},{"damage_healed":0.0,"max_hp_gain":0.0,"max_hp_loss":0.0,"gold_gain":0.0,"event_name":"Mysterious Sphere","player_choice":"Fight","floor":39.0,"gold_loss":0.0,"damage_taken":0.0}],"is_beta":false,"boss_relics":[{"not_picked":["FixedStarFall","AT_TrinityForce"],"picked":"GreenFoldingFan"},{"not_picked":["Cursed Key","Astrolabe"],"picked":"SlaversCollar"}],"items_purged_floors":[3,14],"is_endless":false,"potions_floor_spawned":[1,6,11,12,16,19,24,28,31,47,48],"ascension_level":16}}