{"host":"1a3cjta80tad0aqj","time":1610708210,"event":{"mods":["2.2 Compatiblity","AchievementEnabler","BaseMod","Colored Map","DeckTracker","KOR Keyword Fix","Keyboard Shortcuts","Minty Spire (QoL Compilation)","Permanent Neow","Quick Restart","Random Character Button","StSLib","SuperFastMode","everything is the same but u backflip on backflip"],"gold_per_floor":[114,127,2,18,38,38,55,55,55,66,91,101,101,120,120,223,223,235,235,235,252,267,279,106,117,169,182,182,215,215,39,39,147,147,164,174,174,174,174,174,74,74,74,54,70,70,70,90,90,90,90],"floor_reached":50,"language":"KOR","playtime":2182,"items_purged":["Strike_R","Bash","Defend_R"],"score":516,"play_id":"5900251c-02f9-4870-84e6-c9c4c5749960","local_time":"20210115195650","is_ascension_mode":false,"campfire_choices":[{"floor":6.0,"key":"RECALL"},{"data":"Dropkick","floor":8.0,"key":"SMITH"},{"data":"Shockwave","floor":15.0,"key":"SMITH"},{"data":"Second Wind","floor":28.0,"key":"SMITH"},{"data":"True Grit","floor":30.0,"key":"SMITH"},{"data":"Rage","floor":32.0,"key":"SMITH"},{"data":"Feed","floor":40,"key":"SMITH"},{"data":"Shrug It Off","floor":42,"key":"SMITH"},{"data":"Reaper","floor":46,"key":"SMITH"},{"data":"Sever Soul","floor":49,"key":"SMITH"}],"circlet_count":0,"master_deck":["Defend_R","Shockwave+1","Dropkick+1","Sever Soul+1","Shrug It Off+1","Second Wind+1","Feed+1","Reaper+1","Dropkick+1","True Grit+1","Rage+1"],"relics":["Burning Blood","Bottled Flame","Lizard Tail","Busted Crown","CeramicFish","The Courier","Medical Kit","Empty Cage","Darkstone Periapt","Meat on the Bone"],"acts_visited":["Exordium","TheCity","TheBeyond"],"potions_floor_usage":[48],"damage_taken":[{"damage":2.0,"enemies":"Cultist","floor":1.0,"turns":4.0},{"damage":2.0,"enemies":"2 Louse","floor":2.0,"turns":3.0},{"damage":0.0,"enemies":"Small Slimes","floor":4.0,"turns":3.0},{"damage":8.0,"enemies":"Red Slaver","floor":5.0,"turns":5.0},{"damage":4.0,"enemies":"3 Louse","floor":7.0,"turns":3.0},{"damage":3.0,"enemies":"2 Fungi Beasts","floor":10.0,"turns":4.0},{"damage":34.0,"enemies":"Lagavulin","floor":11.0,"turns":8.0},{"damage":4.0,"enemies":"Looter","floor":12.0,"turns":3.0},{"damage":1.0,"enemies":"3 Louse","floor":14.0,"turns":3.0},{"damage":34.0,"enemies":"Hexaghost","floor":16.0,"turns":9.0},{"damage":6.0,"enemies":"3 Byrds","floor":18.0,"turns":5.0},{"damage":10.0,"enemies":"Shell Parasite","floor":21.0,"turns":5.0},{"damage":9.0,"enemies":"3 Cultists","floor":22.0,"turns":4.0},{"damage":3.0,"enemies":"Centurion and Healer","floor":23.0,"turns":5.0},{"damage":0.0,"enemies":"Snake Plant","floor":25.0,"turns":3.0},{"damage":14.0,"enemies":"Shelled Parasite and Fungi","floor":27.0,"turns":4.0},{"damage":25.0,"enemies":"Slavers","floor":29.0,"turns":7.0},{"damage":32.0,"enemies":"Collector","floor":33.0,"turns":5.0},{"damage":23.0,"enemies":"3 Shapes","floor":35.0,"turns":4.0},{"damage":18.0,"enemies":"3 Darklings","floor":36.0,"turns":3.0},{"damage":18,"enemies":"Spire Growth","floor":45,"turns":4},{"damage":0,"enemies":"Maw","floor":48,"turns":4},{"damage":104,"enemies":"Donu and Deca","floor":50,"turns":7}],"seed_played":"6841993288305465951","potions_obtained":[{"floor":2.0,"key":"Weak Potion"},{"floor":5.0,"key":"SneckoOil"},{"floor":18.0,"key":"FearPotion"},{"floor":25.0,"key":"CultistPotion"},{"floor":45,"key":"Regen Potion"}],"is_trial":false,"path_per_floor":["M","M","$","M","M","R","M","R","T","M","E","M","T","M","R","B",null,"M","?","?","M","M","M","$","M","T","M","R","E","R","$","R","B",null,"M","M","?","?","?","R","$","R","T","?","M","R","T","M","R","B"],"character_chosen":"IRONCLAD","items_purchased":["FearPotion","Rage","Medical Kit","LiquidMemories"],"campfire_rested":0,"item_purchase_floors":[3,24,31,31],"current_hp_per_floor":[60,64,64,70,68,68,70,70,70,73,45,47,47,52,52,24,80,80,80,80,83,86,89,89,92,92,93,93,88,88,88,88,75,101,97,91,91,91,91,91,91,91,91,91,89,89,89,107,107,13,13],"gold":90,"neow_bonus":"TRANSFORM_TWO_CARDS","is_daily":false,"chose_seed":true,"campfire_upgraded":9,"win_rate":0.0,"timestamp":1610708210,"path_taken":["M","M","$","M","M","R","M","R","T","M","E","M","?","M","R","BOSS","M","?","?","?","M","M","$","M","T","M","R","E","R","$","R","BOSS","M","M","?","?","?","R","$","R","T","?","?","R","?","M","R","BOSS"],"items_purchased_type":["Potion","Card","Relic","Potion"],"build_version":"2020-12-22","purchased_purges":3,"victory":false,"max_hp_per_floor":[80,80,80,80,80,80,80,80,80,80,80,80,80,80,80,80,80,80,80,80,83,86,89,89,92,92,95,95,98,98,98,98,101,101,104,104,104,104,99,99,99,99,99,99,103,103,103,107,107,107,107],"card_choices":[{"not_picked":["Anger","Whirlwind","Hemokinesis"],"picked":"SKIP","floor":1.0},{"not_picked":["Sentinel","Flex"],"picked":"Sever Soul","floor":2.0},{"not_picked":["Iron Wave","Rupture","Pommel Strike"],"picked":"SKIP","floor":4.0},{"not_picked":["Sentinel","Pommel Strike","Metallicize"],"picked":"SKIP","floor":5.0},{"not_picked":["Rampage","Carnage","Anger"],"picked":"SKIP","floor":7.0},{"not_picked":["Uppercut","Havoc","Sword Boomerang"],"picked":"SKIP","floor":10.0},{"not_picked":["Sword Boomerang","Sentinel","Berserk"],"picked":"SKIP","floor":11.0},{"not_picked":["Cleave","Clash"],"picked":"Shrug It Off","floor":12.0},{"not_picked":["Rupture","Twin Strike","Warcry"],"picked":"SKIP","floor":14.0},{"not_picked":[],"picked":"Second Wind","floor":18.0},{"not_picked":[],"picked":"True Grit","floor":21.0},{"not_picked":["Shockwave"],"picked":"SKIP","floor":22.0},{"not_picked":["Whirlwind"],"picked":"SKIP","floor":23.0},{"not_picked":["Body Slam"],"picked":"SKIP","floor":25.0},{"not_picked":["Havoc"],"picked":"SKIP","floor":27.0},{"not_picked":["Battle Trance"],"picked":"SKIP","floor":29.0},{"not_picked":[],"picked":"Offering","floor":33.0},{"not_picked":["Clothesline"],"picked":"SKIP","floor":35.0},{"not_picked":["Clothesline"],"picked":"SKIP","floor":36.0},{"not_picked":["Clothesline"],"picked":"SKIP","floor":36.0},{"not_picked":["Perfected Strike"],"picked":"SKIP","floor":45},{"not_picked":["Searing Blow"],"picked":"SKIP","floor":48}],"player_experience":649939,"relics_obtained":[{"floor":9.0,"key":"Bottled Flame"},{"floor":11.0,"key":"Lizard Tail"},{"floor":26.0,"key":"CeramicFish"},{"floor":29.0,"key":"The Courier"},{"floor":43,"key":"Darkstone Periapt"},{"floor":47,"key":"Meat on the Bone"}],"event_choices":[{"damage_healed":0.0,"max_hp_gain":0.0,"max_hp_loss":0.0,"gold_gain":0.0,"cards_transformed":["Strike_R","Strike_R"],"event_name":"Drug Dealer","player_choice":"Became Test Subject","floor":19.0,"gold_loss":0.0,"damage_taken":0.0,"cards_obtained":["Feed","Reaper"]},{"damage_healed":0.0,"max_hp_gain":0.0,"max_hp_loss":0.0,"gold_gain":0.0,"event_name":"Duplicator","player_choice":"Copied","floor":20.0,"gold_loss":0.0,"damage_taken":0.0,"cards_obtained":["Dropkick"]},{"cards_removed":["Offering"],"damage_healed":0.0,"max_hp_gain":0.0,"max_hp_loss":0.0,"gold_gain":0.0,"event_name":"Falling","player_choice":"Removed Skill","floor":37.0,"gold_loss":0.0,"damage_taken":0.0},{"damage_healed":0.0,"max_hp_gain":0.0,"max_hp_loss":0.0,"gold_gain":0.0,"event_name":"Tomb of Lord Red Mask","player_choice":"Ignored","floor":38.0,"gold_loss":0.0,"damage_taken":0.0},{"damage_healed":0,"gold_gain":0,"player_choice":"Max HP","damage_taken":0,"max_hp_gain":0,"max_hp_loss":5,"event_name":"Winding Halls","floor":39,"gold_loss":0},{"damage_healed":0,"gold_gain":0,"player_choice":"Bought 1 Potion","damage_taken":0,"max_hp_gain":0,"max_hp_loss":0,"event_name":"The Woman in Blue","floor":44,"gold_loss":0}],"is_beta":false,"boss_relics":[{"not_picked":["Tiny House","Calling Bell"],"picked":"Busted Crown"},{"not_picked":["Mark of Pain","Black Star"],"picked":"Empty Cage"}],"items_purged_floors":[3,24,41],"is_endless":false,"potions_floor_spawned":[2,5,11,14,18,25,45],"killed_by":"Donu and Deca","ascension_level":0}}