{"host":"9kesdg97wkrx2bva","time":1610739763,"event":{"mods":["AchievementEnabler","BaseMod","Colored Map","Downfall","GifTheSpireLib","Infinite Spire","Minty Spire (QoL Compilation)","Replay The Spire","StSLib"],"gold_per_floor":[116,135,56,68,43,43,63,63,112,138,138,153,168,178,178,251,251,267,285,302,302,302,302,302,302],"floor_reached":24,"language":"ENG","playtime":2845,"items_purged":[],"score":370,"play_id":"aaf120d4-cfb0-42a4-a335-a38c19861d25","local_time":"20210115144243","is_ascension_mode":true,"campfire_choices":[{"data":"Zap","floor":6,"key":"SMITH"},{"data":"Dualcast","floor":8,"key":"SMITH"},{"data":"Gash","floor":11,"key":"SMITH"},{"floor":15,"key":"REST"},{"floor":23,"key":"REST"}],"circlet_count":0,"master_deck":["AscendersBane","Defend_B","Defend_B","Defend_B","Zap+1","Dualcast+1","Gash+1","Go for the Eyes","Ball Lightning","Genetic Algorithm","Panic Button","Defragment","Scrape","Echo Form","Ball Lightning+1","Biased Cognition","Stack","Amplify","Decay"],"relics":["Cracked Core","Art of War","Geode","Orichalcum","Empty Cage"],"acts_visited":["Exordium","TheCity"],"potions_floor_usage":[7,16],"damage_taken":[{"damage":7,"enemies":"Jaw Worm","floor":1,"turns":4},{"damage":13,"enemies":"infinitespire:Voidling","floor":2,"turns":4},{"damage":15,"enemies":"Small Slimes","floor":4,"turns":4},{"damage":0,"enemies":"2 Fungi Beasts","floor":7,"turns":3},{"damage":12,"enemies":"Replay:BlueRogue","floor":10,"turns":4},{"damage":6,"enemies":"Blue Slaver","floor":12,"turns":3},{"damage":9,"enemies":"3 Louse","floor":13,"turns":2},{"damage":8,"enemies":"Large Slime","floor":14,"turns":4},{"damage":10,"enemies":"Hexaghost","floor":16,"turns":8},{"damage":19,"enemies":"2 Thieves","floor":18,"turns":3},{"damage":19,"enemies":"Spheric Guardian","floor":19,"turns":4},{"damage":15,"enemies":"Snecko","floor":20,"turns":5},{"damage":50,"enemies":"Slavers","floor":24,"turns":4}],"seed_played":"6078319914569081521","potions_obtained":[{"floor":4,"key":"Block Potion"},{"floor":7,"key":"FairyPotion"},{"floor":10,"key":"PowerPotion"}],"is_trial":false,"path_per_floor":["M","M","?","M","$","R","M","R","T","E","R","M","M","M","R","B",null,"M","M","M","?","?","R","E"],"character_chosen":"DEFECT","items_purchased":["Ball Lightning"],"campfire_rested":2,"item_purchase_floors":[5],"current_hp_per_floor":[57,53,53,38,38,38,38,38,38,26,26,20,11,3,24,14,57,38,19,4,4,4,25,0,0],"gold":302,"neow_bonus":"REMOVE_CARD","is_daily":false,"chose_seed":false,"campfire_upgraded":3,"win_rate":0.0,"timestamp":1610739763,"path_taken":["M","M","?","?","$","R","M","R","T","E","R","M","M","M","R","BOSS","M","M","M","?","?","R","E"],"items_purchased_type":["Card"],"build_version":"2020-12-22","purchased_purges":0,"victory":false,"max_hp_per_floor":[71,71,71,71,71,71,71,71,71,71,71,71,71,71,71,71,71,71,71,71,71,71,71,71,71],"card_choices":[{"not_picked":["Stack","Ball Lightning"],"picked":"Gash","floor":1},{"not_picked":["Stack","Redo","Hello World"],"picked":"SKIP","floor":2},{"not_picked":["Multi-Cast","ReplaySort"],"picked":"Go for the Eyes","floor":4},{"not_picked":["BasicCrystalCard","Force Field"],"picked":"Genetic Algorithm","floor":7},{"not_picked":["Rip and Tear","Hologram"],"picked":"Panic Button","floor":10},{"not_picked":["BasicCrystalCard","Ball Lightning"],"picked":"Defragment","floor":12},{"not_picked":["BasicCrystalCard","Glacier","ReplaySort"],"picked":"SKIP","floor":13},{"not_picked":["Redo","Core Surge"],"picked":"Scrape","floor":14},{"not_picked":["Seek","ReplayTheSpireMod:Omega Cannon"],"picked":"Echo Form","floor":16},{"not_picked":["Tempest","Reinforced Body","Genetic Algorithm"],"picked":"SKIP","floor":18},{"not_picked":["Genetic Algorithm","Steam"],"picked":"Ball Lightning+1","floor":19},{"not_picked":["Stack","Compile Driver"],"picked":"Biased Cognition","floor":20}],"player_experience":945415,"relics_obtained":[{"floor":9,"key":"Geode"},{"floor":10,"key":"Orichalcum"}],"event_choices":[{"damage_healed":0,"gold_gain":0,"player_choice":"Paid Gold","damage_taken":0,"relics_obtained":["Art of War"],"max_hp_gain":0,"max_hp_loss":0,"event_name":"WeMeetAgain","floor":3,"gold_loss":79},{"damage_healed":0,"gold_gain":0,"cards_transformed":["Strike_B","Strike_B"],"player_choice":"Became Test Subject","damage_taken":0,"max_hp_gain":0,"max_hp_loss":0,"event_name":"Drug Dealer","floor":21,"gold_loss":0,"cards_obtained":["Stack","Amplify"]},{"damage_healed":0,"gold_gain":0,"player_choice":"Smashed Altar","damage_taken":0,"max_hp_gain":0,"max_hp_loss":0,"event_name":"Forgotten Altar","floor":22,"gold_loss":0,"cards_obtained":["Decay"]}],"is_beta":false,"boss_relics":[{"not_picked":["ReplayTheSpireMod:SealedPack","Ectoplasm"],"picked":"Empty Cage"}],"items_purged_floors":[],"is_endless":false,"potions_floor_spawned":[4,7,10,12,14],"killed_by":"Slavers","ascension_level":17}}