{"host":"o5jvvi5yapo90aia","time":1610696228,"event":{"mods":["BaseMod","CapriCore","Minty Spire (QoL Compilation)","MostiFishMod","Prisma Mod","Spicy Shops","StSLib","TestMod","The Immortal","Yakumo Yukari mod","【人物mod】游戏王New YuGiOh mod","【功能Mod】Neow奖励"],"gold_per_floor":[112,262,262,133,153,183,203,229,229,264,131,56,81,97,97,168,168,184,184,203,220,239,239,270,270,293,29,62,112,134,168,168,245,245,272,300,2,2,19,19,61,82,82,123,143,164,203,236,236,252,268,268,268,59,108,137],"floor_reached":57,"language":"ZHS","playtime":3681,"items_purged":["Doubt","Outmaneuver","Corpse Explosion"],"score":3739,"play_id":"965f3005-4624-4a34-9962-2229a1302646","local_time":"20210115153708","is_ascension_mode":true,"campfire_choices":[{"data":"Slice","floor":15,"key":"PURGE"},{"data":"Quick Slash","floor":23,"key":"PURGE"},{"data":"Neutralize","floor":25,"key":"PURGE"},{"data":"Survivor","floor":32,"key":"PURGE"},{"data":"Phantasmal Killer","floor":40,"key":"PURGE"},{"floor":49,"key":"RECALL"},{"data":"Night Terror","floor":53,"key":"PURGE"}],"circlet_count":0,"master_deck":["AscendersBane","MostiFishMod:FrostNova","Malaise","Calculated Gamble","Noxious Fumes","MostiFishMod:Confrontation","Crippling Poison","Acrobatics","Adrenaline","MostiFishMod:Overload","MostiFishMod:ShivMaster","MostiFishMod:LethalBlade","Grand Finale","MostiFishMod:Wind","Feel No Pain","MostiFishMod:PerfectForm"],"relics":["DaveBox","testmod-TestBox","Pandora\u0027s Box","The Courier","testmod-ChristmasGift","SynthV:TestCard","ClockworkSouvenir","testmod-ArcanaOfDestiny","Matryoshka","Oddly Smooth Stone","testmod-HeartOfDaVinci","Happy Flower","DataDisk","MealTicket","Runic Pyramid","testmod-OneHitWonder","Prayer Wheel","Potion Belt","testmod-Maize","Nunchaku","Snake Skull","testmod-DeterminationOfClimber","Membership Card","testmod-Charity","testmod-IndustrialRevolution","Pantograph","Dream Catcher","PreservedInsect","Brimstone","Anchor","Bag of Preparation"],"acts_visited":["Exordium","TheCity","TheBeyond","TheEnding"],"potions_floor_usage":[13,16,16,16,16,16,16,16,16,16,16,16,16,18,18,18,24,24,28,28,28,28,28,28,28,28,31,31,31,31,33,56,56,56,56,56,56,56,56,56,56,56,56,56],"damage_taken":[{"damage":10.0,"enemies":"2 Louse","floor":1.0,"turns":2.0},{"damage":0.0,"enemies":"Jaw Worm","floor":5.0,"turns":2.0},{"damage":26.0,"enemies":"Gremlin Nob","floor":6.0,"turns":6.0},{"damage":0.0,"enemies":"Cultist","floor":7.0,"turns":2.0},{"damage":9.0,"enemies":"3 Sentries","floor":8.0,"turns":6.0},{"damage":6.0,"enemies":"Lagavulin","floor":10.0,"turns":4.0},{"damage":12,"enemies":"3 Sentries","floor":13,"turns":3},{"damage":0,"enemies":"2 Fungi Beasts","floor":14,"turns":3},{"damage":0,"enemies":"Hexaghost","floor":16,"turns":4},{"damage":2,"enemies":"Chosen","floor":18,"turns":5},{"damage":2,"enemies":"2 Thieves","floor":20,"turns":3},{"damage":0,"enemies":"Centurion and Healer","floor":21,"turns":3},{"damage":19,"enemies":"Sentry and Sphere","floor":22,"turns":7},{"damage":0,"enemies":"Slavers","floor":24,"turns":2},{"damage":12,"enemies":"Book of Stabbing","floor":28,"turns":9},{"damage":0,"enemies":"Snake Plant","floor":30,"turns":4},{"damage":4,"enemies":"Gremlin Leader","floor":31,"turns":4},{"damage":0,"enemies":"Collector","floor":33,"turns":4},{"damage":1,"enemies":"3 Shapes","floor":35,"turns":3},{"damage":0,"enemies":"3 Darklings","floor":36,"turns":1},{"damage":0,"enemies":"Jaw Worm Horde","floor":39,"turns":1},{"damage":0,"enemies":"Nemesis","floor":41,"turns":1},{"damage":0,"enemies":"Writhing Mass","floor":42,"turns":1},{"damage":0,"enemies":"Giant Head","floor":44,"turns":1},{"damage":0,"enemies":"4 Shapes","floor":45,"turns":1},{"damage":0,"enemies":"Jaw Worm Horde","floor":46,"turns":1},{"damage":0,"enemies":"Reptomancer","floor":47,"turns":1},{"damage":0,"enemies":"Spire Growth","floor":48,"turns":1},{"damage":0,"enemies":"Awakened One","floor":50,"turns":2},{"damage":0,"enemies":"Donu and Deca","floor":51,"turns":1},{"damage":0,"enemies":"Shield and Spear","floor":55,"turns":1},{"damage":1,"enemies":"The Heart","floor":56,"turns":3}],"seed_played":"6115304671075622330","potions_obtained":[{"floor":1.0,"key":"Fire Potion"},{"floor":13,"key":"testmod-SpacePotion"},{"floor":18,"key":"FearPotion"},{"floor":21,"key":"DistilledChaos"},{"floor":30,"key":"Swift Potion"},{"floor":41,"key":"EntropicBrew"},{"floor":47,"key":"SmokeBomb"},{"floor":55,"key":"CunningPotion"}],"is_trial":false,"path_per_floor":["M","?","?","$","M","E","M","E","T","E","$","?","E","M","R","B",null,"M","?","M","M","M","R","E","R","T","$","E","?","M","E","R","B",null,"M","M","$","?","M","R","E","M","T","E","M","M","E","M","R","B","B",null,"R","$","E","B",null],"character_chosen":"THE_SILENT","items_purchased":["ClockworkSouvenir","DataDisk","testmod-Maize","Membership Card","testmod-Charity","Brimstone","Anchor","MostiFishMod:PerfectForm"],"campfire_rested":0,"item_purchase_floors":[4,11,27,37,37,54,54,54],"current_hp_per_floor":[51,51,51,51,53,33,37,51,51,49,49,49,42,47,47,56,64,66,66,64,66,64,64,66,66,66,66,66,66,66,66,66,66,66,66,66,66,66,72,72,79,85,85,93,97,102,108,114,114,129,135,135,135,135,142,156],"gold":137,"neow_bonus":"BOSS_RELIC","is_daily":false,"chose_seed":false,"campfire_upgraded":0,"win_rate":0.0,"timestamp":1610696228,"path_taken":["M","?","?","?","M","E","M","E","T","E","$","?","E","M","R","BOSS","M","?","M","M","M","R","E","R","T","?","E","?","?","E","R","BOSS","M","M","?","?","M","R","E","M","T","E","M","M","E","?","R","BOSS","BOSS","R","$","E","BOSS"],"items_purchased_type":["Relic","Relic","Relic","Relic","Relic","Relic","Relic","Card"],"build_version":"2020-12-22","purchased_purges":3,"victory":true,"max_hp_per_floor":[66,66,66,66,66,66,66,66,66,66,66,66,66,66,66,66,66,66,66,66,66,66,66,66,66,66,66,66,66,66,66,66,66,66,66,66,66,66,72,72,79,85,85,93,97,102,108,114,114,129,135,135,135,135,142,157],"card_choices":[{"not_picked":["MostiFishMod:InvigoratingSolution","Blur","Outmaneuver"],"picked":"SKIP","floor":1.0},{"not_picked":["Dagger Throw","Catalyst","Dagger Spray","Concentrate"],"picked":"MostiFishMod:Confrontation","floor":3.0},{"not_picked":["Dash","Outmaneuver","Distraction","Acrobatics"],"picked":"Crippling Poison","floor":3.0},{"not_picked":["MostiFishMod:PreservedThorns","Setup","Flying Knee","Escape Plan"],"picked":"Acrobatics","floor":3.0},{"not_picked":["Deadly Poison","Choke","Cloak And Dagger","Deflect","Finisher"],"picked":"SKIP","floor":5.0},{"not_picked":["Quick Slash","Outmaneuver","Dagger Throw","MostiFishMod:PerfectParry"],"picked":"Adrenaline","floor":6.0},{"not_picked":["Flechettes","Backflip","Dagger Throw","Quick Slash","Footwork"],"picked":"SKIP","floor":7.0},{"not_picked":["Sucker Punch","Bouncing Flask","Dagger Spray","Backflip","Distraction"],"picked":"SKIP","floor":8.0},{"not_picked":["Well Laid Plans","Terror","MostiFishMod:InvigoratingSolution","Setup"],"picked":"Corpse Explosion","floor":10.0},{"not_picked":["Cloak And Dagger","Outmaneuver","Deflect","Reflex"],"picked":"Night Terror","floor":13},{"not_picked":["Deadly Poison","Backflip","PiercingWail","Heel Hook"],"picked":"MostiFishMod:ShivMaster","floor":14},{"not_picked":["Choke+1","Endless Agony","Dagger Spray","Eviscerate","Blade Dance"],"picked":"SKIP","floor":18},{"not_picked":["Sucker Punch","Poisoned Stab","Bane","Calculated Gamble","Quick Slash+1"],"picked":"SKIP","floor":20},{"not_picked":["MostiFishMod:ThornCasing","Dagger Throw","Bane+1","Flying Knee","Calculated Gamble"],"picked":"SKIP","floor":21},{"not_picked":["Underhanded Strike","Poisoned Stab","Noxious Fumes","Flechettes","Backflip"],"picked":"SKIP","floor":22},{"not_picked":["Poisoned Stab","Backflip+1","MostiFishMod:Opportunism","Finisher+1","Underhanded Strike"],"picked":"SKIP","floor":24},{"not_picked":["Leg Sweep","MostiFishMod:ShivMaster","Predator","Adrenaline","Backflip"],"picked":"SKIP","floor":28},{"not_picked":["Escape Plan","Poisoned Stab+1","Quick Slash","Underhanded Strike+1","Finisher"],"picked":"SKIP","floor":30},{"not_picked":["Endless Agony","Finisher","Underhanded Strike+1","Infinite Blades","Night Terror"],"picked":"SKIP","floor":30},{"not_picked":["Sucker Punch","Choke","Blur","Noxious Fumes"],"picked":"MostiFishMod:LethalBlade","floor":31},{"not_picked":["Night Terror","Corpse Explosion","A Thousand Cuts","MostiFishMod:WinterMarkForm"],"picked":"Grand Finale","floor":33},{"not_picked":["Dagger Spray+1","MostiFishMod:InvigoratingSolution","Deadly Poison","Terror+1","Footwork+1"],"picked":"SKIP","floor":35},{"not_picked":["Dodge and Roll","PiercingWail","Backflip","Slice+1","Cloak And Dagger+1"],"picked":"SKIP","floor":35},{"not_picked":["Outmaneuver","Slice","Cloak And Dagger","Endless Agony","Quick Slash"],"picked":"SKIP","floor":36},{"not_picked":["MostiFishMod:WinterMarkForm","Deflect","Prepared+1","Tactician","MostiFishMod:PerfectParry"],"picked":"SKIP","floor":36},{"not_picked":["Bouncing Flask","Prepared+1","Eviscerate","Backflip+1","PiercingWail"],"picked":"SKIP","floor":39},{"not_picked":["Quick Slash","MostiFishMod:InvigoratingSolution","Eviscerate+1","MostiFishMod:PerfectParry","Endless Agony"],"picked":"SKIP","floor":39},{"not_picked":["Deadly Poison","Dagger Throw","Bane+1","Sucker Punch","Outmaneuver"],"picked":"SKIP","floor":41},{"not_picked":["MostiFishMod:PerfectParry+1","Outmaneuver+1","Sucker Punch+1","MostiFishMod:PreservedThorns","Acrobatics+1"],"picked":"SKIP","floor":42},{"not_picked":["Dagger Throw","Outmaneuver","Concentrate","Cloak And Dagger+1","Dodge and Roll+1"],"picked":"SKIP","floor":42},{"not_picked":["Glass Knife","Prepared","Crippling Poison","Cloak And Dagger","Acrobatics"],"picked":"SKIP","floor":44},{"not_picked":["Sucker Punch","Dagger Spray","Poisoned Stab","Blade Dance","MostiFishMod:PerfectParry"],"picked":"SKIP","floor":45},{"not_picked":["Dagger Spray","Quick Slash","Backflip+1","Blade Dance+1","Cloak And Dagger"],"picked":"SKIP","floor":45},{"not_picked":["Caltrops+1","Outmaneuver","Blade Dance","Underhanded Strike"],"picked":"MostiFishMod:FullyArmed","floor":46},{"not_picked":["Quick Slash","Backflip","Blade Dance+1","Deadly Poison+1","Underhanded Strike+1"],"picked":"SKIP","floor":46},{"not_picked":["Well Laid Plans","Deadly Poison","Cloak And Dagger","Dodge and Roll"],"picked":"MostiFishMod:Wind","floor":47},{"not_picked":["Poisoned Stab","MostiFishMod:PoisonShield","Quick Slash","Cloak And Dagger","Outmaneuver"],"picked":"SKIP","floor":48},{"not_picked":["MostiFishMod:PerfectParry","PiercingWail","Quick Slash","Dodge and Roll","Poisoned Stab+1"],"picked":"SKIP","floor":48},{"not_picked":["Bane+1","Deflect","Phantasmal Killer","Slice","Accuracy"],"picked":"SKIP","floor":55}],"player_experience":1427812,"relics_obtained":[{"floor":1.0,"key":"SynthV:TestCard"},{"floor":6.0,"key":"testmod-ArcanaOfDestiny"},{"floor":8.0,"key":"Matryoshka"},{"floor":9.0,"key":"Oddly Smooth Stone"},{"floor":9.0,"key":"testmod-HeartOfDaVinci"},{"floor":10.0,"key":"Happy Flower"},{"floor":13,"key":"MealTicket"},{"floor":24,"key":"Prayer Wheel"},{"floor":26,"key":"Potion Belt"},{"floor":28,"key":"Nunchaku"},{"floor":31,"key":"Snake Skull"},{"floor":41,"key":"testmod-IndustrialRevolution"},{"floor":43,"key":"Pantograph"},{"floor":44,"key":"Dream Catcher"},{"floor":47,"key":"PreservedInsect"},{"floor":55,"key":"Bag of Preparation"}],"event_choices":[{"damage_healed":0.0,"max_hp_gain":0.0,"max_hp_loss":0.0,"gold_gain":150.0,"event_name":"Liars Game","player_choice":"AGREE","floor":2.0,"gold_loss":0.0,"damage_taken":0.0,"cards_obtained":["Doubt"]},{"damage_healed":0.0,"max_hp_gain":0.0,"max_hp_loss":0.0,"gold_gain":0.0,"event_name":"给自己的盒子","player_choice":"Swap Relic","floor":3.0,"relics_lost":["Orrery"],"gold_loss":0.0,"damage_taken":0.0,"relics_obtained":["Orrery"]},{"cards_removed":["Slice"],"damage_healed":0,"gold_gain":0,"player_choice":"Card Removal","damage_taken":0,"max_hp_gain":0,"max_hp_loss":0,"event_name":"The Cleric","floor":12,"gold_loss":75},{"cards_removed":["Bouncing Flask"],"damage_healed":0,"gold_gain":0,"player_choice":"Gave Card","damage_taken":0,"relics_obtained":["testmod-OneHitWonder"],"max_hp_gain":0,"max_hp_loss":0,"event_name":"WeMeetAgain","floor":19,"gold_loss":0},{"damage_healed":0,"gold_gain":50,"player_choice":"Stole From Cult","damage_taken":0,"max_hp_gain":0,"max_hp_loss":0,"event_name":"Nest","floor":29,"gold_loss":0},{"damage_healed":0,"gold_gain":0,"player_choice":"Got Potions","damage_taken":0,"max_hp_gain":0,"max_hp_loss":0,"event_name":"Lab","floor":38,"gold_loss":0}],"is_beta":false,"boss_relics":[{"not_picked":["Sozu","Mark of Pain"],"picked":"Runic Pyramid"},{"not_picked":["Busted Crown","Philosopher\u0027s Stone"],"picked":"testmod-DeterminationOfClimber"}],"items_purged_floors":[4,37,37],"is_endless":false,"potions_floor_spawned":[1,5,7,13,18,21,30,36,41,44,47,55],"ascension_level":20}}