{"host":"Ian","time":1610749337,"event":{"mods":["BaseMod","Bestiary","Block Reminder","Colored Map","Highlight Path","Key Reminder","Minty Spire (QoL Compilation)","Relic Stats"],"gold_per_floor":[112,125,139,11,25,25,40,40,63,98,98,173,173,200,200,275,275,292,25,25,25,36,36,71,85,85,85,111,111,386,404,404,478,478,492,507,1,16,34,66,79,97,97,115,129,155,155,170,170,170,170],"floor_reached":50,"language":"ENG","playtime":3111,"items_purged":["Strike_R","Bite"],"score":1262,"play_id":"4bb23d51-0bd6-48f9-a42f-cf0e2913acde","local_time":"20210115222217","is_ascension_mode":true,"campfire_choices":[{"data":"Bash","floor":6,"key":"SMITH"},{"floor":11,"key":"REST"},{"floor":13,"key":"REST"},{"data":"Corruption","floor":15,"key":"SMITH"},{"data":"Barricade","floor":23,"key":"SMITH"},{"data":"Dark Embrace","floor":27,"key":"SMITH"},{"data":"Demon Form","floor":32,"key":"SMITH"},{"floor":47,"key":"RECALL"},{"data":"Rage","floor":49,"key":"SMITH"}],"circlet_count":0,"master_deck":["AscendersBane","Defend_R+1","Defend_R","Defend_R","Defend_R+1","Bash+1","Clash","Clothesline","Shrug It Off","Disarm","Infernal Blade","Corruption+1","Double Tap","Barricade+1","Sentinel+1","Bite","Bite","Bite","Bite","Rage+1","Dark Embrace+1","Pommel Strike","Rampage+1","J.A.X.","Demon Form+1","Reaper","Feel No Pain","Whirlwind","Shrug It Off","Shrug It Off","Battle Trance"],"relics":["Philosopher\u0027s Stone","PreservedInsect","Smiling Mask","Omamori","Runic Pyramid","Mummified Hand","Anchor","Du-Vu Doll","Bag of Preparation","Magic Flower","SacredBark","Bottled Tornado","War Paint","Thread and Needle"],"acts_visited":["Exordium","TheCity","TheBeyond"],"potions_floor_usage":[16],"damage_taken":[{"damage":2,"enemies":"Cultist","floor":1,"turns":4},{"damage":3,"enemies":"Jaw Worm","floor":2,"turns":2},{"damage":1,"enemies":"Small Slimes","floor":3,"turns":3},{"damage":13,"enemies":"Exordium Wildlife","floor":5,"turns":3},{"damage":10,"enemies":"Blue Slaver","floor":7,"turns":3},{"damage":17,"enemies":"3 Sentries","floor":10,"turns":7},{"damage":4,"enemies":"Lagavulin","floor":14,"turns":5},{"damage":40,"enemies":"Slime Boss","floor":16,"turns":12},{"damage":18,"enemies":"2 Thieves","floor":18,"turns":4},{"damage":17,"enemies":"Chosen","floor":22,"turns":7},{"damage":34,"enemies":"Book of Stabbing","floor":24,"turns":5},{"damage":0,"enemies":"Snecko","floor":25,"turns":5},{"damage":26,"enemies":"Gremlin Leader","floor":28,"turns":6},{"damage":30,"enemies":"Chosen and Byrds","floor":31,"turns":6},{"damage":22,"enemies":"Champ","floor":33,"turns":6},{"damage":12,"enemies":"Orb Walker","floor":35,"turns":4},{"damage":8,"enemies":"3 Darklings","floor":36,"turns":4},{"damage":28,"enemies":"Jaw Worm Horde","floor":38,"turns":3},{"damage":19,"enemies":"Writhing Mass","floor":39,"turns":6},{"damage":25,"enemies":"Nemesis","floor":40,"turns":7},{"damage":3,"enemies":"Transient","floor":41,"turns":6},{"damage":3,"enemies":"Spire Growth","floor":42,"turns":4},{"damage":3,"enemies":"Writhing Mass","floor":44,"turns":3},{"damage":10,"enemies":"4 Shapes","floor":45,"turns":5},{"damage":3,"enemies":"Reptomancer","floor":46,"turns":6},{"damage":13,"enemies":"Transient","floor":48,"turns":6},{"damage":98,"enemies":"Awakened One","floor":50,"turns":7}],"seed_played":"-1401931611938710789","potions_obtained":[{"floor":2,"key":"FairyPotion"},{"floor":22,"key":"PowerPotion"},{"floor":40,"key":"HeartOfIron"},{"floor":41,"key":"Regen Potion"}],"is_trial":false,"path_per_floor":["M","M","M","$","M","R","M","?","T","E","R","?","R","E","R","B",null,"M","$","?","?","M","R","E","M","T","R","E","?","?","M","R","B",null,"M","M","$","M","M","E","M","M","T","M","M","E","R","M","R","B"],"character_chosen":"IRONCLAD","items_purchased":["SteroidPotion","Mummified Hand","Feel No Pain","Bottled Tornado","Whirlwind"],"campfire_rested":2,"item_purchase_floors":[4,19,37,37,37],"current_hp_per_floor":[66,63,62,62,49,49,39,32,32,15,37,26,48,44,44,4,57,39,39,39,39,40,40,20,40,40,40,38,38,38,26,26,37,48,43,52,52,50,52,33,52,52,52,52,52,52,52,52,52,0,0],"gold":170,"neow_bonus":"BOSS_RELIC","is_daily":false,"chose_seed":false,"campfire_upgraded":6,"win_rate":0.0,"timestamp":1610749337,"path_taken":["M","?","M","$","M","R","M","?","T","E","R","?","R","E","R","BOSS","M","$","?","?","M","R","E","M","T","R","E","?","?","M","R","BOSS","M","?","?","M","M","E","M","M","T","M","?","E","R","M","R","BOSS"],"items_purchased_type":["Potion","Relic","Card","Relic","Card"],"build_version":"2020-12-18","purchased_purges":2,"victory":false,"max_hp_per_floor":[75,75,75,75,75,75,75,75,75,75,75,75,75,75,75,75,75,75,75,75,52,52,52,52,52,52,52,52,52,52,52,52,52,52,52,52,52,52,52,52,52,52,52,52,52,52,52,52,52,52,52],"relic_stats":{"counters":[27,139],"Mummified Hand":[105],"Magic Flower":[60],"PreservedInsect":266,"Bag of Preparation":[30],"War Paint":["Defend_R","Defend_R"],"Smiling Mask":50,"obtain_stats":[{"SacredBark":34,"Magic Flower":28,"Thread and Needle":46,"PreservedInsect":9,"Omamori":14,"Bag of Preparation":26,"Bottled Tornado":37,"War Paint":40,"Smiling Mask":10,"Burning Blood":0,"Du-Vu Doll":24,"keyreminder:keyreminder":40,"Anchor":20,"Mummified Hand":19,"Philosopher\u0027s Stone":0,"Runic Pyramid":17},{"SacredBark":15,"Magic Flower":13,"Thread and Needle":25,"PreservedInsect":5,"Omamori":7,"Bag of Preparation":12,"Bottled Tornado":17,"War Paint":20,"Smiling Mask":6,"Burning Blood":0,"Du-Vu Doll":11,"keyreminder:keyreminder":20,"Anchor":9,"Mummified Hand":9,"Philosopher\u0027s Stone":0,"Runic Pyramid":8},{"SacredBark":78,"Magic Flower":66,"Thread and Needle":126,"PreservedInsect":15,"Omamori":27,"Bag of Preparation":60,"Bottled Tornado":86,"War Paint":102,"Smiling Mask":22,"Burning Blood":0,"Du-Vu Doll":55,"keyreminder:keyreminder":102,"Anchor":43,"Mummified Hand":43,"Philosopher\u0027s Stone":0,"Runic Pyramid":39}]},"card_choices":[{"not_picked":["Armaments","Bloodletting"],"picked":"Clash","floor":1},{"not_picked":["Wild Strike","Clash"],"picked":"Clothesline","floor":2},{"not_picked":["Cleave","Armaments"],"picked":"Shrug It Off","floor":3},{"not_picked":["Headbutt","Heavy Blade"],"picked":"Disarm","floor":5},{"not_picked":["Thunderclap","Armaments"],"picked":"Infernal Blade","floor":7},{"not_picked":["Thunderclap","Shockwave"],"picked":"Corruption","floor":10},{"not_picked":["Iron Wave","True Grit"],"picked":"Double Tap","floor":14},{"not_picked":["Brutality","Offering"],"picked":"Barricade","floor":16},{"not_picked":["Sever Soul","Headbutt"],"picked":"Sentinel+1","floor":18},{"not_picked":["Body Slam","True Grit"],"picked":"Rage","floor":22},{"not_picked":["Rampage+1","Battle Trance"],"picked":"Dark Embrace","floor":24},{"not_picked":["Cleave","Power Through"],"picked":"Pommel Strike","floor":25},{"not_picked":["True Grit","Iron Wave"],"picked":"Rampage+1","floor":28},{"not_picked":["Flame Barrier","Headbutt+1"],"picked":"Demon Form","floor":31},{"not_picked":["Brutality","Bludgeon"],"picked":"Reaper","floor":33},{"not_picked":["Perfected Strike","Dark Embrace","Heavy Blade+1"],"picked":"SKIP","floor":35},{"not_picked":["Hemokinesis","Rampage+1","Havoc"],"picked":"SKIP","floor":36},{"not_picked":["Dropkick+1","Sword Boomerang"],"picked":"Shrug It Off","floor":38},{"not_picked":["Inflame","Ghostly Armor"],"picked":"Shrug It Off","floor":39},{"not_picked":["Uppercut","Combust","Sword Boomerang"],"picked":"SKIP","floor":40},{"not_picked":["Anger","Ghostly Armor","Twin Strike"],"picked":"SKIP","floor":41},{"not_picked":["True Grit","Seeing Red"],"picked":"Battle Trance","floor":42},{"not_picked":["Cleave","Whirlwind","Warcry"],"picked":"SKIP","floor":44},{"not_picked":["Wild Strike","Warcry","Infernal Blade"],"picked":"SKIP","floor":45},{"not_picked":["Hemokinesis","Iron Wave","Spot Weakness"],"picked":"SKIP","floor":46},{"not_picked":["Reckless Charge","Thunderclap","Cleave"],"picked":"SKIP","floor":48}],"player_experience":2688294,"relics_obtained":[{"floor":9,"key":"PreservedInsect"},{"floor":10,"key":"Smiling Mask"},{"floor":14,"key":"Omamori"},{"floor":24,"key":"Du-Vu Doll"},{"floor":26,"key":"Bag of Preparation"},{"floor":28,"key":"Magic Flower"},{"floor":40,"key":"War Paint"},{"floor":46,"key":"Thread and Needle"}],"event_choices":[{"cards_removed":["Strike_R"],"damage_healed":0,"gold_gain":0,"player_choice":"Card Removal","damage_taken":7,"max_hp_gain":0,"max_hp_loss":0,"event_name":"Golden Wing","floor":8,"gold_loss":0},{"damage_healed":0,"gold_gain":75,"player_choice":"Gather Gold","damage_taken":11,"max_hp_gain":0,"max_hp_loss":0,"event_name":"World of Goop","floor":12,"gold_loss":0},{"damage_healed":0,"gold_gain":0,"player_choice":"Opened","damage_taken":0,"relics_obtained":["Anchor"],"max_hp_gain":0,"max_hp_loss":0,"event_name":"The Mausoleum","floor":20,"gold_loss":0,"cards_obtained":["Writhe"]},{"damage_healed":0,"gold_gain":0,"player_choice":"Became a vampire","damage_taken":0,"max_hp_gain":0,"max_hp_loss":23,"event_name":"Vampires","floor":21,"gold_loss":0,"cards_obtained":["Bite","Bite","Bite","Bite","Bite"]},{"damage_healed":0,"gold_gain":0,"player_choice":"Obtain J.A.X.","damage_taken":0,"max_hp_gain":0,"max_hp_loss":0,"event_name":"Drug Dealer","floor":29,"gold_loss":0,"cards_obtained":["J.A.X."]},{"damage_healed":0,"gold_gain":275,"player_choice":"Desecrate","damage_taken":0,"max_hp_gain":0,"max_hp_loss":0,"event_name":"Golden Shrine","floor":30,"gold_loss":0,"cards_obtained":["Regret"]}],"is_beta":true,"boss_relics":[{"not_picked":["Runic Dome","Coffee Dripper"],"picked":"Runic Pyramid"},{"not_picked":["SlaversCollar","Fusion Hammer"],"picked":"SacredBark"}],"items_purged_floors":[4,37],"is_endless":false,"potions_floor_spawned":[2,5,14,22,25,28,31,36,40,41,44,45],"killed_by":"Awakened One","ascension_level":20}}