{"host":"u1dfzl6o6mfmauc3","time":1610693329,"event":{"mods":["100% Spire Juice","2.2 Compatiblity","AchievementEnabler","BaseMod","Block Reminder","Challenge The Spire","Dark Map","Hermit","Minty Spire (QoL Compilation)","Relic Stats","Robot Space Explorer","StSLib","The Disciple","The Marked"],"gold_per_floor":[110,127,141,141,165,165,206,274,326,362,386,400,26,49,49,168,168,183,98,46,46,64,108,123,123,146,170,185,185,209,134,134,263,263,284,284,297,2,2,2,36,59,59,135,135,149,149,149,149,149,149,149,13,57,57],"floor_reached":56,"language":"ENG","playtime":2744,"items_purged":["Strike_R","Strike_R","Twin Strike"],"score":1358,"play_id":"0f395633-eb30-4f17-9799-0f945e931fac","local_time":"20210115014849","is_ascension_mode":true,"campfire_choices":[{"data":"Armaments","floor":6,"key":"SMITH"},{"data":"Body Slam","floor":15,"key":"SMITH"},{"floor":29,"key":"REST"},{"floor":32,"key":"REST"},{"data":"Enlightenment","floor":40,"key":"SMITH"},{"floor":45,"key":"REST"},{"floor":49,"key":"RECALL"},{"data":"Berserk","floor":52,"key":"SMITH"}],"circlet_count":0,"master_deck":["Defend_R","Defend_R","Defend_R","Bash","Power Through+1","Juggernaut+1","Barricade+1","Armaments+1","Metallicize","Iron Wave","Fiend Fire","Body Slam+1","Burning Pact","Pommel Strike","Shrug It Off","Offering","Cleave","Berserk+1","Shrug It Off+1","Clothesline","Entrench","Disarm+1","Dual Wield","Juggernaut","Enlightenment+1","Finesse","Body Slam+1"],"relics":["Astrolabe","Golden Idol","Bottled Flame","Boot","Tiny Chest","Omamori","Bronze Scales","Runic Dome","Bag of Marbles","MealTicket","Toy Ornithopter","Incense Burner","Potion Belt","Black Star","Bottled Lightning","Membership Card","Blood Vial","Mango","Ornamental Fan","Eternal Feather","Shuriken","Bag of Preparation","Red Skull","Pantograph"],"acts_visited":["Exordium","TheCity","TheBeyond","TheEnding"],"potions_floor_usage":[16,16,24,33,41,50,55,55,55,55,55],"damage_taken":[{"damage":0,"enemies":"Jaw Worm","floor":1,"turns":4},{"damage":9,"enemies":"2 Louse","floor":2,"turns":4},{"damage":2,"enemies":"Small Slimes","floor":3,"turns":4},{"damage":0,"enemies":"Looter","floor":5,"turns":5},{"damage":20,"enemies":"3 Sentries","floor":7,"turns":8},{"damage":13,"enemies":"Gremlin Nob","floor":8,"turns":5},{"damage":0,"enemies":"Lagavulin","floor":10,"turns":6},{"damage":0,"enemies":"Red Slaver","floor":11,"turns":6},{"damage":4,"enemies":"Large Slime","floor":12,"turns":7},{"damage":6,"enemies":"2 Fungi Beasts","floor":14,"turns":4},{"damage":6,"enemies":"Slime Boss","floor":16,"turns":6},{"damage":6,"enemies":"Chosen","floor":18,"turns":4},{"damage":6,"enemies":"3 Byrds","floor":22,"turns":3},{"damage":40,"enemies":"Slavers","floor":23,"turns":5},{"damage":15,"enemies":"Cultist and Chosen","floor":24,"turns":6},{"damage":0,"enemies":"Centurion and Healer","floor":27,"turns":6},{"damage":6,"enemies":"Snake Plant","floor":28,"turns":1},{"damage":16,"enemies":"Chosen and Byrds","floor":30,"turns":5},{"damage":13,"enemies":"Champ","floor":33,"turns":9},{"damage":5,"enemies":"3 Shapes","floor":35,"turns":6},{"damage":10,"enemies":"Orb Walker","floor":37,"turns":4},{"damage":28,"enemies":"Nemesis","floor":41,"turns":7},{"damage":50,"enemies":"Sphere and 2 Shapes","floor":42,"turns":4},{"damage":14,"enemies":"Transient","floor":46,"turns":5},{"damage":71,"enemies":"Donu and Deca","floor":50,"turns":10},{"damage":45,"enemies":"Shield and Spear","floor":54,"turns":7},{"damage":35,"enemies":"The Heart","floor":55,"turns":11}],"seed_played":"-6262006172710756311","potions_obtained":[{"floor":7,"key":"Ancient Potion"},{"floor":11,"key":"SpeedPotion"},{"floor":12,"key":"SkillPotion"},{"floor":14,"key":"LiquidMemories"},{"floor":18,"key":"SteroidPotion"},{"floor":33,"key":"Explosive Potion"},{"floor":37,"key":"Weak Potion"},{"floor":42,"key":"BlessingOfTheForge"},{"floor":46,"key":"SteroidPotion"},{"floor":54,"key":"Explosive Potion"}],"is_trial":false,"path_per_floor":["M","M","M","?","M","R","E","?","T","E","M","M","$","M","R","B",null,"M","?","$","T","M","E","M","?","T","M","M","R","M","?","R","B",null,"M","T","M","$","?","R","E","M","T","T","R","M","T","?","R","B",null,"R","$","E","B",null],"character_chosen":"IRONCLAD","items_purchased":["Offering","Bronze Scales","Explosive Potion","Membership Card","BloodPotion","Blood Vial","Bag of Preparation"],"campfire_rested":3,"item_purchase_floors":[13,13,20,38,38,38,53],"current_hp_per_floor":[80,71,69,69,69,69,49,36,36,36,36,32,32,26,26,20,74,68,68,68,68,62,22,12,12,12,12,6,28,12,12,34,26,74,69,69,59,74,64,64,71,23,23,23,64,52,52,77,77,11,77,77,77,32,49],"gold":57,"neow_bonus":"BOSS_RELIC","is_daily":false,"chose_seed":false,"campfire_upgraded":4,"win_rate":0.0,"timestamp":1610693329,"path_taken":["M","M","M","?","M","R","E","?","T","E","M","M","?","?","R","BOSS","M","?","$","?","?","E","M","?","T","M","M","R","M","?","R","BOSS","M","?","M","$","?","R","E","?","T","?","R","M","?","?","R","BOSS","R","$","E","BOSS"],"items_purchased_type":["Card","Relic","Potion","Relic","Potion","Relic","Relic"],"build_version":"2020-12-22","purchased_purges":3,"victory":true,"max_hp_per_floor":[80,80,80,74,74,74,74,74,74,74,74,74,74,74,74,74,74,74,74,74,74,74,74,74,74,74,74,74,74,74,74,74,74,74,74,74,74,74,74,74,88,88,88,88,88,88,88,77,77,77,77,77,77,77,77],"relic_stats":{"counters":[27,152],"Golden Idol":205,"Astrolabe":["Power Through","Juggernaut","Barricade"],"Eternal Feather":15,"Bag of Preparation":[4],"Boot":[30],"Blood Vial":8,"Ornamental Fan":[20],"Shuriken":[4],"Bronze Scales":[397],"Pantograph":25,"Tiny Chest":3,"MealTicket":15,"Black Star":2,"obtain_stats":[{"Mango":41,"Incense Burner":25,"Bag of Preparation":53,"Boot":8,"Burning Blood":0,"Blood Vial":38,"Pantograph":54,"Tiny Chest":9,"MealTicket":21,"Red Skull":54,"Potion Belt":26,"Golden Idol":4,"Astrolabe":0,"Eternal Feather":44,"Omamori":10,"Runic Dome":17,"Bottled Flame":7,"Ornamental Fan":41,"Shuriken":47,"Bronze Scales":13,"Bag of Marbles":19,"Black Star":34,"Bottled Lightning":36,"Membership Card":38,"Toy Ornithopter":23},{"Mango":22,"Incense Burner":15,"Bag of Preparation":25,"Boot":5,"Burning Blood":0,"Blood Vial":21,"Pantograph":26,"Tiny Chest":6,"MealTicket":12,"Red Skull":26,"Potion Belt":15,"Golden Idol":3,"Astrolabe":0,"Eternal Feather":23,"Omamori":7,"Runic Dome":11,"Bottled Flame":5,"Ornamental Fan":22,"Shuriken":24,"Bronze Scales":9,"Bag of Marbles":12,"Black Star":19,"Bottled Lightning":20,"Membership Card":21,"Toy Ornithopter":14},{"Mango":115,"Incense Burner":77,"Bag of Preparation":134,"Boot":25,"Burning Blood":0,"Blood Vial":108,"Pantograph":141,"Tiny Chest":30,"MealTicket":63,"Red Skull":141,"Potion Belt":77,"Golden Idol":12,"Astrolabe":0,"Eternal Feather":119,"Omamori":36,"Runic Dome":59,"Bottled Flame":25,"Ornamental Fan":115,"Shuriken":124,"Bronze Scales":49,"Bag of Marbles":63,"Black Star":98,"Bottled Lightning":104,"Membership Card":108,"Toy Ornithopter":71}],"Toy Ornithopter":45},"card_choices":[{"not_picked":["Heavy Blade","Dark Embrace"],"picked":"Armaments","floor":1},{"not_picked":["Combust","Blood for Blood"],"picked":"Twin Strike","floor":2},{"not_picked":["Cleave","Whirlwind"],"picked":"Metallicize","floor":3},{"not_picked":["Anger","Hemokinesis"],"picked":"Iron Wave","floor":5},{"not_picked":["True Grit","Seeing Red"],"picked":"Fiend Fire","floor":7},{"not_picked":["Thunderclap","Hemokinesis"],"picked":"Body Slam","floor":8},{"not_picked":["Clash","Anger"],"picked":"Burning Pact","floor":10},{"not_picked":["Pummel","Perfected Strike"],"picked":"Pommel Strike","floor":11},{"not_picked":["Warcry","Intimidate"],"picked":"Shrug It Off","floor":12},{"not_picked":["Whirlwind","Carnage"],"picked":"Cleave","floor":14},{"not_picked":["Reaper","Impervious"],"picked":"Berserk","floor":16},{"not_picked":["Warcry","Heavy Blade"],"picked":"Shrug It Off+1","floor":18},{"not_picked":["Twin Strike","Perfected Strike+1"],"picked":"Clothesline","floor":22},{"not_picked":["Iron Wave","Heavy Blade"],"picked":"Entrench","floor":23},{"not_picked":["Body Slam","Bloodletting"],"picked":"Disarm+1","floor":24},{"not_picked":["Power Through","Flex+1","Warcry+1"],"picked":"SKIP","floor":27},{"not_picked":["Whirlwind","Berserk","Clothesline"],"picked":"SKIP","floor":28},{"not_picked":["Reckless Charge","Uppercut"],"picked":"Dual Wield","floor":30},{"not_picked":["Fiend Fire","Berserk"],"picked":"Juggernaut","floor":33},{"not_picked":["Dual Wield+1","Pummel","Pommel Strike+1"],"picked":"SKIP","floor":35},{"not_picked":["Hemokinesis+1","Headbutt+1","Disarm+1"],"picked":"SKIP","floor":37},{"not_picked":["Swift Strike","HandOfGreed"],"picked":"Enlightenment","floor":39},{"not_picked":["Discovery","Violence"],"picked":"Finesse","floor":39},{"not_picked":["True Grit","Twin Strike+1","Armaments"],"picked":"SKIP","floor":41},{"not_picked":["Flex+1","Clothesline+1","Dual Wield+1"],"picked":"SKIP","floor":42},{"not_picked":["Clash","Headbutt+1","Sever Soul+1"],"picked":"SKIP","floor":46},{"not_picked":["Metallicize+1","Thunderclap"],"picked":"Body Slam+1","floor":54}],"player_experience":64027,"relics_obtained":[{"floor":7,"key":"Bottled Flame"},{"floor":9,"key":"Tiny Chest"},{"floor":10,"key":"Omamori"},{"floor":21,"key":"MealTicket"},{"floor":23,"key":"Toy Ornithopter"},{"floor":26,"key":"Potion Belt"},{"floor":36,"key":"Bottled Lightning"},{"floor":41,"key":"Mango"},{"floor":41,"key":"Ornamental Fan"},{"floor":44,"key":"Eternal Feather"},{"floor":47,"key":"Shuriken"},{"floor":54,"key":"Red Skull"},{"floor":54,"key":"Pantograph"}],"event_choices":[{"damage_healed":0,"gold_gain":0,"player_choice":"Lose Max HP","damage_taken":0,"relics_obtained":["Golden Idol"],"max_hp_gain":0,"max_hp_loss":6,"event_name":"Golden Idol","floor":4,"gold_loss":0},{"damage_healed":0,"gold_gain":30,"player_choice":"Searched \u00273\u0027 times","damage_taken":0,"relics_obtained":["Boot"],"max_hp_gain":0,"max_hp_loss":0,"event_name":"Dead Adventurer","floor":8,"gold_loss":0},{"damage_healed":0,"gold_gain":0,"player_choice":"Obtained Relic","damage_taken":0,"relics_obtained":["Bag of Marbles"],"max_hp_gain":0,"max_hp_loss":0,"event_name":"Addict","floor":19,"gold_loss":85},{"damage_healed":0,"gold_gain":0,"player_choice":"Opened","damage_taken":0,"relics_obtained":["Incense Burner"],"max_hp_gain":0,"max_hp_loss":0,"event_name":"The Mausoleum","floor":25,"gold_loss":0,"cards_obtained":["Writhe"]},{"cards_removed":["Strike_R"],"damage_healed":0,"gold_gain":0,"player_choice":"Gave Gold","damage_taken":0,"max_hp_gain":0,"max_hp_loss":0,"event_name":"Beggar","floor":31,"gold_loss":75},{"damage_healed":0,"gold_gain":0,"player_choice":"Memory 3","damage_taken":10,"max_hp_gain":0,"max_hp_loss":0,"event_name":"SensoryStone","floor":39,"gold_loss":0},{"damage_healed":77,"gold_gain":0,"player_choice":"Heal","damage_taken":0,"max_hp_gain":0,"max_hp_loss":11,"event_name":"The Moai Head","floor":48,"gold_loss":0}],"is_beta":false,"boss_relics":[{"not_picked":["Calling Bell","Coffee Dripper"],"picked":"Runic Dome"},{"not_picked":["Empty Cage","Mark of Pain"],"picked":"Black Star"}],"items_purged_floors":[13,38,53],"is_endless":false,"potions_floor_spawned":[7,11,12,14,18,22,33,37,42,46,54],"ascension_level":1}}