{"host":"2o3sockympbxxanu","time":1610734401,"event":{"mods":["AchievementEnabler","BaseMod","Colored Map","Colored Powertips","Conspire","Highlight Path","Infinite Spire","Minty Spire (QoL Compilation)","Replay The Spire","Shop Mod","StSLib","SuperFastMode"],"gold_per_floor":[213,388,388,35,51,51,85,85,137,166,41,56,56,7,7,104,104,119,134,134,151,164,164,197,197,220,220,145,145,145,158,158,264,314,351,384,29,47,60,97,115,115,115,115,136,136,159,186,186,186,186],"floor_reached":50,"language":"ZHS","playtime":2540,"items_purged":["Doubt"],"score":804,"play_id":"d1e6e995-f7a2-4221-9298-b76974e2c1bf","local_time":"20210116021321","is_ascension_mode":true,"campfire_choices":[{"data":"Poisoned Stab","floor":6.0,"key":"SMITH"},{"floor":15.0,"key":"REST"},{"floor":23.0,"key":"REST"},{"floor":25.0,"key":"REST"},{"floor":27.0,"key":"REST"},{"data":"Catalyst","floor":29.0,"key":"SMITH"},{"data":"infinitespire:Neurotoxin","floor":32.0,"key":"SMITH"},{"floor":42.0,"key":"REST"},{"floor":49.0,"key":"REST"}],"circlet_count":0,"master_deck":["Strike_G","Strike_G+1","Strike_G","Strike_G","Defend_G","Defend_G","Defend_G","Survivor","Neutralize","Poisoned Stab+1","Terror+1","Deflect","Deadly Poison","Bane","infinitespire:Neurotoxin+1","Cloak And Dagger","Envenom","Backstab+1","Infinite Blades","Footwork","Bane","Catalyst+1","Poison Darts","Cloak And Dagger+1","Cloak And Dagger+1","Deflect+1","Slice+1","Blade Dance","Blade Dance","Noxious Fumes","Blade Dance+1","Slice+1","Catalyst+1","Bane+1"],"relics":["Ring of the Snake","infinitespire:Bottled Soul","Sling","Ancient Tea Set","Replay:Mystery Machine","Divine Protection","Paper Crane","Blood Vial","Bag of Marbles","infinitespire:EvilPickle","Tiny House","Turnip","conspire:DecoderRing","infinitespire:Broken Mirror"],"acts_visited":["Exordium","TheCity","TheBeyond"],"potions_floor_usage":[50,50],"damage_taken":[{"damage":11.0,"enemies":"Jaw Worm","floor":1.0,"turns":5.0},{"damage":0.0,"enemies":"Small Slimes","floor":5.0,"turns":3.0},{"damage":18.0,"enemies":"Gremlin Nob","floor":7.0,"turns":3.0},{"damage":21.0,"enemies":"3 Sentries","floor":10.0,"turns":9.0},{"damage":0.0,"enemies":"Cultist","floor":12.0,"turns":3.0},{"damage":17.0,"enemies":"Fading Forest","floor":16.0,"turns":11.0},{"damage":35.0,"enemies":"Spheric Guardian","floor":18.0,"turns":8.0},{"damage":18.0,"enemies":"Shell Parasite","floor":19.0,"turns":5.0},{"damage":15.0,"enemies":"Sentry and Sphere","floor":21.0,"turns":5.0},{"damage":1.0,"enemies":"Shelled Parasite and Fungi","floor":22.0,"turns":7.0},{"damage":16.0,"enemies":"Gremlin Leader","floor":24.0,"turns":5.0},{"damage":19.0,"enemies":"Snake Plant","floor":31.0,"turns":3.0},{"damage":21.0,"enemies":"Pondfish","floor":33.0,"turns":10.0},{"damage":8.0,"enemies":"3 Shapes","floor":35.0,"turns":5.0},{"damage":35.0,"enemies":"3 Darklings","floor":36.0,"turns":5.0},{"damage":17.0,"enemies":"Maw","floor":38.0,"turns":6.0},{"damage":4.0,"enemies":"Transient","floor":39.0,"turns":5.0},{"damage":12.0,"enemies":"R_Hoarder","floor":40.0,"turns":3.0},{"damage":0.0,"enemies":"Writhing Mass","floor":41.0,"turns":2.0},{"damage":29.0,"enemies":"Maw","floor":45.0,"turns":6.0},{"damage":18.0,"enemies":"3 Darklings","floor":47.0,"turns":4.0},{"damage":0.0,"enemies":"Sphere and 2 Shapes","floor":48.0,"turns":4.0},{"damage":44,"enemies":"Awakened One","floor":50,"turns":4}],"seed_played":"-7070484962720594951","potions_obtained":[{"floor":1.0,"key":"Dexterity Potion"},{"floor":7.0,"key":"Explosive Potion"},{"floor":10.0,"key":"Flashbang"},{"floor":21.0,"key":"Venom Potion"},{"floor":31.0,"key":"Block Potion"},{"floor":34.0,"key":"CunningPotion"},{"floor":38.0,"key":"AttackPotion"},{"floor":39.0,"key":"SpeedPotion"},{"floor":40.0,"key":"Regen Potion"},{"floor":45.0,"key":"Regen Potion"},{"floor":48.0,"key":"SteroidPotion"}],"is_trial":false,"path_per_floor":["M","?","?","$","M","R","E","T","T","E","$","M","?","$","R","B",null,"M","M","?","M","M","R","E","R","T","R","?","R","?","M","R","B",null,"M","M","$","M","M","E","M","R","T","?","M","?","M","M","R","B"],"character_chosen":"THE_SILENT","items_purchased":["Sling","Terror+1","Ancient Tea Set","Deadly Poison","Cloak And Dagger","Turnip","Blade Dance"],"campfire_rested":6,"item_purchase_floors":[4,4,4,11,14,37,37],"current_hp_per_floor":[59,59,59,59,59,59,41,41,41,20,20,20,20,20,41,32,70,35,17,17,2,1,22,6,27,27,48,48,48,48,31,31,12,75,67,34,34,19,17,7,9,31,31,31,19,19,15,17,39,0,0],"gold":186,"neow_bonus":"HUNDRED_GOLD","is_daily":false,"chose_seed":false,"campfire_upgraded":3,"win_rate":0.0,"timestamp":1610734401,"path_taken":["M","?","?","$","?","R","E","?","T","E","$","M","?","?","R","BOSS","M","M","?","M","M","R","E","R","T","R","?","R","?","M","R","BOSS","M","?","$","M","?","E","M","R","T","?","M","?","?","M","R","BOSS"],"items_purchased_type":["Relic","Card","Relic","Card","Card","Relic","Card"],"build_version":"2020-12-22","purchased_purges":1,"victory":false,"max_hp_per_floor":[70,70,70,70,70,70,70,70,70,70,70,70,70,70,70,70,70,70,70,70,70,70,70,70,70,70,70,70,70,70,70,70,70,75,75,75,75,75,75,75,75,75,75,75,75,75,75,75,75,75,75],"card_choices":[{"not_picked":["Acrobatics","Dagger Spray"],"picked":"Poisoned Stab","floor":1.0},{"not_picked":["Setup","Flying Knee"],"picked":"Deflect","floor":5.0},{"not_picked":["Underhanded Strike","Dodge and Roll","Quick Slash"],"picked":"SKIP","floor":7.0},{"not_picked":["Blur","Predator","Flying Knee"],"picked":"SKIP","floor":10.0},{"not_picked":["Eviscerate","Outmaneuver"],"picked":"Bane","floor":12.0},{"not_picked":["ReplayTheSpireMod:From All Sides","Wraith Form v2"],"picked":"Envenom","floor":16.0},{"not_picked":["ReplayTheSpireMod:The Works","Expertise+1"],"picked":"Backstab+1","floor":18.0},{"not_picked":["Cloak And Dagger","Quick Slash"],"picked":"Infinite Blades","floor":19.0},{"not_picked":["Escape Plan","Dagger Throw+1"],"picked":"Footwork","floor":21.0},{"not_picked":["Backflip","conspire:PoisonWeapons+1"],"picked":"Bane","floor":22.0},{"not_picked":["ReplayTheSpireMod:Tripwire","Deflect+1"],"picked":"Catalyst","floor":24.0},{"not_picked":["ReplayTheSpireMod:Speed Training","Setup"],"picked":"Cloak And Dagger+1","floor":31.0},{"not_picked":["Dodge and Roll+1","Footwork+1"],"picked":"Cloak And Dagger+1","floor":34.0},{"not_picked":["Acrobatics","Heel Hook"],"picked":"Deflect+1","floor":35.0},{"not_picked":["Dagger Throw","Tools of the Trade"],"picked":"Slice+1","floor":36.0},{"not_picked":["Deadly Poison","Cloak And Dagger"],"picked":"Blade Dance","floor":38.0},{"not_picked":["Tools of the Trade","Poisoned Stab"],"picked":"Noxious Fumes","floor":39.0},{"not_picked":["Dodge and Roll","Outmaneuver+1"],"picked":"Blade Dance+1","floor":40.0},{"not_picked":["Choke+1","Caltrops"],"picked":"Slice+1","floor":41.0},{"not_picked":["Crippling Poison","Heel Hook","Hidden Blade"],"picked":"SKIP","floor":45.0},{"not_picked":["ReplayTheSpireMod:Speed Training","Noxious Fumes+1","Hidden Blade+1"],"picked":"SKIP","floor":47.0},{"not_picked":["Dagger Throw","ReplayTheSpireMod:Scrap Shanks"],"picked":"Bane+1","floor":48.0}],"player_experience":312736,"relics_obtained":[{"floor":7.0,"key":"Replay:Mystery Machine"},{"floor":8.0,"key":"Divine Protection"},{"floor":10.0,"key":"Paper Crane"},{"floor":24.0,"key":"Blood Vial"},{"floor":26.0,"key":"Bag of Marbles"},{"floor":40.0,"key":"conspire:DecoderRing"},{"floor":43.0,"key":"infinitespire:Broken Mirror"}],"event_choices":[{"damage_healed":0.0,"max_hp_gain":0.0,"max_hp_loss":0.0,"gold_gain":175.0,"event_name":"Liars Game","player_choice":"AGREE","floor":2.0,"gold_loss":0.0,"damage_taken":0.0,"cards_obtained":["Doubt"]},{"damage_healed":0.0,"max_hp_gain":0.0,"max_hp_loss":0.0,"gold_gain":0.0,"event_name":"WeMeetAgain","player_choice":"Gave Potion","floor":3.0,"gold_loss":0.0,"damage_taken":0.0,"relics_obtained":["infinitespire:Bottled Soul"]},{"damage_healed":0.0,"max_hp_gain":0.0,"max_hp_loss":0.0,"gold_gain":0.0,"cards_transformed":["Defend_G"],"event_name":"Living Wall","player_choice":"Change","floor":13.0,"gold_loss":0.0,"damage_taken":0.0,"cards_obtained":["infinitespire:Neurotoxin"]},{"damage_healed":0.0,"max_hp_gain":0.0,"max_hp_loss":0.0,"gold_gain":0.0,"event_name":"Cursed Tome","player_choice":"Ignored","floor":20.0,"gold_loss":0.0,"damage_taken":0.0},{"cards_removed":["Strike_G"],"damage_healed":0.0,"max_hp_gain":0.0,"max_hp_loss":0.0,"gold_gain":0.0,"event_name":"Beggar","player_choice":"Gave Gold","floor":28.0,"gold_loss":75.0,"damage_taken":0.0},{"damage_healed":0.0,"max_hp_gain":0.0,"max_hp_loss":0.0,"gold_gain":0.0,"cards_transformed":["Defend_G"],"event_name":"Transmorgrifier","player_choice":"Transformed","floor":30.0,"gold_loss":0.0,"damage_taken":0.0,"cards_obtained":["Poison Darts"]},{"damage_healed":0.0,"max_hp_gain":0.0,"max_hp_loss":0.0,"gold_gain":0.0,"event_name":"Duplicator","player_choice":"Copied","floor":46.0,"gold_loss":0.0,"damage_taken":0.0,"cards_obtained":["Catalyst"]}],"is_beta":false,"boss_relics":[{"not_picked":["Coffee Dripper","Runic Pyramid","conspire:RunicOctahedron"]},{"not_picked":["Painkiller Herb","Replay:Grab Bag"],"picked":"Tiny House"}],"items_purged_floors":[11],"is_endless":false,"potions_floor_spawned":[1,7,10,21,31,38,39,40,45,48],"killed_by":"Awakened One","ascension_level":3}}