{"host":"873t0y8ybyo38pfq","time":1610747850,"event":{"mods":["BaseMod","Bestiary","Colored Map","Colored Powertips","Highlight Path","Minty Spire (QoL Compilation)","Quick Restart","RNG Fix","Rare Cards Sparkle","Relic Stats","StSLib"],"gold_per_floor":[110,110,123,48,67,97,115,144,144,155,175,175,175,175,175,175,175],"floor_reached":16,"language":"ENG","playtime":737,"items_purged":["Regret"],"score":224,"play_id":"56b2b380-4c6e-45ea-b4d8-13b216617273","local_time":"20210115165730","is_ascension_mode":true,"campfire_choices":[{"floor":12,"key":"REST"},{"floor":15,"key":"REST"}],"circlet_count":0,"master_deck":["AscendersBane","Strike_B","Strike_B","Strike_B","Defend_B","Defend_B","Defend_B","Defend_B","Zap","Dualcast","Seek","Lockon","Conserve Battery","Ball Lightning","Coolheaded","Capacitor","Doom and Gloom","Defragment+1","Self Repair"],"relics":["Cracked Core","Oddly Smooth Stone","Bottled Flame","Singing Bowl","Matryoshka"],"acts_visited":["Exordium"],"potions_floor_usage":[8,8],"damage_taken":[{"damage":1,"enemies":"Cultist","floor":1,"turns":3},{"damage":0,"enemies":"2 Louse","floor":3,"turns":1},{"damage":2,"enemies":"Small Slimes","floor":5,"turns":3},{"damage":20,"enemies":"Lagavulin","floor":6,"turns":6},{"damage":0,"enemies":"Red Slaver","floor":7,"turns":3},{"damage":18,"enemies":"3 Sentries","floor":8,"turns":7},{"damage":14,"enemies":"3 Louse","floor":10,"turns":3},{"damage":0,"enemies":"Large Slime","floor":11,"turns":4},{"damage":53,"enemies":"Hexaghost","floor":16,"turns":9}],"seed_played":"-4367570163681780416","potions_obtained":[{"floor":3,"key":"Explosive Potion"},{"floor":5,"key":"Strength Potion"}],"is_trial":false,"path_per_floor":["M","?","M","$","M","E","M","E","T","M","M","R","?","?","R","B"],"character_chosen":"DEFECT","items_purchased":[],"campfire_rested":2,"item_purchase_floors":[],"current_hp_per_floor":[63,63,63,63,61,41,41,23,23,9,9,30,30,30,51,0,0],"gold":175,"neow_bonus":"ONE_RANDOM_RARE_CARD","is_daily":false,"chose_seed":false,"campfire_upgraded":0,"win_rate":0.0,"timestamp":1610747850,"path_taken":["M","?","?","$","?","E","M","E","T","M","M","R","?","?","R","BOSS"],"items_purchased_type":[],"build_version":"2020-12-22","purchased_purges":1,"victory":false,"max_hp_per_floor":[71,71,71,71,71,71,71,71,71,71,71,71,71,71,71,71,71],"relic_stats":{"Singing Bowl":0,"counters":[9,39],"obtain_stats":[{"Bottled Flame":6,"Matryoshka":9,"Singing Bowl":8,"Oddly Smooth Stone":2,"Cracked Core":0},{"Bottled Flame":4,"Matryoshka":6,"Singing Bowl":6,"Oddly Smooth Stone":1,"Cracked Core":0},{"Bottled Flame":13,"Matryoshka":23,"Singing Bowl":23,"Oddly Smooth Stone":3,"Cracked Core":0}]},"card_choices":[{"not_picked":["Steam","Turbo"],"picked":"Lockon","floor":1},{"not_picked":["Compile Driver","Barrage"],"picked":"Conserve Battery","floor":3},{"not_picked":["Cold Snap","Self Repair"],"picked":"Ball Lightning","floor":5},{"not_picked":["Melter","Meteor Strike","Barrage"],"picked":"SKIP","floor":6},{"not_picked":["Barrage","Gash"],"picked":"Coolheaded","floor":7},{"not_picked":["Rip and Tear","Self Repair"],"picked":"Capacitor","floor":8},{"not_picked":["Aggregate","Consume"],"picked":"Doom and Gloom","floor":10},{"not_picked":["Force Field","Conserve Battery"],"picked":"Defragment","floor":11}],"player_experience":1648557,"relics_obtained":[{"floor":6,"key":"Bottled Flame"},{"floor":8,"key":"Singing Bowl"},{"floor":9,"key":"Matryoshka"}],"event_choices":[{"damage_healed":0,"gold_gain":0,"player_choice":"Box","damage_taken":0,"relics_obtained":["Oddly Smooth Stone"],"max_hp_gain":0,"max_hp_loss":0,"event_name":"Big Fish","floor":2,"gold_loss":0,"cards_obtained":["Regret"]},{"damage_healed":0,"gold_gain":0,"cards_transformed":["Strike_B"],"player_choice":"Transformed","damage_taken":0,"max_hp_gain":0,"max_hp_loss":0,"event_name":"Transmorgrifier","floor":13,"gold_loss":0,"cards_obtained":["Self Repair"]},{"damage_healed":0,"gold_gain":0,"player_choice":"Upgraded","damage_taken":0,"max_hp_gain":0,"max_hp_loss":0,"event_name":"Upgrade Shrine","floor":14,"gold_loss":0,"cards_upgraded":["Defragment"]}],"is_beta":false,"boss_relics":[],"items_purged_floors":[4],"is_endless":false,"potions_floor_spawned":[3,5,6,7],"killed_by":"Hexaghost","ascension_level":20}}