{"host":"4ag909k4xupnj24b","time":1610711592,"event":{"mods":["BaseMod","Minty Spire (QoL Compilation)","StSLib"],"gold_per_floor":[111,123,134,134,144,175,175,208,208,225,225,225],"floor_reached":11,"language":"ENG","playtime":269,"items_purged":[],"score":149,"play_id":"c7c527a0-efbc-4ec6-802c-b9f16a2e0e13","local_time":"20210115035312","is_ascension_mode":true,"campfire_choices":[{"floor":7,"key":"REST"}],"circlet_count":0,"master_deck":["AscendersBane","Strike_B","Strike_B","Strike_B","Defend_B","Defend_B","Defend_B","Defend_B","Zap","Dualcast","Ball Lightning","Loop","Electrodynamics","Loop","Creative AI","Conserve Battery","Self Repair"],"relics":["Runic Pyramid","Orichalcum","PreservedInsect","Molten Egg 2"],"acts_visited":["Exordium"],"potions_floor_usage":[6,11,11],"damage_taken":[{"damage":4,"enemies":"Small Slimes","floor":1,"turns":3},{"damage":2,"enemies":"2 Louse","floor":2,"turns":3},{"damage":0,"enemies":"Cultist","floor":3,"turns":3},{"damage":13,"enemies":"Blue Slaver","floor":5,"turns":4},{"damage":15,"enemies":"Lagavulin","floor":6,"turns":6},{"damage":22,"enemies":"Gremlin Nob","floor":8,"turns":5},{"damage":10,"enemies":"3 Louse","floor":10,"turns":3},{"damage":14,"enemies":"3 Sentries","floor":11,"turns":2}],"seed_played":"7134993438105525788","potions_obtained":[{"floor":5,"key":"DistilledChaos"},{"floor":8,"key":"DuplicationPotion"},{"floor":10,"key":"Dexterity Potion"}],"is_trial":false,"path_per_floor":["M","M","M","?","M","E","R","E","T","M","E"],"character_chosen":"DEFECT","items_purchased":[],"campfire_rested":1,"item_purchase_floors":[],"current_hp_per_floor":[60,58,58,51,38,23,44,22,22,12,0,0],"gold":225,"neow_bonus":"BOSS_RELIC","is_daily":false,"chose_seed":false,"campfire_upgraded":0,"win_rate":0.0,"timestamp":1610711592,"path_taken":["M","M","M","?","M","E","R","E","T","M","E"],"items_purchased_type":[],"build_version":"2020-12-22","purchased_purges":0,"victory":false,"max_hp_per_floor":[71,71,71,71,71,71,71,71,71,71,71,71],"card_choices":[{"not_picked":["Compile Driver","Steam"],"picked":"Ball Lightning","floor":1},{"not_picked":["Go for the Eyes","Reinforced Body"],"picked":"Loop","floor":2},{"not_picked":["Leap","Barrage"],"picked":"Electrodynamics","floor":3},{"not_picked":["Conserve Battery","Sweeping Beam"],"picked":"Loop","floor":5},{"not_picked":["Redo","Chill"],"picked":"Creative AI","floor":6},{"not_picked":["Go for the Eyes","Leap"],"picked":"Conserve Battery","floor":8},{"not_picked":["Stack","Ball Lightning+1"],"picked":"Self Repair","floor":10}],"player_experience":835660,"relics_obtained":[{"floor":6,"key":"Orichalcum"},{"floor":8,"key":"PreservedInsect"},{"floor":9,"key":"Molten Egg 2"}],"event_choices":[{"cards_removed":["Strike_B"],"damage_healed":0,"gold_gain":0,"player_choice":"Card Removal","damage_taken":7,"max_hp_gain":0,"max_hp_loss":0,"event_name":"Golden Wing","floor":4,"gold_loss":0}],"is_beta":false,"boss_relics":[],"items_purged_floors":[],"is_endless":false,"potions_floor_spawned":[5,8,10],"killed_by":"3 Sentries","ascension_level":15}}