{"host":"4kqumtn9vzgpomuw","time":1610669454,"event":{"mods":["AchievementEnabler","BaseMod","Colored Map","Minty Spire (QoL Compilation)","StSLib"],"gold_per_floor":[110,110,110,110,38,38,38,53,103,127,51,71,71,84,84,204,204,227,227,258,281,380,380,380,380],"floor_reached":24,"language":"KOR","playtime":922,"items_purged":[],"score":234,"play_id":"51266a46-0528-41f4-b66a-7e5d55b3b8e1","local_time":"20210115091054","is_ascension_mode":false,"campfire_choices":[{"data":"Dualcast","floor":6,"key":"SMITH"},{"data":"Storm","floor":13,"key":"SMITH"},{"data":"Zap","floor":15,"key":"SMITH"},{"data":"Chill","floor":23,"key":"SMITH"}],"circlet_count":0,"master_deck":["Strike_B","Strike_B","Strike_B+1","Strike_B+1","Defend_B","Defend_B","Defend_B","Defend_B","Zap+1","Dualcast+1","Ball Lightning","Barrage","Gash","Regret","Storm+1","Ball Lightning","Barrage","Ball Lightning","Multi-Cast","Ball Lightning","Multi-Cast","Coolheaded","Ghostly","Ghostly","Ghostly","Ghostly","Ghostly","Redo","Chill+1"],"relics":["Cracked Core","NeowsBlessing","Mummified Hand","Golden Idol","Boot","Nunchaku","Coffee Dripper","Red Mask"],"acts_visited":["Exordium","TheCity"],"potions_floor_usage":[16,20],"damage_taken":[{"damage":0,"enemies":"Cultist","floor":1,"turns":1},{"damage":0,"enemies":"2 Louse","floor":8,"turns":1},{"damage":0,"enemies":"Small Slimes","floor":10,"turns":1},{"damage":0,"enemies":"Looter","floor":12,"turns":3},{"damage":1,"enemies":"Large Slime","floor":14,"turns":4},{"damage":29,"enemies":"Slime Boss","floor":16,"turns":6},{"damage":23,"enemies":"Spheric Guardian","floor":18,"turns":4},{"damage":13,"enemies":"Masked Bandits","floor":20,"turns":4},{"damage":2,"enemies":"Chosen","floor":21,"turns":4},{"damage":23,"enemies":"Centurion and Healer","floor":24,"turns":8}],"seed_played":"-6696453695507940812","potions_obtained":[{"floor":8,"key":"LiquidBronze"},{"floor":12,"key":"Swift Potion"},{"floor":18,"key":"Ancient Potion"},{"floor":21,"key":"ColorlessPotion"}],"is_trial":false,"path_per_floor":["M","T","?","?","$","R","?","M","T","M","$","M","R","M","R","B",null,"M","?","?","M","?","R","M"],"character_chosen":"DEFECT","items_purchased":["Barrage","Gash","Barrage","Ball Lightning"],"campfire_rested":0,"item_purchase_floors":[5,5,11,11],"current_hp_per_floor":[75,75,60,60,60,60,60,60,60,60,60,60,60,59,59,30,69,46,34,21,19,19,19,0,0],"gold":380,"neow_bonus":"THREE_ENEMY_KILL","is_daily":false,"chose_seed":false,"campfire_upgraded":4,"win_rate":0.0,"timestamp":1610669454,"path_taken":["M","?","?","?","$","R","?","M","T","M","?","M","R","M","R","BOSS","M","?","?","M","?","R","M"],"items_purchased_type":["Card","Card","Card","Card"],"build_version":"2020-12-22","purchased_purges":0,"victory":false,"max_hp_per_floor":[75,75,75,69,69,69,69,69,69,69,69,69,69,69,69,69,69,69,34,34,34,34,34,34,34],"card_choices":[{"not_picked":["Hologram","Stack"],"picked":"Ball Lightning","floor":1},{"not_picked":["Capacitor","Gash"],"picked":"Storm","floor":8},{"not_picked":["Skim","Hologram"],"picked":"Ball Lightning","floor":10},{"not_picked":["Go for the Eyes","Conserve Battery"],"picked":"Multi-Cast","floor":12},{"not_picked":["Beam Cell","Fusion"],"picked":"Ball Lightning","floor":14},{"not_picked":["Fission","Rainbow"],"picked":"Multi-Cast","floor":16},{"not_picked":["Skim","Hologram"],"picked":"Coolheaded","floor":18},{"not_picked":["Force Field","Barrage"],"picked":"Redo","floor":20},{"not_picked":["Auto Shields+1","Sweeping Beam"],"picked":"Chill","floor":21}],"player_experience":4324,"relics_obtained":[{"floor":2,"key":"Mummified Hand"},{"floor":9,"key":"Nunchaku"},{"floor":20,"key":"Red Mask"}],"event_choices":[{"damage_healed":0,"gold_gain":0,"player_choice":"Entered Light","damage_taken":15,"max_hp_gain":0,"max_hp_loss":0,"event_name":"Shining Light","floor":3,"gold_loss":0,"cards_upgraded":["Strike_B","Strike_B"]},{"damage_healed":0,"gold_gain":0,"player_choice":"Lose Max HP","damage_taken":0,"relics_obtained":["Golden Idol"],"max_hp_gain":0,"max_hp_loss":6,"event_name":"Golden Idol","floor":4,"gold_loss":0},{"damage_healed":0,"gold_gain":0,"player_choice":"Box","damage_taken":0,"relics_obtained":["Boot"],"max_hp_gain":0,"max_hp_loss":0,"event_name":"Big Fish","floor":7,"gold_loss":0,"cards_obtained":["Regret"]},{"damage_healed":0,"gold_gain":0,"player_choice":"Became a Ghost","damage_taken":0,"max_hp_gain":0,"max_hp_loss":35,"event_name":"Ghosts","floor":19,"gold_loss":0,"cards_obtained":["Ghostly","Ghostly","Ghostly","Ghostly","Ghostly"]},{"damage_healed":0,"gold_gain":0,"player_choice":"Fought Bandits","damage_taken":0,"max_hp_gain":0,"max_hp_loss":0,"event_name":"Masked Bandits","floor":20,"gold_loss":0},{"damage_healed":0,"gold_gain":99,"player_choice":"Stole From Cult","damage_taken":0,"max_hp_gain":0,"max_hp_loss":0,"event_name":"Nest","floor":22,"gold_loss":0}],"is_beta":false,"boss_relics":[{"not_picked":["SlaversCollar","Velvet Choker"],"picked":"Coffee Dripper"}],"items_purged_floors":[],"is_endless":false,"potions_floor_spawned":[8,12,18,21],"killed_by":"Centurion and Healer","ascension_level":0}}