{"host":"xh3brefae6wm9kl8","time":1610695392,"event":{"mods":["AchievementEnabler","BaseMod","GifTheSpireLib","Keyboard Shortcuts","Minty Spire (QoL Compilation)","Permanent Neow","Relic Stats","StSLib","SuperFastMode"],"gold_per_floor":[110,121,121,121,135,135,170,185,185,201,166,166,34,48,48,121,121,141,41,52,68,87,87,112,112,112,131,166,176,176,188,188,260,260,274,274,287,84,95,95,95,424,450,465,481,513,3,0,0,0],"floor_reached":51,"language":"KOR","playtime":4048,"items_purged":["Pain","Strike_G","Strike_G"],"score":1368,"play_id":"e1e81675-2e6c-490a-b682-23a22d2d50db","local_time":"20210115162312","is_ascension_mode":true,"campfire_choices":[{"data":"Neutralize","floor":6,"key":"SMITH"},{"data":"After Image","floor":15,"key":"SMITH"},{"floor":23,"key":"REST"},{"floor":25,"key":"REST"},{"data":"Footwork","floor":30,"key":"SMITH"},{"data":"Underhanded Strike","floor":32,"key":"SMITH"},{"data":"Noxious Fumes","floor":40,"key":"SMITH"},{"data":"Well Laid Plans","floor":49,"key":"SMITH"}],"circlet_count":0,"master_deck":["AscendersBane","Strike_G","Strike_G","Strike_G","Defend_G","Defend_G","Defend_G","Defend_G","Defend_G","Survivor","Neutralize+1","After Image+1","Poisoned Stab+1","Dagger Throw","Corpse Explosion","Footwork+1","PiercingWail+1","Venomology+1","PiercingWail+1","Acrobatics+1","Blade Dance+1","Underhanded Strike+1","Underhanded Strike","Blur+1","PiercingWail+1","Terror+1","Night Terror+1","Noxious Fumes+1","Well Laid Plans+1","Shame","Reflex+1","Parasite","Backflip+1","Caltrops","Cloak And Dagger+1","Backflip+1"],"relics":["Ring of the Snake","Matryoshka","Bag of Marbles","Toxic Egg 2","WarpedTongs","HoveringKite","Du-Vu Doll","HornCleat","Mummified Hand","Gremlin Horn","Cursed Key","Shuriken","Old Coin","Dream Catcher","Sundial","Lee\u0027s Waffle","Kunai","Red Mask"],"acts_visited":["Exordium","TheCity","TheBeyond"],"potions_floor_usage":[20,20,21,21,22,24,24,28,29,31,33,33,35,35,37,39,39,44,45,46,50,50],"damage_taken":[{"damage":2,"enemies":"2 Louse","floor":1,"turns":4},{"damage":3,"enemies":"Cultist","floor":2,"turns":6},{"damage":1,"enemies":"Small Slimes","floor":5,"turns":4},{"damage":19,"enemies":"3 Sentries","floor":7,"turns":12},{"damage":14,"enemies":"Exordium Thugs","floor":8,"turns":4},{"damage":10,"enemies":"Exordium Wildlife","floor":10,"turns":6},{"damage":0,"enemies":"2 Fungi Beasts","floor":14,"turns":3},{"damage":2,"enemies":"Hexaghost","floor":16,"turns":11},{"damage":12,"enemies":"3 Byrds","floor":18,"turns":2},{"damage":0,"enemies":"Shell Parasite","floor":20,"turns":9},{"damage":14,"enemies":"Shelled Parasite and Fungi","floor":21,"turns":5},{"damage":23,"enemies":"Cultist and Chosen","floor":22,"turns":6},{"damage":11,"enemies":"Slavers","floor":24,"turns":9},{"damage":0,"enemies":"3 Cultists","floor":27,"turns":3},{"damage":0,"enemies":"Book of Stabbing","floor":28,"turns":7},{"damage":5,"enemies":"Shelled Parasite and Fungi","floor":29,"turns":5},{"damage":0,"enemies":"Centurion and Healer","floor":31,"turns":3},{"damage":6,"enemies":"Collector","floor":33,"turns":13},{"damage":5,"enemies":"Orb Walker","floor":35,"turns":3},{"damage":0,"enemies":"3 Darklings","floor":37,"turns":3},{"damage":15,"enemies":"Transient","floor":39,"turns":6},{"damage":4,"enemies":"Nemesis","floor":42,"turns":7},{"damage":0,"enemies":"Sphere and 2 Shapes","floor":44,"turns":7},{"damage":0,"enemies":"4 Shapes","floor":45,"turns":4},{"damage":32,"enemies":"Reptomancer","floor":46,"turns":6},{"damage":20,"enemies":"Time Eater","floor":50,"turns":13}],"seed_played":"6254151066627775102","potions_obtained":[{"floor":8,"key":"LiquidMemories"},{"floor":16,"key":"PowerPotion"},{"floor":21,"key":"EntropicBrew"},{"floor":28,"key":"CunningPotion"},{"floor":29,"key":"Strength Potion"},{"floor":31,"key":"Dexterity Potion"},{"floor":44,"key":"PowerPotion"}],"is_trial":false,"path_per_floor":["M","M","?","?","M","R","E","M","T","M","?","?","$","M","R","B",null,"M","$","M","M","M","R","E","R","T","M","E","M","R","M","R","B",null,"M","?","M","$","M","R","T","E","T","M","M","E","$","?","R","B",null],"character_chosen":"THE_SILENT","items_purchased":["PiercingWail+1","Noxious Fumes","Backflip+1","Lee\u0027s Waffle","Kunai"],"campfire_rested":2,"item_purchase_floors":[13,38,47,47,47],"current_hp_per_floor":[57,54,54,59,58,58,39,25,25,15,32,32,32,32,32,30,61,49,49,49,35,12,33,22,43,43,43,43,38,38,38,38,32,61,56,56,56,56,41,41,41,37,37,37,37,5,74,74,74,54],"gold":0,"neow_bonus":"ONE_RANDOM_RARE_CARD","is_daily":false,"chose_seed":false,"campfire_upgraded":6,"win_rate":0.0,"timestamp":1610695392,"path_taken":["M","M","?","?","M","R","E","M","T","M","?","?","$","M","R","BOSS","M","$","M","?","M","R","E","R","T","M","E","M","R","M","R","BOSS","M","?","M","$","M","R","?","E","T","M","M","E","?","?","R","BOSS"],"items_purchased_type":["Card","Card","Card","Relic","Relic"],"build_version":"2020-12-22","purchased_purges":3,"victory":true,"max_hp_per_floor":[66,66,66,71,71,71,71,71,71,71,71,71,71,71,71,71,71,71,71,71,71,71,71,71,71,71,71,71,71,71,71,71,71,71,71,67,67,67,67,67,67,67,67,67,67,67,74,74,74,74],"relic_stats":{"Lee\u0027s Waffle":69,"Gremlin Horn":[15,15],"counters":[26,161],"HoveringKite":[53],"Cursed Key":2,"WarpedTongs":[112],"Dream Catcher":0,"Mummified Hand":[52],"Shuriken":[16],"Sundial":[2],"Kunai":[7],"obtain_stats":[{"Lee\u0027s Waffle":47,"Gremlin Horn":28,"HoveringKite":17,"Cursed Key":34,"WarpedTongs":12,"Old Coin":42,"Du-Vu Doll":24,"Dream Catcher":43,"Matryoshka":7,"HornCleat":26,"Mummified Hand":26,"Shuriken":41,"Sundial":46,"Bag of Marbles":9,"Red Mask":48,"Kunai":47,"Toxic Egg 2":9,"Ring of the Snake":0},{"Lee\u0027s Waffle":25,"Gremlin Horn":15,"HoveringKite":8,"Cursed Key":18,"WarpedTongs":6,"Old Coin":22,"Du-Vu Doll":13,"Dream Catcher":22,"Matryoshka":4,"HornCleat":13,"Mummified Hand":13,"Shuriken":21,"Sundial":25,"Bag of Marbles":5,"Red Mask":25,"Kunai":25,"Toxic Egg 2":5,"Ring of the Snake":0},{"Lee\u0027s Waffle":148,"Gremlin Horn":91,"HoveringKite":50,"Cursed Key":112,"WarpedTongs":36,"Old Coin":131,"Du-Vu Doll":81,"Dream Catcher":131,"Matryoshka":26,"HornCleat":81,"Mummified Hand":81,"Shuriken":124,"Sundial":148,"Bag of Marbles":30,"Red Mask":148,"Kunai":148,"Toxic Egg 2":30,"Ring of the Snake":0}],"Ring of the Snake":[52]},"card_choices":[{"not_picked":["Outmaneuver","Deflect","Bouncing Flask"],"picked":"SKIP","floor":1},{"not_picked":["Backflip","Dodge and Roll"],"picked":"Poisoned Stab","floor":2},{"not_picked":["Finisher","Reflex"],"picked":"Dagger Throw","floor":5},{"not_picked":["Backflip","Dodge and Roll"],"picked":"Corpse Explosion","floor":7},{"not_picked":["Well Laid Plans","Flying Knee","Deflect"],"picked":"SKIP","floor":8},{"not_picked":["Outmaneuver+1","Underhanded Strike"],"picked":"Footwork","floor":10},{"not_picked":["Dagger Throw","Sucker Punch","Underhanded Strike"],"picked":"SKIP","floor":14},{"not_picked":["Envenom","After Image"],"picked":"Venomology+1","floor":16},{"not_picked":["Dagger Throw","Bane"],"picked":"PiercingWail+1","floor":18},{"not_picked":["Blade Dance+1","Dagger Spray"],"picked":"Acrobatics+1","floor":20},{"not_picked":["All Out Attack","Storm of Steel+1"],"picked":"Blade Dance+1","floor":21},{"not_picked":["PiercingWail+1","Calculated Gamble+1"],"picked":"Underhanded Strike","floor":22},{"not_picked":["Outmaneuver+1","Slice"],"picked":"Underhanded Strike","floor":24},{"not_picked":["Catalyst+1","Concentrate+1","Heel Hook"],"picked":"SKIP","floor":27},{"not_picked":["Masterful Stab","Dash"],"picked":"Blur+1","floor":28},{"not_picked":["Cloak And Dagger+1","Deadly Poison+1"],"picked":"PiercingWail+1","floor":29},{"not_picked":["Backstab","All Out Attack+1"],"picked":"Terror+1","floor":31},{"not_picked":["Wraith Form v2","Malaise+1"],"picked":"Night Terror+1","floor":33},{"not_picked":["Sucker Punch+1","Distraction+1","Skewer"],"picked":"SKIP","floor":35},{"not_picked":["Poisoned Stab","Dash","Masterful Stab"],"picked":"SKIP","floor":37},{"not_picked":["Dagger Throw","Prepared+1"],"picked":"Well Laid Plans","floor":39},{"not_picked":["Backstab+1","Escape Plan+1"],"picked":"Reflex+1","floor":42},{"not_picked":["Dagger Spray+1","Noxious Fumes"],"picked":"Backflip+1","floor":44},{"not_picked":["Escape Plan+1","Setup+1"],"picked":"Caltrops","floor":45},{"not_picked":["Slice","Prepared+1"],"picked":"Cloak And Dagger+1","floor":46}],"player_experience":399220,"relics_obtained":[{"floor":7,"key":"Matryoshka"},{"floor":9,"key":"Bag of Marbles"},{"floor":9,"key":"Toxic Egg 2"},{"floor":24,"key":"Du-Vu Doll"},{"floor":26,"key":"HornCleat"},{"floor":26,"key":"Mummified Hand"},{"floor":28,"key":"Gremlin Horn"},{"floor":41,"key":"Shuriken"},{"floor":42,"key":"Old Coin"},{"floor":43,"key":"Dream Catcher"},{"floor":46,"key":"Sundial"}],"event_choices":[{"damage_healed":0,"gold_gain":0,"player_choice":"Grow","damage_taken":0,"max_hp_gain":0,"max_hp_loss":0,"event_name":"Living Wall","floor":3,"gold_loss":0,"cards_upgraded":["Poisoned Stab"]},{"damage_healed":0,"gold_gain":0,"player_choice":"Donut","damage_taken":0,"max_hp_gain":5,"max_hp_loss":0,"event_name":"Big Fish","floor":4,"gold_loss":0},{"damage_healed":17,"gold_gain":0,"player_choice":"Healed","damage_taken":0,"max_hp_gain":0,"max_hp_loss":0,"event_name":"The Cleric","floor":11,"gold_loss":35},{"damage_healed":0,"gold_gain":0,"player_choice":"Rummage","damage_taken":0,"relics_obtained":["WarpedTongs"],"max_hp_gain":0,"max_hp_loss":0,"event_name":"Accursed Blacksmith","floor":12,"gold_loss":0,"cards_obtained":["Pain"]},{"damage_healed":0,"gold_gain":0,"player_choice":"Max HP","damage_taken":0,"max_hp_gain":0,"max_hp_loss":4,"event_name":"Winding Halls","floor":36,"gold_loss":0},{"damage_healed":0,"gold_gain":0,"player_choice":"Paid","damage_taken":0,"relics_obtained":["Red Mask"],"max_hp_gain":0,"max_hp_loss":0,"event_name":"Tomb of Lord Red Mask","floor":48,"gold_loss":3}],"is_beta":false,"boss_relics":[{"not_picked":["Coffee Dripper","Calling Bell"],"picked":"HoveringKite"},{"not_picked":["Pandora\u0027s Box","Ring of the Serpent"],"picked":"Cursed Key"}],"items_purged_floors":[13,19,38],"is_endless":false,"potions_floor_spawned":[8,16,18,21,28,29,31,37,42,44],"ascension_level":17}}