{"host":"7tvb1em0d2fx72q7","time":1610745156,"event":{"mods":["BaseMod","Challenge The Spire","Minty Spire (QoL Compilation)","StSLib","everything is the same but u backflip on backflip"],"gold_per_floor":[209,209,229,240,46,46,77,87,87,162,181,206,206,221,221,295,295,312,325,325,34,34,34],"floor_reached":22,"language":"ENG","playtime":1077,"items_purged":[],"score":442,"play_id":"a63c89f2-78e1-4e29-9231-c5da7668ad23","local_time":"20210115161236","is_ascension_mode":true,"campfire_choices":[{"data":"Biased Cognition","floor":6,"key":"SMITH"},{"floor":15,"key":"REST"}],"circlet_count":0,"master_deck":["AscendersBane","Strike_B","Defend_B","Defend_B","Defend_B","Defend_B","Zap","Dualcast","Genetic Algorithm","Cold Snap","Biased Cognition+1","Lockon","Ball Lightning","Leap","Genetic Algorithm","Sweeping Beam","Hyperbeam","Force Field+1","Hello World+1","Beam Cell+1","Conserve Battery","Static Discharge+1","Coolheaded"],"relics":["Cracked Core","HornCleat","Frozen Egg 2","Bottled Tornado","Astrolabe","Bag of Marbles","Orichalcum"],"acts_visited":["Exordium","TheCity"],"potions_floor_usage":[7,12,18,19],"damage_taken":[{"damage":0,"enemies":"2 Louse","floor":1,"turns":2},{"damage":8,"enemies":"Small Slimes","floor":3,"turns":2},{"damage":0,"enemies":"Cultist","floor":4,"turns":4},{"damage":22,"enemies":"Lagavulin","floor":7,"turns":5},{"damage":0,"enemies":"Large Slime","floor":8,"turns":3},{"damage":6,"enemies":"Blue Slaver","floor":11,"turns":3},{"damage":0,"enemies":"Gremlin Nob","floor":12,"turns":2},{"damage":5,"enemies":"Exordium Thugs","floor":14,"turns":3},{"damage":25,"enemies":"Slime Boss","floor":16,"turns":8},{"damage":3,"enemies":"3 Byrds","floor":18,"turns":2},{"damage":25,"enemies":"2 Thieves","floor":19,"turns":5},{"damage":36,"enemies":"Cultist and Chosen","floor":22,"turns":3}],"seed_played":"82781944369067149","potions_obtained":[{"floor":1,"key":"PotionOfCapacity"},{"floor":7,"key":"FearPotion"},{"floor":12,"key":"LiquidBronze"},{"floor":16,"key":"AttackPotion"}],"is_trial":false,"path_per_floor":["M","?","M","M","$","R","E","M","T","?","M","E","?","M","R","B",null,"M","M","?","$","M"],"character_chosen":"DEFECT","items_purchased":["Biased Cognition","Lockon","Static Discharge+1","Coolheaded","Orichalcum"],"campfire_rested":1,"item_purchase_floors":[5,5,21,21,21],"current_hp_per_floor":[64,64,56,56,56,56,34,34,34,23,17,17,12,7,28,3,54,51,26,26,26,0,0],"gold":34,"neow_bonus":"HUNDRED_GOLD","is_daily":false,"chose_seed":false,"campfire_upgraded":1,"win_rate":0.0,"timestamp":1610745156,"path_taken":["M","?","M","M","$","R","E","M","T","?","M","E","?","M","R","BOSS","M","M","?","$","?"],"items_purchased_type":["Card","Card","Card","Card","Relic"],"build_version":"2020-12-22","purchased_purges":0,"victory":false,"max_hp_per_floor":[71,71,71,71,71,71,71,71,71,71,71,71,71,71,71,71,71,71,71,71,71,71,71],"card_choices":[{"not_picked":["Chill","Conserve Battery"],"picked":"Rip and Tear","floor":1},{"not_picked":["Redo","Hologram"],"picked":"Genetic Algorithm","floor":3},{"not_picked":["Auto Shields","Barrage"],"picked":"Cold Snap","floor":4},{"not_picked":["Steam","Aggregate"],"picked":"Ball Lightning","floor":7},{"not_picked":["Double Energy","Conserve Battery"],"picked":"Leap","floor":8},{"not_picked":["Thunder Strike","Streamline","Rebound"],"picked":"SKIP","floor":11},{"not_picked":["Compile Driver","Gash"],"picked":"Genetic Algorithm","floor":12},{"not_picked":["Fusion","Rebound"],"picked":"Sweeping Beam","floor":14},{"not_picked":["Meteor Strike","Fission"],"picked":"Hyperbeam","floor":16},{"not_picked":["Streamline","Conserve Battery","Redo+1"],"picked":"SKIP","floor":18},{"not_picked":["Blizzard","Rip and Tear"],"picked":"Conserve Battery","floor":19}],"player_experience":1927204,"relics_obtained":[{"floor":7,"key":"HornCleat"},{"floor":9,"key":"Frozen Egg 2"},{"floor":12,"key":"Bottled Tornado"}],"event_choices":[{"damage_healed":0,"gold_gain":0,"player_choice":"Leave","damage_taken":0,"max_hp_gain":0,"max_hp_loss":0,"event_name":"The Cleric","floor":2,"gold_loss":0},{"damage_healed":0,"gold_gain":75,"player_choice":"Gather Gold","damage_taken":11,"max_hp_gain":0,"max_hp_loss":0,"event_name":"World of Goop","floor":10,"gold_loss":0},{"damage_healed":0,"gold_gain":0,"player_choice":"Fled","damage_taken":5,"max_hp_gain":0,"max_hp_loss":0,"event_name":"Scrap Ooze","floor":13,"gold_loss":0},{"cards_removed":["Rip and Tear"],"damage_healed":0,"gold_gain":0,"player_choice":"Gave Card","damage_taken":0,"relics_obtained":["Bag of Marbles"],"max_hp_gain":0,"max_hp_loss":0,"event_name":"WeMeetAgain","floor":20,"gold_loss":0}],"is_beta":false,"boss_relics":[{"not_picked":["Sozu","Calling Bell"],"picked":"Astrolabe"}],"items_purged_floors":[],"is_endless":false,"potions_floor_spawned":[1,7,12,16],"killed_by":"Cultist and Chosen","ascension_level":20}}