{"host":"5e0jz0sn42a2vhx9","time":1610715558,"event":{"mods":["ATMod(°¢èªMod)","Act Like it!","BaseMod","Downfall","Hallownest","Lobotomy","Minty Spire (QoL Compilation)","Replay The Spire","StSLib","The Bug Knight","The Cursed","The Hierophant"],"gold_per_floor":[99,113,126,144,9999,9146,9146,9163,9192,9192,9192,9342,9342,9355,9367,9466,9466,9466,9479,9491,8470,8489,8507,8532,8532,8560,8560,7980,7980,7998,7998,8015,8015,8015],"floor_reached":33,"language":"ZHS","playtime":2456,"items_purged":["HollowMod:NailStrikeStart","Slimebound:Icky","HollowMod:LuriensSpire"],"score":365,"play_id":"f549ebf6-105f-4c33-927c-83a8b0bd0de3","local_time":"20210115205918","is_ascension_mode":true,"campfire_choices":[{"data":"AT_FamilyPortrait","floor":1,"key":"SMITH"},{"floor":11,"key":"RECALL"},{"data":"AT_EmpoweredMortalDraw","floor":13,"key":"SMITH"},{"data":"HollowMod:Weaversong","floor":18,"key":"SMITH"}],"circlet_count":0,"master_deck":["HollowMod:NailStrikeStart","HollowMod:NailStrikeStart","HollowMod:NailStrikeStart","HollowMod:QuickDashStart","HollowMod:QuickDashStart","HollowMod:QuickDashStart","HollowMod:QuickDashStart","HollowMod:PogoStrike","AT_FamilyPortrait+1","HollowMod:PerfectDash","HollowMod:MantisMark","HollowMod:GreatSlash","HollowMod:DesolateDive+1","Thinking Ahead","AT_EmpoweredMortalDraw+1","Jack Of All Trades","HollowMod:Hiveblood","HollowMod:BaldurShell","HollowMod:Weaversong+1","HollowMod:SoulStrike+1","HollowMod:QuirrelsAssistance+1","HollowMod:CloakDash","HollowMod:theNailsmith","HollowMod:theNailsmith","HollowMod:MidwifesHunger","Replay:SS_hec_1","HollowMod:DungDefenderAura+1","HollowMod:CornifersMapStart","HollowMod:HowlingWraiths+1","HollowMod:LifebloodCore","ReplayTheSpireMod:Private Reserves","HollowMod:Grubsong","Shame","HollowMod:NewLittleFool+1"],"relics":["HollowMod:VesselMask","AT_ATBox","ReplayTheSpireMod:ShopPack","MealTicket","Eternal Feather","AT_LudenTempest","Black Star","Orichalcum","OrangePellets","Akabeko","Smiling Mask","Strawberry","Whetstone","Nilry\u0027s Codex","Replay:Wax Seal","ReplayTheSpireMod:Lightbulb","Toolbox","downfall:KnowingSkull","Durian"],"acts_visited":["Exordium","TheCity"],"potions_floor_usage":[6,6,6,8,9,9,16,19,20,22,22,22,26,30,32,33,33],"damage_taken":[{"damage":0,"enemies":"Cultist","floor":2,"turns":3},{"damage":2,"enemies":"Jaw Worm","floor":3,"turns":3},{"damage":1,"enemies":"2 Louse","floor":4,"turns":3},{"damage":1,"enemies":"Blue Slaver","floor":5,"turns":4},{"damage":0,"enemies":"downfall:FleeingMerchant","floor":6,"turns":4},{"damage":1,"enemies":"Large Slime","floor":8,"turns":5},{"damage":0,"enemies":"Gremlin Nob","floor":9,"turns":2},{"damage":10,"enemies":"Gremlin Gang","floor":14,"turns":2},{"damage":17,"enemies":"Exordium Wildlife","floor":15,"turns":4},{"damage":28,"enemies":"downfall:Ironclad","floor":16,"turns":6},{"damage":16,"enemies":"Shell Parasite","floor":19,"turns":3},{"damage":0,"enemies":"Snecko","floor":20,"turns":2},{"damage":0,"enemies":"downfall:FleeingMerchant","floor":21,"turns":4},{"damage":0,"enemies":"Snake Plant","floor":22,"turns":3},{"damage":15,"enemies":"Cultist and Chosen","floor":23,"turns":4},{"damage":37,"enemies":"Book of Stabbing","floor":26,"turns":5},{"damage":10,"enemies":"downfall:FleeingMerchant","floor":28,"turns":4},{"damage":16,"enemies":"Sentry and Sphere","floor":30,"turns":4},{"damage":19,"enemies":"Snake Plant","floor":32,"turns":4},{"damage":41,"enemies":"downfall:Silent","floor":33,"turns":4}],"seed_played":"-6155865382743961478","potions_obtained":[{"floor":2,"key":"Explosive Potion"},{"floor":4,"key":"champ:CounterPotion"},{"floor":8,"key":"Fruit Juice"},{"floor":14,"key":"Fire Potion"},{"floor":16,"key":"champ:CounterPotion"},{"floor":19,"key":"Swift Potion"},{"floor":20,"key":"Reflective Coating"},{"floor":23,"key":"Elixir"},{"floor":32,"key":"Venom Potion"}],"is_trial":false,"path_per_floor":["R","M","M","M","M","$","T","M","E","?","R","?","R","M","M","B",null,"R","M","M","$","M","M","T","?","E","?","$","?","M","?","M","B"],"character_chosen":"THE_BUGKNIGHT","items_purchased":["ReplayTheSpireMod:ShopPack","MealTicket","Eternal Feather","PowerPotion","Thinking Ahead","Orichalcum","OrangePellets","Akabeko","HollowMod:theNailsmith","HollowMod:MidwifesHunger","SkillPotion","Block Potion","Replay:SS_hec_1","Replay:Wax Seal","ReplayTheSpireMod:Lightbulb","Toolbox","ReplayTheSpireMod:Private Reserves","HollowMod:Grubsong"],"campfire_rested":0,"item_purchase_floors":[6,6,6,6,6,21,21,21,21,21,21,21,21,28,28,28,28,28],"current_hp_per_floor":[82,82,80,79,78,82,82,86,86,86,87,87,87,77,72,47,87,87,71,71,86,86,76,76,76,46,30,44,44,40,45,26,0,0],"gold":8015,"neow_bonus":"TEN_PERCENT_HP_BONUS","is_daily":false,"chose_seed":false,"campfire_upgraded":3,"win_rate":0.0,"timestamp":1610715558,"path_taken":["R","M","?","M","M","$","T","M","E","?","R","?","R","M","M","BOSS","R","M","M","$","M","M","T","?","E","?","$","?","?","?","M","BOSS"],"items_purchased_type":["Relic","Relic","Relic","Potion","Card","Relic","Relic","Relic","Card","Card","Potion","Potion","Card","Relic","Relic","Relic","Card","Card"],"build_version":"2020-12-22","purchased_purges":3,"victory":false,"max_hp_per_floor":[82,82,82,82,82,82,82,87,87,87,87,87,87,87,87,87,87,87,87,87,87,87,87,87,87,94,94,94,94,94,99,99,99,99],"card_choices":[{"not_picked":["HollowMod:DescendingDark","HollowMod:InfectedAttack"],"picked":"HollowMod:PerfectDash","floor":2},{"not_picked":["HollowMod:CornifersMapStart","HollowMod:CloakDash"],"picked":"HollowMod:LuriensSpire","floor":3},{"not_picked":["HollowMod:LuriensSpire","HollowMod:GreatSlash"],"picked":"HollowMod:MantisMark","floor":4},{"not_picked":["HollowMod:SoulSplash","HollowMod:InfectedCysts"],"picked":"HollowMod:GreatSlash","floor":5},{"not_picked":["HollowMod:GoodIntentions","HollowMod:BlackTendrils"],"picked":"HollowMod:DesolateDive","floor":6},{"not_picked":["expansioncontent:QuickStudy","expansioncontent:StudyTheSpire"],"picked":"AT_EmpoweredMortalDraw","floor":6},{"not_picked":["Finesse","Replay:SS_fish_3"],"picked":"Jack Of All Trades","floor":6},{"not_picked":["HollowMod:NewGlowingWomb","HollowMod:DesolateDive","HollowMod:InfectedAttack"],"picked":"SKIP","floor":8},{"not_picked":["HollowMod:BrokenVessel","HollowMod:GoodIntentions"],"picked":"HollowMod:Hiveblood","floor":9},{"not_picked":["HollowMod:FastStrike","HollowMod:DesolateDive"],"picked":"HollowMod:BaldurShell","floor":14},{"not_picked":["HollowMod:HowlingWraiths","HollowMod:SharpenedShadows","HollowMod:TaintedHusks"],"picked":"SKIP","floor":15},{"not_picked":["HollowMod:Hiveblood","HollowMod:LifebloodCore"],"picked":"HollowMod:Weaversong","floor":16},{"not_picked":["HollowMod:MonarchWings","HollowMod:SiblingsSouls"],"picked":"HollowMod:SoulStrike+1","floor":19},{"not_picked":["HollowMod:HowlingWraiths+1","HollowMod:NewLittleFool"],"picked":"HollowMod:QuirrelsAssistance","floor":20},{"not_picked":["HollowMod:NewLittleFool","HollowMod:ChannelNail"],"picked":"HollowMod:CloakDash","floor":21},{"not_picked":["HollowMod:FallenFury","HollowMod:BaldurShell"],"picked":"HollowMod:DungDefenderAura+1","floor":22},{"not_picked":["HollowMod:ShadowDash+1","HollowMod:PerfectDash+1"],"picked":"HollowMod:CornifersMapStart","floor":23},{"not_picked":["HollowMod:CoiledNail","HollowMod:VengefulVoid+1"],"picked":"HollowMod:HowlingWraiths+1","floor":26},{"not_picked":["HollowMod:AbyssShriek","HollowMod:TaintedHusks"],"picked":"HollowMod:LifebloodCore","floor":28},{"not_picked":["HollowMod:InfectedAttack+1","HollowMod:SoulSplash","HollowMod:CoiledNail"],"picked":"SKIP","floor":30},{"not_picked":["HollowMod:DreamGate","HollowMod:WraithStrike"],"picked":"HollowMod:NewLittleFool+1","floor":32}],"player_experience":385204,"relics_obtained":[{"floor":9,"key":"AT_LudenTempest"},{"floor":24,"key":"Smiling Mask"},{"floor":26,"key":"Strawberry"},{"floor":26,"key":"Whetstone"},{"floor":27,"key":"Nilry\u0027s Codex"}],"event_choices":[{"cards_removed":["HollowMod:FocusHealStart"],"damage_healed":0,"gold_gain":0,"player_choice":"Card Removal","damage_taken":0,"max_hp_gain":0,"max_hp_loss":0,"event_name":"The Cleric","floor":10,"gold_loss":0},{"damage_healed":0,"gold_gain":0,"player_choice":"Stole Relic","damage_taken":0,"relics_obtained":["Durian"],"max_hp_gain":0,"max_hp_loss":0,"event_name":"Addict","floor":31,"gold_loss":0,"cards_obtained":["Shame"]}],"is_beta":false,"boss_relics":[{"not_picked":["Astrolabe","Sozu"],"picked":"Black Star"}],"items_purged_floors":[6,21,28],"is_endless":false,"potions_floor_spawned":[2,4,8,14,16,19,20,23,32],"killed_by":"downfall:Silent","ascension_level":3}}