{"host":"bcxgpd1eu8czocm9","time":1610707239,"event":{"mods":["Aspiration","BaseMod","Marisa£®ÏF”Í°°ƒß¿Ì…≥£©","Minty Spire (QoL Compilation)","Quarter Circle Forward PUNCH!","Quick Restart","Replay The Spire","Spicy Shops","StSLib","The Servant 0.9.4","Youmu£®ªÍ∆«—˝√Œ£©","vexMod","°æ“≈ŒÔø®≈∆°øREMEMod"],"gold_per_floor":[111,131,142,162,181,181,210,220,247,247,247,247,266,283,300,300,300,404,404,419,419,34,44,62,93,112,112,138,138,237,12,32,32,32,32,32],"floor_reached":35,"language":"ZHS","playtime":1716,"items_purged":["Shame"],"score":283,"play_id":"ea4387a2-00df-42a8-bfa2-66fc4f43dc00","local_time":"20210115184039","is_ascension_mode":false,"campfire_choices":[{"floor":6.0,"key":"REST"},{"data":"FlawlessForm","floor":12.0,"key":"SMITH"},{"data":"Decay","floor":17.0,"key":"PURGE"},{"floor":34,"key":"REST"}],"circlet_count":0,"master_deck":["Strike_S","Strike_S","Strike_S","Strike_S","Defend_S","Defend_S","Defend_S","Defend_S","KidneyShot","Exchange","Echo Form","ShatteredReality","RealityMarble","ShatteredReality","FlawlessForm+1","DoubleEdge","MoonPhase","Comet","TheWorld","SpecialFormula","TheWorld","Read","TheWorld"],"relics":["Uniform","REME_ComplimentaryCards","vexMod:FocusSash","Bag of Marbles","ReplayTheSpireMod:Lightbulb","qcfpunch:Crimson_Sash","REME_HandOfSuture","Peace Pipe","Art of War","DollysMirror"],"acts_visited":["Exordium","TheCity"],"potions_floor_usage":[25,35],"damage_taken":[{"damage":7.0,"enemies":"2 Louse","floor":1.0,"turns":3.0},{"damage":1.0,"enemies":"Cultist","floor":2.0,"turns":4.0},{"damage":6.0,"enemies":"Jaw Worm","floor":3.0,"turns":4.0},{"damage":20.0,"enemies":"Large Slime","floor":4.0,"turns":9.0},{"damage":2.0,"enemies":"3 Louse","floor":5.0,"turns":2.0},{"damage":13.0,"enemies":"Lagavulin","floor":7.0,"turns":10.0},{"damage":15.0,"enemies":"Gremlin Gang","floor":8.0,"turns":5.0},{"damage":2.0,"enemies":"Looter","floor":13.0,"turns":4.0},{"damage":0.0,"enemies":"Blue Slaver","floor":14.0,"turns":5.0},{"damage":0.0,"enemies":"2 Fungi Beasts","floor":15.0,"turns":1.0},{"damage":10.0,"enemies":"The Guardian","floor":18.0,"turns":8.0},{"damage":7.0,"enemies":"Shell Parasite","floor":20.0,"turns":5.0},{"damage":4.0,"enemies":"3 Byrds","floor":23.0,"turns":6.0},{"damage":0.0,"enemies":"Snecko","floor":24.0,"turns":4.0},{"damage":12,"enemies":"Book of Stabbing","floor":25,"turns":6},{"damage":19,"enemies":"Centurion and Healer","floor":26,"turns":5},{"damage":18,"enemies":"Snake Plant","floor":32,"turns":4},{"damage":16,"enemies":"Collector","floor":35,"turns":3}],"seed_played":"-3515313303444084929","potions_obtained":[{"floor":2.0,"key":"SkillPotion"},{"floor":3.0,"key":"FairyPotion"},{"floor":5.0,"key":"Death Potion"},{"floor":7.0,"key":"Adrenaline Potion"},{"floor":13.0,"key":"AttackPotion"},{"floor":24.0,"key":"GamblersBrew"},{"floor":26,"key":"AttackPotion"}],"is_trial":false,"path_per_floor":["M","M","M","M","M","R","E","M","T","PTL","PTL","R","M","M","M","?","R","B",null,"M","?","$","M","M","E","M","?","T","R","?","$","M","?","R","B"],"character_chosen":"THE_SERVANT","items_purchased":["TheWorld","REME_HandOfSuture","DollysMirror"],"campfire_rested":2,"item_purchase_floors":[22,22,31],"current_hp_per_floor":[58,57,51,31,29,48,35,20,20,20,20,20,18,18,18,18,18,8,41,34,34,34,33,36,27,11,14,14,14,14,14,7,1,11,0,0],"gold":32,"neow_bonus":"RANDOM_COMMON_RELIC","is_daily":false,"chose_seed":false,"campfire_upgraded":1,"win_rate":0.0,"timestamp":1610707239,"path_taken":["M","M","M","M","M","R","E","M","T","PTL","PTL","R","M","M","M","?","R","BOSS","M","?","$","M","M","E","M","?","T","R","?","$","M","?","R","BOSS"],"items_purchased_type":["Card","Relic","Relic"],"build_version":"2020-12-22","purchased_purges":1,"victory":false,"max_hp_per_floor":[65,65,65,65,65,65,65,65,65,65,65,65,65,65,65,65,65,65,65,65,65,65,65,65,65,65,65,65,65,65,65,65,65,65,65,65],"card_choices":[{"not_picked":["Spin","BestPractice"],"picked":"ShatteredReality","floor":1.0},{"not_picked":["MoonPhase","FastForward","Revamp"],"picked":"SKIP","floor":2.0},{"not_picked":["Read","Defy"],"picked":"RealityMarble","floor":3.0},{"not_picked":["Rearm","Replace"],"picked":"ShatteredReality","floor":4.0},{"not_picked":["Ricochet","DoubleEdge"],"picked":"FlawlessForm","floor":5.0},{"not_picked":["FanOfKnives","Spin"],"picked":"DoubleEdge","floor":7.0},{"not_picked":["Defy","BottledTime"],"picked":"MoonPhase","floor":8.0},{"not_picked":["Revamp","Moondial"],"picked":"Comet","floor":13.0},{"not_picked":["RealityMarble","ShatteredReality","Collapse"],"picked":"SKIP","floor":14.0},{"not_picked":["Defy","Replace","Manipulate"],"picked":"SKIP","floor":15.0},{"not_picked":["Sunlight","Solidify"],"picked":"TheWorld","floor":18.0},{"not_picked":["Replace","Starlight"],"picked":"SpecialFormula","floor":20.0},{"not_picked":["BestPractice","Alleviate","Moondial+1"],"picked":"SKIP","floor":23.0},{"not_picked":["Defy","Moondial"],"picked":"Read","floor":24.0},{"not_picked":["ShatteredReality","ReturningBlade","SilverBlades"],"picked":"SKIP","floor":25},{"not_picked":["Starlight","Revamp","Defy"],"picked":"SKIP","floor":26},{"not_picked":["Rewind+1","FanOfKnives","Ricochet"],"picked":"SKIP","floor":32}],"player_experience":397315,"relics_obtained":[{"floor":7.0,"key":"Bag of Marbles"},{"floor":9.0,"key":"ReplayTheSpireMod:Lightbulb"},{"floor":25,"key":"Peace Pipe"},{"floor":28,"key":"Art of War"}],"event_choices":[{"damage_healed":0.0,"max_hp_gain":0.0,"max_hp_loss":0.0,"gold_gain":0.0,"event_name":"Wheel of Change","player_choice":"Cursed","floor":16.0,"gold_loss":0.0,"damage_taken":0.0,"cards_obtained":["Decay"]},{"damage_healed":0,"gold_gain":99,"player_choice":"Stole From Cult","damage_taken":0,"max_hp_gain":0,"max_hp_loss":0,"event_name":"Nest","floor":30,"gold_loss":0},{"damage_healed":0,"gold_gain":0,"player_choice":"Damaged","damage_taken":6,"max_hp_gain":0,"max_hp_loss":0,"event_name":"Wheel of Change","floor":33,"gold_loss":0}],"is_beta":false,"boss_relics":[{"not_picked":["StoneMask","Replay:Drink Me"],"picked":"qcfpunch:Crimson_Sash"}],"items_purged_floors":[31],"is_endless":false,"potions_floor_spawned":[2,3,5,7,13,24,26],"killed_by":"Collector","ascension_level":0}}