{"host":"foq4mrde4mssg7vt","time":1610717281,"event":{"mods":["AchievementEnabler","BaseMod","Colored Map","Colored Powertips","Highlight Path","Minty Spire (QoL Compilation)","Relic Stats","everything is the same but u backflip on backflip"],"gold_per_floor":[216,236,25,43,62,62,72,107,107,121,121,134,148,62,62,62,62],"floor_reached":16,"language":"ENG","playtime":425,"items_purged":[],"score":207,"play_id":"aa646294-4aa6-4179-b71a-893822fbd4c1","local_time":"20210115212801","is_ascension_mode":true,"campfire_choices":[{"data":"Immolate","floor":6.0,"key":"SMITH"},{"data":"True Grit","floor":15.0,"key":"SMITH"}],"circlet_count":0,"master_deck":["AscendersBane","Strike_R","Strike_R","Strike_R","Strike_R","Strike_R","Defend_R","Defend_R","Defend_R","Defend_R","Bash","Iron Wave","Clothesline","Immolate+1","Shrug It Off","Battle Trance","Pommel Strike","Shrug It Off","Reaper","Burning Pact","True Grit+1"],"relics":["Burning Blood","MealTicket","InkBottle","Kunai"],"acts_visited":["Exordium"],"potions_floor_usage":[16],"damage_taken":[{"damage":6.0,"enemies":"Cultist","floor":1.0,"turns":3.0},{"damage":14.0,"enemies":"Jaw Worm","floor":2.0,"turns":4.0},{"damage":0.0,"enemies":"2 Louse","floor":4.0,"turns":1.0},{"damage":7.0,"enemies":"Gremlin Gang","floor":5.0,"turns":2.0},{"damage":19.0,"enemies":"Exordium Wildlife","floor":7.0,"turns":4.0},{"damage":31.0,"enemies":"Lagavulin","floor":8.0,"turns":8.0},{"damage":12.0,"enemies":"Blue Slaver","floor":10.0,"turns":6.0},{"damage":0.0,"enemies":"3 Louse","floor":12.0,"turns":1.0},{"damage":0.0,"enemies":"Exordium Wildlife","floor":13.0,"turns":2.0},{"damage":27,"enemies":"The Guardian","floor":16,"turns":5}],"seed_played":"-7558753688444283254","potions_obtained":[{"floor":5.0,"key":"Block Potion"},{"floor":10.0,"key":"PowerPotion"},{"floor":13.0,"key":"Swift Potion"}],"is_trial":false,"path_per_floor":["M","M","$","M","M","R","M","E","T","M","?","M","M","?","R","B"],"character_chosen":"IRONCLAD","items_purchased":["Immolate","Shrug It Off","Battle Trance"],"campfire_rested":0,"item_purchase_floors":[3,3,3],"current_hp_per_floor":[68,60,60,66,65,65,52,27,27,25,14,20,26,26,26,0,0],"gold":62,"neow_bonus":"HUNDRED_GOLD","is_daily":false,"chose_seed":false,"campfire_upgraded":2,"win_rate":0.0,"timestamp":1610717281,"path_taken":["M","M","$","M","M","R","?","E","T","M","?","M","M","?","R","BOSS"],"items_purchased_type":["Card","Card","Card"],"build_version":"2020-12-22","purchased_purges":0,"victory":false,"max_hp_per_floor":[75,75,75,75,75,75,75,75,75,75,75,75,75,75,75,75,75],"relic_stats":{"counters":[10,36],"MealTicket":0,"Kunai":[0],"obtain_stats":[{"MealTicket":8,"Kunai":14,"Burning Blood":0,"InkBottle":11},{"MealTicket":6,"Kunai":9,"Burning Blood":0,"InkBottle":7},{"MealTicket":22,"Kunai":31,"Burning Blood":0,"InkBottle":28}],"Burning Blood":54,"InkBottle":[1]},"card_choices":[{"not_picked":["Dark Embrace","Pommel Strike"],"picked":"Iron Wave","floor":1.0},{"not_picked":["True Grit","Sever Soul"],"picked":"Clothesline","floor":2.0},{"not_picked":["Armaments","Combust"],"picked":"Pommel Strike","floor":4.0},{"not_picked":["Heavy Blade","Thunderclap"],"picked":"Shrug It Off","floor":5.0},{"not_picked":["Dark Embrace","Anger","Clothesline"],"picked":"SKIP","floor":7.0},{"not_picked":["Rage","Perfected Strike"],"picked":"Reaper","floor":8.0},{"not_picked":["Twin Strike","Cleave"],"picked":"Burning Pact","floor":10.0},{"not_picked":["Thunderclap","Shrug It Off"],"picked":"True Grit","floor":12.0},{"not_picked":["Pommel Strike","Sword Boomerang","True Grit"],"picked":"SKIP","floor":13.0}],"player_experience":469004,"relics_obtained":[{"floor":8.0,"key":"MealTicket"}],"event_choices":[{"damage_healed":0.0,"max_hp_gain":0.0,"max_hp_loss":0.0,"gold_gain":0.0,"event_name":"Scrap Ooze","player_choice":"Success","floor":11.0,"gold_loss":0.0,"damage_taken":11.0,"relics_obtained":["InkBottle"]},{"damage_healed":0.0,"max_hp_gain":0.0,"max_hp_loss":0.0,"gold_gain":0.0,"event_name":"WeMeetAgain","player_choice":"Paid Gold","floor":14.0,"gold_loss":86.0,"damage_taken":0.0,"relics_obtained":["Kunai"]}],"is_beta":false,"boss_relics":[],"items_purged_floors":[],"is_endless":false,"potions_floor_spawned":[5,10,13],"killed_by":"The Guardian","ascension_level":19}}