{"host":"1ijykob380qbj7yg","time":1610710376,"event":{"mods":["BaseMod","GifTheSpireLib","Hubris","Marisa£®ÏF”Í°°ƒß¿Ì…≥£©","Minty Spire (QoL Compilation)","StSLib","The Cursed","[IsaacMod]“‘»ˆº‚À˛"],"gold_per_floor":[124,124,138,159,178,178,214,214,262,285,328,328,373,404,404,594,594,614,628,628,690,752,843,843,960,986,986,986,1030,1067,1067,1067,1199,1199,1214,1285,1285,1245,1263,1329,1329,1399,1399,1399,1399,475,520,536,536,603],"floor_reached":51,"language":"ZHS","playtime":10528,"items_purged":["TheCursedMod:Defend_TheCursed"],"score":1083,"play_id":"f47b2be6-692a-4645-a08e-8fa3ab372d0b","local_time":"20210115193256","is_ascension_mode":true,"campfire_choices":[{"data":"BettingIsNotGood","floor":6.0,"key":"SMITH"},{"data":"TheCursedMod:ForbiddenAlchemy","floor":12.0,"key":"SMITH"},{"data":"TheCursedMod:VoidForm","floor":15.0,"key":"SMITH"},{"floor":24.0,"key":"REST"},{"floor":32,"key":"REST"},{"floor":41,"key":"REST"},{"floor":44,"key":"REST"},{"floor":49,"key":"REST"}],"circlet_count":0,"master_deck":["TheCursedMod:Strike_TheCursed","TheCursedMod:Defend_TheCursed","TheCursedMod:Defend_TheCursed","TheCursedMod:Defend_TheCursed","TheCursedMod:CursedWand","TheCursedMod:CleanUpWorkshop","TheCursedMod:Dregs","BettingIsNotGood+1","TheCursedMod:ForbiddenAlchemy+1","TheCursedMod:FuryStrike","TheCursedMod:SurpriseAttack","TheCursedMod:CursedBlade","TheCursedMod:CursedAmulet","TheCursedMod:WearCloak","TheCursedMod:VoidForm+1","TheCursedMod:DoubleShield+1","TheCursedMod:CircleOfAbyss","TheCursedMod:LuckyCharm+1","TheCursedMod:Obscuration+1","TheCursedMod:Evocation+1","TheCursedMod:HellfireBreathing","TheCursedMod:CursedRelics+1","TheCursedMod:SpitefulPray","TheCursedMod:DemonSword","TheCursedMod:ForbiddenAlchemy+1","TheCursedMod:AshesToAshes+1","TheCursedMod:DoubleShield+1","TheCursedMod:SurpriseAttack","TheCursedMod:SurpriseAttack+1","TheCursedMod:CircleOfCorruption+1","TheCursedMod:FleshFromBone+1","Mind Blast","TheCursedMod:CollectTribute+1","TheCursedMod:ReleasedStrength+1"],"relics":["HushsDoor","BookofShadows","hubris:ScarierMask","Bloody Idol","Bag of Preparation","hubris:Icosahedron","TheCursedMod:Tack","SalivaCoin","Juzu Bracelet","Fusion Hammer","Anchor","hubris:TinFlute","Regal Pillow","Dream Catcher","hubris:Towel","Astrolabe","Mango","hubris:Potato","TungstenRod","BookOfRevelations","Frozen Egg 2","Pocketwatch","Medical Kit","TheCursedMod:CrystalBall"],"acts_visited":["Exordium","TheCity","TheBeyond"],"potions_floor_usage":[25,25,25,25,29,33,33,36,39,39,40,40,40,40,47,47,47,47,47,47,47,50,50,50,50,50],"damage_taken":[{"damage":2.0,"enemies":"Small Slimes","floor":1.0,"turns":3.0},{"damage":11.0,"enemies":"Jaw Worm","floor":3.0,"turns":8.0},{"damage":0.0,"enemies":"Cultist","floor":4.0,"turns":4.0},{"damage":5.0,"enemies":"Looter","floor":5.0,"turns":3.0},{"damage":41.0,"enemies":"Gremlin Nob","floor":7.0,"turns":6.0},{"damage":10.0,"enemies":"Lots of Slimes","floor":10.0,"turns":1.0},{"damage":27.0,"enemies":"Lagavulin","floor":11.0,"turns":5.0},{"damage":3.0,"enemies":"Gremlin Nob","floor":13.0,"turns":3.0},{"damage":1.0,"enemies":"Exordium Wildlife","floor":14.0,"turns":2.0},{"damage":28.0,"enemies":"The Guardian","floor":16.0,"turns":9.0},{"damage":2.0,"enemies":"Chosen","floor":18.0,"turns":5.0},{"damage":0.0,"enemies":"3 Byrds","floor":19.0,"turns":3.0},{"damage":14.0,"enemies":"Shelled Parasite and Fungi","floor":22.0,"turns":7.0},{"damage":20.0,"enemies":"Book of Stabbing","floor":23.0,"turns":6.0},{"damage":28,"enemies":"Gremlin Leader","floor":25,"turns":7},{"damage":2,"enemies":"Snake Plant","floor":29,"turns":4},{"damage":6,"enemies":"Slavers","floor":30,"turns":6},{"damage":58,"enemies":"Automaton","floor":33,"turns":8},{"damage":0,"enemies":"3 Shapes","floor":35,"turns":1},{"damage":14,"enemies":"Mind Bloom Boss Battle","floor":36,"turns":9},{"damage":0,"enemies":"Orb Walker","floor":39,"turns":3},{"damage":76,"enemies":"Reptomancer","floor":40,"turns":8},{"damage":0,"enemies":"2 Orb Walkers","floor":42,"turns":2},{"damage":25,"enemies":"Giant Head","floor":47,"turns":9},{"damage":0,"enemies":"Sphere and 2 Shapes","floor":48,"turns":2},{"damage":53,"enemies":"Donu and Deca","floor":50,"turns":11}],"seed_played":"465400047874655010","potions_obtained":[{"floor":1.0,"key":"GamblersBrew"},{"floor":3.0,"key":"GamblersBrew"},{"floor":7.0,"key":"Regen Potion"},{"floor":11.0,"key":"GamblersBrew"},{"floor":13.0,"key":"Fire Potion"},{"floor":14.0,"key":"AttackPotion"},{"floor":19.0,"key":"BlessingOfTheForge"},{"floor":23.0,"key":"LiquidBronze"},{"floor":25,"key":"Swift Potion"},{"floor":39,"key":"Explosive Potion"},{"floor":48,"key":"ColorlessPotion"}],"is_trial":false,"path_per_floor":["M","?","M","M","M","R","E","?","T","M","E","R","E","M","R","B",null,"M","M","?","?","M","E","R","E","T","?","?","M","E","?","R","B",null,"M","?","?","?","M","E","R","?","T","R","?","$","E","M","R","B",null],"character_chosen":"THE_CURSED","items_purchased":["Frozen Egg 2","Pocketwatch","Medical Kit","TheCursedMod:CollectTribute+1"],"campfire_rested":5,"item_purchase_floors":[46,46,46,46],"current_hp_per_floor":[66,66,59,64,59,59,18,18,18,23,42,42,39,38,38,10,54,62,62,62,47,43,23,43,15,15,15,15,28,32,32,67,35,61,66,83,83,83,83,56,83,83,83,83,83,83,66,71,83,48],"gold":603,"neow_bonus":"BOSS_RELIC","is_daily":false,"chose_seed":false,"campfire_upgraded":3,"win_rate":0.0,"timestamp":1610710376,"path_taken":["M","?","M","?","M","R","E","?","T","?","E","R","E","M","R","BOSS","M","M","?","?","M","E","R","E","T","?","?","M","E","?","R","BOSS","M","?","?","?","M","E","R","?","T","R","?","$","E","M","R","BOSS"],"items_purchased_type":["Relic","Relic","Relic","Card"],"build_version":"2020-12-22","purchased_purges":1,"victory":true,"max_hp_per_floor":[75,69,69,69,69,69,69,69,69,69,69,69,69,69,69,69,69,69,69,69,69,69,69,69,69,69,69,69,69,69,69,69,69,69,69,83,83,83,83,83,83,83,83,83,83,83,83,83,83,83],"card_choices":[{"not_picked":[],"picked":"BettingIsNotGood","floor":0.0},{"not_picked":["TheCursedMod:SpitefulPray","TheCursedMod:RavingStaff"],"picked":"TheCursedMod:ForbiddenAlchemy","floor":1.0},{"not_picked":["TheCursedMod:RapidMovement","TheCursedMod:Wield"],"picked":"TheCursedMod:FuryStrike","floor":3.0},{"not_picked":["TheCursedMod:Torture","TheCursedMod:RapidMovement"],"picked":"TheCursedMod:SurpriseAttack","floor":4.0},{"not_picked":["TheCursedMod:TroublousMinions","TheCursedMod:Stretching","TheCursedMod:ManaBullet"],"picked":"SKIP","floor":5.0},{"not_picked":["TheCursedMod:Stigma","TheCursedMod:VitalStrike"],"picked":"TheCursedMod:CursedBlade","floor":7.0},{"not_picked":["TheCursedMod:VitalStrike","TheCursedMod:PrepareRite"],"picked":"TheCursedMod:CursedAmulet","floor":10.0},{"not_picked":["TheCursedMod:SpitefulPlan","TheCursedMod:TacticalStrike"],"picked":"TheCursedMod:WearCloak","floor":11.0},{"not_picked":["TheCursedMod:BloodBarrier","TheCursedMod:CursedAmulet"],"picked":"TheCursedMod:VoidForm","floor":13.0},{"not_picked":["TheCursedMod:CircleOfWindfury","TheCursedMod:EmpowerCircles"],"picked":"TheCursedMod:DoubleShield","floor":14.0},{"not_picked":["TheCursedMod:UltimatePain","TheCursedMod:ManaCirculation"],"picked":"TheCursedMod:CircleOfAbyss","floor":16.0},{"not_picked":["TheCursedMod:BloodBarrier","TheCursedMod:WearCloak"],"picked":"TheCursedMod:LuckyCharm+1","floor":18.0},{"not_picked":["TheCursedMod:Torture","TheCursedMod:LuckyCharm"],"picked":"TheCursedMod:Obscuration+1","floor":19.0},{"not_picked":["TheCursedMod:Stigma+1","TheCursedMod:RavingStaff","TheCursedMod:Torture"],"picked":"SKIP","floor":22.0},{"not_picked":["TheCursedMod:CursedAmulet","TheCursedMod:OutForBlood"],"picked":"TheCursedMod:Evocation","floor":23.0},{"not_picked":["TheCursedMod:VitalStrike+1","TheCursedMod:CursedMace"],"picked":"TheCursedMod:HellfireBreathing","floor":25},{"not_picked":["TheCursedMod:Obscuration","TheCursedMod:Wield","TheCursedMod:FuryStrike+1"],"picked":"SKIP","floor":29},{"not_picked":["TheCursedMod:Evocation","TheCursedMod:FleshFromBone+1"],"picked":"TheCursedMod:CursedRelics","floor":30},{"not_picked":["TheCursedMod:CursedAmulet","TheCursedMod:Stretching"],"picked":"TheCursedMod:SpitefulPray","floor":32},{"not_picked":["TheCursedMod:UltimatePain","TheCursedMod:VoidForm"],"picked":"TheCursedMod:DemonSword","floor":33},{"not_picked":["TheCursedMod:SpitefulPray+1","TheCursedMod:Stigma","TheCursedMod:RapidMovement+1"],"picked":"SKIP","floor":35},{"not_picked":["TheCursedMod:RavingStaff","TheCursedMod:Stretching"],"picked":"TheCursedMod:SurpriseAttack","floor":36},{"not_picked":["TheCursedMod:Mangle","TheCursedMod:ParallelWorld","TheCursedMod:Wield+1"],"picked":"SKIP","floor":39},{"not_picked":["TheCursedMod:CursedBoomerang","TheCursedMod:CircleOfCorruption+1"],"picked":"TheCursedMod:SurpriseAttack+1","floor":40},{"not_picked":["TheCursedMod:Stretching","TheCursedMod:DoubleShield"],"picked":"TheCursedMod:CircleOfCorruption+1","floor":42},{"not_picked":["TheCursedMod:Obscuration+1","TheCursedMod:WearCloak+1"],"picked":"TheCursedMod:FleshFromBone+1","floor":44},{"not_picked":["TheCursedMod:SoulCrush+1","TheCursedMod:ReleasedKnowledge","TheCursedMod:Wield+1"],"picked":"SKIP","floor":47},{"not_picked":["TheCursedMod:ManaBullet","TheCursedMod:CircleOfFocus","TheCursedMod:CircleOfAmplification"],"picked":"SKIP","floor":48},{"not_picked":["TheCursedMod:StingEye+1","TheCursedMod:CircleOfCorruption+1"],"picked":"TheCursedMod:ReleasedStrength+1","floor":49}],"player_experience":399248,"relics_obtained":[{"floor":7.0,"key":"Bag of Preparation"},{"floor":9.0,"key":"TheCursedMod:Tack"},{"floor":11.0,"key":"SalivaCoin"},{"floor":13.0,"key":"Juzu Bracelet"},{"floor":23.0,"key":"Anchor"},{"floor":25,"key":"hubris:TinFlute"},{"floor":26,"key":"Regal Pillow"},{"floor":30,"key":"Dream Catcher"},{"floor":36,"key":"Mango"},{"floor":40,"key":"hubris:Potato"},{"floor":42,"key":"TungstenRod"},{"floor":43,"key":"BookOfRevelations"},{"floor":47,"key":"TheCursedMod:CrystalBall"}],"event_choices":[{"damage_healed":0.0,"max_hp_gain":0.0,"max_hp_loss":6.0,"gold_gain":0.0,"event_name":"Golden Idol","player_choice":"Lose Max HP","floor":2.0,"gold_loss":0.0,"damage_taken":0.0,"relics_obtained":["Golden Idol"]},{"damage_healed":0.0,"max_hp_gain":0.0,"max_hp_loss":0.0,"gold_gain":0.0,"event_name":"Vampires","player_choice":"Ignored","floor":20.0,"gold_loss":0.0,"damage_taken":0.0},{"damage_healed":0,"gold_gain":0,"player_choice":"Gave Idol","damage_taken":0,"relics_obtained":["Bloody Idol"],"max_hp_gain":0,"max_hp_loss":0,"event_name":"Forgotten Altar","floor":27,"relics_lost":["Golden Idol"],"gold_loss":0},{"damage_healed":0,"gold_gain":0,"player_choice":"Fight","damage_taken":0,"max_hp_gain":0,"max_hp_loss":0,"event_name":"MindBloom","floor":36,"gold_loss":0},{"damage_healed":0,"gold_gain":0,"player_choice":"Upgraded Two","damage_taken":0,"max_hp_gain":0,"max_hp_loss":0,"event_name":"Designer","floor":38,"gold_loss":40,"cards_upgraded":["TheCursedMod:Evocation","TheCursedMod:DoubleShield"]},{"damage_healed":0,"gold_gain":0,"player_choice":"Fight","damage_taken":0,"max_hp_gain":0,"max_hp_loss":0,"event_name":"Mysterious Sphere","floor":42,"gold_loss":0},{"damage_healed":0,"gold_gain":0,"player_choice":"1 cards matched","damage_taken":0,"max_hp_gain":0,"max_hp_loss":0,"event_name":"Match and Keep!","floor":45,"gold_loss":0,"cards_obtained":["Mind Blast"]}],"is_beta":false,"boss_relics":[{"not_picked":["Sozu","hubris:HollowSoul"],"picked":"Fusion Hammer"},{"not_picked":[]},{"not_picked":["Coffee Dripper","hubris:GrandSneckoEye"],"picked":"Astrolabe"},{"not_picked":[]}],"items_purged_floors":[46],"is_endless":false,"potions_floor_spawned":[1,3,7,11,13,14,19,23,25,30,39,40,42,48],"ascension_level":8}}