{"host":"h2gxemxa99wv6yfu","time":1610752894,"event":{"mods":["Bard","BaseMod","Beaked The Cultist","BetterRewards","Block Reminder","Colored Powertips","Conspire","Friendly Minions","Glutton Mod","Highlight Path","Hubris","Infinite Spire","Mad Scientist","Marisa????????","Minty Spire (QoL Compilation)","Permanent Neow","Quick Restart","Relic Stats","Replay The Spire","Shop Mod","StSLib","The Animator","The Blackbeard","The Bug Knight","The Construct","The Disciple","The Mystic","The Necromancer","The Servant 0.9.4","The Witch"],"gold_per_floor":[118,128,128,128,165,165,59,59,82,82,82,98,98,128,248,282,282,381,381,391,391,420,438,438],"floor_reached":23,"language":"ENG","playtime":1126,"items_purged":[],"score":195,"play_id":"b7e52b81-aba9-4fe2-936f-f0fd03b331ce","local_time":"20210115172134","is_ascension_mode":false,"campfire_choices":[{"data":"Pandemic","floor":6,"key":"SMITH"},{"data":"Negative_Energy_Arrows","floor":8,"key":"SMITH"},{"data":"Summon_Undead_Army","floor":17,"key":"SMITH"}],"circlet_count":0,"master_deck":["Strike_W","Strike_W","Strike_W","Strike_W","Defend_W","Defend_W","Defend_W","Defend_W","Negative_Energy_Arrows+1","Bone_Wall","Necrotic_Claws","Summon_Undead_Army+1","Pandemic+1","Bone_Prison","Summon_Undead_Army+1","Toxic_Smoke_Screen","Cloudkill","Scare","Finger_Of_Death","Grasp_Heart","Uncharnel+1","Negative_Energy_Shield"],"relics":["Vampire_Amulet","MerchantsRug","Counterbalance","hubris:Towel","Juzu Bracelet","Gremlin Food","Bronze Scales","Lizard Tail","MealTicket","PreservedInsect","hubris:CrackedHourglass","Pet Ghost","Red Mask"],"acts_visited":["Exordium","TheCity"],"potions_floor_usage":[14],"damage_taken":[{"damage":2,"enemies":"2 Louse","floor":1,"turns":3},{"damage":2,"enemies":"Jaw Worm","floor":2,"turns":4},{"damage":21,"enemies":"conspire:MimicChest","floor":5,"turns":4},{"damage":2,"enemies":"Small Slimes","floor":12,"turns":3},{"damage":6,"enemies":"Gremlin Nob","floor":14,"turns":3},{"damage":13,"enemies":"Replay:BlueRogue","floor":16,"turns":4},{"damage":34,"enemies":"Fading Forest","floor":18,"turns":11},{"damage":5,"enemies":"Chosen","floor":20,"turns":3},{"damage":7,"enemies":"Masked Bandits","floor":22,"turns":3},{"damage":32,"enemies":"conspire:FuzzyDice","floor":23,"turns":4}],"seed_played":"8658467618668622662","potions_obtained":[{"floor":2,"key":"DuplicationPotion"},{"floor":16,"key":"EssenceOfSteel"},{"floor":18,"key":"SpeedPotion"},{"floor":20,"key":"Doom Potion"}],"is_trial":false,"path_per_floor":["M","M","?","?","?","R","$","R","T","PTL","PTL","M","?","E","?","E","R","B",null,"M","AVR","?","M"],"character_chosen":"NECROMANCER","items_purchased":["MerchantsRug","Gremlin Food"],"campfire_rested":0,"item_purchase_floors":[0,7],"current_hp_per_floor":[75,75,75,75,56,56,56,56,56,56,56,58,55,51,51,40,40,24,75,72,72,71,43,43],"gold":438,"neow_bonus":"","is_daily":false,"chose_seed":false,"campfire_upgraded":3,"win_rate":0.0,"timestamp":1610752894,"path_taken":["M","M","?","?","?","R","$","R","T","PTL","PTL","M","?","E","?","E","R","BOSS","M","AVR","?","M"],"items_purchased_type":["Relic","Relic"],"build_version":"2020-12-22","purchased_purges":0,"victory":false,"max_hp_per_floor":[75,75,75,75,75,75,75,75,75,75,75,75,75,75,75,75,75,75,75,75,75,75,75,75],"relic_stats":{"Lizard Tail":0,"counters":[13,52],"Bronze Scales":[90],"MealTicket":0,"PreservedInsect":0,"Juzu Bracelet":1,"obtain_stats":[{"Gremlin Food":7,"MerchantsRug":0,"Counterbalance":0,"PreservedInsect":16,"Juzu Bracelet":5,"hubris:Towel":4,"Pet Ghost":21,"Lizard Tail":13,"Bronze Scales":9,"MealTicket":14,"Vampire_Amulet":7,"hubris:ToyBattleship":0,"Red Mask":22,"hubris:CrackedHourglass":19,"Cracked Core":0},{"Gremlin Food":6,"MerchantsRug":3,"Counterbalance":3,"PreservedInsect":9,"Juzu Bracelet":6,"hubris:Towel":5,"Pet Ghost":11,"Lizard Tail":7,"Bronze Scales":6,"MealTicket":8,"Vampire_Amulet":6,"hubris:ToyBattleship":3,"Red Mask":12,"hubris:CrackedHourglass":10,"Cracked Core":0},{"Gremlin Food":21,"MerchantsRug":10,"Counterbalance":10,"PreservedInsect":31,"Juzu Bracelet":21,"hubris:Towel":17,"Pet Ghost":45,"Lizard Tail":24,"Bronze Scales":21,"MealTicket":27,"Vampire_Amulet":21,"hubris:ToyBattleship":10,"Red Mask":48,"hubris:CrackedHourglass":42,"Cracked Core":0}]},"card_choices":[{"not_picked":["Life_Drain","Strike_from_Beyond"],"picked":"Necrotic_Claws","floor":1},{"not_picked":["Bone_Bullets","Deaths_Shadow"],"picked":"Summon_Undead_Army","floor":2},{"not_picked":["Negative_Energy_Shield","Chill_Blood"],"picked":"Pandemic","floor":5},{"not_picked":["Bones_to_Steel","Necromantic_Selection"],"picked":"Bone_Prison","floor":12},{"not_picked":["Consume_Illness","Death_Coil"],"picked":"Summon_Undead_Army","floor":14},{"not_picked":["Consume_Illness","Chill_Blood"],"picked":"Toxic_Smoke_Screen","floor":15},{"not_picked":["Bone_Bullets","Bone_Spikes"],"picked":"Cloudkill","floor":15},{"not_picked":["Bone_Armor","Blood_Curse"],"picked":"Scare","floor":15},{"not_picked":["Bone_Armor","Chill_Blood"],"picked":"Finger_Of_Death","floor":16},{"not_picked":["Detonate_Bones","Hellfire"],"picked":"Grasp_Heart","floor":18},{"not_picked":["Life_Drain","Bone_Bullets"],"picked":"Uncharnel+1","floor":20},{"not_picked":["Bone_Shift","Strike_from_Beyond"],"picked":"Negative_Energy_Shield","floor":23}],"player_experience":12632,"relics_obtained":[{"floor":5,"key":"Juzu Bracelet"},{"floor":9,"key":"Bronze Scales"},{"floor":14,"key":"MealTicket"},{"floor":16,"key":"PreservedInsect"},{"floor":22,"key":"Red Mask"}],"event_choices":[{"damage_healed":0,"gold_gain":0,"player_choice":"Success","damage_taken":3,"relics_obtained":["Lizard Tail"],"max_hp_gain":0,"max_hp_loss":0,"event_name":"Scrap Ooze","floor":13,"gold_loss":0},{"damage_healed":0,"gold_gain":0,"player_choice":"Fought Bandits","damage_taken":0,"max_hp_gain":0,"max_hp_loss":0,"event_name":"Masked Bandits","floor":22,"gold_loss":0}],"is_beta":false,"boss_relics":[{"not_picked":["construct:WeddingRing","Replay:Drink Me"],"picked":"hubris:CrackedHourglass"}],"items_purged_floors":[],"is_endless":false,"potions_floor_spawned":[2,16,18,20],"killed_by":"conspire:FuzzyDice","ascension_level":0}}