{"host":"ya062ahhhuj9au1o","time":1610687121,"event":{"mods":["BaseMod","Better Third Choice","Downfall","Filter the Spire","Hermit","Minty Spire (QoL Compilation)","Random Character Button","Robot Space Explorer","Somnambulant","StSLib","The Bug Knight","The Cursed","The Marked","The Servant 0.9.4"],"gold_per_floor":[115,128,128,143,159,159,159,159,159,159,159,84,96,114,114,219,219,237,237,255,255,267,267,182,182,182,35,35,35,35,48,48,153,153,170,184,184,201,201,201,228,248,248,248,260,260,0,15,15,15,15],"floor_reached":50,"language":"ENG","playtime":1957,"items_purged":["theMarked:Defend"],"score":487,"play_id":"05e6b7b9-1072-4f30-8289-16a9c8e3dad8","local_time":"20210115000521","is_ascension_mode":false,"campfire_choices":[{"data":"theMarked:SoldierOfQuellstein","floor":6.0,"key":"SMITH"},{"data":"theMarked:ChannelForce","floor":8.0,"key":"SMITH"},{"data":"theMarked:SwordAndMagic","floor":10.0,"key":"SMITH"},{"data":"theMarked:Defend","floor":15.0,"key":"PURGE"},{"floor":23.0,"key":"REST"},{"data":"theMarked:SwordAndMagic","floor":25.0,"key":"SMITH"},{"data":"Writhe","floor":30.0,"key":"PURGE"},{"floor":32.0,"key":"REST"},{"data":"theMarked:EmpowerWeapon","floor":40.0,"key":"SMITH"},{"data":"theMarked:RepellingDischarge","floor":44.0,"key":"SMITH"},{"data":"theMarked:Strike","floor":46,"key":"PURGE"},{"floor":49,"key":"REST"}],"circlet_count":0,"master_deck":["theMarked:Strike","theMarked:Strike","theMarked:Strike","theMarked:Strike","theMarked:Defend","theMarked:Defend","theMarked:SoldierOfQuellstein+1","theMarked:SwordAndMagic+1","theMarked:SwordAndMagic+1","theMarked:ChannelForce+1","theMarked:ResourceFulStrike","theMarked:RepellingDischarge+1","theMarked:SoldierOfQuellstein+1","theMarked:EmpowerWeapon+1","theMarked:ResourceFulStrike+1","theMarked:EmpowerWeapon+1"],"relics":["Runic Pyramid","Gremlin Horn","Peace Pipe","Sozu","Anchor","theMarked:NailFile","DollysMirror","Letter Opener","theMarked:SpiritSword","Pen Nib","Pear","Red Mask"],"acts_visited":["Exordium","TheCity","TheBeyond"],"potions_floor_usage":[50],"damage_taken":[{"damage":6.0,"enemies":"Jaw Worm","floor":1.0,"turns":4.0},{"damage":2.0,"enemies":"2 Louse","floor":2.0,"turns":3.0},{"damage":0.0,"enemies":"Cultist","floor":4.0,"turns":2.0},{"damage":12.0,"enemies":"Blue Slaver","floor":5.0,"turns":3.0},{"damage":3.0,"enemies":"Red Slaver","floor":13.0,"turns":2.0},{"damage":10.0,"enemies":"Looter","floor":14.0,"turns":2.0},{"damage":13.0,"enemies":"Hexaghost","floor":16.0,"turns":5.0},{"damage":4.0,"enemies":"Shell Parasite","floor":18.0,"turns":2.0},{"damage":20.0,"enemies":"3 Byrds","floor":20.0,"turns":3.0},{"damage":10.0,"enemies":"Centurion and Healer","floor":22.0,"turns":3.0},{"damage":22.0,"enemies":"Sentry and Sphere","floor":31.0,"turns":4.0},{"damage":18.0,"enemies":"Champ","floor":33.0,"turns":4.0},{"damage":7.0,"enemies":"3 Shapes","floor":35.0,"turns":3.0},{"damage":5.0,"enemies":"Orb Walker","floor":36.0,"turns":3.0},{"damage":2.0,"enemies":"Maw","floor":38.0,"turns":4.0},{"damage":25.0,"enemies":"Reptomancer","floor":41.0,"turns":4.0},{"damage":16.0,"enemies":"Jaw Worm Horde","floor":42.0,"turns":3.0},{"damage":0,"enemies":"Sphere and 2 Shapes","floor":45,"turns":2},{"damage":7,"enemies":"3 Darklings","floor":48,"turns":3},{"damage":56,"enemies":"Awakened One","floor":50,"turns":3}],"seed_played":"5161508930994045226","potions_obtained":[{"floor":4.0,"key":"PowerPotion"},{"floor":5.0,"key":"sneckomod:MuddlingPotion"},{"floor":13.0,"key":"DistilledChaos"},{"floor":14.0,"key":"BlessingOfTheForge"}],"is_trial":false,"path_per_floor":["M","M","?","M","M","R","?","R","T","R","?","$","M","M","R","B",null,"M","?","M","?","M","R","?","R","T","$","?","$","R","M","R","B",null,"M","M","?","M","?","R","E","M","T","R","M","R","?","M","R","B"],"character_chosen":"THE_DEFAULT","items_purchased":["DollysMirror"],"campfire_rested":3,"item_purchase_floors":[27],"current_hp_per_floor":[64,62,67,67,55,55,55,55,55,55,48,48,45,35,35,22,75,71,71,51,37,27,51,51,51,51,51,51,51,51,29,53,35,80,73,68,68,66,66,66,41,25,35,35,35,35,35,28,53,0,0],"gold":15,"neow_bonus":"BOSS_RELIC","is_daily":false,"chose_seed":false,"campfire_upgraded":6,"win_rate":0.0,"timestamp":1610687121,"path_taken":["M","M","?","M","M","R","?","R","T","R","?","?","?","?","R","BOSS","M","?","?","?","M","R","?","R","T","$","?","$","R","M","R","BOSS","M","M","?","M","?","R","E","M","T","R","M","R","?","M","R","BOSS"],"items_purchased_type":["Relic"],"build_version":"2020-12-22","purchased_purges":1,"victory":false,"max_hp_per_floor":[70,70,75,75,75,75,75,75,75,75,75,75,75,75,75,75,75,75,75,75,80,80,80,80,80,80,80,80,80,80,80,80,80,80,80,80,80,80,76,76,76,76,86,86,86,86,86,86,86,86,86],"card_choices":[{"not_picked":["theMarked:Static","theMarked:EnhanceMovement"],"picked":"theMarked:SwordAndMagic","floor":1.0},{"not_picked":["theMarked:Improvise","theMarked:RepellingDischarge"],"picked":"theMarked:SwordAndMagic","floor":2.0},{"not_picked":["theMarked:DeterminationOfTheMarked","theMarked:WardOff"],"picked":"theMarked:ChannelForce","floor":4.0},{"not_picked":["theMarked:TwofoldDefense","theMarked:ParalyzingBlade","theMarked:ElementalBlade"],"picked":"SKIP","floor":5.0},{"not_picked":["theMarked:WastefulAttack","theMarked:Generate"],"picked":"theMarked:ResourceFulStrike","floor":13.0},{"not_picked":["theMarked:Parry","theMarked:Aftermath"],"picked":"theMarked:RepellingDischarge","floor":14.0},{"not_picked":["theMarked:RepellingDischarge","theMarked:WardOff+1","theMarked:ShockingTouch"],"picked":"SKIP","floor":18.0},{"not_picked":["theMarked:Static+1","theMarked:MaelstromOfLightning+1","theMarked:ChainLightning"],"picked":"SKIP","floor":20.0},{"not_picked":["theMarked:Aftermath","theMarked:Abjuration","theMarked:KeepCalmAndFightOn+1"],"picked":"SKIP","floor":22.0},{"not_picked":["theMarked:BanishingStrike","theMarked:PowerFlow","theMarked:Frustration"],"picked":"SKIP","floor":31.0},{"not_picked":["theMarked:Panic+1","theMarked:BanishingStrike+1","theMarked:BanishingWave"],"picked":"SKIP","floor":35.0},{"not_picked":["theMarked:Static+1","theMarked:ElectricStrings+1","theMarked:Parkour"],"picked":"SKIP","floor":36.0},{"not_picked":["theMarked:Static","theMarked:Improvise+1"],"picked":"theMarked:EmpowerWeapon","floor":38.0},{"not_picked":["theMarked:ElectricStrings+1","theMarked:Static"],"picked":"theMarked:ResourceFulStrike+1","floor":41.0},{"not_picked":["theMarked:HeightenedSenses","theMarked:KeepCalmAndFightOn","theMarked:ElementalBlade+1"],"picked":"SKIP","floor":42.0},{"not_picked":["theMarked:Parkour","theMarked:SwordAndMagic"],"picked":"theMarked:EmpowerWeapon+1","floor":45},{"not_picked":["theMarked:Seal+1","theMarked:Aftermath+1","theMarked:TwofoldDefense"],"picked":"SKIP","floor":48}],"player_experience":1804566,"relics_obtained":[{"floor":9.0,"key":"Gremlin Horn"},{"floor":26.0,"key":"theMarked:NailFile"},{"floor":41.0,"key":"Pen Nib"},{"floor":43.0,"key":"Pear"}],"event_choices":[{"damage_healed":0.0,"max_hp_gain":5.0,"max_hp_loss":0.0,"gold_gain":0.0,"event_name":"Big Fish","player_choice":"Donut","floor":3.0,"gold_loss":0.0,"damage_taken":0.0},{"damage_healed":0.0,"max_hp_gain":0.0,"max_hp_loss":0.0,"gold_gain":0.0,"event_name":"betterThird:BetterSerpent","player_choice":"Ignored","floor":7.0,"gold_loss":0.0,"damage_taken":159.0},{"damage_healed":0.0,"max_hp_gain":0.0,"max_hp_loss":0.0,"gold_gain":0.0,"event_name":"betterThird:BetterScrap","player_choice":"Relic ","floor":11.0,"gold_loss":0.0,"damage_taken":7.0,"cards_obtained":["Pummel"]},{"damage_healed":0.0,"max_hp_gain":0.0,"max_hp_loss":0.0,"gold_gain":0.0,"event_name":"Transmorgrifier","player_choice":"Ignored","floor":19.0,"gold_loss":0.0,"damage_taken":0.0},{"damage_healed":0.0,"max_hp_gain":5.0,"max_hp_loss":0.0,"gold_gain":0.0,"event_name":"Forgotten Altar","player_choice":"Shed Blood","floor":21.0,"gold_loss":0.0,"damage_taken":19.0},{"damage_healed":0.0,"max_hp_gain":0.0,"max_hp_loss":0.0,"gold_gain":0.0,"event_name":"Addict","player_choice":"Obtained Relic","floor":24.0,"gold_loss":85.0,"damage_taken":0.0,"relics_obtained":["Anchor"]},{"damage_healed":0.0,"max_hp_gain":0.0,"max_hp_loss":0.0,"gold_gain":0.0,"event_name":"The Mausoleum","player_choice":"Opened","floor":28.0,"gold_loss":0.0,"damage_taken":0.0,"relics_obtained":["Letter Opener"],"cards_obtained":["Writhe"]},{"damage_healed":0.0,"max_hp_gain":0.0,"max_hp_loss":0.0,"gold_gain":0.0,"event_name":"SensoryStone","player_choice":"Memory 1","floor":37.0,"gold_loss":0.0,"damage_taken":0.0},{"damage_healed":0.0,"max_hp_gain":0.0,"max_hp_loss":4.0,"gold_gain":0.0,"event_name":"Winding Halls","player_choice":"Max HP","floor":39.0,"gold_loss":0.0,"damage_taken":0.0},{"damage_healed":0,"gold_gain":0,"player_choice":"Paid","damage_taken":0,"relics_obtained":["Red Mask"],"max_hp_gain":0,"max_hp_loss":0,"event_name":"Tomb of Lord Red Mask","floor":47,"gold_loss":260}],"is_beta":false,"boss_relics":[{"not_picked":["Coffee Dripper","Fusion Hammer"],"picked":"Sozu"},{"not_picked":["Black Star","Astrolabe"],"picked":"theMarked:SpiritSword"}],"items_purged_floors":[12],"is_endless":false,"potions_floor_spawned":[4,5,13,14,18,31,33,38,42,48],"killed_by":"Awakened One","ascension_level":0}}