{"host":"tkinv8gv6hgcc58b","time":1610747915,"event":{"mods":["BaseMod","Colored Map","Downfall","Googly Eyes","Hermit","Minty Spire (QoL Compilation)","READ ME - Guardian Mod","StSLib","The Cursed","The Disciple"],"gold_per_floor":[99,99,50,50,50,50,50,150,167,197,207,225,225,243,253,356,356,356,356,356,356,356,356,356],"floor_reached":22,"language":"ENG","playtime":1064,"items_purged":[],"score":207,"play_id":"e60f8d2c-fc5b-43ac-a972-cdfaeaa90270","local_time":"20210115165835","is_ascension_mode":true,"campfire_choices":[{"data":"hexamod:Float","floor":1.0,"key":"SMITH"},{"data":"hexamod:TimeOfNeed","floor":6.0,"key":"SMITH"},{"floor":13.0,"key":"REST"},{"data":"hexamod:HexaLevel","floor":18.0,"key":"SMITH"}],"circlet_count":0,"master_deck":["hexamod:Strike","hexamod:Strike","hexamod:Strike","hexamod:Strike","hexamod:Defend","hexamod:Defend","hexamod:Defend","hexamod:Defend","hexamod:Sear","hexamod:Float+1","hexamod:Hexaguard","hexamod:TimeOfNeed+1","hexamod:AdvancingGuard","hexamod:AdvancingGuard","hexamod:FourthSeal","hexamod:HauntingEcho","hexamod:FourthSeal","hexamod:AdvancingGuard","hexamod:ThirdSeal","hexamod:DynamicBlow","hexamod:ThermalTransfer","hexamod:HexaLevel+1","hexamod:SearingWound"],"relics":["hexamod:SpiritBrand","downfall:HeartsMalice","Mercury Hourglass","Calipers","Black Star"],"acts_visited":["Exordium","TheCity"],"potions_floor_usage":[22,22],"damage_taken":[{"damage":0.0,"enemies":"Cultist","floor":2.0,"turns":1.0},{"damage":0.0,"enemies":"downfall:FleeingMerchant","floor":3.0,"turns":1.0},{"damage":0.0,"enemies":"downfall:FleeingMerchant","floor":5.0,"turns":1.0},{"damage":0.0,"enemies":"Small Slimes","floor":9.0,"turns":3.0},{"damage":28.0,"enemies":"Gremlin Nob","floor":10.0,"turns":5.0},{"damage":0.0,"enemies":"2 Louse","floor":11.0,"turns":2.0},{"damage":0.0,"enemies":"Large Slime","floor":12.0,"turns":3.0},{"damage":0.0,"enemies":"2 Fungi Beasts","floor":14.0,"turns":3.0},{"damage":1.0,"enemies":"3 Louse","floor":15.0,"turns":3.0},{"damage":15.0,"enemies":"downfall:Ironclad","floor":16.0,"turns":8.0},{"damage":57,"enemies":"downfall:Defect","floor":22,"turns":6}],"seed_played":"1531610350949393184","potions_obtained":[{"floor":9.0,"key":"Energy Potion"},{"floor":10.0,"key":"PowerPotion"},{"floor":11.0,"key":"Strength Potion"},{"floor":11.0,"key":"AttackPotion"},{"floor":12.0,"key":"Energy Potion"},{"floor":12.0,"key":"SneckoOil"},{"floor":15.0,"key":"CultistPotion"},{"floor":16.0,"key":"GamblersBrew"},{"floor":16.0,"key":"BlessingOfTheForge"},{"floor":16.0,"key":"DistilledChaos"}],"is_trial":false,"path_per_floor":["R","M","$","?","$","R","T","?","M","E","M","M","R","M","M","B",null,"R","?","?","?","?"],"character_chosen":"THE_SPIRIT","items_purchased":["hexamod:AdvancingGuard"],"campfire_rested":1,"item_purchase_floors":[3],"current_hp_per_floor":[70,70,70,70,70,70,70,70,70,42,42,42,63,63,62,47,70,70,70,70,57,0,0,0],"gold":356,"neow_bonus":"THREE_ENEMY_KILL","is_daily":false,"chose_seed":false,"campfire_upgraded":3,"win_rate":0.0,"timestamp":1610747915,"path_taken":["R","M","$","?","$","R","T","?","M","E","M","M","R","?","M","BOSS","R","?","?","?","?"],"items_purchased_type":["Card"],"build_version":"2020-12-22","purchased_purges":0,"victory":false,"max_hp_per_floor":[70,70,70,70,70,70,70,70,70,70,70,70,70,70,70,70,70,70,70,70,75,75,75,75],"card_choices":[{"not_picked":["hexamod:NightmareGuise","hexamod:GhostLash"],"picked":"hexamod:Hexaguard","floor":2.0},{"not_picked":["hexamod:SpectralSpark","hexamod:DynamicBlow"],"picked":"hexamod:TimeOfNeed","floor":3.0},{"not_picked":["hexamod:ShieldOfDarkness","hexamod:BacktrackSmack"],"picked":"hexamod:AdvancingGuard","floor":5.0},{"not_picked":["hexamod:AdvancingGuard","hexamod:BurningTouch"],"picked":"hexamod:FourthSeal","floor":9.0},{"not_picked":["hexamod:NightmareStrike","hexamod:GhostShield"],"picked":"hexamod:HauntingEcho","floor":10.0},{"not_picked":["hexamod:ExtraCrispy","hexamod:Haunt"],"picked":"hexamod:FourthSeal","floor":11.0},{"not_picked":["hexamod:BurningTouch","hexamod:NightmareStrike"],"picked":"hexamod:AdvancingGuard","floor":12.0},{"not_picked":["hexamod:BacktrackSmack","hexamod:HeatShield"],"picked":"hexamod:ThirdSeal","floor":14.0},{"not_picked":["hexamod:BacktrackSmack","hexamod:Hexaguard"],"picked":"hexamod:DynamicBlow","floor":15.0},{"not_picked":["hexamod:Hexaguard","hexamod:GhostOfSpirePresent"],"picked":"hexamod:ThermalTransfer","floor":15.0},{"not_picked":["hexamod:GhostflameInferno","hexamod:UnleashSpirits"],"picked":"hexamod:HexaLevel","floor":16.0},{"not_picked":["hexamod:UnlimitedPower","hexamod:EmpoweringStance"],"picked":"hexamod:SearingWound","floor":16.0}],"player_experience":989126,"relics_obtained":[{"floor":7.0,"key":"Mercury Hourglass"},{"floor":10.0,"key":"Calipers"}],"event_choices":[{"damage_healed":0.0,"max_hp_gain":0.0,"max_hp_loss":0.0,"gold_gain":100.0,"event_name":"Wheel of Change","player_choice":"Gold","floor":8.0,"gold_loss":0.0,"damage_taken":0.0}],"is_beta":false,"boss_relics":[{"not_picked":["Empty Cage","Runic Pyramid"],"picked":"Black Star"}],"items_purged_floors":[],"is_endless":false,"potions_floor_spawned":[9,11,15,16],"killed_by":"downfall:Defect","ascension_level":3}}