{"host":"m6ptjq1h7q0nif66","time":1610695569,"event":{"mods":["2.2 Compatiblity","Aspiration","BaseMod","Beaked The Cultist","Better Third Choice","BetterRewards","Colored Map","Colored Powertips","Googly Eyes","Halation","Hermit","Hubris","Infinite Spire","Minty Spire (QoL Compilation)","Permanent Neow","Quick Restart","Relic Stats","Remove Card Discount Mod","Replay The Spire","Shop Mod","StSLib","SuperFastMode","The Construct","The Cursed","The Disciple","The Forsaken"],"gold_per_floor":[111,111,126,28,45,70,70,70,116,171,171,45,73,92,92,196,196,212,212,227,247,266,266,266,266],"floor_reached":24,"language":"ENG","playtime":1907,"items_purged":["hermit:Strike_Hermit","hermit:Defend_Hermit","hermit:Strike_Hermit","hermit:Strike_Hermit","hermit:Strike_Hermit","hermit:Defend_Hermit"],"score":306,"play_id":"7062fd09-fbc2-4ea4-bd25-5b1b32a5b41e","local_time":"20210115072609","is_ascension_mode":false,"campfire_choices":[{"data":"hermit:TakeAim","floor":8,"key":"SMITH"},{"data":"hermit:FromBeyond","floor":11,"key":"SMITH"},{"data":"hermit:Determination","floor":15,"key":"SMITH"},{"data":"hermit:HeroicBravado","floor":23,"key":"SMITH"}],"circlet_count":0,"master_deck":["hermit:Defend_Hermit+1","hermit:Defend_Hermit","hermit:Snapshot","hermit:Covet","hermit:Quickdraw","hermit:HighCaliber","hermit:TakeAim+1","hermit:GhostlyPresence+1","hermit:Glare","hermit:Headshot","hermit:Deadeye","Madness+1","ReplayTheSpireMod:Necrogeddon","hermit:HighCaliber","hermit:Feint","hermit:Gestalt","hermit:Coalescence","hermit:WideOpen","hermit:FromBeyond+1","hermit:Determination+1","hermit:Enervate+1","hermit:Dive","hermit:Enervate","hermit:HeroicBravado+1","hermit:Quickdraw","hermit:Virtue+1","hermit:SprayPray"],"relics":["hermit:Momento","Orichalcum","aspiration:FrozenJewel","BargainBundle","infinitespire:PuzzleCube","infinitespire:Joker Card","Bottled Tornado","halation:StarCompass","War Paint","hubris:SlimyHat","ChewingGum","MutagenicStrength"],"acts_visited":["Exordium","TheCity"],"potions_floor_usage":[],"damage_taken":[{"damage":0,"enemies":"2 Louse","floor":1,"turns":1},{"damage":0,"enemies":"Cultist","floor":3,"turns":2},{"damage":0,"enemies":"Small Slimes","floor":5,"turns":2},{"damage":1,"enemies":"Replay:BlueRogue","floor":6,"turns":6},{"damage":1,"enemies":"Gremlin Nob","floor":10,"turns":3},{"damage":1,"enemies":"Lagavulin","floor":13,"turns":4},{"damage":0,"enemies":"3 Louse","floor":14,"turns":2},{"damage":2,"enemies":"Fading Forest","floor":16,"turns":11},{"damage":9,"enemies":"2 Thieves","floor":18,"turns":4},{"damage":1,"enemies":"Shell Parasite","floor":20,"turns":4},{"damage":4,"enemies":"Centurion and Healer","floor":21,"turns":5},{"damage":0,"enemies":"Shelled Parasite and Fungi","floor":22,"turns":5},{"damage":68,"enemies":"Nightmare","floor":24,"turns":5}],"seed_played":"4402104737744754764","potions_obtained":[{"floor":3,"key":"PowerPotion"}],"is_trial":false,"path_per_floor":["M","?","M","$","M","E","?","R","T","?","R","$","E","M","R","B",null,"M","?","M","M","M","R","NM"],"character_chosen":"HERMIT","items_purchased":["Orichalcum","aspiration:FrozenJewel","hermit:Quickdraw","hermit:HighCaliber","BargainBundle","hermit:TakeAim","hermit:GhostlyPresence","hermit:Glare","hermit:Headshot","hermit:Deadeye","Madness","ReplayTheSpireMod:Necrogeddon","infinitespire:PuzzleCube","BlessingOfTheForge","hermit:Tonic","ColorlessPotion","hermit:HighCaliber","infinitespire:Joker Card","hermit:Determination","hermit:Enervate+1"],"campfire_rested":0,"item_purchase_floors":[0,0,0,0,0,0,0,0,0,0,0,0,0,0,0,0,0,4,12,12],"current_hp_per_floor":[75,75,75,75,75,74,74,74,74,73,73,73,72,72,72,74,75,66,66,65,61,61,61,0,0],"gold":266,"neow_bonus":"","is_daily":false,"chose_seed":false,"campfire_upgraded":4,"win_rate":0.0,"timestamp":1610695569,"path_taken":["M","?","M","?","M","E","?","R","T","?","R","?","E","M","R","BOSS","M","?","M","M","M","R","NM"],"items_purchased_type":["Relic","Relic","Card","Card","Relic","Card","Card","Card","Card","Card","Card","Card","Relic","Potion","Potion","Potion","Card","Relic","Card","Card"],"build_version":"2020-12-22","purchased_purges":6,"victory":false,"max_hp_per_floor":[75,75,75,75,75,75,75,75,75,75,75,75,75,75,75,75,75,75,75,75,75,75,75,75,75],"relic_stats":{"counters":[97,469],"Orichalcum":[114],"War Paint":["hermit:GhostlyPresence","hermit:Defend_Hermit"],"obtain_stats":[{"Golden Egg":54,"Replay:Accelerometer":53,"infinitespire:BottledMercury":36,"Vajra":44,"Bottled Tornado":54,"hubris:MysteriousPyramids":53,"halation:StarCompass":7,"halation:HeavySnake":17,"Blood Vial":20,"theForsaken:HumbleEgg":9,"Centennial Puzzle":47,"DollysMirror":0,"MealTicket":36,"aspiration:ArtOfWarUpgrade":8,"HandDrill":36,"hubris:TinFlute":42,"Replay:Bottled Steam":48,"MerchantsRug":20,"halation:OrihimeAndHikoboshiSamaAndTears":5,"Ring of Hypnosis":22,"ReplayTheSpireMod:CursedCoin":26,"Blue Candle":7,"Oddly Smooth Stone":26,"infinitespire:Beetle Shell":20,"ReplayTheSpireMod:SealedPack":34,"aspiration:SeaSaltIceCream":26,"War Paint":10,"aspiration:FrozenJewel":0,"Du-Vu Doll":0,"hubris:Zylophone":28,"infinitespire:EvilPickle":33,"hermit:PetGhost":53,"Shuriken":43,"Bronze Scales":11,"MutagenicStrength":19,"Onion Ring":14,"ReplayTheSpireMod:TigerMarble":12,"Black Star":17,"Grinning Jar":43,"hermit:Momento":0,"infinitespire:PuzzleCube":0,"Regal Pillow":36,"halation:PapillonHeart":37,"aspiration:Lifesprig":54,"Singing Bowl":24,"Painkiller Herb":34,"StoneCalendar":38,"Juzu Bracelet":30,"hubris:SlimyHat":23,"Replay:Mystery Machine":47,"theForsaken:Gavel":0,"ClockworkSouvenir":29,"Nunchaku":6,"hubris:Icosahedron":22,"Matryoshka":26,"TheAbacus":36,"Ring of Peace":20,"hubris:CuriousFeather":44,"Red Mask":37,"halation:LettersToHer":0,"InkBottle":43,"Gremlin Food":24,"construct:ClawGrip":17,"BargainBundle":0,"aspiration:FetidBarrel":54,"betterThird:NestCultRelic":31,"infinitespire:Joker Card":0,"PreservedInsect":43,"aspiration:HummingbirdHeart":0,"Orichalcum":2,"Strange Spoon":0,"CaptainsWheel":24,"Anchor":42,"Ring of Misfortune":22,"infinitespire:Satchel":7,"ChewingGum":34,"Ectoplasm":21,"Art of War":0,"Bottled Lightning":11,"Membership Card":0,"halation:AfternoonTea":41,"halation:TwoAmDonut":10,"halation:PinkSoulGem":37},{"Golden Egg":26,"Replay:Accelerometer":55,"infinitespire:BottledMercury":77,"Vajra":21,"Bottled Tornado":26,"hubris:MysteriousPyramids":55,"halation:StarCompass":88,"halation:HeavySnake":68,"Blood Vial":10,"theForsaken:HumbleEgg":63,"Centennial Puzzle":53,"DollysMirror":27,"MealTicket":47,"aspiration:ArtOfWarUpgrade":63,"HandDrill":47,"hubris:TinFlute":20,"Replay:Bottled Steam":54,"MerchantsRug":10,"halation:OrihimeAndHikoboshiSamaAndTears":3,"Ring of Hypnosis":42,"ReplayTheSpireMod:CursedCoin":72,"Blue Candle":63,"Oddly Smooth Stone":12,"infinitespire:Beetle Shell":10,"ReplayTheSpireMod:SealedPack":76,"aspiration:SeaSaltIceCream":72,"War Paint":88,"aspiration:FrozenJewel":84,"Du-Vu Doll":0,"hubris:Zylophone":44,"infinitespire:EvilPickle":46,"hermit:PetGhost":55,"Shuriken":51,"Bronze Scales":36,"MutagenicStrength":93,"Onion Ring":38,"ReplayTheSpireMod:TigerMarble":6,"Black Star":8,"Grinning Jar":20,"hermit:Momento":0,"infinitespire:PuzzleCube":84,"Regal Pillow":47,"halation:PapillonHeart":77,"aspiration:Lifesprig":83,"Singing Bowl":11,"Painkiller Herb":16,"StoneCalendar":77,"Juzu Bracelet":15,"hubris:SlimyHat":43,"Replay:Mystery Machine":53,"theForsaken:Gavel":57,"ClockworkSouvenir":44,"Nunchaku":32,"hubris:Icosahedron":10,"Matryoshka":43,"TheAbacus":77,"Ring of Peace":70,"hubris:CuriousFeather":21,"Red Mask":47,"halation:LettersToHer":27,"InkBottle":51,"Gremlin Food":72,"construct:ClawGrip":39,"BargainBundle":84,"aspiration:FetidBarrel":56,"betterThird:NestCultRelic":45,"infinitespire:Joker Card":57,"PreservedInsect":78,"aspiration:HummingbirdHeart":57,"Orichalcum":28,"Strange Spoon":57,"CaptainsWheel":11,"Anchor":20,"Ring of Misfortune":42,"infinitespire:Satchel":4,"ChewingGum":46,"Ectoplasm":10,"Art of War":57,"Bottled Lightning":5,"Membership Card":27,"halation:AfternoonTea":50,"halation:TwoAmDonut":64,"halation:PinkSoulGem":18},{"Golden Egg":126,"Replay:Accelerometer":287,"infinitespire:BottledMercury":390,"Vajra":95,"Bottled Tornado":126,"hubris:MysteriousPyramids":287,"halation:StarCompass":426,"halation:HeavySnake":347,"Blood Vial":44,"theForsaken:HumbleEgg":324,"Centennial Puzzle":270,"DollysMirror":135,"MealTicket":238,"aspiration:ArtOfWarUpgrade":324,"HandDrill":238,"hubris:TinFlute":89,"Replay:Bottled Steam":278,"MerchantsRug":44,"halation:OrihimeAndHikoboshiSamaAndTears":12,"Ring of Hypnosis":209,"ReplayTheSpireMod:CursedCoin":363,"Blue Candle":324,"Oddly Smooth Stone":53,"infinitespire:Beetle Shell":44,"ReplayTheSpireMod:SealedPack":386,"aspiration:SeaSaltIceCream":363,"War Paint":426,"aspiration:FrozenJewel":415,"Du-Vu Doll":0,"hubris:Zylophone":218,"infinitespire:EvilPickle":233,"hermit:PetGhost":287,"Shuriken":261,"Bronze Scales":183,"MutagenicStrength":450,"Onion Ring":193,"ReplayTheSpireMod:TigerMarble":27,"Black Star":37,"Grinning Jar":89,"hermit:Momento":0,"infinitespire:PuzzleCube":415,"Regal Pillow":238,"halation:PapillonHeart":390,"aspiration:Lifesprig":414,"Singing Bowl":48,"Painkiller Herb":69,"StoneCalendar":390,"Juzu Bracelet":63,"hubris:SlimyHat":214,"Replay:Mystery Machine":270,"theForsaken:Gavel":300,"ClockworkSouvenir":218,"Nunchaku":169,"hubris:Icosahedron":44,"Matryoshka":214,"TheAbacus":390,"Ring of Peace":355,"hubris:CuriousFeather":95,"Red Mask":238,"halation:LettersToHer":135,"InkBottle":261,"Gremlin Food":363,"construct:ClawGrip":201,"BargainBundle":415,"aspiration:FetidBarrel":292,"betterThird:NestCultRelic":223,"infinitespire:Joker Card":300,"PreservedInsect":394,"aspiration:HummingbirdHeart":300,"Orichalcum":138,"Strange Spoon":300,"CaptainsWheel":48,"Anchor":89,"Ring of Misfortune":209,"infinitespire:Satchel":18,"ChewingGum":233,"Ectoplasm":44,"Art of War":300,"Bottled Lightning":22,"Membership Card":135,"halation:AfternoonTea":255,"halation:TwoAmDonut":328,"halation:PinkSoulGem":76}]},"card_choices":[{"not_picked":["hermit:Desperado","hermit:Roulette"],"picked":"hermit:Feint","floor":1},{"not_picked":["hermit:TrackingShot","hermit:Cheat"],"picked":"hermit:Gestalt","floor":3},{"not_picked":["hermit:ItchyTrigger","hermit:Manifest"],"picked":"hermit:Coalescence","floor":5},{"not_picked":["hermit:CalledShot","hermit:Manifest"],"picked":"hermit:WideOpen","floor":6},{"not_picked":["hermit:Dive","hermit:Roulette"],"picked":"hermit:FromBeyond","floor":10},{"not_picked":["hermit:SprayPray","hermit:Roulette"],"picked":"hermit:Dive","floor":13},{"not_picked":["hermit:Brawl","hermit:TrackingShot"],"picked":"hermit:Enervate","floor":14},{"not_picked":["hermit:EternalForm","hermit:BlackWind"],"picked":"hermit:HeroicBravado","floor":16},{"not_picked":["hermit:Glare+1","hermit:HighCaliber"],"picked":"hermit:Quickdraw","floor":18},{"not_picked":["hermit:Desperado","hermit:Ricochet"],"picked":"hermit:Virtue+1","floor":20},{"not_picked":["hermit:CursedWeapon","hermit:WideOpen"],"picked":"hermit:SprayPray","floor":21},{"not_picked":["hermit:ItchyTrigger","hermit:TakeCover","hermit:Headshot"],"picked":"SKIP","floor":22}],"player_experience":239316,"relics_obtained":[{"floor":6,"key":"Bottled Tornado"},{"floor":13,"key":"hubris:SlimyHat"}],"event_choices":[{"damage_healed":0,"gold_gain":30,"player_choice":"Searched \u00273\u0027 times","damage_taken":0,"relics_obtained":["War Paint"],"max_hp_gain":0,"max_hp_loss":0,"event_name":"Dead Adventurer","floor":10,"gold_loss":0},{"damage_healed":0,"gold_gain":0,"player_choice":"Inject Mutagens","damage_taken":0,"relics_obtained":["MutagenicStrength"],"max_hp_gain":0,"max_hp_loss":0,"event_name":"Drug Dealer","floor":19,"gold_loss":0}],"is_beta":false,"boss_relics":[{"not_picked":["halation:PinkAlligatorPlush","aspiration:DefectSkillbook"],"picked":"ChewingGum"}],"items_purged_floors":[0,0,4,4,4,4],"is_endless":false,"potions_floor_spawned":[3,5,16,21,22],"killed_by":"Nightmare","ascension_level":0}}