{"host":"veymnbzwgp1k9ont","time":1610676481,"event":{"mods":["BaseMod","Defuse TimeMaze Blight","Hermit","Minty Spire (QoL Compilation)","Rare Cards Sparkle","Shop Mod","StSLib"],"gold_per_floor":[118,118,141,165,195,236,236,236,236,236,266,300,300,265,265,389,389,404,404,430,454,472,472,510,530,553,568,568,588,588,83,83,214,214,239,62,83,109,109,109,109,175,221,521,521,544,563,582,582,587,587],"floor_reached":50,"language":"ENG","playtime":2439,"items_purged":[],"score":495,"play_id":"27105572-7b40-4fb7-912c-e4c637272fb0","local_time":"20210114200801","daily_mods":["SealedDeck","Heirloom"],"is_ascension_mode":false,"campfire_choices":[{"data":"hermit:CursedWeapon","floor":7.0,"key":"SMITH"},{"data":"hermit:Brawl","floor":10.0,"key":"SMITH"},{"data":"hermit:Determination","floor":13.0,"key":"SMITH"},{"data":"hermit:NoHoldsBarred","floor":15.0,"key":"SMITH"},{"data":"hermit:CursedWeapon","floor":23.0,"key":"SMITH"},{"data":"hermit:BlackWind","floor":30.0,"key":"SMITH"},{"data":"Bandage Up","floor":32.0,"key":"SMITH"},{"data":"hermit:FlashPowder","floor":40.0,"key":"SMITH"},{"data":"hermit:ItchyTrigger","floor":45,"key":"SMITH"},{"data":"hermit:Dive","floor":49,"key":"SMITH"}],"circlet_count":0,"master_deck":["hermit:LuckOfTheDraw","hermit:LowProfile+1","hermit:FlashPowder+1","hermit:Dive+1","hermit:Scavenge","hermit:Snipe+1","hermit:WideOpen","hermit:Headshot","hermit:CursedWeapon+1","hermit:TrackingShot","hermit:Brawl+1","hermit:Headshot","hermit:Determination+1","hermit:CursedWeapon+1","hermit:NoHoldsBarred+1","hermit:BlackWind+1","Necronomicurse","hermit:EyeOfTheStorm+1","hermit:ItchyTrigger+1","hermit:NoHoldsBarred+1","Bandage Up+1","hermit:OverwhelmingPower+1","hermit:BigShot+1","hermit:FlashPowder+1","hermit:TakeAim+1"],"relics":["hermit:ClaspedLocket","Incense Burner","Golden Idol","Bag of Marbles","Pen Nib","Mercury Hourglass","War Paint","Necronomicon","Bag of Preparation","hermit:RyeStalk","Happy Flower","Frozen Egg 2","DollysMirror","Pear","Sozu","Membership Card","Orichalcum"],"acts_visited":["Exordium","TheCity","TheBeyond"],"potions_floor_usage":[],"damage_taken":[{"damage":2.0,"enemies":"Jaw Worm","floor":1.0,"turns":4.0},{"damage":1.0,"enemies":"2 Louse","floor":3.0,"turns":3.0},{"damage":2.0,"enemies":"Small Slimes","floor":5.0,"turns":2.0},{"damage":6.0,"enemies":"3 Sentries","floor":6.0,"turns":7.0},{"damage":5.0,"enemies":"Gremlin Nob","floor":12.0,"turns":3.0},{"damage":16.0,"enemies":"The Guardian","floor":16.0,"turns":6.0},{"damage":7.0,"enemies":"Shell Parasite","floor":18.0,"turns":5.0},{"damage":0.0,"enemies":"3 Byrds","floor":21.0,"turns":2.0},{"damage":2.0,"enemies":"Snecko","floor":22.0,"turns":2.0},{"damage":13.0,"enemies":"Slavers","floor":24.0,"turns":3.0},{"damage":0.0,"enemies":"Centurion and Healer","floor":25.0,"turns":1.0},{"damage":0.0,"enemies":"3 Cultists","floor":27.0,"turns":2.0},{"damage":0.0,"enemies":"Shelled Parasite and Fungi","floor":29.0,"turns":1.0},{"damage":37.0,"enemies":"Champ","floor":33.0,"turns":8.0},{"damage":14.0,"enemies":"3 Shapes","floor":35.0,"turns":2.0},{"damage":0.0,"enemies":"Orb Walker","floor":37.0,"turns":1.0},{"damage":10.0,"enemies":"Spire Growth","floor":38.0,"turns":3.0},{"damage":29,"enemies":"2 Orb Walkers","floor":42,"turns":3},{"damage":6,"enemies":"4 Shapes","floor":46,"turns":1},{"damage":0,"enemies":"Sphere and 2 Shapes","floor":47,"turns":2},{"damage":8,"enemies":"Maw","floor":48,"turns":4},{"damage":8,"enemies":"Time Eater","floor":50,"turns":3}],"seed_played":"318734217729736172","potions_obtained":[{"floor":3.0,"key":"FearPotion"},{"floor":5.0,"key":"Regen Potion"},{"floor":6.0,"key":"ColorlessPotion"},{"floor":18.0,"key":"AttackPotion"},{"floor":25.0,"key":"ColorlessPotion"}],"is_trial":true,"path_per_floor":["M","?","M","T","M","E","R","$","T","R","?","E","R","$","R","B",null,"M","?","T","M","M","R","E","M","T","M","?","M","R","$","R","B",null,"M","$","M","M","$","R","?","?","T","?","R","M","M","M","R","B"],"character_chosen":"HERMIT","items_purchased":["hermit:NoHoldsBarred","DollysMirror","Pear","Bandage Up","Membership Card","hermit:BigShot+1"],"campfire_rested":0,"item_purchase_floors":[14,31,31,31,36,36],"current_hp_per_floor":[73,55,54,54,52,46,46,46,46,46,46,46,46,46,46,30,75,68,52,52,52,50,50,37,37,37,37,37,37,37,47,47,16,85,71,71,71,67,67,67,67,38,38,38,38,32,32,24,24,22,22],"gold":587,"neow_bonus":"","is_daily":false,"chose_seed":false,"campfire_upgraded":10,"win_rate":0.0,"timestamp":1610676481,"path_taken":["M","?","M","?","M","E","R","$","T","R","?","E","R","$","R","BOSS","M","?","?","M","M","R","E","M","T","?","?","M","R","$","R","BOSS","M","$","M","M","$","R","?","?","T","?","R","M","?","M","R","BOSS"],"items_purchased_type":["Card","Relic","Relic","Card","Relic","Card"],"build_version":"2020-12-22","purchased_purges":0,"victory":false,"max_hp_per_floor":[75,75,75,75,75,75,75,75,75,75,75,75,75,75,75,75,75,75,75,75,75,75,75,75,75,75,75,75,75,75,85,85,85,85,85,85,85,85,85,85,85,85,85,85,85,85,85,85,85,85,85],"card_choices":[{"not_picked":["hermit:SprayPray","hermit:Roulette"],"picked":"hermit:Brawl","floor":1.0},{"not_picked":["hermit:Coalescence","hermit:Manifest"],"picked":"hermit:Headshot","floor":3.0},{"not_picked":["hermit:SprayPray","hermit:Feint"],"picked":"hermit:Determination","floor":5.0},{"not_picked":["hermit:Cheat","hermit:HoleUp"],"picked":"hermit:CursedWeapon","floor":6.0},{"not_picked":["hermit:CursedWeapon","hermit:Gestalt","hermit:HighCaliber"],"picked":"SKIP","floor":12.0},{"not_picked":["hermit:Dissolve","hermit:Gambit"],"picked":"hermit:BlackWind","floor":16.0},{"not_picked":["hermit:Manifest","hermit:Snipe+1","hermit:SprayPray"],"picked":"SKIP","floor":18.0},{"not_picked":["hermit:Showdown","hermit:CalledShot"],"picked":"hermit:EyeOfTheStorm+1","floor":21.0},{"not_picked":["hermit:Quickdraw","hermit:Glare"],"picked":"hermit:ItchyTrigger","floor":22.0},{"not_picked":["hermit:SprayPray","hermit:LuckOfTheDraw+1","hermit:Grudge"],"picked":"SKIP","floor":24.0},{"not_picked":["hermit:Ricochet","hermit:HoleUp","hermit:Quickdraw"],"picked":"SKIP","floor":25.0},{"not_picked":["hermit:BodyArmor","hermit:Maintenance+1","hermit:Roulette"],"picked":"SKIP","floor":27.0},{"not_picked":["hermit:Vantage+1","hermit:Brawl+1","hermit:BodyArmor"],"picked":"SKIP","floor":29.0},{"not_picked":["hermit:BlackWind","hermit:EternalForm+1"],"picked":"hermit:OverwhelmingPower+1","floor":33.0},{"not_picked":["hermit:Ricochet+1","hermit:Roulette","hermit:TrackingShot+1"],"picked":"SKIP","floor":35.0},{"not_picked":["hermit:TrackingShot+1","hermit:Horror"],"picked":"hermit:FlashPowder+1","floor":37.0},{"not_picked":["hermit:Headshot","hermit:Glare","hermit:Vantage+1"],"picked":"SKIP","floor":38.0},{"not_picked":["hermit:EyeOfTheStorm","hermit:CalledShot"],"picked":"hermit:TakeAim+1","floor":46},{"not_picked":["hermit:Quickdraw","hermit:Scavenge","hermit:Roulette+1"],"picked":"SKIP","floor":47},{"not_picked":["hermit:Ricochet+1","hermit:Deadeye","hermit:TrackingShot+1"],"picked":"SKIP","floor":48}],"player_experience":400415,"relics_obtained":[{"floor":4.0,"key":"Bag of Marbles"},{"floor":6.0,"key":"Pen Nib"},{"floor":9.0,"key":"Mercury Hourglass"},{"floor":12.0,"key":"War Paint"},{"floor":19.0,"key":"Necronomicon"},{"floor":20.0,"key":"Bag of Preparation"},{"floor":24.0,"key":"hermit:RyeStalk"},{"floor":26.0,"key":"Happy Flower"},{"floor":43,"key":"Orichalcum"}],"event_choices":[{"damage_healed":0.0,"max_hp_gain":0.0,"max_hp_loss":0.0,"gold_gain":0.0,"event_name":"Golden Idol","player_choice":"Take Damage","floor":2.0,"gold_loss":0.0,"damage_taken":18.0,"relics_obtained":["Golden Idol"]},{"damage_healed":0.0,"max_hp_gain":0.0,"max_hp_loss":0.0,"gold_gain":30.0,"event_name":"Dead Adventurer","player_choice":"Searched \u00272\u0027 times","floor":11.0,"gold_loss":0.0,"damage_taken":0.0},{"damage_healed":0.0,"max_hp_gain":0.0,"max_hp_loss":0.0,"gold_gain":0.0,"event_name":"Cursed Tome","player_choice":"Obtained Book","floor":19.0,"gold_loss":0.0,"damage_taken":16.0},{"damage_healed":0.0,"max_hp_gain":0.0,"max_hp_loss":0.0,"gold_gain":0.0,"event_name":"The Mausoleum","player_choice":"Opened","floor":28.0,"gold_loss":0.0,"damage_taken":0.0,"relics_obtained":["Frozen Egg 2"]},{"damage_healed":0.0,"max_hp_gain":0.0,"max_hp_loss":0.0,"gold_gain":0.0,"event_name":"SensoryStone","player_choice":"Memory 1","floor":41.0,"gold_loss":0.0,"damage_taken":0.0},{"damage_healed":0,"gold_gain":0,"player_choice":"Fight","damage_taken":0,"max_hp_gain":0,"max_hp_loss":0,"event_name":"Mysterious Sphere","floor":42,"gold_loss":0},{"damage_healed":0,"gold_gain":300,"player_choice":"Gold","damage_taken":0,"max_hp_gain":0,"max_hp_loss":0,"event_name":"Wheel of Change","floor":44,"gold_loss":0}],"is_beta":false,"boss_relics":[{"not_picked":["Cursed Key","hermit:DentedPlate"],"picked":"hermit:ClaspedLocket"},{"not_picked":["hermit:BartenderGlass","SlaversCollar"],"picked":"Sozu"}],"items_purged_floors":[],"is_endless":true,"potions_floor_spawned":[3,5,6,18,25,27,37,38,46],"killed_by":"Time Eater","ascension_level":0}}