{"host":"oc9z8cublggqyfxu","time":1610701901,"event":{"mods":["AchievementEnabler","Act Like it!","Aspiration","BaseMod","Colored Map","Colored Powertips","Conspire","Downfall","Friendly Minions","Gensokyo","Hallownest","Hermit","Highlight Path","Infinite Spire","KinomotoSakuraMod(木之本樱)","Koishi","Lobotomy","LobotomyExtend","Marisa（F雨　魔理沙）","Minty Spire (QoL Compilation)","Quick Restart","Reimu（博丽灵梦）","Relic Stats","Remilia（蕾米莉亚）","Replay The Spire","RumiaBox-露米娅的神秘盒子","StSLib","The Administrix","The Animator","The Blackbeard","The Bug Knight","The Cursed","The Hierophant","The Jungle","The Mystic","The Runesmith","The Servant 0.9.4","Youmu（魂魄妖梦）","Yuyuko","vexMod","【功能Mod】混沌之环修复补丁","【功能Mod】聪明的最终Boss"],"gold_per_floor":[114,174,174,27,2,2,34,34,58,75,26,26,39,58,58,156,156,168,168,83,83,83],"floor_reached":21,"language":"ZHS","playtime":1204,"items_purged":["Strike_RM"],"score":200,"play_id":"ad079675-43cd-46f5-9ecd-2c3e3c8f4174","local_time":"20210115171141","is_ascension_mode":false,"campfire_choices":[{"data":"FitfulNightmare","floor":6,"key":"SMITH"},{"data":"BloodAndWine","floor":12,"key":"SMITH"},{"data":"DiffusionOfMisfortune","floor":15,"key":"SMITH"}],"circlet_count":0,"master_deck":["Strike_RM","Strike_RM","Strike_RM","RedMoon","ScarletShoot","CherryBlossoms","FitfulNightmare+1","Hallownest:skillLeafShield","Hallownest:skillLeafShield","Hallownest:skillLeafShield","Hallownest:skillLeafShield","Hallownest:skillLeafShield","BloodAndWine+1","QueenBee","FairyFestival","TransientEternity","DiffusionOfMisfortune+1","FieryBird","BombardNight","MeatLantern","HeroicMonk","CurseOfVladTepes","DiffusionOfMisfortune","SingingMachine"],"relics":["ScarletHat","CogitoBucket","AddBug","SecretRecord","SecretRecord"],"acts_visited":["Hallownest:Greenpath","TheCity"],"potions_floor_usage":[16,16,16],"damage_taken":[{"damage":6,"enemies":"Hallownest:2_Tiktiks_and_1_Crawlid","floor":1,"turns":3},{"damage":13,"enemies":"Hallownest:eliteVengeflyKing","floor":7,"turns":7},{"damage":0,"enemies":"Hallownest:monsterHuskGuard","floor":10,"turns":2},{"damage":0,"enemies":"Hallownest:monsterHuskWarrior","floor":13,"turns":2},{"damage":0,"enemies":"Hallownest:monsterMossCharger","floor":14,"turns":3},{"damage":38,"enemies":"Hallownest:BossFalseKnight","floor":16,"turns":5},{"damage":71,"enemies":"Spheric Guardian","floor":18,"turns":4},{"damage":50,"enemies":"Chosen","floor":21,"turns":1}],"seed_played":"8122406045352123873","potions_obtained":[{"floor":1,"key":"Strength Potion"},{"floor":7,"key":"PowerPotion"},{"floor":14,"key":"Strength Potion"},{"floor":18,"key":"Swift Potion"}],"is_trial":false,"path_per_floor":["M","?","?","$","?","R","E","?","T","M","$","R","M","M","R","B",null,"M","?","?","M"],"character_chosen":"REMILIA","items_purchased":["BloodAndWine","DiffusionOfMisfortune"],"campfire_rested":0,"item_purchase_floors":[4,11],"current_hp_per_floor":[69,69,69,69,69,69,59,31,31,34,34,34,39,42,42,33,75,10,10,10,0,0],"gold":83,"neow_bonus":"","is_daily":false,"chose_seed":false,"campfire_upgraded":3,"win_rate":0.0,"timestamp":1610701901,"path_taken":["M","?","?","$","?","R","E","?","T","?","?","R","M","M","R","BOSS","M","?","?","M"],"items_purchased_type":["Card","Card"],"build_version":"2020-12-22","purchased_purges":1,"victory":false,"max_hp_per_floor":[75,75,75,75,75,75,75,75,75,75,75,75,75,75,75,75,75,75,75,75,75,75],"relic_stats":{"counters":[9,28],"obtain_stats":[{"CogitoBucket":0,"AddBug":1,"SecretRecord":1,"ScarletHat":0},{"CogitoBucket":0,"AddBug":1,"SecretRecord":1,"ScarletHat":0},{"CogitoBucket":0,"AddBug":3,"SecretRecord":3,"ScarletHat":0}]},"card_choices":[{"not_picked":["SpiderBud","OldLady"],"picked":"CherryBlossoms","floor":1},{"not_picked":["ReincarnationDial","NightDance"],"picked":"FitfulNightmare","floor":1},{"not_picked":["OSAHOGD","LaLuna"],"picked":"QueenBee","floor":7},{"not_picked":["UltimateOffering","ScarletNetherworld","RedMagic"],"picked":"SKIP","floor":7},{"not_picked":["OldLady","Scarecrow"],"picked":"FairyFestival","floor":10},{"not_picked":["HunterOfTheNight","StarOfDavid"],"picked":"TransientEternity","floor":10},{"not_picked":["Alriune","ShyLook"],"picked":"FieryBird","floor":13},{"not_picked":["StarOfDavid","Septette"],"picked":"BombardNight","floor":13},{"not_picked":["ShyLook","UniverseFragment"],"picked":"MeatLantern","floor":14},{"not_picked":["RedRainbow","RedNightlessCastle","FavorOfDestiny"],"picked":"SKIP","floor":14},{"not_picked":["RedRainbow","RedNightlessCastle","FavorOfDestiny"],"picked":"SKIP","floor":14},{"not_picked":["Variant","Bloodbath"],"picked":"HeroicMonk","floor":16},{"not_picked":["TransientEternity","TricksterDevil"],"picked":"CurseOfVladTepes","floor":16},{"not_picked":["ReincarnationDial+1","MastersStateliness+1"],"picked":"DiffusionOfMisfortune","floor":18},{"not_picked":["VoidDream","ShyLook"],"picked":"SingingMachine","floor":18}],"player_experience":260493,"relics_obtained":[{"floor":1,"key":"AddBug"},{"floor":1,"key":"LetterFromLob"},{"floor":7,"key":"Replay:Wax Seal"},{"floor":7,"key":"LetterFromLob"},{"floor":9,"key":"infinitespire:Lucky Rock"},{"floor":10,"key":"LetterFromLob"},{"floor":13,"key":"LetterFromLob"},{"floor":14,"key":"LetterFromLob"},{"floor":16,"key":"SecretRecord"},{"floor":16,"key":"LetterFromLob"},{"floor":18,"key":"LetterFromLob"}],"event_choices":[{"damage_healed":0,"gold_gain":0,"player_choice":"Inject Mutagens","damage_taken":0,"relics_obtained":["MutagenicStrength"],"max_hp_gain":0,"max_hp_loss":0,"event_name":"Drug Dealer","floor":19,"gold_loss":0},{"damage_healed":0,"gold_gain":0,"player_choice":"Obtained Relic","damage_taken":0,"relics_obtained":["Pantograph"],"max_hp_gain":0,"max_hp_loss":0,"event_name":"Addict","floor":20,"gold_loss":85}],"is_beta":false,"boss_relics":[{"not_picked":["Runesmith:UraniumAnvil","Velvet Choker"],"picked":"vexMod:BigBerry"}],"items_purged_floors":[4],"is_endless":false,"potions_floor_spawned":[1,7,14,18],"killed_by":"Chosen","ascension_level":0}}