{"host":"6jtzbi9kl8x9w6dt","time":1610670636,"event":{"mods":["Act Like it!","Aspiration","BaseMod","BetterRewards","Colored Powertips","Defuse TimeMaze Blight","Downfall","Friendly Minions","Halation","Hallownest","Hermit","Hubris","Marisa????????","Mimic Mod","Minty Spire (QoL Compilation)","Prisma Mod","READ ME - Guardian Mod","StSLib","SuperFastMode","Td1madao Mod","The Animator","The Bladedancer","The Construct","The Cursed","The Disciple","The Hierophant","The Mystic","The Necromancer","The Senshi","The Servant 0.9.4"],"gold_per_floor":[99,99,117,117,143,143,167,192,117,117,143,167,195,217,230,230,230,230],"floor_reached":16,"language":"ENG","playtime":547,"items_purged":[],"score":96,"play_id":"6b7fb6d2-aeb4-4ca5-ab6d-84cc47d074bd","local_time":"20210114163036","is_ascension_mode":false,"campfire_choices":[{"floor":1,"key":"RECALL"},{"data":"hexamod:SoulSteal","floor":9,"key":"SMITH"}],"circlet_count":0,"master_deck":["hexamod:Strike","hexamod:Strike","hexamod:Defend","hexamod:Defend","hexamod:Defend","hexamod:Sear","hexamod:Float","hexamod:SecondSeal","hexamod:HeatMetal","hexamod:SoulSteal+1","Iron Wave","hexamod:RadiantFlame","hexamod:HexaLevel","hexamod:ExtraCrispy","hexamod:RainOfEmbers","hexamod:SpectersWail"],"relics":["hexamod:SpiritBrand","hubris:Icosahedron","hubris:SlimyHat","downfall:HeartBlessingRed"],"acts_visited":["Exordium"],"potions_floor_usage":[12,16,16],"damage_taken":[{"damage":1,"enemies":"Jaw Worm","floor":3,"turns":6},{"damage":0,"enemies":"Small Slimes","floor":5,"turns":4},{"damage":7,"enemies":"2 Louse","floor":8,"turns":4},{"damage":0,"enemies":"Large Slime","floor":11,"turns":4},{"damage":23,"enemies":"Exordium Thugs","floor":12,"turns":4},{"damage":26,"enemies":"Lots of Slimes","floor":13,"turns":3},{"damage":14,"enemies":"Blue Slaver","floor":14,"turns":5},{"damage":12,"enemies":"Exordium Wildlife","floor":15,"turns":4},{"damage":10,"enemies":"downfall:Watcher","floor":16,"turns":4}],"seed_played":"-2013371745319979768","potions_obtained":[{"floor":0,"key":"Slimebound:ThreeZeroPotion"},{"floor":0,"key":"Slimebound:ThreeZeroPotion"},{"floor":0,"key":"FairyPotion"},{"floor":8,"key":"hexamod:DoubleChargePotion"},{"floor":13,"key":"AttackPotion"},{"floor":15,"key":"hexamod:DoubleChargePotion"}],"is_trial":false,"path_per_floor":["R","?","M","?","M","?","T","M","R","?","M","M","M","M","M","B"],"character_chosen":"THE_SPIRIT","items_purchased":[],"campfire_rested":0,"item_purchase_floors":[],"current_hp_per_floor":[70,70,69,69,69,69,69,62,62,62,62,39,13,21,9,0,0,0],"gold":230,"neow_bonus":"THREE_SMALL_POTIONS","is_daily":false,"chose_seed":false,"campfire_upgraded":1,"win_rate":0.0,"timestamp":1610670636,"path_taken":["R","?","M","?","M","?","T","M","R","?","M","?","M","M","M","BOSS"],"items_purchased_type":[],"build_version":"2020-12-22","purchased_purges":0,"victory":false,"max_hp_per_floor":[70,70,70,70,70,70,70,70,70,70,70,70,70,70,70,70,70,70],"card_choices":[{"not_picked":["hexamod:SwordOfDarkness","hexamod:PhantomFireball"],"picked":"hexamod:SecondSeal","floor":3},{"not_picked":["hexamod:AdvancingGuard","hexamod:BurningTouch"],"picked":"hexamod:HeatMetal","floor":5},{"not_picked":["hexamod:GhostLash","hexamod:PhantomCloak"],"picked":"hexamod:SoulSteal","floor":8},{"not_picked":["hexamod:ShieldOfDarkness","hexamod:SoulSteal"],"picked":"hexamod:RadiantFlame","floor":11},{"not_picked":["hexamod:BacktrackSmack","hexamod:Incineration"],"picked":"hexamod:HexaLevel","floor":12},{"not_picked":["hexamod:InspiringFlames","hexamod:NightmareGuise"],"picked":"hexamod:ExtraCrispy","floor":13},{"not_picked":["hexamod:SpectersWail","hexamod:HauntingEcho"],"picked":"hexamod:RainOfEmbers","floor":14},{"not_picked":["hexamod:FastForward","hexamod:CatchUp"],"picked":"hexamod:SpectersWail","floor":15}],"player_experience":79979,"relics_obtained":[{"floor":7,"key":"hubris:SlimyHat"}],"event_choices":[{"cards_removed":["hexamod:Strike"],"damage_healed":0,"gold_gain":0,"player_choice":"Card Removal","damage_taken":0,"max_hp_gain":0,"max_hp_loss":0,"event_name":"The Cleric","floor":2,"gold_loss":0},{"cards_removed":["hexamod:Defend"],"damage_healed":0,"gold_gain":0,"player_choice":"Took Card","damage_taken":0,"max_hp_gain":0,"max_hp_loss":0,"event_name":"NoteForYourself","floor":10,"gold_loss":0,"cards_obtained":["Iron Wave"]}],"is_beta":false,"boss_relics":[],"items_purged_floors":[],"is_endless":false,"potions_floor_spawned":[3,8,13,15],"killed_by":"downfall:Watcher","ascension_level":0}}