{"host":"dh4nu8nelr2izibb","time":1610688652,"event":{"mods":["Act Like it!","BaseMod","Better Third Choice","Card Forge","Curses Come First","Displayed Cursed Tome","HololiveMod","Marisa????????","Minty Spire (QoL Compilation)","Puzzle Mod","Quick Restart","Relic Filter","StSLib","The Marked","The Poker Player","The Servant 0.9.4","WarShipGirlsR/????R mod","Yakumo Yukari mod"],"gold_per_floor":[19,37,37,48,63,63,77,77,77,77,103,103,103,153,153,153,153],"floor_reached":16,"language":"ENG","playtime":452,"items_purged":[],"score":200,"play_id":"28b7fd7c-2b88-42fc-96c2-f3a1a41fe5d0","local_time":"20210115003052","is_ascension_mode":true,"campfire_choices":[{"floor":6,"key":"REST"},{"floor":8,"key":"REST"},{"data":"Malaise","floor":15,"key":"SMITH"}],"circlet_count":0,"master_deck":["AscendersBane","Strike_G","Strike_G","Strike_G","Defend_G","Defend_G","Defend_G","Defend_G","Survivor","Neutralize+1","Flying Knee+1","Leg Sweep","Acrobatics","Slice","Deflect","Malaise+1","Parasite"],"relics":["Ring of the Snake","Hammer of Thor","Seething Fire","Anvil of the Gods","Bird Faced Urn","Juzu Bracelet","Peace Pipe"],"acts_visited":["Exordium"],"potions_floor_usage":[11,16],"damage_taken":[{"damage":5,"enemies":"Cultist","floor":1,"turns":5},{"damage":4,"enemies":"Jaw Worm","floor":2,"turns":6},{"damage":0,"enemies":"Small Slimes","floor":4,"turns":4},{"damage":33,"enemies":"Exordium Thugs","floor":5,"turns":8},{"damage":0,"enemies":"2 Fungi Beasts","floor":7,"turns":3},{"damage":35,"enemies":"Lagavulin","floor":11,"turns":9},{"damage":21,"enemies":"The Guardian","floor":16,"turns":9}],"seed_played":"-8860155091922613211","potions_obtained":[{"floor":5,"key":"Explosive Potion"},{"floor":11,"key":"CunningPotion"}],"is_trial":false,"path_per_floor":["M","M","?","M","M","R","M","R","T","?","E","?","?","?","R","B"],"character_chosen":"THE_SILENT","items_purchased":[],"campfire_rested":2,"item_purchase_floors":[],"current_hp_per_floor":[54,50,50,50,17,36,36,55,55,55,20,20,36,36,36,15,15],"gold":153,"neow_bonus":"ONE_RARE_RELIC","is_daily":false,"chose_seed":false,"campfire_upgraded":1,"win_rate":0.0,"timestamp":1610688652,"path_taken":["M","?","?","M","M","R","M","R","T","?","E","?","?","?","R","BOSS"],"items_purchased_type":[],"build_version":"2020-12-22","purchased_purges":0,"victory":false,"max_hp_per_floor":[66,66,66,66,66,66,66,66,66,66,66,66,66,66,66,66,66],"card_choices":[{"not_picked":["Deadly Poison","Eviscerate"],"picked":"Flying Knee","floor":1},{"not_picked":["Prepared","Choke"],"picked":"Leg Sweep","floor":2},{"not_picked":["Prepared","Bane"],"picked":"Acrobatics","floor":4},{"not_picked":["Finisher","Acrobatics"],"picked":"Slice","floor":5},{"not_picked":["Bane","Sucker Punch"],"picked":"Deflect","floor":7},{"not_picked":["Eviscerate","Deadly Poison"],"picked":"Malaise","floor":11}],"player_experience":1136365,"relics_obtained":[{"floor":9,"key":"Juzu Bracelet"},{"floor":11,"key":"Peace Pipe"}],"event_choices":[{"damage_healed":0,"gold_gain":0,"player_choice":"Grow","damage_taken":0,"max_hp_gain":0,"max_hp_loss":0,"event_name":"Living Wall","floor":3,"gold_loss":0,"cards_upgraded":["Neutralize"]},{"cards_removed":["Strike_G"],"damage_healed":0,"gold_gain":0,"player_choice":"Offered Basic","damage_taken":0,"max_hp_gain":0,"max_hp_loss":0,"event_name":"Bonfire Elementals","floor":10,"gold_loss":0},{"damage_healed":0,"gold_gain":0,"player_choice":"Ignored","damage_taken":103,"max_hp_gain":0,"max_hp_loss":0,"event_name":"betterThird:BetterSerpent","floor":12,"gold_loss":0},{"damage_healed":16,"gold_gain":0,"player_choice":"Healed and dodged fight","damage_taken":0,"max_hp_gain":0,"max_hp_loss":0,"event_name":"Mushrooms","floor":13,"gold_loss":0,"cards_obtained":["Parasite"]},{"damage_healed":0,"gold_gain":50,"player_choice":"Gained Gold","damage_taken":0,"max_hp_gain":0,"max_hp_loss":0,"event_name":"Golden Wing","floor":14,"gold_loss":0}],"is_beta":false,"boss_relics":[],"items_purged_floors":[],"is_endless":false,"potions_floor_spawned":[5,11],"killed_by":"The Guardian","ascension_level":20}}