{"host":"mai03x2ekbjy4059","time":1610676786,"event":{"mods":["2.2 Compatiblity","BaseMod","DeckTracker","Highlight Path","Keyboard Shortcuts","Minty Spire (QoL Compilation)","Permanent Neow","Quick Restart","SuperFastMode","everything is the same but u backflip on backflip"],"gold_per_floor":[110,35,49,49,68,95,95,107,131,157,157,182,193,167,167,270,270,289,289,388,303,303,331,331,363,363,388,388,388,161,71,71,167,167,177,177,190,19,34,65,65,96,96,125,125,159,159,177,177,177,177,177,127,156,156],"floor_reached":56,"language":"KOR","playtime":2636,"items_purged":["Defend_G","Underhanded Strike","Poisoned Stab","Survivor+1"],"score":1623,"play_id":"10ca19c2-568d-4780-99e0-00f168e34021","local_time":"20210115111306","is_ascension_mode":true,"campfire_choices":[{"floor":7.0,"key":"REST"},{"floor":11.0,"key":"REST"},{"floor":15.0,"key":"REST"},{"data":"After Image","floor":24.0,"key":"SMITH"},{"data":"Footwork","floor":29,"key":"SMITH"},{"data":"Cloak And Dagger","floor":32,"key":"SMITH"},{"data":"Footwork","floor":41,"key":"SMITH"},{"floor":49,"key":"RECALL"},{"data":"Finisher","floor":52,"key":"SMITH"}],"circlet_count":0,"master_deck":["Neutralize","Cloak And Dagger+1","Backflip","Caltrops","Escape Plan","Caltrops","After Image+1","Footwork+1","Crippling Poison","Blade Dance+1","Footwork","Adrenaline+1","Deflect+1","Escape Plan+1","Blur+1","Footwork+1","Expertise+1","Madness+1","Madness+1","Backstab+1","Finisher+1"],"relics":["Ring of the Snake","Juzu Bracelet","Oddly Smooth Stone","Bag of Preparation","Smiling Mask","Pandora\u0027s Box","Mercury Hourglass","Du-Vu Doll","Pocketwatch","Toxic Egg 2","TungstenRod","Bronze Scales","Philosopher\u0027s Stone","Prayer Wheel","Vajra","Pantograph","Anchor","PreservedInsect","Ninja Scroll"],"acts_visited":["Exordium","TheCity","TheBeyond","TheEnding"],"potions_floor_usage":[25,27,40,44,55,55,55],"damage_taken":[{"damage":0.0,"enemies":"2 Louse","floor":1.0,"turns":3.0},{"damage":0.0,"enemies":"Small Slimes","floor":3.0,"turns":4.0},{"damage":0.0,"enemies":"Jaw Worm","floor":5.0,"turns":4.0},{"damage":41.0,"enemies":"Gremlin Nob","floor":6.0,"turns":6.0},{"damage":6.0,"enemies":"Exordium Wildlife","floor":8.0,"turns":6.0},{"damage":16.0,"enemies":"3 Sentries","floor":10.0,"turns":10.0},{"damage":26.0,"enemies":"Lagavulin","floor":12.0,"turns":9.0},{"damage":0.0,"enemies":"Red Slaver","floor":13.0,"turns":4.0},{"damage":8.0,"enemies":"The Guardian","floor":16.0,"turns":14.0},{"damage":0.0,"enemies":"3 Byrds","floor":18.0,"turns":3.0},{"damage":0.0,"enemies":"Gremlin Leader","floor":23.0,"turns":9.0},{"damage":21,"enemies":"Slavers","floor":25,"turns":6},{"damage":0,"enemies":"Book of Stabbing","floor":27,"turns":5},{"damage":5,"enemies":"Collector","floor":33,"turns":10},{"damage":0,"enemies":"Orb Walker","floor":35,"turns":3},{"damage":2,"enemies":"3 Shapes","floor":37,"turns":5},{"damage":8,"enemies":"Jaw Worm Horde","floor":39,"turns":4},{"damage":0,"enemies":"Reptomancer","floor":40,"turns":9},{"damage":0,"enemies":"Nemesis","floor":42,"turns":9},{"damage":0,"enemies":"Reptomancer","floor":44,"turns":10},{"damage":0,"enemies":"Giant Head","floor":46,"turns":6},{"damage":0,"enemies":"Transient","floor":48,"turns":5},{"damage":0,"enemies":"Awakened One","floor":50,"turns":12},{"damage":0,"enemies":"Shield and Spear","floor":54,"turns":4},{"damage":27,"enemies":"The Heart","floor":55,"turns":7}],"seed_played":"-2666606042947803800","potions_obtained":[{"floor":5.0,"key":"DuplicationPotion"},{"floor":6.0,"key":"Ancient Potion"},{"floor":10.0,"key":"Weak Potion"},{"floor":13.0,"key":"LiquidBronze"},{"floor":18.0,"key":"Poison Potion"},{"floor":35,"key":"Explosive Potion"},{"floor":42,"key":"Poison Potion"},{"floor":44,"key":"EssenceOfSteel"},{"floor":46,"key":"BlessingOfTheForge"}],"is_trial":false,"path_per_floor":["M","$","M","?","M","E","R","M","T","E","R","E","M","?","R","B",null,"M","?","?","?","?","E","R","E","T","E","?","R","$","?","R","B",null,"M","?","M","$","M","E","R","E","T","E","?","E","?","M","R","B",null,"R","$","E","B",null],"character_chosen":"THE_SILENT","items_purchased":["Footwork","Bronze Scales","Blur+1","Footwork"],"campfire_rested":3,"item_purchase_floors":[30,30,38,38],"current_hp_per_floor":[49,49,49,49,49,8,29,23,23,7,28,2,2,2,23,15,70,70,57,57,57,57,57,57,36,36,36,36,36,36,36,36,31,75,75,75,73,73,65,65,65,65,65,65,57,57,57,57,57,75,75,75,75,75,48],"gold":156,"neow_bonus":"REMOVE_TWO","is_daily":false,"chose_seed":false,"campfire_upgraded":5,"win_rate":0.0,"timestamp":1610676786,"path_taken":["M","$","M","?","M","E","R","M","T","E","R","E","M","?","R","BOSS","M","?","?","?","?","E","R","E","T","E","?","R","$","?","R","BOSS","M","?","M","$","M","E","R","E","T","E","?","E","?","M","R","BOSS","R","$","E","BOSS"],"items_purchased_type":["Card","Relic","Card","Card"],"build_version":"2020-12-22","purchased_purges":4,"victory":true,"max_hp_per_floor":[70,70,70,70,70,70,70,70,70,70,70,70,70,70,70,70,70,70,75,75,75,75,75,75,75,75,75,75,75,75,75,75,75,75,75,75,75,75,75,75,75,75,75,75,75,75,75,75,75,75,75,75,75,75,75],"card_choices":[{"not_picked":["Prepared","Escape Plan"],"picked":"Cloak And Dagger","floor":1.0},{"not_picked":["Calculated Gamble","PiercingWail","Bane"],"picked":"SKIP","floor":3.0},{"not_picked":["Riddle With Holes","Eviscerate"],"picked":"Backflip","floor":5.0},{"not_picked":["Bouncing Flask","Reflex"],"picked":"Caltrops","floor":6.0},{"not_picked":["Bane","Leg Sweep"],"picked":"Escape Plan","floor":8.0},{"not_picked":["Eviscerate","Dagger Throw","Tactician"],"picked":"SKIP","floor":10.0},{"not_picked":["Tactician","Caltrops","Bullet Time"],"picked":"SKIP","floor":12.0},{"not_picked":["Dodge and Roll","Noxious Fumes"],"picked":"Caltrops","floor":13.0},{"not_picked":["Prepared","Dodge and Roll","Flying Knee"],"picked":"SKIP","floor":18.0},{"not_picked":["All Out Attack","Slice","Dodge and Roll"],"picked":"SKIP","floor":23.0},{"not_picked":["Night Terror","Flying Knee+1","Die Die Die"],"picked":"SKIP","floor":25},{"not_picked":["Accuracy","Masterful Stab"],"picked":"Blade Dance+1","floor":27},{"not_picked":["Grand Finale","Glass Knife"],"picked":"Adrenaline+1","floor":33},{"not_picked":["Setup+1","Slice"],"picked":"Deflect+1","floor":35},{"not_picked":["Calculated Gamble+1","Poisoned Stab"],"picked":"Escape Plan+1","floor":37},{"not_picked":["Prepared+1","Infinite Blades+1","Sucker Punch"],"picked":"SKIP","floor":39},{"not_picked":["Flying Knee+1","Choke","Sucker Punch"],"picked":"SKIP","floor":40},{"not_picked":["Heel Hook+1","Crippling Poison+1","Caltrops+1"],"picked":"SKIP","floor":42},{"not_picked":["Poisoned Stab","Outmaneuver+1"],"picked":"Expertise+1","floor":44},{"not_picked":["Tactician+1","Backflip+1"],"picked":"Backstab+1","floor":46},{"not_picked":["Caltrops","Poisoned Stab+1"],"picked":"Finisher","floor":48},{"not_picked":["Dagger Throw","Grand Finale","Well Laid Plans+1"],"picked":"SKIP","floor":48},{"not_picked":["Riddle With Holes+1","Deflect+1","Predator+1"],"picked":"SKIP","floor":54}],"player_experience":1015242,"relics_obtained":[{"floor":6.0,"key":"Juzu Bracelet"},{"floor":9.0,"key":"Oddly Smooth Stone"},{"floor":10.0,"key":"Bag of Preparation"},{"floor":12.0,"key":"Smiling Mask"},{"floor":23.0,"key":"Du-Vu Doll"},{"floor":25,"key":"Pocketwatch"},{"floor":26,"key":"Toxic Egg 2"},{"floor":27,"key":"TungstenRod"},{"floor":40,"key":"Prayer Wheel"},{"floor":42,"key":"Vajra"},{"floor":44,"key":"Pantograph"},{"floor":46,"key":"Anchor"},{"floor":47,"key":"PreservedInsect"},{"floor":54,"key":"Ninja Scroll"}],"event_choices":[{"damage_healed":0.0,"max_hp_gain":0.0,"max_hp_loss":0.0,"gold_gain":0.0,"event_name":"Liars Game","player_choice":"Ignored","floor":4.0,"gold_loss":0.0,"damage_taken":0.0},{"damage_healed":0.0,"max_hp_gain":0.0,"max_hp_loss":0.0,"gold_gain":0.0,"event_name":"World of Goop","player_choice":"Left Gold","floor":14.0,"gold_loss":26.0,"damage_taken":0.0},{"damage_healed":0.0,"max_hp_gain":5.0,"max_hp_loss":0.0,"gold_gain":0.0,"event_name":"Forgotten Altar","player_choice":"Shed Blood","floor":19.0,"gold_loss":0.0,"damage_taken":18.0},{"damage_healed":0.0,"max_hp_gain":0.0,"max_hp_loss":0.0,"gold_gain":99.0,"event_name":"Nest","player_choice":"Stole From Cult","floor":20.0,"gold_loss":0.0,"damage_taken":0.0},{"damage_healed":0.0,"max_hp_gain":0.0,"max_hp_loss":0.0,"gold_gain":0.0,"event_name":"Addict","player_choice":"Obtained Relic","floor":21.0,"gold_loss":85.0,"damage_taken":0.0,"relics_obtained":["Mercury Hourglass"]},{"damage_healed":0.0,"max_hp_gain":0.0,"max_hp_loss":0.0,"gold_gain":0.0,"event_name":"Vampires","player_choice":"Ignored","floor":22.0,"gold_loss":0.0,"damage_taken":0.0},{"damage_healed":0,"gold_gain":0,"player_choice":"Ignored","damage_taken":0,"max_hp_gain":0,"max_hp_loss":0,"event_name":"Ghosts","floor":28,"gold_loss":0},{"cards_removed":["Outmaneuver"],"damage_healed":0,"gold_gain":0,"player_choice":"Upgrade and Remove","damage_taken":0,"max_hp_gain":0,"max_hp_loss":0,"event_name":"Designer","floor":31,"gold_loss":90,"cards_upgraded":["Survivor"]},{"cards_removed":["Backstab"],"damage_healed":0,"gold_gain":0,"player_choice":"Removed Attack","damage_taken":0,"max_hp_gain":0,"max_hp_loss":0,"event_name":"Falling","floor":36,"gold_loss":0},{"damage_healed":0,"gold_gain":0,"player_choice":"Embrace Madness","damage_taken":9,"max_hp_gain":0,"max_hp_loss":0,"event_name":"Winding Halls","floor":45,"gold_loss":0,"cards_obtained":["Madness","Madness"]},{"damage_healed":0,"gold_gain":0,"player_choice":"Relic","damage_taken":0,"max_hp_gain":0,"max_hp_loss":0,"event_name":"Wheel of Change","floor":47,"gold_loss":0}],"is_beta":false,"boss_relics":[{"not_picked":["Astrolabe","Tiny House"],"picked":"Pandora\u0027s Box"},{"not_picked":["Snecko Eye","Fusion Hammer"],"picked":"Philosopher\u0027s Stone"}],"items_purged_floors":[2,30,38,53],"is_endless":false,"potions_floor_spawned":[5,6,10,13,18,23,35,42,44,46,54],"ascension_level":1}}