{"host":"1a3cjta80tad0aqj","time":1610697172,"event":{"mods":["2.2 Compatiblity","AchievementEnabler","BaseMod","Colored Map","DeckTracker","KOR Keyword Fix","Keyboard Shortcuts","Minty Spire (QoL Compilation)","Permanent Neow","Quick Restart","Random Character Button","StSLib","SuperFastMode","everything is the same but u backflip on backflip"],"gold_per_floor":[113,129,20,95,106,140,159,159,159],"floor_reached":8,"language":"KOR","playtime":346,"items_purged":["Strike_R"],"score":58,"play_id":"07465bf1-0474-41cc-a98d-868e83438692","local_time":"20210115165252","is_ascension_mode":false,"campfire_choices":[],"circlet_count":0,"master_deck":["Strike_R","Strike_R","Strike_R","Defend_R","Defend_R","Defend_R","Defend_R","Bash","Fiend Fire","Second Wind","Flame Barrier","Hemokinesis","Headbutt","Double Tap","Burning Pact"],"relics":["Burning Blood","Centennial Puzzle"],"acts_visited":["Exordium"],"potions_floor_usage":[6,8],"damage_taken":[{"damage":1,"enemies":"Cultist","floor":1,"turns":3},{"damage":0,"enemies":"2 Louse","floor":2,"turns":2},{"damage":2,"enemies":"Jaw Worm","floor":5,"turns":2},{"damage":16,"enemies":"Gremlin Nob","floor":6,"turns":4},{"damage":39,"enemies":"Exordium Wildlife","floor":7,"turns":4},{"damage":31,"enemies":"Lagavulin","floor":8,"turns":6}],"seed_played":"3195370919681109315","potions_obtained":[{"floor":2,"key":"ColorlessPotion"},{"floor":6,"key":"EssenceOfSteel"},{"floor":7,"key":"Swift Potion"}],"is_trial":false,"path_per_floor":["M","M","$","?","M","E","M","E"],"character_chosen":"IRONCLAD","items_purchased":["Hemokinesis"],"campfire_rested":0,"item_purchase_floors":[3],"current_hp_per_floor":[80,80,80,69,73,63,30,0,0],"gold":159,"neow_bonus":"TRANSFORM_CARD","is_daily":false,"chose_seed":false,"campfire_upgraded":0,"win_rate":0.0,"timestamp":1610697172,"path_taken":["M","M","$","?","M","E","M","E"],"items_purchased_type":["Card"],"build_version":"2020-12-22","purchased_purges":1,"victory":false,"max_hp_per_floor":[80,80,80,80,80,80,80,80,80],"card_choices":[{"not_picked":["Perfected Strike","Clothesline"],"picked":"Second Wind","floor":1},{"not_picked":["Twin Strike","Second Wind"],"picked":"Flame Barrier","floor":2},{"not_picked":["Searing Blow","Wild Strike"],"picked":"Headbutt","floor":5},{"not_picked":["Pommel Strike","Clothesline"],"picked":"Double Tap","floor":6},{"not_picked":["Clash","Havoc"],"picked":"Burning Pact","floor":7}],"player_experience":642704,"relics_obtained":[{"floor":6,"key":"Centennial Puzzle"}],"event_choices":[{"damage_healed":0,"gold_gain":75,"player_choice":"Gather Gold","damage_taken":11,"max_hp_gain":0,"max_hp_loss":0,"event_name":"World of Goop","floor":4,"gold_loss":0}],"is_beta":false,"boss_relics":[],"items_purged_floors":[3],"is_endless":false,"potions_floor_spawned":[2,6,7],"killed_by":"Lagavulin","ascension_level":0}}