{"host":"5s7sm4h73jkd9266","time":1610586667,"event":{"mods":["AchievementEnabler","Bartender","BaseMod","Better Match","Better Vampires","BetterRewards","Colored Map","Colored Powertips","Conspire","Downfall","Energized Spire","GifTheSpireLib","Hermit","Hubris","Magitek Elite","Marisa????????","Melee Mod","Minty Spire (QoL Compilation)","Potion Indicator Mod","Rare Cards Sparkle","Relic Stats","Replay The Spire","Robot Space Explorer","Shop Mod","StSLib","Stuff the Spire","The Bladedancer","The Blue Laboratory","The Cursed","The Disciple","The Dragon Tamer","The Forsaken","The Necromancer","The Wild Card","The Witch","Virulent Crown","everything is the same but u backflip on backflip","slay the spire mod where everything is the same but ironclad has a cowboy hat","vexMod"],"gold_per_floor":[116,133,143,157,170,199,199,214,214,214,227,207,207,219,219,324,324,338,349,193,206,219,219,219,219,269,88,88,88],"floor_reached":28,"language":"ENG","playtime":3559,"items_purged":[],"score":291,"play_id":"9a9f3ab1-31ae-43b3-a2a7-f058ead4bf0c","local_time":"20210113201107","is_ascension_mode":true,"campfire_choices":[{"floor":7.0,"key":"REST"},{"floor":10.0,"key":"REST"},{"floor":13.0,"key":"REST"},{"floor":15.0,"key":"REST"},{"floor":23.0,"key":"REST"},{"floor":25.0,"key":"REST"}],"circlet_count":0,"master_deck":["Strike_P","Strike_P","Strike_P","Strike_P","Defend_P","Defend_P","Defend_P","Defend_P","Eruption+1","Vigilance","Prostrate","FearNoEvil","TalkToTheHand","Replay:Battleflow","CutThroughFate","Replay:LoomingThreat","LikeWater","Replay:BluntJabs","SandsOfTime","DevaForm","ClearTheMind","Perseverance+1","ForeignInfluence","WheelKick","EmptyFist","BowlingBash","Wallop"],"relics":["PureWater","vexMod:Dragonfruit","Centennial Puzzle","Gem_Box","Replay:Wax Seal","vexMod:Cooldron"],"acts_visited":["Exordium","TheCity"],"potions_floor_usage":[],"damage_taken":[{"damage":0.0,"enemies":"Small Slimes","floor":1.0,"turns":2.0},{"damage":0.0,"enemies":"Cultist","floor":2.0,"turns":2.0},{"damage":6.0,"enemies":"conspire:RoseBush","floor":3.0,"turns":6.0},{"damage":13.0,"enemies":"3 Louse","floor":4.0,"turns":4.0},{"damage":5.0,"enemies":"Large Slime","floor":5.0,"turns":6.0},{"damage":27.0,"enemies":"Replay:BlueRogue","floor":6.0,"turns":7.0},{"damage":7.0,"enemies":"Exordium Wildlife","floor":8.0,"turns":4.0},{"damage":10.0,"enemies":"Blue Slaver","floor":11.0,"turns":4.0},{"damage":15.0,"enemies":"2 Fungi Beasts","floor":14.0,"turns":4.0},{"damage":42.0,"enemies":"Fading Forest","floor":16.0,"turns":11.0},{"damage":13.0,"enemies":"Chosen","floor":18.0,"turns":5.0},{"damage":23.0,"enemies":"3 Byrds","floor":19.0,"turns":10.0},{"damage":2.0,"enemies":"Centurion and Healer","floor":21.0,"turns":8.0},{"damage":28.0,"enemies":"Sentry and Sphere","floor":22.0,"turns":6.0},{"damage":64,"enemies":"3 Cultists","floor":28,"turns":5}],"seed_played":"-1609929175645777900","potions_obtained":[{"floor":2.0,"key":"Elixir"},{"floor":4.0,"key":"SkillPotion"},{"floor":5.0,"key":"blueLaboratory:PressurePotion"},{"floor":11.0,"key":"Ancient Potion"},{"floor":12.0,"key":"Guardian:BlockOnCardUsePotion"},{"floor":19.0,"key":"BlessingOfTheForge"},{"floor":22.0,"key":"Elixir"}],"is_trial":false,"path_per_floor":["M","M","M","M","M","E","R","M","T","R","M","?","R","M","R","B",null,"M","M","$","M","M","R","?","R","T","$","M"],"character_chosen":"WATCHER","items_purchased":["ForeignInfluence","WheelKick","vexMod:Cooldron","Wallop"],"campfire_rested":6,"item_purchase_floors":[20,20,27,27],"current_hp_per_floor":[65,65,59,46,41,19,42,35,35,58,48,48,71,56,77,35,67,54,31,31,29,1,24,24,47,47,47,0,0],"gold":88,"neow_bonus":"UPGRADE_CARD","is_daily":false,"chose_seed":false,"campfire_upgraded":0,"win_rate":0.0,"timestamp":1610586667,"path_taken":["M","M","M","M","M","E","R","M","T","R","M","?","R","M","R","BOSS","M","?","$","M","M","R","?","R","T","$","M"],"items_purchased_type":["Card","Card","Relic","Card"],"build_version":"2020-12-22","purchased_purges":0,"victory":false,"max_hp_per_floor":[72,72,72,72,72,77,77,77,77,77,77,77,77,77,77,77,77,77,77,77,77,77,77,77,77,77,77,77,77],"relic_stats":{"Centennial Puzzle":[24],"counters":[28,137],"obtain_stats":[{"Quantum Egg":26,"conspire:RunicOctahedron":17,"vexMod:Dragonfruit":6,"Centennial Puzzle":9,"vexMod:Cooldron":27,"hubris:Icosahedron":3,"Orrery":21,"StuffTheSpire:RubySignet":0,"Replay:Bottled Flurry":7,"ReplayTheSpireMod:TigerMarble":9,"StuffTheSpire:PointBlank":14,"Gem_Box":17,"PureWater":0,"Replay:Wax Seal":26},{"Quantum Egg":12,"conspire:RunicOctahedron":7,"vexMod:Dragonfruit":19,"Centennial Puzzle":20,"vexMod:Cooldron":27,"hubris:Icosahedron":1,"Orrery":10,"StuffTheSpire:RubySignet":0,"Replay:Bottled Flurry":3,"ReplayTheSpireMod:TigerMarble":4,"StuffTheSpire:PointBlank":6,"Gem_Box":23,"PureWater":0,"Replay:Wax Seal":27},{"Quantum Egg":49,"conspire:RunicOctahedron":25,"vexMod:Dragonfruit":80,"Centennial Puzzle":84,"vexMod:Cooldron":132,"hubris:Icosahedron":2,"Orrery":39,"StuffTheSpire:RubySignet":0,"Replay:Bottled Flurry":8,"ReplayTheSpireMod:TigerMarble":12,"StuffTheSpire:PointBlank":18,"Gem_Box":103,"PureWater":0,"Replay:Wax Seal":132}]},"card_choices":[{"not_picked":["Fasting2","EmptyFist"],"picked":"Prostrate","floor":1.0},{"not_picked":["JustLucky","CrushJoints"],"picked":"FearNoEvil","floor":2.0},{"not_picked":["Indignation","Protect"],"picked":"TalkToTheHand","floor":3.0},{"not_picked":["EmptyBody","SandsOfTime"],"picked":"Replay:Battleflow","floor":4.0},{"not_picked":["ClearTheMind","Replay:Vibes"],"picked":"CutThroughFate","floor":5.0},{"not_picked":["SandsOfTime","CrushJoints"],"picked":"Replay:LoomingThreat","floor":6.0},{"not_picked":["FollowUp","Wireheading"],"picked":"LikeWater","floor":8.0},{"not_picked":["FollowUp","EmptyFist"],"picked":"Replay:BluntJabs","floor":11.0},{"not_picked":["Replay:AtTheReady","Worship"],"picked":"SandsOfTime","floor":14.0},{"not_picked":["Devotion","LessonLearned"],"picked":"DevaForm","floor":16.0},{"not_picked":["TalkToTheHand","EmptyBody+1"],"picked":"ClearTheMind","floor":18.0},{"not_picked":["Sanctity+1","CutThroughFate"],"picked":"Perseverance+1","floor":19.0},{"not_picked":["FlurryOfBlows","Replay:ManipulateFuture"],"picked":"EmptyFist","floor":21.0},{"not_picked":["Replay:Battleflow+1","Replay:BluntJabs"],"picked":"BowlingBash","floor":22.0}],"player_experience":5496759,"relics_obtained":[{"floor":6.0,"key":"vexMod:Dragonfruit"},{"floor":9.0,"key":"Centennial Puzzle"},{"floor":26.0,"key":"Replay:Wax Seal"}],"event_choices":[{"damage_healed":0.0,"max_hp_gain":0.0,"max_hp_loss":0.0,"gold_gain":0.0,"event_name":"The Woman in Blue","player_choice":"Bought 1 Potion","floor":12.0,"gold_loss":0.0,"damage_taken":0.0},{"damage_healed":0.0,"max_hp_gain":0.0,"max_hp_loss":0.0,"gold_gain":0.0,"event_name":"Purifier","player_choice":"Ignored","floor":24.0,"gold_loss":0.0,"damage_taken":0.0}],"is_beta":false,"boss_relics":[{"not_picked":["vexMod:TanglingVine","hubris:VirtuousBlindfold"],"picked":"Gem_Box"}],"items_purged_floors":[],"is_endless":false,"potions_floor_spawned":[2,4,5,11,19,22],"killed_by":"3 Cultists","ascension_level":6}}