{"host":"ik12d6vb81j48hay","time":1610731927,"event":{"mods":["BaseMod","Custom Start","Minty Spire (QoL Compilation)","StSLib"],"gold_per_floor":[419,430,430,262,272,301,301,316,316,266,284,284,316,316,316,414,414,427,377,387,387,387,421,434,449,449,449,459,347,347,379,379,478,478,493,493,493,493,505,505,524,550,550,519,537,551,551,433,433,433],"floor_reached":51,"language":"ENG","playtime":1900,"items_purged":["Blizzard","Blizzard","Ball Lightning","Redo","Storm+1"],"score":1130,"play_id":"ffcb4036-3e7f-4661-863e-39caa27fc500","local_time":"20210115113207","is_ascension_mode":false,"campfire_choices":[{"data":"Apotheosis","floor":7,"key":"SMITH"},{"data":"Storm","floor":12,"key":"SMITH"},{"data":"Double Energy","floor":15,"key":"SMITH"},{"data":"Seek","floor":27,"key":"SMITH"},{"data":"Echo Form","floor":30,"key":"SMITH"},{"data":"Amplify","floor":32,"key":"SMITH"},{"data":"Biased Cognition","floor":40,"key":"SMITH"},{"data":"Loop","floor":47,"key":"SMITH"},{"data":"Electrodynamics","floor":49,"key":"SMITH"}],"circlet_count":0,"master_deck":["Apotheosis+1","Electrodynamics+1","Echo Form+1","Loop+1","Biased Cognition+1","Amplify+1","Defragment","Defragment","Defragment","Seek+1","Glacier","Double Energy+1","Tempest+1","Chill+1","Zap","Dualcast","Thunder Strike","Cold Snap","Panacea+1","Creative AI+1","Storm+1","Multi-Cast+1","Amplify+1","Double Energy+1","Defragment+1","Capacitor+1","Panacea+1"],"relics":["Cracked Core","Membership Card","FrozenCore","Frozen Egg 2","DataDisk","ClockworkSouvenir","Emotion Chip","Cables","Nuclear Battery","Runic Capacitor","Inserter","Question Card","Symbiotic Virus","Sozu","War Paint","TungstenRod","Toxic Egg 2","Molten Egg 2","Mummified Hand","Bird Faced Urn","Bag of Preparation","Eternal Feather","Gremlin Horn","Old Coin","Smiling Mask","Singing Bowl","Pear","Prayer Wheel","MealTicket","Meat on the Bone","Bronze Scales","Bottled Tornado","Ring of the Snake","Orichalcum","Lantern","Lee\u0027s Waffle","Ice Cream","Busted Crown","Bottled Lightning","Anchor","Du-Vu Doll","InkBottle","Ornamental Fan","SlaversCollar","Nunchaku","Turnip","The Courier","Chemical X","Red Mask","Busted Crown","Art of War","Blue Candle"],"acts_visited":["Exordium","TheCity","TheBeyond"],"potions_floor_usage":[],"damage_taken":[{"damage":0,"enemies":"Jaw Worm","floor":1,"turns":1},{"damage":0,"enemies":"2 Louse","floor":2,"turns":1},{"damage":0,"enemies":"Cultist","floor":5,"turns":1},{"damage":0,"enemies":"Gremlin Nob","floor":6,"turns":2},{"damage":0,"enemies":"3 Louse","floor":8,"turns":1},{"damage":0,"enemies":"Looter","floor":11,"turns":1},{"damage":0,"enemies":"Lagavulin","floor":13,"turns":1},{"damage":0,"enemies":"The Guardian","floor":16,"turns":2},{"damage":0,"enemies":"Spheric Guardian","floor":18,"turns":1},{"damage":0,"enemies":"2 Thieves","floor":20,"turns":1},{"damage":0,"enemies":"Book of Stabbing","floor":23,"turns":2},{"damage":0,"enemies":"Centurion and Healer","floor":24,"turns":1},{"damage":0,"enemies":"Sentry and Sphere","floor":25,"turns":2},{"damage":0,"enemies":"Cultist and Chosen","floor":28,"turns":1},{"damage":0,"enemies":"Masked Bandits","floor":31,"turns":1},{"damage":0,"enemies":"Champ","floor":33,"turns":2},{"damage":0,"enemies":"Orb Walker","floor":35,"turns":1},{"damage":0,"enemies":"3 Darklings","floor":39,"turns":2},{"damage":0,"enemies":"Sphere and 2 Shapes","floor":41,"turns":1},{"damage":0,"enemies":"Reptomancer","floor":42,"turns":2},{"damage":0,"enemies":"Jaw Worm Horde","floor":45,"turns":1},{"damage":0,"enemies":"3 Darklings","floor":46,"turns":1},{"damage":0,"enemies":"Donu and Deca","floor":50,"turns":3}],"seed_played":"-3516363863285521707","potions_obtained":[],"is_trial":true,"path_per_floor":["M","M","?","$","M","E","R","M","T","$","M","R","E","?","R","B",null,"M","$","M","$","?","E","M","M","T","R","M","$","R","?","R","B",null,"M","?","?","?","M","R","M","E","T","$","M","M","R","$","R","B",null],"character_chosen":"DEFECT","items_purchased":["Panacea+1","Anchor","Chemical X","Defragment+1","Capacitor+1","Panacea+1"],"campfire_rested":0,"item_purchase_floors":[4,4,29,44,48,48],"current_hp_per_floor":[96,98,98,98,102,104,104,106,106,106,108,108,110,100,110,112,112,116,116,120,120,120,120,124,126,126,126,128,128,128,130,130,132,132,132,125,125,125,125,125,125,125,125,125,125,125,125,125,125,125],"gold":433,"neow_bonus":"","is_daily":false,"chose_seed":false,"campfire_upgraded":9,"win_rate":0.0,"timestamp":1610731927,"path_taken":["M","M","?","$","M","E","R","M","T","$","M","R","E","?","R","BOSS","M","$","M","?","?","E","M","M","T","R","M","$","R","?","R","BOSS","M","?","?","?","M","R","M","E","T","$","M","M","R","$","R","BOSS"],"items_purchased_type":["Card","Relic","Relic","Card","Card","Card"],"build_version":"2020-12-22","purchased_purges":5,"victory":true,"max_hp_per_floor":[96,98,98,98,102,104,104,106,106,106,108,108,110,110,110,112,112,116,116,120,120,120,120,124,126,126,126,128,128,128,130,130,132,132,132,125,125,125,125,125,125,125,125,125,125,125,125,125,125,125],"card_choices":[{"not_picked":["Stack+1","Force Field+1"],"picked":"Singing Bowl","floor":1},{"not_picked":["Steam+1","Streamline+1"],"picked":"Singing Bowl","floor":1},{"not_picked":["Scrape+1","Go for the Eyes+1"],"picked":"Singing Bowl","floor":2},{"not_picked":["Aggregate+1","Defragment+1"],"picked":"SKIP","floor":2},{"not_picked":["Beam Cell+1","Consume+1"],"picked":"Singing Bowl","floor":5},{"not_picked":["Genetic Algorithm+1","Sweeping Beam+1"],"picked":"Singing Bowl","floor":5},{"not_picked":["Coolheaded+1","Self Repair+1"],"picked":"Singing Bowl","floor":6},{"not_picked":["Undo+1"],"picked":"Creative AI+1","floor":8},{"not_picked":["Go for the Eyes+1","Cold Snap+1"],"picked":"Singing Bowl","floor":8},{"not_picked":["Rebound+1"],"picked":"Storm+1","floor":11},{"not_picked":["Turbo+1","Redo+1"],"picked":"Singing Bowl","floor":11},{"not_picked":["Ball Lightning+1","Gash+1"],"picked":"Singing Bowl","floor":13},{"not_picked":["Machine Learning+1","All For One+1"],"picked":"Singing Bowl","floor":16},{"not_picked":["Skim+1","Gash+1"],"picked":"Singing Bowl","floor":18},{"not_picked":["Darkness+1","Beam Cell+1"],"picked":"Singing Bowl","floor":18},{"not_picked":["Undo+1","Hello World+1"],"picked":"Singing Bowl","floor":20},{"not_picked":["Leap+1","Coolheaded+1"],"picked":"Singing Bowl","floor":20},{"not_picked":["Doom and Gloom+1"],"picked":"Multi-Cast+1","floor":23},{"not_picked":["Steam+1","Glacier+1"],"picked":"Singing Bowl","floor":24},{"not_picked":["Gash+1","Rip and Tear+1"],"picked":"Singing Bowl","floor":24},{"not_picked":["Turbo+1","Beam Cell+1"],"picked":"Singing Bowl","floor":25},{"not_picked":["Steam+1"],"picked":"Amplify+1","floor":25},{"not_picked":["Stack+1","Ball Lightning+1"],"picked":"Singing Bowl","floor":28},{"not_picked":["Hologram+1"],"picked":"Double Energy+1","floor":28},{"not_picked":["Coolheaded+1","Cold Snap+1"],"picked":"Singing Bowl","floor":31},{"not_picked":["Thunder Strike+1","Machine Learning+1"],"picked":"Singing Bowl","floor":33}],"player_experience":2002132,"relics_obtained":[{"floor":6,"key":"Du-Vu Doll"},{"floor":9,"key":"InkBottle"},{"floor":13,"key":"Ornamental Fan"},{"floor":23,"key":"Turnip"},{"floor":26,"key":"The Courier"},{"floor":31,"key":"Red Mask"},{"floor":42,"key":"Art of War"},{"floor":43,"key":"Blue Candle"}],"event_choices":[{"damage_healed":0,"gold_gain":0,"player_choice":"Fled","damage_taken":0,"max_hp_gain":0,"max_hp_loss":0,"event_name":"Scrap Ooze","floor":3,"gold_loss":0},{"damage_healed":0,"gold_gain":0,"player_choice":"Damaged","damage_taken":11,"max_hp_gain":0,"max_hp_loss":0,"event_name":"Wheel of Change","floor":14,"gold_loss":0},{"damage_healed":0,"gold_gain":0,"player_choice":"Opened","damage_taken":0,"relics_obtained":["Nunchaku"],"max_hp_gain":0,"max_hp_loss":0,"event_name":"The Mausoleum","floor":22,"gold_loss":0},{"damage_healed":0,"gold_gain":0,"player_choice":"Fought Bandits","damage_taken":0,"max_hp_gain":0,"max_hp_loss":0,"event_name":"Masked Bandits","floor":31,"gold_loss":0},{"damage_healed":0,"gold_gain":0,"player_choice":"Max HP","damage_taken":0,"max_hp_gain":0,"max_hp_loss":7,"event_name":"Winding Halls","floor":36,"gold_loss":0},{"damage_healed":0,"gold_gain":0,"player_choice":"Memory 1","damage_taken":0,"max_hp_gain":0,"max_hp_loss":0,"event_name":"SensoryStone","floor":37,"gold_loss":0},{"cards_removed":["Static Discharge"],"damage_healed":0,"gold_gain":0,"player_choice":"Removed Power","damage_taken":0,"max_hp_gain":0,"max_hp_loss":0,"event_name":"Falling","floor":38,"gold_loss":0}],"is_beta":false,"boss_relics":[{"not_picked":["Tiny House","Astrolabe"],"picked":"SlaversCollar"},{"not_picked":["Coffee Dripper","Runic Dome"],"picked":"Busted Crown"}],"items_purged_floors":[4,10,19,29,48],"is_endless":false,"potions_floor_spawned":[5,6,8,16,20,25,28,31,39,46],"ascension_level":0}}