{"host":"2pmmafybkq7zb6na","time":1610721894,"event":{"mods":["AchievementEnabler","BaseMod","Colored Map","Highlight Path","Minty Spire (QoL Compilation)","Quick Restart","StSLib","SuperFastMode"],"gold_per_floor":[115,134,154,11,86,104,131,131,201,219,219,219,247,264,264,365,365,378,378,41,58,68,68,97,97,97,110,121,21,21,0,0,0,0],"floor_reached":33,"language":"KOR","playtime":2189,"items_purged":["Bash","Strike_R"],"score":277,"play_id":"9113e94d-d2c6-455f-b5dc-4cf44e2fde68","local_time":"20210115234454","is_ascension_mode":false,"campfire_choices":[{"data":"Armaments","floor":8,"key":"SMITH"},{"floor":11,"key":"REST"},{"floor":15,"key":"REST"},{"data":"Infernal Blade","floor":23,"key":"SMITH"},{"floor":30,"key":"REST"},{"floor":32,"key":"REST"}],"circlet_count":0,"master_deck":["Strike_R","Strike_R","Strike_R","Defend_R","Defend_R","Defend_R","Defend_R","Offering","Combust","Armaments+1","Combust","Perfected Strike","Thunderclap","Shrug It Off","Anger","Feed","Disarm","Rupture","Infernal Blade+1","Beam Cell","Coolheaded"],"relics":["Burning Blood","Blood Vial","Pocketwatch","Gremlin Horn","Happy Flower","Sozu","PrismaticShard","InkBottle","Boot"],"acts_visited":["TheCity"],"potions_floor_usage":[16,24,28],"damage_taken":[{"damage":7,"enemies":"Jaw Worm","floor":1,"turns":4},{"damage":9,"enemies":"Cultist","floor":2,"turns":3},{"damage":12,"enemies":"Small Slimes","floor":3,"turns":2},{"damage":14,"enemies":"Blue Slaver","floor":6,"turns":4},{"damage":32,"enemies":"Lagavulin","floor":7,"turns":6},{"damage":10,"enemies":"Exordium Thugs","floor":10,"turns":3},{"damage":21,"enemies":"Gremlin Nob","floor":13,"turns":4},{"damage":8,"enemies":"3 Louse","floor":14,"turns":3},{"damage":38,"enemies":"The Guardian","floor":16,"turns":7},{"damage":13,"enemies":"Shell Parasite","floor":18,"turns":4},{"damage":26,"enemies":"Spheric Guardian","floor":21,"turns":4},{"damage":22,"enemies":"Snecko","floor":22,"turns":5},{"damage":52,"enemies":"Slavers","floor":24,"turns":5},{"damage":17,"enemies":"3 Cultists","floor":27,"turns":4},{"damage":14,"enemies":"Centurion and Healer","floor":28,"turns":8},{"damage":74,"enemies":"Champ","floor":33,"turns":9}],"seed_played":"4513051968120314451","potions_obtained":[{"floor":2,"key":"BloodPotion"},{"floor":7,"key":"SteroidPotion"},{"floor":14,"key":"SpeedPotion"}],"is_trial":false,"path_per_floor":["M","M","M","$","?","M","E","R","T","M","R","?","E","M","R","B",null,"M","?","$","M","M","R","E","?","T","M","M","$","R","?","R","B"],"character_chosen":"IRONCLAD","items_purchased":["Blood Vial","Rupture","Infernal Blade","PrismaticShard"],"campfire_rested":4,"item_purchase_floors":[4,20,20,20],"current_hp_per_floor":[79,76,70,70,59,53,29,29,29,27,51,51,38,38,62,32,80,73,73,73,58,47,47,20,20,20,15,9,9,36,36,63,0,0],"gold":0,"neow_bonus":"ONE_RANDOM_RARE_CARD","is_daily":false,"chose_seed":false,"campfire_upgraded":2,"win_rate":0.0,"timestamp":1610721894,"path_taken":["M","M","M","$","?","M","E","R","T","M","R","?","E","M","R","BOSS","M","?","$","M","M","R","E","?","T","M","?","$","R","?","R","BOSS"],"items_purchased_type":["Relic","Card","Card","Relic"],"build_version":"2020-12-22","purchased_purges":2,"victory":false,"max_hp_per_floor":[80,80,80,80,80,80,80,80,80,80,80,80,80,80,80,80,80,80,80,80,83,86,86,86,86,86,90,90,90,90,90,90,90,90],"card_choices":[{"not_picked":["Headbutt","Disarm"],"picked":"Combust","floor":1},{"not_picked":["Sword Boomerang","Shrug It Off"],"picked":"Armaments","floor":2},{"not_picked":["Sever Soul","Cleave"],"picked":"Combust","floor":3},{"not_picked":["Entrench","Heavy Blade"],"picked":"Perfected Strike","floor":6},{"not_picked":["Sword Boomerang","Flame Barrier","Clash"],"picked":"SKIP","floor":7},{"not_picked":["Reckless Charge","Offering"],"picked":"Thunderclap","floor":10},{"not_picked":["Juggernaut","Warcry"],"picked":"Shrug It Off","floor":13},{"not_picked":["Dark Embrace","Disarm"],"picked":"Anger","floor":14},{"not_picked":["Barricade","Berserk"],"picked":"Feed","floor":16},{"not_picked":["Second Wind","Burning Pact"],"picked":"Disarm","floor":18},{"not_picked":["Expertise","EmptyBody+1","Crescendo"],"picked":"SKIP","floor":21},{"not_picked":["Reprogram+1","Clothesline"],"picked":"Beam Cell","floor":22},{"not_picked":["Blade Dance+1","Cleave+1","Thunderclap"],"picked":"SKIP","floor":24},{"not_picked":["EmptyBody","PathToVictory"],"picked":"Coolheaded","floor":27},{"not_picked":["Underhanded Strike","Dagger Spray","WaveOfTheHand+1"],"picked":"SKIP","floor":28}],"player_experience":26324,"relics_obtained":[{"floor":7,"key":"Pocketwatch"},{"floor":9,"key":"Gremlin Horn"},{"floor":13,"key":"Happy Flower"},{"floor":24,"key":"InkBottle"},{"floor":26,"key":"Boot"}],"event_choices":[{"damage_healed":0,"gold_gain":75,"player_choice":"Gather Gold","damage_taken":11,"max_hp_gain":0,"max_hp_loss":0,"event_name":"World of Goop","floor":5,"gold_loss":0},{"damage_healed":0,"gold_gain":0,"player_choice":"Ignored","damage_taken":0,"max_hp_gain":0,"max_hp_loss":0,"event_name":"Liars Game","floor":12,"gold_loss":0},{"damage_healed":0,"gold_gain":0,"player_choice":"Ignored","damage_taken":0,"max_hp_gain":0,"max_hp_loss":0,"event_name":"Cursed Tome","floor":19,"gold_loss":0},{"cards_removed":["Strike_R"],"damage_healed":0,"gold_gain":0,"player_choice":"Purged","damage_taken":0,"max_hp_gain":0,"max_hp_loss":0,"event_name":"Purifier","floor":25,"gold_loss":0},{"damage_healed":0,"gold_gain":0,"player_choice":"Paid Fearfully","damage_taken":0,"max_hp_gain":0,"max_hp_loss":0,"event_name":"Masked Bandits","floor":31,"gold_loss":21}],"is_beta":false,"boss_relics":[{"not_picked":["Mark of Pain","Runic Pyramid"],"picked":"Sozu"}],"items_purged_floors":[20,29],"is_endless":false,"potions_floor_spawned":[2,7,14,18,24],"killed_by":"Champ","ascension_level":0}}