{"host":"mbj2cbgnaexp1bjw","time":1610729564,"event":{"mods":["BaseMod","DNKmod","Energized Spire","Friendly Minions","Grow up Mod","Highlight Path","Marisa£®ÏF”Í°°ƒß¿Ì…≥£©","Minty Spire (QoL Compilation)","Remove Card Discount Mod","Replay The Spire","Spicy Shops","StSLib"],"gold_per_floor":[1017,560,573,573,573,604,3,3,29,29,63,78,112,104,104,232,232,253,253,69,69,69,269,76,114,127,140,140,164,164,188,188,201,201,326,326,350,370,370,12,12,121,121,206,206,288,325,381,381,408,408,476,476,476,33,113,163],"floor_reached":58,"language":"ZHS","playtime":3988,"items_purged":["Wraith","Strike_MRS","Strike_MRS","Defend_MRS","Defend_MRS","Strike_MRS","Defend_MRS","Strike_MRS","Defend_MRS+1","UpSweep","6A","CasketOfStar","Singularity","Sickly","Apotheosis+1"],"score":1734,"play_id":"7867d8bb-0d55-4dcb-9f02-ed24703cc6ea","local_time":"20210116005244","is_ascension_mode":false,"campfire_choices":[{"data":"MagicChant","floor":8.0,"key":"SMITH"},{"floor":32.0,"key":"RECALL"},{"floor":34.0,"key":"DIG"},{"data":"Apotheosis","floor":43.0,"key":"SMITH"},{"data":"OortCloud","floor":49.0,"key":"SMITH"},{"data":"UltimateShortwave","floor":51.0,"key":"SMITH"},{"data":"AsteroidBelt","floor":54.0,"key":"SMITH"}],"circlet_count":0,"master_deck":["MilkyWay+1","CollectingQuirk+1","DeepEcoloBomb+1","MagicChant+1","MillisecondPulsars+1","UnstableBomb+1","FairyDestructionRay+1","AsteroidBelt+1","AsteroidBelt+1","GrandCross","ShootTheMoon+1","AsteroidBelt+1","UltimateShortwave+1","OortCloud+1","OortCloud+1","SuperPerseids"],"relics":["MiniHakkero","NeowsBlessing","ReplayTheSpireMod:CursedCoin","Sundial","Ancient Tea Set","Toy Ornithopter","ReplayTheSpireMod:Lightbulb","Bottled Lightning","Guide Book","Bag of Preparation","Golden Idol","War Paint","Regal Pillow","ExperimentalFamiliar","Membership Card","Lantern","Replay:Mystery Machine","InkBottle","Pear","Coffee Dripper","Onion Ring","Replay:Bandana","Oddly Smooth Stone","Ring of Peace","Juzu Bracelet","Replay:Bottled Steam","Molten Egg 2","Bag of Marbles","Boot","Whetstone","Medical Kit","OrangePellets","Anchor","BreadOfAWashokuLover","Iron Hammer","Bottled Tornado"],"acts_visited":["Exordium","TheCity","TheBeyond","TheEnding"],"potions_floor_usage":[],"damage_taken":[{"damage":0.0,"enemies":"Cultist","floor":1.0,"turns":1.0},{"damage":0.0,"enemies":"2 Louse","floor":3.0,"turns":1.0},{"damage":0.0,"enemies":"3 Sentries","floor":6.0,"turns":1.0},{"damage":0.0,"enemies":"Gremlin Nob","floor":11.0,"turns":2.0},{"damage":0.0,"enemies":"Jaw Worm","floor":12.0,"turns":1.0},{"damage":2.0,"enemies":"Replay:BlueRogue","floor":13.0,"turns":2.0},{"damage":0.0,"enemies":"Fading Forest","floor":16.0,"turns":9.0},{"damage":3.0,"enemies":"2 Thieves","floor":18.0,"turns":2.0},{"damage":1.0,"enemies":"Slavers","floor":25.0,"turns":2.0},{"damage":0.0,"enemies":"Spheric Guardian","floor":26.0,"turns":1.0},{"damage":12.0,"enemies":"Centurion and Healer","floor":27.0,"turns":2.0},{"damage":0.0,"enemies":"Sentry and Sphere","floor":29.0,"turns":2.0},{"damage":0.0,"enemies":"Snecko","floor":31.0,"turns":1.0},{"damage":0.0,"enemies":"Chosen and Byrds","floor":33.0,"turns":1.0},{"damage":0.0,"enemies":"Automaton","floor":35.0,"turns":3.0},{"damage":0.0,"enemies":"Orb Walker","floor":37.0,"turns":1.0},{"damage":0.0,"enemies":"3 Darklings","floor":38.0,"turns":1.0},{"damage":0.0,"enemies":"R_Hoarder","floor":42.0,"turns":3.0},{"damage":0.0,"enemies":"Nemesis","floor":44.0,"turns":3.0},{"damage":0.0,"enemies":"Giant Head","floor":46.0,"turns":3.0},{"damage":0.0,"enemies":"Sphere and 2 Shapes","floor":47.0,"turns":1.0},{"damage":0.0,"enemies":"Nemesis","floor":48.0,"turns":1.0},{"damage":0.0,"enemies":"Donu and Deca","floor":52.0,"turns":3.0},{"damage":0,"enemies":"Shield and Spear","floor":56,"turns":2},{"damage":0,"enemies":"The Heart","floor":57,"turns":5}],"seed_played":"8187274306119166583","potions_obtained":[{"floor":3.0,"key":"DistilledChaos"},{"floor":12.0,"key":"SpeedPotion"},{"floor":13.0,"key":"EntropicBrew"},{"floor":38.0,"key":"Milkshake"}],"is_trial":false,"path_per_floor":["M","$","M","?","?","E","$","R","T","?","E","M","E","$","R","B",null,"M","?","$","PTL","PTL","?","$","E","M","M","T","M","?","M","R","M","R","B",null,"M","M","?","$","?","E","R","E","T","E","M","E","R","T","R","B",null,"R","$","E","B",null],"character_chosen":"MARISA","items_purchased":["ReplayTheSpireMod:CursedCoin","Sundial","Ancient Tea Set","CollectingQuirk","6A","MillisecondPulsars","Bottled Lightning","Guide Book","UnstableBomb+1","Membership Card","GrandCross","Singularity","Lantern","Replay:Mystery Machine","Apotheosis","Onion Ring","Replay:Bandana","Oddly Smooth Stone","Medical Kit","OrangePellets","Anchor","BreadOfAWashokuLover","Iron Hammer"],"campfire_rested":0,"item_purchase_floors":[2,2,2,2,2,7,7,7,7,20,20,24,24,24,40,40,40,40,55,55,55,55,55],"current_hp_per_floor":[120,130,140,150,157,167,177,187,197,157,167,177,185,195,155,165,280,287,297,307,317,327,337,347,356,366,364,374,384,394,404,414,424,444,454,480,490,500,510,520,530,540,550,560,570,580,590,600,610,620,630,640,650,660,670,680,690],"gold":163,"neow_bonus":"THREE_ENEMY_KILL","is_daily":false,"chose_seed":false,"campfire_upgraded":5,"win_rate":0.0,"timestamp":1610729564,"path_taken":["M","$","M","?","?","E","?","R","T","?","E","M","E","$","R","BOSS","M","?","?","PTL","PTL","?","$","E","M","M","T","?","?","?","R","M","R","BOSS","M","M","?","$","?","E","R","E","T","E","M","E","R","?","R","BOSS","R","$","E","BOSS"],"items_purchased_type":["Relic","Relic","Relic","Card","Card","Card","Relic","Relic","Card","Relic","Card","Card","Relic","Relic","Card","Relic","Relic","Relic","Relic","Relic","Relic","Relic","Relic"],"build_version":"2020-12-22","purchased_purges":15,"victory":true,"max_hp_per_floor":[120,130,140,150,160,170,180,190,200,210,220,230,240,250,260,270,280,290,300,310,320,330,340,350,360,370,380,390,400,410,420,430,440,460,470,480,490,500,510,520,530,540,550,560,570,580,590,600,610,620,630,640,650,660,670,680,690],"card_choices":[{"not_picked":["UnstableBomb","GravityBeat"],"picked":"MilkyWay","floor":1.0},{"not_picked":["MysteriousBeam","DarkMatter"],"picked":"DeepEcoloBomb","floor":3.0},{"not_picked":["EnergyRecoil","DragonMeteor"],"picked":"MagicChant","floor":6.0},{"not_picked":["StarBarrage","PowerUp"],"picked":"FairyDestructionRay","floor":11.0},{"not_picked":["EscapeVelocity","GasGiant","EnergyRecoil"],"picked":"SKIP","floor":12.0},{"not_picked":["ShootingEcho","MilkyWay"],"picked":"AsteroidBelt","floor":13.0},{"not_picked":["BlazingStar","MillisecondPulsars"],"picked":"CasketOfStar","floor":16.0},{"not_picked":["OneTimeOff","NonDirectionalLaser+1"],"picked":"AsteroidBelt","floor":18.0},{"not_picked":["DarkSpark","6A"],"picked":"ShootTheMoon","floor":25.0},{"not_picked":["ChargingUp","MysteriousBeam","6A"],"picked":"SKIP","floor":26.0},{"not_picked":["NonDirectionalLaser+1","ChargeUpSpray","6A"],"picked":"SKIP","floor":27.0},{"not_picked":["MeteoricShower","SatelliteIllusion"],"picked":"AsteroidBelt+1","floor":29.0},{"not_picked":["6A","EnergyRecoil","ChargingUp"],"picked":"SKIP","floor":31.0},{"not_picked":["LuminesStrike","DC","Singularity"],"picked":"SKIP","floor":33.0},{"not_picked":["MaximisePower","EscapeVelocity"],"picked":"UltimateShortwave","floor":35.0},{"not_picked":["IllusionStar","MeteoricShower+1","UnstableBomb"],"picked":"SKIP","floor":37.0},{"not_picked":["OneTimeOff","DeepEcoloBomb+1"],"picked":"OortCloud","floor":38.0},{"not_picked":["WitchLeyline+1","ShootTheMoon","GravityBeat+1"],"picked":"SKIP","floor":42.0},{"not_picked":["IllusionStar+1","AsteroidBelt","GravityBeat+1"],"picked":"SKIP","floor":44.0},{"not_picked":["WitchOfGreed+1","EventHorizon+1","AsteroidBelt"],"picked":"SKIP","floor":46.0},{"not_picked":["WitchOfGreed+1","GravityBeat+1","MillisecondPulsars"],"picked":"SKIP","floor":47.0},{"not_picked":["Singularity+1","MillisecondPulsars"],"picked":"OortCloud+1","floor":48.0},{"not_picked":["AsteroidBelt","WitchLeyline+1"],"picked":"SuperPerseids","floor":56}],"player_experience":68522,"relics_obtained":[{"floor":6.0,"key":"ReplayTheSpireMod:Lightbulb"},{"floor":9.0,"key":"Bag of Preparation"},{"floor":11.0,"key":"War Paint"},{"floor":13.0,"key":"Regal Pillow"},{"floor":25.0,"key":"InkBottle"},{"floor":34.0,"key":"Pear"},{"floor":41.0,"key":"Ring of Peace"},{"floor":42.0,"key":"Juzu Bracelet"},{"floor":44.0,"key":"Replay:Bottled Steam"},{"floor":45.0,"key":"Molten Egg 2"},{"floor":46.0,"key":"Bag of Marbles"},{"floor":48.0,"key":"Boot"},{"floor":50.0,"key":"Whetstone"},{"floor":56,"key":"Bottled Tornado"}],"event_choices":[{"damage_healed":0.0,"max_hp_gain":0.0,"max_hp_loss":0.0,"gold_gain":0.0,"event_name":"Living Wall","player_choice":"Grow","floor":4.0,"gold_loss":0.0,"damage_taken":0.0,"cards_upgraded":["MilkyWay"]},{"damage_healed":0.0,"max_hp_gain":0.0,"max_hp_loss":0.0,"gold_gain":0.0,"event_name":"Scrap Ooze","player_choice":"Success","floor":5.0,"gold_loss":0.0,"damage_taken":3.0,"relics_obtained":["Toy Ornithopter"]},{"damage_healed":0.0,"max_hp_gain":0.0,"max_hp_loss":0.0,"gold_gain":0.0,"event_name":"Golden Idol","player_choice":"Take Damage","floor":10.0,"gold_loss":0.0,"damage_taken":50.0,"relics_obtained":["Golden Idol"]},{"damage_healed":0.0,"max_hp_gain":0.0,"max_hp_loss":0.0,"gold_gain":0.0,"event_name":"Shining Light","player_choice":"Entered Light","floor":15.0,"gold_loss":0.0,"damage_taken":50.0,"cards_upgraded":["MasterSpark","AsteroidBelt"]},{"cards_removed":["MasterSpark"],"damage_healed":0.0,"max_hp_gain":0.0,"max_hp_loss":0.0,"gold_gain":0.0,"event_name":"Back to Basics","player_choice":"Elegance","floor":19.0,"gold_loss":0.0,"damage_taken":0.0},{"damage_healed":0.0,"max_hp_gain":0.0,"max_hp_loss":0.0,"gold_gain":200.0,"event_name":"Wheel of Change","player_choice":"Gold","floor":23.0,"gold_loss":0.0,"damage_taken":0.0},{"damage_healed":0.0,"max_hp_gain":0.0,"max_hp_loss":0.0,"gold_gain":0.0,"event_name":"Accursed Blacksmith","player_choice":"Forge","floor":30.0,"gold_loss":0.0,"damage_taken":0.0,"cards_upgraded":["FairyDestructionRay"]},{"damage_healed":0.0,"max_hp_gain":0.0,"max_hp_loss":0.0,"gold_gain":0.0,"event_name":"SensoryStone","player_choice":"Memory 1","floor":39.0,"gold_loss":0.0,"damage_taken":0.0}],"is_beta":false,"boss_relics":[{"not_picked":["energizedSpire:RedRose","Honey Jar"],"picked":"ExperimentalFamiliar"},{"not_picked":["BewitchedHakkero","energizedSpire:SpiderWeb"],"picked":"Coffee Dripper"}],"items_purged_floors":[2,2,2,2,2,2,2,14,14,14,14,40,40,55,55],"is_endless":false,"potions_floor_spawned":[3,12,13,16,26,31,33,35,38,44,46,47,56],"ascension_level":0}}