{"host":"0av13bfd5y1jedv9","time":1610709509,"event":{"mods":["Act Like it!","BaseMod","Conspire","Downfall","Hallownest","Hubris","Infinite Spire","Minty Spire (QoL Compilation)","Relic Sorter","Replay The Spire","StSLib","The Hierophant","The Senshi"],"gold_per_floor":[211,311,324,324,224,238,238,313,313,313,313,93,121,296,296,423,423,458,513,513,438,438,438],"floor_reached":23,"language":"ENG","playtime":1752,"items_purged":["Defend_P"],"score":311,"play_id":"f6558c9b-4ccd-4673-8b20-66336f4883f5","local_time":"20210115111829","is_ascension_mode":true,"campfire_choices":[{"data":"Ghostly","floor":11,"key":"SMITH"},{"floor":15,"key":"DIG"}],"circlet_count":0,"master_deck":["Defend_P","Defend_P","Defend_P","Eruption","Vigilance","Swivel","Prostrate","Ghostly+1","CutThroughFate","hubris:Greed","hubris:Greed","CrushJoints","Doubt","hubris:Greed","hubris:Greed","Brilliance","Replay:ManipulateFuture","hubris:Greed","hubris:Greed","Replay:Anticipation","Slimebound:Tackle+1","Slimebound:Tackle+1","Slimebound:Tackle+1"],"relics":["PureWater","hubris:Icosahedron","ReplayTheSpireMod:CursedCoin","conspire:Flyswatter","hubris:Towel","Membership Card","Damaru","hubris:Teleporter","Fusion Hammer"],"acts_visited":["Exordium","TheCity"],"potions_floor_usage":[18],"damage_taken":[{"damage":20,"enemies":"Small Slimes","floor":1,"turns":4},{"damage":0,"enemies":"Cultist","floor":3,"turns":4},{"damage":2,"enemies":"conspire:RoseBush","floor":6,"turns":4},{"damage":3,"enemies":"3 Louse","floor":13,"turns":4},{"damage":26,"enemies":"Fading Forest","floor":16,"turns":11},{"damage":16,"enemies":"Shell Parasite","floor":18,"turns":6},{"damage":10,"enemies":"conspire:FuzzyDice","floor":19,"turns":7},{"damage":57,"enemies":"Book of Stabbing","floor":23,"turns":6}],"seed_played":"223832224863126389","potions_obtained":[{"floor":16,"key":"Swift Potion"}],"is_trial":false,"path_per_floor":["M","?","M","?","?","M","?","$","T","?","R","$","M","?","R","B",null,"M","M","?","?","E"],"character_chosen":"WATCHER","items_purchased":["ReplayTheSpireMod:CursedCoin","Membership Card","Damaru"],"campfire_rested":0,"item_purchase_floors":[8,12,12],"current_hp_per_floor":[52,52,52,52,52,50,50,50,50,50,50,50,47,47,47,31,72,56,46,46,46,0,0],"gold":438,"neow_bonus":"HUNDRED_GOLD","is_daily":false,"chose_seed":false,"campfire_upgraded":1,"win_rate":0.0,"timestamp":1610709509,"path_taken":["M","?","?","?","?","M","?","?","T","?","R","$","?","?","R","BOSS","M","M","?","?","E"],"items_purchased_type":["Relic","Relic","Relic"],"build_version":"2020-12-22","purchased_purges":1,"victory":false,"max_hp_per_floor":[72,72,72,72,72,72,72,72,72,72,72,72,72,72,72,72,72,72,72,72,72,72,72],"card_choices":[{"not_picked":["Wallop","Replay:AtTheReady"],"picked":"Swivel","floor":1},{"not_picked":["FlurryOfBlows","BattleHymn"],"picked":"Prostrate","floor":3},{"not_picked":["EmptyBody","Replay:BluntJabs"],"picked":"CutThroughFate","floor":6},{"not_picked":["Swivel","Meditate"],"picked":"CrushJoints","floor":13},{"not_picked":["Omniscience","DevaForm"],"picked":"Brilliance","floor":16},{"not_picked":["Replay:AllIn","Crescendo"],"picked":"Replay:ManipulateFuture","floor":18},{"not_picked":["Consecrate","CutThroughFate"],"picked":"Replay:Anticipation","floor":19}],"player_experience":195829,"relics_obtained":[{"floor":9,"key":"conspire:Flyswatter"},{"floor":15,"key":"hubris:Teleporter"}],"event_choices":[{"damage_healed":0,"gold_gain":100,"player_choice":"Pray","damage_taken":0,"max_hp_gain":0,"max_hp_loss":0,"event_name":"Golden Shrine","floor":2,"gold_loss":0},{"damage_healed":0,"gold_gain":0,"player_choice":"Argue","damage_taken":0,"max_hp_gain":0,"max_hp_loss":0,"event_name":"conspire:LoneGhost","floor":5,"gold_loss":0},{"damage_healed":0,"gold_gain":175,"player_choice":"AGREE","damage_taken":0,"max_hp_gain":0,"max_hp_loss":0,"event_name":"Liars Game","floor":14,"gold_loss":0,"cards_obtained":["Doubt"]},{"cards_removed":["hubris:Greed"],"damage_healed":0,"gold_gain":0,"player_choice":"Gave Gold","damage_taken":0,"max_hp_gain":0,"max_hp_loss":0,"event_name":"Beggar","floor":21,"gold_loss":75}],"is_beta":false,"boss_relics":[{"not_picked":["Replay:Drink Me","Runic Dome"],"picked":"Fusion Hammer"}],"items_purged_floors":[8],"is_endless":false,"potions_floor_spawned":[16],"killed_by":"Book of Stabbing","ascension_level":1}}