{"host":"j4g6ia6asvpyu2b0","time":1610729204,"event":{"mods":["BaseMod","Colored Map","Minty Spire (QoL Compilation)","Permanent Neow","Quick Restart","Relic Stats","StSLib","Unceasing Turn Reminder"],"gold_per_floor":[116,126,126,51,63,63,74,74,74,104,121,121,139,149,149,244,244,256,256,256,270,284,284,284],"floor_reached":23,"language":"ENG","playtime":734,"items_purged":["Parasite"],"score":312,"play_id":"0cbf6183-2bb8-4c70-837f-e58525b21339","local_time":"20210115094644","is_ascension_mode":true,"campfire_choices":[{"floor":6,"key":"DIG"},{"floor":8,"key":"DIG"},{"floor":12,"key":"DIG"},{"floor":15,"key":"DIG"}],"circlet_count":0,"master_deck":["AscendersBane","Strike_B","Strike_B","Strike_B","Strike_B","Defend_B","Defend_B","Defend_B","Defend_B","Zap+1","Dualcast","Sweeping Beam","Tempest","Doom and Gloom","Melter","Hologram","Glacier","Biased Cognition","Sweeping Beam+1","Core Surge+1","Ball Lightning+1","White Noise","Capacitor"],"relics":["Cracked Core","Shovel","Akabeko","Bag of Marbles","Pantograph","Symbiotic Virus","Molten Egg 2","Regal Pillow","Black Star"],"acts_visited":["Exordium","TheCity"],"potions_floor_usage":[10,18,23,23],"damage_taken":[{"damage":2.0,"enemies":"Jaw Worm","floor":1.0,"turns":3.0},{"damage":1.0,"enemies":"Cultist","floor":2.0,"turns":3.0},{"damage":0,"enemies":"2 Louse","floor":5,"turns":2},{"damage":6,"enemies":"Blue Slaver","floor":7,"turns":3},{"damage":2,"enemies":"Lagavulin","floor":10,"turns":3},{"damage":0,"enemies":"Exordium Wildlife","floor":11,"turns":1},{"damage":6,"enemies":"3 Louse","floor":13,"turns":2},{"damage":2,"enemies":"Blue Slaver","floor":14,"turns":2},{"damage":42,"enemies":"Hexaghost","floor":16,"turns":9},{"damage":0,"enemies":"Spheric Guardian","floor":18,"turns":2},{"damage":1,"enemies":"3 Byrds","floor":21,"turns":4},{"damage":38,"enemies":"Shelled Parasite and Fungi","floor":22,"turns":4},{"damage":10,"enemies":"Slavers","floor":23,"turns":1}],"seed_played":"2050617313961321449","potions_obtained":[{"floor":1.0,"key":"SkillPotion"},{"floor":7,"key":"Fire Potion"},{"floor":10,"key":"PotionOfCapacity"},{"floor":21,"key":"EntropicBrew"}],"is_trial":false,"path_per_floor":["M","M","?","$","M","R","M","R","T","E","M","R","M","M","R","B",null,"M","?","?","M","M","E"],"character_chosen":"DEFECT","items_purchased":[],"campfire_rested":0,"item_purchase_floors":[],"current_hp_per_floor":[66,65,65,65,65,65,59,59,59,57,57,57,51,49,49,30,62,62,62,49,48,10,0,0],"gold":284,"neow_bonus":"ONE_RARE_RELIC","is_daily":false,"chose_seed":false,"campfire_upgraded":0,"win_rate":0.0,"timestamp":1610729204,"path_taken":["M","M","?","?","M","R","M","R","T","E","M","R","?","M","R","BOSS","M","?","?","M","M","E"],"items_purchased_type":[],"build_version":"2020-12-22","purchased_purges":1,"victory":false,"max_hp_per_floor":[75,75,75,72,72,72,72,72,72,72,72,72,72,72,72,72,72,72,72,77,77,77,77,77],"relic_stats":{"Regal Pillow":0,"Shovel":4,"counters":[13,39],"Pantograph":23,"Black Star":0,"obtain_stats":[{"Regal Pillow":15,"Shovel":0,"Pantograph":9,"Molten Egg 2":12,"Bag of Marbles":8,"Black Star":17,"Cracked Core":0,"Symbiotic Virus":10,"Akabeko":6},{"Regal Pillow":8,"Shovel":0,"Pantograph":4,"Molten Egg 2":6,"Bag of Marbles":4,"Black Star":9,"Cracked Core":0,"Symbiotic Virus":5,"Akabeko":3},{"Regal Pillow":19,"Shovel":0,"Pantograph":11,"Molten Egg 2":15,"Bag of Marbles":11,"Black Star":28,"Cracked Core":0,"Symbiotic Virus":14,"Akabeko":8}]},"card_choices":[{"not_picked":["Compile Driver","Streamline"],"picked":"Sweeping Beam","floor":1.0},{"not_picked":["Coolheaded","Compile Driver"],"picked":"Tempest","floor":2.0},{"not_picked":["Chaos","Rip and Tear"],"picked":"Doom and Gloom","floor":5},{"not_picked":["Rip and Tear","Blizzard"],"picked":"Melter","floor":7},{"not_picked":["Steam","Lockon"],"picked":"Hologram","floor":10},{"not_picked":["Barrage","Auto Shields"],"picked":"Glacier","floor":11},{"not_picked":["Beam Cell+1","Static Discharge"],"picked":"Biased Cognition","floor":13},{"not_picked":["Hologram","Recycle"],"picked":"Sweeping Beam+1","floor":14},{"not_picked":["All For One+1","Reboot"],"picked":"Core Surge+1","floor":16},{"not_picked":["Reprogram","Hello World"],"picked":"Ball Lightning+1","floor":18},{"not_picked":["Consume","Gash+1"],"picked":"White Noise","floor":21},{"not_picked":["Hologram","Tempest"],"picked":"Capacitor","floor":22}],"player_experience":861197,"relics_obtained":[{"floor":6,"key":"Akabeko"},{"floor":8,"key":"Bag of Marbles"},{"floor":9,"key":"Pantograph"},{"floor":10,"key":"Symbiotic Virus"},{"floor":12,"key":"Molten Egg 2"},{"floor":15,"key":"Regal Pillow"}],"event_choices":[{"damage_healed":0.0,"max_hp_gain":0.0,"max_hp_loss":0.0,"gold_gain":0.0,"event_name":"Upgrade Shrine","player_choice":"Upgraded","floor":3.0,"gold_loss":0.0,"damage_taken":0.0,"cards_upgraded":["Zap"]},{"damage_healed":0,"gold_gain":0,"player_choice":"Ignored","damage_taken":0,"max_hp_gain":0,"max_hp_loss":0,"event_name":"Ghosts","floor":19,"gold_loss":0},{"damage_healed":0,"gold_gain":0,"player_choice":"Shed Blood","damage_taken":18,"max_hp_gain":5,"max_hp_loss":0,"event_name":"Forgotten Altar","floor":20,"gold_loss":0}],"is_beta":false,"boss_relics":[{"not_picked":["SlaversCollar","Ectoplasm"],"picked":"Black Star"}],"items_purged_floors":[4],"is_endless":false,"potions_floor_spawned":[1,7,10,13,14,21],"killed_by":"Slavers","ascension_level":12}}