{"host":"i1fqlpve17okw40o","time":1610691732,"event":{"mods":["A Magickal Journey","Act Like it!","Aspiration","BaseMod","BetterRewards","CapriCore","Colored Map","Colored Powertips","Downfall","Elementarium","Energized Spire","Glutton Mod","Halation","Hermit","Highlight Path","Hubris","Koishi","Marisa????????","Mimic Mod","Minty Spire (QoL Compilation)","Quick Restart","Random Character Button","Relic Sorter","Replay The Spire","Retaliation","Reworked Bosses","StSLib","SuperFastMode","Td1madao Mod","The Construct","The Disciple","The Forsaken","The Immortal","The Jungle","The Runesmith","The Senshi","The Servant 0.9.4","vexMod"],"gold_per_floor":[116,191,203,203,217,165,165,196,196,209,33,33,33,44,44,149,149,163,163,18,35,134,34,34,34,34],"floor_reached":25,"language":"ENG","playtime":800,"items_purged":["Strike_R","Defend_R"],"score":199,"play_id":"7d233f68-2d98-4e6a-91a7-cf13478aec75","local_time":"20210115002212","is_ascension_mode":false,"campfire_choices":[{"floor":7,"key":"REST"},{"data":"Searing Blow+1","floor":13,"key":"SMITH"},{"data":"Bash","floor":15,"key":"SMITH"},{"data":"Iron Wave","floor":24,"key":"SMITH"}],"circlet_count":0,"master_deck":["Strike_R","Strike_R","Strike_R","Strike_R","Defend_R","Defend_R","Defend_R","Bash+1","Pommel Strike+1","Inflame+1","Searing Blow+3","hubris:CleavingFinish+1","DDmod:SpikedSkill+1","Shrug It Off+1","Barricade+1","Iron Wave+1"],"relics":["Burning Blood","Regal Pillow","aspiration:HatOfInfinitePower","Counterbalance","Mercury Hourglass","Replay:WaspNest","Guide Book","hubris:Towel","vexMod:ImprovementManual","Blood Vial"],"acts_visited":["Exordium","TheCity"],"potions_floor_usage":[14,16,25,25],"damage_taken":[{"damage":11,"enemies":"Jaw Worm","floor":1,"turns":2},{"damage":0,"enemies":"2 Louse","floor":3,"turns":3},{"damage":1,"enemies":"Cultist","floor":5,"turns":3},{"damage":13,"enemies":"Replay:BlueRogue","floor":8,"turns":5},{"damage":5,"enemies":"Looter","floor":10,"turns":3},{"damage":0,"enemies":"Large Slime","floor":14,"turns":5},{"damage":32,"enemies":"Slime Boss","floor":16,"turns":6},{"damage":30,"enemies":"2 Thieves","floor":18,"turns":3},{"damage":15,"enemies":"Spheric Guardian","floor":21,"turns":5},{"damage":40,"enemies":"Slavers","floor":25,"turns":3}],"seed_played":"-6611389623517100674","potions_obtained":[{"floor":1,"key":"BlessingOfTheForge"},{"floor":5,"key":"DDmod:CleansePotion"},{"floor":8,"key":"Strength Potion"},{"floor":18,"key":"LiquidBronze"},{"floor":21,"key":"champ:CounterPotion"}],"is_trial":false,"path_per_floor":["M","?","M","?","M","$","R","E","T","M","$","?","R","M","R","B",null,"M","?","$","M","?","$","R","E"],"character_chosen":"IRONCLAD","items_purchased":["Pommel Strike","Regal Pillow","aspiration:HatOfInfinitePower","Inflame","Searing Blow","Block Potion","Guide Book","Shrug It Off+1","Blood Vial"],"campfire_rested":1,"item_purchase_floors":[0,0,0,0,0,6,11,11,20],"current_hp_per_floor":[39,28,34,22,27,27,66,59,59,60,60,60,60,66,66,40,80,56,44,44,37,37,37,37,0,0],"gold":34,"neow_bonus":"","is_daily":false,"chose_seed":false,"campfire_upgraded":3,"win_rate":0.0,"timestamp":1610691732,"path_taken":["M","?","M","?","M","$","R","E","T","M","$","?","R","M","R","BOSS","M","?","$","?","?","$","R","E"],"items_purchased_type":["Card","Relic","Relic","Card","Card","Potion","Relic","Card","Relic"],"build_version":"2020-12-22","purchased_purges":2,"victory":false,"max_hp_per_floor":[80,80,80,80,80,80,80,80,80,80,80,80,80,80,80,80,80,80,80,80,80,80,80,80,80,80],"card_choices":[{"not_picked":["Pommel Strike","Dark Embrace","Bloodletting"],"picked":"SKIP","floor":1},{"not_picked":["Shrug It Off","Hemokinesis"],"picked":"hubris:CleavingFinish","floor":3},{"not_picked":["Feel No Pain","Dark Embrace"],"picked":"DDmod:SpikedSkill","floor":5},{"not_picked":["Replay:Undeath\u0027s Touch","Rage","Clash"],"picked":"SKIP","floor":8},{"not_picked":["hubris:SharpeningStone","Burning Pact","DDmod:CallousedSkill"],"picked":"SKIP","floor":10},{"not_picked":["Iron Wave","ReplayTheSpireMod:Strike From Hell","Abandon"],"picked":"SKIP","floor":14},{"not_picked":["DDmod:RechargeSkill","Limit Break"],"picked":"Barricade","floor":16},{"not_picked":["Cleave+1","Flex","ReplayReversal"],"picked":"SKIP","floor":18},{"not_picked":["Spot Weakness","Whirlwind"],"picked":"Iron Wave","floor":21}],"player_experience":419607,"relics_obtained":[{"floor":8,"key":"Mercury Hourglass"},{"floor":9,"key":"Replay:WaspNest"}],"event_choices":[{"damage_healed":0,"gold_gain":75,"player_choice":"Gather Gold","damage_taken":11,"max_hp_gain":0,"max_hp_loss":0,"event_name":"World of Goop","floor":2,"gold_loss":0},{"damage_healed":0,"gold_gain":0,"player_choice":"Success","damage_taken":12,"relics_obtained":["Counterbalance"],"max_hp_gain":0,"max_hp_loss":0,"event_name":"Scrap Ooze","floor":4,"gold_loss":0},{"damage_healed":0,"gold_gain":0,"player_choice":"POTION ","damage_taken":12,"max_hp_gain":0,"max_hp_loss":0,"event_name":"Knowing Skull","floor":19,"potions_obtained":["Languid Potion"],"gold_loss":0,"cards_obtained":[]},{"damage_healed":0,"gold_gain":99,"player_choice":"Stole From Cult","damage_taken":0,"max_hp_gain":0,"max_hp_loss":0,"event_name":"Nest","floor":22,"gold_loss":0}],"is_beta":false,"boss_relics":[{"not_picked":["aspiration:SilentSkillbook","halation:MonkeysPaw"],"picked":"vexMod:ImprovementManual"}],"items_purged_floors":[0,23],"is_endless":false,"potions_floor_spawned":[1,5,8,10,18,21],"killed_by":"Slavers","ascension_level":0}}