{"host":"0xtpc43j5kblke7u","time":1610688797,"event":{"mods":["AchievementEnabler","BaseMod","Colored Map","Highlight Path","Minty Spire (QoL Compilation)"],"gold_per_floor":[115,115,115,64,64,100,100,144,214,235,54,123,123,139,139,270,270,294,313,117,117,135,135,171,171,223,223,241,241,272,285,285,414,477,495,256,269,115,129,129,145,161,161,161,230,74,74,90,90,90],"floor_reached":51,"language":"ENG","playtime":3251,"items_purged":["Strike_R","Strike_R"],"score":1202,"play_id":"f467ffc0-1990-4483-a2f6-b062f975a7cf","local_time":"20210115003317","is_ascension_mode":true,"campfire_choices":[{"data":"True Grit","floor":7.0,"key":"SMITH"},{"data":"Flame Barrier","floor":13.0,"key":"SMITH"},{"data":"Clothesline","floor":15.0,"key":"SMITH"},{"data":"Uppercut","floor":23.0,"key":"SMITH"},{"floor":25.0,"key":"REST"},{"data":"Cleave","floor":32.0,"key":"SMITH"},{"floor":40.0,"key":"REST"},{"floor":49.0,"key":"REST"}],"circlet_count":0,"master_deck":["AscendersBane","Strike_R+1","Defend_R+1","Defend_R+1","Defend_R+1","Defend_R+1","Bash+1","Pommel Strike+1","True Grit+1","Flame Barrier+1","Shockwave","Clothesline+1","Good Instincts","Twin Strike+1","Demon Form+1","Uppercut+1","Disarm","Cleave+1","Impervious","Armaments+1","Seeing Red","Limit Break"],"relics":["Burning Blood","NeowsBlessing","Smiling Mask","Golden Idol","Self Forming Clay","Pen Nib","Meat on the Bone","HornCleat","Sozu","Regal Pillow","StrikeDummy","Happy Flower","Bag of Preparation","Tiny House","Paper Frog","Orrery","Strawberry","Calipers","Whetstone"],"acts_visited":["Exordium","TheCity","TheBeyond"],"potions_floor_usage":[],"damage_taken":[{"damage":0.0,"enemies":"Small Slimes","floor":1.0,"turns":1.0},{"damage":0.0,"enemies":"Gremlin Nob","floor":6.0,"turns":1.0},{"damage":0.0,"enemies":"3 Sentries","floor":8.0,"turns":2.0},{"damage":19.0,"enemies":"Jaw Worm","floor":10.0,"turns":4.0},{"damage":16.0,"enemies":"Gremlin Nob","floor":12.0,"turns":5.0},{"damage":3.0,"enemies":"2 Louse","floor":14.0,"turns":3.0},{"damage":52.0,"enemies":"Slime Boss","floor":16.0,"turns":14.0},{"damage":7.0,"enemies":"Chosen","floor":18.0,"turns":5.0},{"damage":17.0,"enemies":"Spheric Guardian","floor":19.0,"turns":6.0},{"damage":2.0,"enemies":"Snake Plant","floor":22.0,"turns":4.0},{"damage":49.0,"enemies":"Slavers","floor":24.0,"turns":6.0},{"damage":9.0,"enemies":"Centurion and Healer","floor":28.0,"turns":6.0},{"damage":30.0,"enemies":"Gremlin Leader","floor":30.0,"turns":6.0},{"damage":9.0,"enemies":"3 Cultists","floor":31.0,"turns":5.0},{"damage":21.0,"enemies":"Collector","floor":33.0,"turns":7.0},{"damage":8.0,"enemies":"3 Shapes","floor":35.0,"turns":5.0},{"damage":8.0,"enemies":"Orb Walker","floor":37.0,"turns":3.0},{"damage":26.0,"enemies":"Spire Growth","floor":39.0,"turns":6.0},{"damage":21.0,"enemies":"3 Darklings","floor":41.0,"turns":5.0},{"damage":18.0,"enemies":"Writhing Mass","floor":42.0,"turns":6.0},{"damage":50.0,"enemies":"2 Orb Walkers","floor":45.0,"turns":6.0},{"damage":22.0,"enemies":"Transient","floor":48.0,"turns":5.0},{"damage":48,"enemies":"Awakened One","floor":50,"turns":10}],"seed_played":"3472503887190623047","potions_obtained":[{"floor":6.0,"key":"LiquidMemories"},{"floor":10.0,"key":"FearPotion"},{"floor":12.0,"key":"Strength Potion"},{"floor":14.0,"key":"Swift Potion"}],"is_trial":false,"path_per_floor":["M","?","?","$","?","E","R","E","T","M","$","?","R","M","R","B",null,"M","M","$","?","M","R","E","R","T","?","M","?","E","M","R","B",null,"M","$","M","$","M","R","M","M","T","?","?","$","?","M","R","B",null],"character_chosen":"IRONCLAD","items_purchased":["True Grit","Clothesline","Good Instincts","Regal Pillow","Paper Frog","Orrery","Whetstone"],"campfire_rested":3,"item_purchase_floors":[4,11,11,20,36,38,46],"current_hp_per_floor":[78,60,53,53,53,59,59,65,65,52,52,54,54,57,57,23,61,60,49,49,49,53,53,22,59,59,59,56,56,44,53,53,50,73,71,71,69,69,49,79,64,52,59,59,27,27,27,23,63,33],"gold":90,"neow_bonus":"THREE_ENEMY_KILL","is_daily":false,"chose_seed":false,"campfire_upgraded":5,"win_rate":0.0,"timestamp":1610688797,"path_taken":["M","?","?","$","?","E","R","E","T","M","$","?","R","M","R","BOSS","M","M","$","?","?","R","E","R","T","?","M","?","E","M","R","BOSS","M","$","M","$","M","R","M","M","T","?","?","$","?","M","R","BOSS"],"items_purchased_type":["Card","Card","Card","Relic","Relic","Relic","Relic"],"build_version":"2020-12-22","purchased_purges":2,"victory":true,"max_hp_per_floor":[80,80,80,80,74,74,74,74,74,74,74,74,74,74,74,74,74,74,74,74,74,74,74,74,74,74,74,74,74,74,74,74,74,79,79,79,79,79,79,79,79,79,86,86,86,86,86,86,86,86],"card_choices":[{"not_picked":["Armaments","Twin Strike"],"picked":"Pommel Strike","floor":1.0},{"not_picked":["Ghostly Armor","Evolve"],"picked":"Flame Barrier","floor":6.0},{"not_picked":["Corruption","Dual Wield"],"picked":"Shockwave","floor":8.0},{"not_picked":["Blood for Blood","Sever Soul","Pommel Strike"],"picked":"SKIP","floor":10.0},{"not_picked":["Perfected Strike","Blood for Blood"],"picked":"Twin Strike","floor":14.0},{"not_picked":["Juggernaut","Limit Break"],"picked":"Demon Form","floor":16.0},{"not_picked":["Infernal Blade","Wild Strike"],"picked":"Uppercut","floor":18.0},{"not_picked":["Clothesline+1","Thunderclap","Fire Breathing"],"picked":"SKIP","floor":19.0},{"not_picked":["Carnage+1","Body Slam","Pommel Strike"],"picked":"SKIP","floor":22.0},{"not_picked":["Exhume","Thunderclap"],"picked":"Disarm","floor":24.0},{"not_picked":["Dropkick+1","Entrench","Evolve"],"picked":"SKIP","floor":28.0},{"not_picked":["Rampage","Iron Wave+1"],"picked":"Cleave","floor":30.0},{"not_picked":["Dropkick+1","Wild Strike+1","Perfected Strike"],"picked":"SKIP","floor":31.0},{"not_picked":["Double Tap","Berserk"],"picked":"Impervious","floor":33.0},{"not_picked":["Armaments","Reckless Charge","Uppercut+1"],"picked":"SKIP","floor":35.0},{"not_picked":["Shrug It Off","Thunderclap","Wild Strike+1"],"picked":"SKIP","floor":37.0},{"not_picked":["True Grit+1","Sword Boomerang+1"],"picked":"Armaments+1","floor":38.0},{"not_picked":["True Grit","Wild Strike","Battle Trance"],"picked":"SKIP","floor":39.0},{"not_picked":["Havoc","Thunderclap+1","Twin Strike"],"picked":"SKIP","floor":41.0},{"not_picked":["Thunderclap+1","Rampage"],"picked":"Seeing Red","floor":42.0},{"not_picked":["Evolve","Ghostly Armor"],"picked":"Limit Break","floor":45.0},{"not_picked":["True Grit","Reckless Charge","Flex"],"picked":"SKIP","floor":48.0}],"player_experience":633479,"relics_obtained":[{"floor":6.0,"key":"Self Forming Clay"},{"floor":8.0,"key":"Pen Nib"},{"floor":9.0,"key":"Meat on the Bone"},{"floor":12.0,"key":"HornCleat"},{"floor":24.0,"key":"StrikeDummy"},{"floor":26.0,"key":"Happy Flower"},{"floor":30.0,"key":"Bag of Preparation"},{"floor":43.0,"key":"Strawberry"},{"floor":45.0,"key":"Calipers"}],"event_choices":[{"damage_healed":0.0,"max_hp_gain":0.0,"max_hp_loss":0.0,"gold_gain":0.0,"event_name":"Scrap Ooze","player_choice":"Success","floor":2.0,"gold_loss":0.0,"damage_taken":18.0,"relics_obtained":["Smiling Mask"]},{"cards_removed":["Strike_R"],"damage_healed":0.0,"max_hp_gain":0.0,"max_hp_loss":0.0,"gold_gain":0.0,"event_name":"Golden Wing","player_choice":"Card Removal","floor":3.0,"gold_loss":0.0,"damage_taken":7.0},{"damage_healed":0.0,"max_hp_gain":0.0,"max_hp_loss":6.0,"gold_gain":0.0,"event_name":"Golden Idol","player_choice":"Lose Max HP","floor":5.0,"gold_loss":0.0,"damage_taken":0.0,"relics_obtained":["Golden Idol"]},{"damage_healed":0.0,"max_hp_gain":0.0,"max_hp_loss":0.0,"gold_gain":0.0,"event_name":"Dead Adventurer","player_choice":"Searched \u00272\u0027 times","floor":12.0,"gold_loss":0.0,"damage_taken":0.0},{"damage_healed":0.0,"max_hp_gain":0.0,"max_hp_loss":0.0,"gold_gain":0.0,"event_name":"Upgrade Shrine","player_choice":"Upgraded","floor":21.0,"gold_loss":0.0,"damage_taken":0.0,"cards_upgraded":["Demon Form"]},{"damage_healed":0.0,"max_hp_gain":0.0,"max_hp_loss":0.0,"gold_gain":0.0,"event_name":"Cursed Tome","player_choice":"Ignored","floor":27.0,"gold_loss":0.0,"damage_taken":0.0},{"damage_healed":0.0,"max_hp_gain":0.0,"max_hp_loss":0.0,"gold_gain":0.0,"event_name":"Back to Basics","player_choice":"Simplicity","floor":29.0,"gold_loss":0.0,"damage_taken":0.0,"cards_upgraded":["Strike_R","Strike_R","Defend_R","Defend_R","Defend_R","Defend_R"]},{"damage_healed":0.0,"max_hp_gain":0.0,"max_hp_loss":0.0,"gold_gain":0.0,"event_name":"Tomb of Lord Red Mask","player_choice":"Ignored","floor":44.0,"gold_loss":0.0,"damage_taken":0.0},{"damage_healed":0.0,"max_hp_gain":0.0,"max_hp_loss":0.0,"gold_gain":0.0,"event_name":"Mysterious Sphere","player_choice":"Fight","floor":45.0,"gold_loss":0.0,"damage_taken":0.0},{"cards_removed":["Strike_R"],"damage_healed":0.0,"max_hp_gain":0.0,"max_hp_loss":0.0,"gold_gain":0.0,"event_name":"Falling","player_choice":"Removed Attack","floor":47.0,"gold_loss":0.0,"damage_taken":0.0}],"is_beta":false,"boss_relics":[{"not_picked":["Busted Crown","Philosopher\u0027s Stone"],"picked":"Sozu"},{"not_picked":["Astrolabe","SlaversCollar"],"picked":"Tiny House"}],"items_purged_floors":[11,20],"is_endless":false,"potions_floor_spawned":[6,10,12,14,18,19,28,35,39,45,48],"ascension_level":10}}