{"host":"22s5scuj7mu87reg","time":1610723070,"event":{"mods":["BaseMod","Better Third Choice","Colored Powertips","Dota2Spire","Downfall","Duelist Mod","GungeonMod","Halation","Hubris","Infinite Spire","Koishi","KomeijiMod","Minty Spire (QoL Compilation)","Quick Restart","Replay The Spire","StSLib","SuperFastMode","The Jungle","The Mystic","The Necromancer","Wandering Minibosses"],"gold_per_floor":[109,34,34,0,19,47,47,62,62,90,105,105,105,105,105,202,202,213,213,213,196,196,226,226,255,255,255,155,175,189,189,189],"floor_reached":31,"language":"POL","playtime":1716,"items_purged":["Strike_B","Pain","Defend_B"],"score":364,"play_id":"3f2f47e5-9cbf-48ab-90da-9c73399d717a","local_time":"20210115160430","is_ascension_mode":true,"campfire_choices":[{"floor":13,"key":"REST"},{"floor":15,"key":"REST"},{"data":"infinitespire:UltimateForm","floor":24,"key":"SMITH"}],"circlet_count":0,"master_deck":["Strike_B","Strike_B","Defend_B","Defend_B","Defend_B","Zap","Dualcast","Turbo","ReplayTheSpireMod:Book of Names+1","Enlightenment","Turbo","Redo","Lockon","White Noise","Coolheaded","Echo Form","infinitespire:UltimateForm+1","hubris:DoWhile","infinitespire:Oblivion","Compile Driver","Meteor Strike"],"relics":["Cracked Core","NeowsBlessing","DemoMod:Antibody","Dota2Spire:MantaStyle","halation:KoshaPiece","hubris:Towel","Sozu","WarpedTongs","Solar Panel","Nunchaku","Kunai"],"acts_visited":["Exordium","TheCity"],"potions_floor_usage":[],"damage_taken":[{"damage":0,"enemies":"Cultist","floor":1,"turns":1},{"damage":0,"enemies":"2 Louse","floor":5,"turns":1},{"damage":0,"enemies":"Lagavulin","floor":6,"turns":1},{"damage":6,"enemies":"Small Slimes","floor":8,"turns":3},{"damage":23,"enemies":"Gremlin Nob","floor":10,"turns":4},{"damage":21,"enemies":"Blue Slaver","floor":11,"turns":4},{"damage":36,"enemies":"Slime Boss","floor":16,"turns":11},{"damage":14,"enemies":"Chosen","floor":18,"turns":5},{"damage":24,"enemies":"2 Thieves","floor":21,"turns":5},{"damage":3,"enemies":"Nightmare","floor":23,"turns":10},{"damage":24,"enemies":"Book of Stabbing","floor":25,"turns":5},{"damage":35,"enemies":"Shelled Parasite and Fungi","floor":29,"turns":4},{"damage":12,"enemies":"Cultist and Chosen","floor":30,"turns":4},{"damage":9,"enemies":"Chosen and Byrds","floor":31,"turns":3}],"seed_played":"-4566937132399066050","potions_obtained":[{"floor":5,"key":"LiquidMemories"},{"floor":6,"key":"LiquidMemories"},{"floor":8,"key":"Energy Potion"}],"is_trial":false,"path_per_floor":["M","$","?","?","M","E","?","M","T","E","M","?","R","?","R","B",null,"M","?","AVR","M","?","NM","R","E","T","?","$","M","M","M"],"character_chosen":"DEFECT","items_purchased":[],"campfire_rested":2,"item_purchase_floors":[],"current_hp_per_floor":[75,75,56,62,62,62,55,49,49,26,5,5,29,29,53,17,81,67,67,67,55,81,81,81,57,57,57,57,26,14,5,5],"gold":189,"neow_bonus":"THREE_ENEMY_KILL","is_daily":false,"chose_seed":false,"campfire_upgraded":1,"win_rate":0.0,"timestamp":1610723070,"path_taken":["M","?","?","?","?","E","?","M","T","E","M","?","R","?","R","BOSS","M","?","AVR","?","?","NM","R","E","T","?","?","?","M","M"],"items_purchased_type":[],"build_version":"2020-12-13","purchased_purges":3,"victory":false,"max_hp_per_floor":[75,75,75,81,81,81,81,81,81,81,81,81,81,81,81,81,81,81,81,81,81,81,81,81,81,81,81,81,81,81,81,81],"card_choices":[{"not_picked":["Static Discharge","Time Bomb"],"picked":"Turbo","floor":1},{"not_picked":["ReplayTheSpireMod:Haul","infinitespire:FinalStrike"],"picked":"ReplayTheSpireMod:Book of Names","floor":3},{"not_picked":["Rebound","Stack"],"picked":"Turbo","floor":5},{"not_picked":["Barrage","Consume"],"picked":"Redo","floor":6},{"not_picked":["Rebound","Sweeping Beam"],"picked":"Lockon","floor":8},{"not_picked":["Skim","hubris:Prefetch"],"picked":"White Noise","floor":10},{"not_picked":["Thunder Strike","Stack"],"picked":"Coolheaded","floor":11},{"not_picked":["Amplify","Biased Cognition"],"picked":"Echo Form","floor":16},{"not_picked":["Defragment","Conserve Battery+1","Panic Button"],"picked":"SKIP","floor":18},{"not_picked":["Gash","Time Bomb"],"picked":"hubris:DoWhile","floor":21},{"not_picked":["ReplayTheSpireMod:Black Plague","infinitespire:NeuralNetwork"],"picked":"infinitespire:Oblivion","floor":23},{"not_picked":["Rainbow","Cold Snap+1"],"picked":"Compile Driver","floor":23},{"not_picked":["hubris:SpecializedCircuitry","Sweeping Beam"],"picked":"Meteor Strike","floor":25},{"not_picked":["Sunder","Turbo","Steam"],"picked":"SKIP","floor":29},{"not_picked":["Conserve Battery","Glacier","Steam"],"picked":"SKIP","floor":30}],"player_experience":139589,"relics_obtained":[{"floor":6,"key":"DemoMod:Antibody"},{"floor":9,"key":"Dota2Spire:MantaStyle"},{"floor":10,"key":"halation:KoshaPiece"},{"floor":23,"key":"Nunchaku"},{"floor":25,"key":"Kunai"}],"event_choices":[{"damage_healed":0,"gold_gain":0,"player_choice":"RENOUNCE","damage_taken":34,"max_hp_gain":0,"max_hp_loss":0,"event_name":"betterThird:BetterSerpent","floor":4,"gold_loss":34,"cards_obtained":["Enlightenment"]},{"cards_removed":["Strike_B"],"damage_healed":0,"gold_gain":0,"player_choice":"Card Removal","damage_taken":7,"max_hp_gain":0,"max_hp_loss":0,"event_name":"Golden Wing","floor":7,"gold_loss":0},{"damage_healed":0,"gold_gain":0,"player_choice":"Upgraded","damage_taken":0,"max_hp_gain":0,"max_hp_loss":0,"event_name":"Upgrade Shrine","floor":14,"gold_loss":0,"cards_upgraded":["ReplayTheSpireMod:Book of Names"]},{"damage_healed":0,"gold_gain":0,"player_choice":"Rummage","damage_taken":0,"relics_obtained":["WarpedTongs"],"max_hp_gain":0,"max_hp_loss":0,"event_name":"Accursed Blacksmith","floor":19,"gold_loss":0,"cards_obtained":["Pain"]}],"is_beta":false,"boss_relics":[{"not_picked":["hubris:RunicObelisk","Tiny House"],"picked":"Sozu"}],"items_purged_floors":[2,20,28],"is_endless":false,"potions_floor_spawned":[5,6,8,11,16,23],"killed_by":"Chosen and Byrds","ascension_level":2}}