{"host":"1pwde2j81wdvsae3","time":1610686281,"event":{"mods":["BaseMod","Minty Spire (QoL Compilation)","Replay The Spire","Shop Mod","StSLib"],"gold_per_floor":[113,113,129,204,271,298,298,308,308,68,93,103,113,128,128,227,227,239,254,266,285,54,54,82,114,114,148,163,163,194,212,212,314,314,328,342,358,30,30,65,65,90,90,90,102,102,102,112,112,112,112],"floor_reached":50,"language":"ZHS","playtime":2194,"items_purged":["Doubt"],"score":1048,"play_id":"7461b9c2-8b1b-43cf-bd63-1724c0838978","local_time":"20210115125121","is_ascension_mode":true,"campfire_choices":[{"data":"Bash","floor":7.0,"key":"SMITH"},{"floor":15.0,"key":"REST"},{"data":"Dark Embrace","floor":23.0,"key":"SMITH"},{"floor":32.0,"key":"REST"},{"floor":41.0,"key":"REST"},{"data":"Limit Break","floor":44.0,"key":"SMITH"},{"floor":47.0,"key":"REST"},{"data":"Berserk","floor":49.0,"key":"SMITH"}],"circlet_count":0,"master_deck":["AscendersBane","Strike_R","Strike_R","Strike_R","Strike_R","Strike_R","Defend_R","Defend_R","Defend_R","Defend_R","Bash+1","Flame Barrier","Clothesline","Spot Weakness","Perfected Strike","Dark Embrace+1","True Grit","Pommel Strike","Wild Strike","Metallicize","Shrug It Off","Limit Break+1","Battle Trance","Power Through","Whirlwind","Rampage","Feel No Pain","Ghostly Armor","Berserk+1","Sentinel+1","Armaments","Power Through","Decay","Inflame","Fire Breathing","Reaper","Pommel Strike","Headbutt","Run Through","Seeing Red","Fire Breathing","Intimidate","Warcry","ReplayTheSpireMod:Strike From Hell","Shrug It Off"],"relics":["Black Blood","NeowsBlessing","Ancient Tea Set","Pet Ghost","Quantum Egg","Vajra","Blood Vial","Ooze Armor","ReplayTheSpireMod:CursedCoin","PreservedInsect","Counterbalance","Red Mask","Mercury Hourglass","Pen Nib","Replay:Mystery Machine","Mirror","Blue Doll","Replay:Bottled Steam","Replay:Bottled Snecko"],"acts_visited":["Exordium","TheCity","TheBeyond"],"potions_floor_usage":[50],"damage_taken":[{"damage":0.0,"enemies":"Small Slimes","floor":1.0,"turns":1.0},{"damage":0.0,"enemies":"2 Louse","floor":3.0,"turns":1.0},{"damage":0.0,"enemies":"Lagavulin","floor":6.0,"turns":1.0},{"damage":0.0,"enemies":"Jaw Worm","floor":8.0,"turns":3.0},{"damage":30.0,"enemies":"3 Sentries","floor":11.0,"turns":8.0},{"damage":18.0,"enemies":"Gremlin Gang","floor":12.0,"turns":5.0},{"damage":0.0,"enemies":"Exordium Wildlife","floor":13.0,"turns":3.0},{"damage":9.0,"enemies":"Blue Slaver","floor":14.0,"turns":3.0},{"damage":69.0,"enemies":"Hexaghost","floor":16.0,"turns":12.0},{"damage":16.0,"enemies":"2 Thieves","floor":18.0,"turns":4.0},{"damage":0.0,"enemies":"Spheric Guardian","floor":19.0,"turns":3.0},{"damage":11.0,"enemies":"Centurion and Healer","floor":20.0,"turns":6.0},{"damage":12.0,"enemies":"Snake Plant","floor":21.0,"turns":3.0},{"damage":7.0,"enemies":"Replay:Snechameleon","floor":24.0,"turns":3.0},{"damage":69.0,"enemies":"Masked Bandits","floor":25.0,"turns":5.0},{"damage":0.0,"enemies":"Gremlin Leader","floor":27.0,"turns":4.0},{"damage":11.0,"enemies":"Snecko","floor":28.0,"turns":5.0},{"damage":10.0,"enemies":"Book of Stabbing","floor":30.0,"turns":4.0},{"damage":16.0,"enemies":"3 Cultists","floor":31.0,"turns":5.0},{"damage":52.0,"enemies":"Champ","floor":33.0,"turns":11.0},{"damage":33.0,"enemies":"3 Darklings","floor":35.0,"turns":5.0},{"damage":12.0,"enemies":"Orb Walker","floor":36.0,"turns":5.0},{"damage":10.0,"enemies":"Maw","floor":37.0,"turns":7.0},{"damage":69.0,"enemies":"Reptomancer","floor":40.0,"turns":6.0},{"damage":12.0,"enemies":"Nemesis","floor":42.0,"turns":7.0},{"damage":29.0,"enemies":"Sphere and 2 Shapes","floor":45.0,"turns":5.0},{"damage":10.0,"enemies":"Spire Growth","floor":48.0,"turns":4.0},{"damage":89,"enemies":"Donu and Deca","floor":50,"turns":7}],"seed_played":"6768160214167610120","potions_obtained":[{"floor":1.0,"key":"GamblersBrew"},{"floor":8.0,"key":"SpeedPotion"},{"floor":11.0,"key":"FairyPotion"},{"floor":14.0,"key":"FairyPotion"},{"floor":27.0,"key":"EssenceOfSteel"},{"floor":33.0,"key":"LiquidBronze"},{"floor":37.0,"key":"ColorlessPotion"},{"floor":45.0,"key":"Regen Potion"}],"is_trial":false,"path_per_floor":["M","?","M","?","?","E","R","M","T","$","E","M","M","M","R","B",null,"M","M","M","M","$","R","E","?","T","E","M","?","E","M","R","B",null,"M","M","M","$","?","E","R","E","T","R","M","?","R","M","R","B"],"character_chosen":"IRONCLAD","items_purchased":["Vajra","Dark Embrace","True Grit","ReplayTheSpireMod:CursedCoin","Feel No Pain","Ghostly Armor","PreservedInsect","Mirror","Seeing Red"],"campfire_rested":4,"item_purchase_floors":[10,10,10,22,22,22,22,38,38],"current_hp_per_floor":[78,66,72,61,61,67,67,73,73,73,49,39,47,46,70,9,62,54,62,59,55,55,55,56,21,21,29,26,26,24,16,40,30,68,63,65,79,79,79,23,47,50,50,50,35,35,59,80,80,0,0],"gold":112,"neow_bonus":"THREE_ENEMY_KILL","is_daily":false,"chose_seed":false,"campfire_upgraded":4,"win_rate":0.0,"timestamp":1610686281,"path_taken":["M","?","M","?","?","E","R","M","T","?","E","M","?","M","R","BOSS","M","M","M","M","$","R","E","?","T","E","M","?","E","M","R","BOSS","M","M","M","$","?","E","R","E","T","R","?","?","R","M","R","BOSS"],"items_purchased_type":["Relic","Card","Card","Relic","Card","Card","Relic","Relic","Card"],"build_version":"2020-12-22","purchased_purges":1,"victory":false,"max_hp_per_floor":[80,80,80,80,80,80,80,80,80,80,80,80,80,80,80,80,80,80,80,80,80,80,80,80,80,80,80,80,80,80,80,80,80,80,80,80,80,80,80,80,80,80,80,80,80,80,80,80,80,80,80],"card_choices":[{"not_picked":["Replay:Undeath\u0027s Touch","Shrug It Off"],"picked":"Flame Barrier","floor":1.0},{"not_picked":["Combust","Replay:Undeath\u0027s Touch"],"picked":"Clothesline","floor":3.0},{"not_picked":["Iron Wave","Disarm"],"picked":"Spot Weakness","floor":6.0},{"not_picked":["Flame Barrier","Body Slam"],"picked":"Perfected Strike","floor":8.0},{"not_picked":["Replay:Undeath\u0027s Touch","Blood for Blood"],"picked":"Pommel Strike","floor":11.0},{"not_picked":["Inflame","True Grit"],"picked":"Wild Strike","floor":12.0},{"not_picked":["Warcry","Sword Boomerang"],"picked":"Metallicize","floor":13.0},{"not_picked":["Thunderclap","Havoc"],"picked":"Shrug It Off","floor":14.0},{"not_picked":["Feed","Exhume"],"picked":"Limit Break","floor":16.0},{"not_picked":["Iron Wave+1","Carnage"],"picked":"Battle Trance","floor":18.0},{"not_picked":["Massacre","Pommel Strike+1"],"picked":"Power Through","floor":19.0},{"not_picked":["Clash","Flame Barrier+1"],"picked":"Whirlwind","floor":20.0},{"not_picked":["Uppercut","Anger"],"picked":"Rampage","floor":21.0},{"not_picked":["Warcry","Rage"],"picked":"Berserk","floor":24.0},{"not_picked":["Cleave","Perfected Strike"],"picked":"Sentinel+1","floor":25.0},{"not_picked":["Bloodletting","Replay:Many Hands"],"picked":"Armaments","floor":27.0},{"not_picked":["Dark Embrace","Cleave"],"picked":"Power Through","floor":28.0},{"not_picked":["Replay:Undeath\u0027s Touch","ReplayTheSpireMod:Stacked"],"picked":"Inflame","floor":30.0},{"not_picked":["Perfected Strike","Whirlwind"],"picked":"Fire Breathing","floor":31.0},{"not_picked":["Berserk","Limit Break"],"picked":"Reaper","floor":33.0},{"not_picked":["True Grit","ReplayTheSpireMod:Corrosion Curse"],"picked":"Pommel Strike","floor":35.0},{"not_picked":["Spot Weakness","Cleave"],"picked":"Headbutt","floor":36.0},{"not_picked":["Iron Wave","Clash"],"picked":"Run Through","floor":37.0},{"not_picked":["Havoc","Perfected Strike"],"picked":"Intimidate","floor":40.0},{"not_picked":["Sever Soul","Eclipse"],"picked":"Warcry","floor":42.0},{"not_picked":["Carnage","Clash"],"picked":"ReplayTheSpireMod:Strike From Hell","floor":45.0},{"not_picked":["Iron Wave","Cleave"],"picked":"Shrug It Off","floor":48.0}],"player_experience":204251,"relics_obtained":[{"floor":6.0,"key":"Pet Ghost"},{"floor":9.0,"key":"Quantum Egg"},{"floor":11.0,"key":"Blood Vial"},{"floor":24.0,"key":"Counterbalance"},{"floor":25.0,"key":"Red Mask"},{"floor":26.0,"key":"Mercury Hourglass"},{"floor":27.0,"key":"Pen Nib"},{"floor":30.0,"key":"Replay:Mystery Machine"},{"floor":40.0,"key":"Blue Doll"},{"floor":42.0,"key":"Replay:Bottled Steam"},{"floor":43.0,"key":"Replay:Bottled Snecko"}],"event_choices":[{"damage_healed":0.0,"max_hp_gain":0.0,"max_hp_loss":0.0,"gold_gain":0.0,"event_name":"Scrap Ooze","player_choice":"Success","floor":2.0,"gold_loss":0.0,"damage_taken":12.0,"relics_obtained":["Ancient Tea Set"]},{"damage_healed":0.0,"max_hp_gain":0.0,"max_hp_loss":0.0,"gold_gain":75.0,"event_name":"World of Goop","player_choice":"Gather Gold","floor":4.0,"gold_loss":0.0,"damage_taken":11.0},{"damage_healed":0.0,"max_hp_gain":0.0,"max_hp_loss":0.0,"gold_gain":67.0,"event_name":"Golden Wing","player_choice":"Gained Gold","floor":5.0,"gold_loss":0.0,"damage_taken":0.0},{"damage_healed":0.0,"max_hp_gain":0.0,"max_hp_loss":0.0,"gold_gain":0.0,"event_name":"Masked Bandits","player_choice":"Fought Bandits","floor":25.0,"gold_loss":0.0,"damage_taken":0.0},{"damage_healed":0.0,"max_hp_gain":0.0,"max_hp_loss":0.0,"gold_gain":0.0,"event_name":"Forgotten Altar","player_choice":"Smashed Altar","floor":29.0,"gold_loss":0.0,"damage_taken":0.0,"cards_obtained":["Decay"]},{"damage_healed":0.0,"max_hp_gain":0.0,"max_hp_loss":0.0,"gold_gain":0.0,"event_name":"Duplicator","player_choice":"Copied","floor":39.0,"gold_loss":0.0,"damage_taken":0.0,"cards_obtained":["Fire Breathing"]},{"damage_healed":0.0,"max_hp_gain":0.0,"max_hp_loss":0.0,"gold_gain":0.0,"event_name":"Tomb of Lord Red Mask","player_choice":"Ignored","floor":46.0,"gold_loss":0.0,"damage_taken":0.0}],"is_beta":false,"boss_relics":[{"not_picked":["Runic Cube","Pandora\u0027s Box"],"picked":"Ooze Armor"},{"not_picked":["Runic Dome","Coffee Dripper"],"picked":"Black Blood"}],"items_purged_floors":[22],"is_endless":false,"potions_floor_spawned":[1,8,11,14,20,21,24,27,33,37,45],"killed_by":"Donu and Deca","ascension_level":12}}