{"host":"vje6bedaj0fhalec","time":1610696453,"event":{"mods":["Act Like it!","BaseMod","Minty Spire (QoL Compilation)","Quick Restart","StSLib"],"gold_per_floor":[116,116,140,65,65,108,108,149,176,199,222,240,274,82,82,206,206,229,229,243,143,159,159,197,218,294,419,419,460,460,481,481,481,481],"floor_reached":33,"language":"ZHS","playtime":1600,"items_purged":["Defend_G","Regret"],"score":406,"play_id":"6d1698e1-6ce1-4d9a-8ed6-98c1a765f11c","local_time":"20210115154053","is_ascension_mode":true,"campfire_choices":[{"data":"Neutralize","floor":7.0,"key":"SMITH"},{"data":"Infinite Blades","floor":15.0,"key":"SMITH"},{"data":"Strike_G","floor":23.0,"key":"PURGE"},{"floor":28.0,"key":"REST"},{"floor":32,"key":"REST"}],"circlet_count":0,"master_deck":["Strike_G","Strike_G","Strike_G","Defend_G","Defend_G","Defend_G","Defend_G","Survivor","Neutralize+1","Eviscerate","Heel Hook","Infinite Blades+1","Acrobatics","Cloak And Dagger","Burst","Cloak And Dagger","Accuracy","Adrenaline","Doppelganger","CurseOfTheBell","Endless Agony","Finisher+1","PiercingWail+1","Blade Dance","Calculated Gamble"],"relics":["Ring of the Snake","NeowsBlessing","Golden Idol","Blood Vial","Centennial Puzzle","Art of War","Snake Skull","Pen Nib","Bronze Scales","Calling Bell","Happy Flower","Frozen Egg 2","Peace Pipe","Bag of Marbles","Shuriken","Tingsha","Singing Bowl","Strawberry"],"acts_visited":["Exordium","TheCity"],"potions_floor_usage":[],"damage_taken":[{"damage":0.0,"enemies":"Small Slimes","floor":1.0,"turns":1.0},{"damage":4.0,"enemies":"3 Sentries","floor":6.0,"turns":2.0},{"damage":0.0,"enemies":"Lagavulin","floor":8.0,"turns":2.0},{"damage":3.0,"enemies":"Jaw Worm","floor":10.0,"turns":4.0},{"damage":3.0,"enemies":"2 Louse","floor":11.0,"turns":3.0},{"damage":4.0,"enemies":"Red Slaver","floor":12.0,"turns":5.0},{"damage":16.0,"enemies":"Gremlin Nob","floor":13.0,"turns":4.0},{"damage":54.0,"enemies":"The Guardian","floor":16.0,"turns":12.0},{"damage":6.0,"enemies":"3 Byrds","floor":18.0,"turns":5.0},{"damage":1.0,"enemies":"Chosen","floor":20.0,"turns":4.0},{"damage":7.0,"enemies":"Snake Plant","floor":22.0,"turns":4.0},{"damage":27.0,"enemies":"Slavers","floor":24.0,"turns":5.0},{"damage":1.0,"enemies":"Cultist and Chosen","floor":25.0,"turns":5.0},{"damage":11.0,"enemies":"Colosseum Slavers","floor":27.0,"turns":4.0},{"damage":7.0,"enemies":"Colosseum Nobs","floor":27.0,"turns":3.0},{"damage":10.0,"enemies":"Gremlin Leader","floor":29.0,"turns":4.0},{"damage":17,"enemies":"Centurion and Healer","floor":31,"turns":5},{"damage":34,"enemies":"Automaton","floor":33,"turns":6}],"seed_played":"-7510141732989011417","potions_obtained":[{"floor":1.0,"key":"Energy Potion"},{"floor":6.0,"key":"AttackPotion"},{"floor":11.0,"key":"Regen Potion"},{"floor":18.0,"key":"Ancient Potion"},{"floor":22.0,"key":"Weak Potion"}],"is_trial":false,"path_per_floor":["M","?","T","$","?","E","R","E","T","M","M","M","E","$","R","B",null,"M","?","M","$","M","R","E","M","T","?","R","E","?","M","R","B"],"character_chosen":"THE_SILENT","items_purchased":["Accuracy","Adrenaline"],"campfire_rested":2,"item_purchase_floors":[14,14],"current_hp_per_floor":[70,65,65,65,65,61,61,63,63,62,61,59,45,45,45,5,65,59,53,54,54,49,49,24,25,25,11,30,31,31,16,38,6,6],"gold":481,"neow_bonus":"THREE_ENEMY_KILL","is_daily":false,"chose_seed":false,"campfire_upgraded":2,"win_rate":0.0,"timestamp":1610696453,"path_taken":["M","?","?","$","?","E","R","E","T","M","M","?","E","$","R","BOSS","M","?","?","$","?","R","E","M","T","?","R","E","?","M","R","BOSS"],"items_purchased_type":["Card","Card"],"build_version":"2020-12-22","purchased_purges":2,"victory":false,"max_hp_per_floor":[70,65,65,65,65,65,65,65,65,65,65,65,65,65,65,65,65,65,65,65,65,65,65,65,65,65,65,65,74,74,74,74,74,74],"card_choices":[{"not_picked":["Noxious Fumes","Tactician"],"picked":"Eviscerate","floor":1.0},{"not_picked":["Underhanded Strike","PiercingWail"],"picked":"Heel Hook","floor":6.0},{"not_picked":["Acrobatics","Backflip"],"picked":"Infinite Blades","floor":8.0},{"not_picked":["Eviscerate","Dagger Throw"],"picked":"Acrobatics","floor":10.0},{"not_picked":["Bane","Acrobatics"],"picked":"Cloak And Dagger","floor":11.0},{"not_picked":["Underhanded Strike","Dash"],"picked":"Burst","floor":12.0},{"not_picked":["Flechettes","Deflect"],"picked":"Cloak And Dagger","floor":13.0},{"not_picked":["Glass Knife","Die Die Die"],"picked":"Doppelganger","floor":16.0},{"not_picked":["Footwork+1","Bane"],"picked":"Endless Agony","floor":18.0},{"not_picked":["Predator","Deflect+1"],"picked":"Finisher+1","floor":20.0},{"not_picked":["Poisoned Stab","Crippling Poison","Noxious Fumes+1"],"picked":"SKIP","floor":22.0},{"not_picked":["Well Laid Plans+1","Dagger Spray+1"],"picked":"PiercingWail+1","floor":24.0},{"not_picked":["Slice","Dagger Spray","Predator"],"picked":"SKIP","floor":25.0},{"not_picked":["Masterful Stab","Backflip"],"picked":"Blade Dance","floor":27.0},{"not_picked":["Escape Plan","Crippling Poison","Storm of Steel"],"picked":"Singing Bowl","floor":29.0},{"not_picked":["Poisoned Stab","Noxious Fumes+1"],"picked":"Calculated Gamble","floor":31}],"player_experience":98385,"relics_obtained":[{"floor":3.0,"key":"Blood Vial"},{"floor":6.0,"key":"Art of War"},{"floor":8.0,"key":"Snake Skull"},{"floor":9.0,"key":"Pen Nib"},{"floor":13.0,"key":"Bronze Scales"},{"floor":17.0,"key":"Happy Flower"},{"floor":17.0,"key":"Frozen Egg 2"},{"floor":17.0,"key":"Peace Pipe"},{"floor":24.0,"key":"Bag of Marbles"},{"floor":26.0,"key":"Shuriken"},{"floor":27.0,"key":"Tingsha"},{"floor":27.0,"key":"Singing Bowl"},{"floor":29.0,"key":"Strawberry"}],"event_choices":[{"damage_healed":0.0,"max_hp_gain":0.0,"max_hp_loss":5.0,"gold_gain":0.0,"event_name":"Golden Idol","player_choice":"Lose Max HP","floor":2.0,"gold_loss":0.0,"damage_taken":0.0,"relics_obtained":["Golden Idol"]},{"damage_healed":0.0,"max_hp_gain":0.0,"max_hp_loss":0.0,"gold_gain":0.0,"event_name":"Big Fish","player_choice":"Box","floor":5.0,"gold_loss":0.0,"damage_taken":0.0,"relics_obtained":["Centennial Puzzle"],"cards_obtained":["Regret"]},{"damage_healed":0.0,"max_hp_gain":0.0,"max_hp_loss":0.0,"gold_gain":0.0,"event_name":"Knowing Skull","player_choice":"","floor":19.0,"potions_obtained":[],"gold_loss":0.0,"damage_taken":6.0,"cards_obtained":[]},{"damage_healed":0.0,"max_hp_gain":0.0,"max_hp_loss":0.0,"gold_gain":0.0,"event_name":"Colosseum","player_choice":"Fight","floor":27.0,"gold_loss":0.0,"damage_taken":0.0},{"damage_healed":0.0,"max_hp_gain":0.0,"max_hp_loss":0.0,"gold_gain":0.0,"event_name":"Colosseum","player_choice":"Fought Nobs","floor":27.0,"gold_loss":0.0,"damage_taken":0.0},{"cards_removed":["Strike_G"],"damage_healed":0.0,"max_hp_gain":0.0,"max_hp_loss":0.0,"gold_gain":0.0,"event_name":"Back to Basics","player_choice":"Elegance","floor":30.0,"gold_loss":0.0,"damage_taken":0.0}],"is_beta":false,"boss_relics":[{"not_picked":["Black Star","Philosopher\u0027s Stone"],"picked":"Calling Bell"}],"items_purged_floors":[4,21],"is_endless":false,"potions_floor_spawned":[1,6,11,12,18,22],"killed_by":"Automaton","ascension_level":3}}