{"host":"19t2eyow02s954g8","time":1610718943,"event":{"mods":["BaseMod","Colored Map","DeckTracker","Minty Spire (QoL Compilation)","StSLib","SuperFastMode"],"gold_per_floor":[116,116,116,182,259,271,408,454,466,453,482,494,520,551,563,652,664,695,707,707],"floor_reached":19,"language":"KOR","playtime":568,"items_purged":[],"score":384,"play_id":"f4fef01c-a31a-411a-a402-a2827ebc49c7","local_time":"20210115225543","is_ascension_mode":true,"campfire_choices":[{"data":"Deadly Poison","floor":6,"key":"SMITH"},{"data":"Prepared","floor":12,"key":"SMITH"},{"data":"Eviscerate","floor":15,"key":"SMITH"}],"circlet_count":0,"master_deck":["AscendersBane","Strike_G","Strike_G","Strike_G","Strike_G","Defend_G","Defend_G","Defend_G","Defend_G","Defend_G","Survivor","Neutralize","Deadly Poison+1","Prepared+1","Eviscerate+1","Infinite Blades","Malaise"],"relics":["Ring of the Snake","NeowsBlessing","PreservedInsect","SsserpentHead","MawBank","Lantern","Tiny Chest","Runic Dome"],"acts_visited":["Exordium","TheCity"],"potions_floor_usage":[16,16],"damage_taken":[{"damage":0,"enemies":"2 Louse","floor":1,"turns":1},{"damage":0,"enemies":"Jaw Worm","floor":4,"turns":1},{"damage":0,"enemies":"Gremlin Nob","floor":8,"turns":1},{"damage":0,"enemies":"Cultist","floor":11,"turns":3},{"damage":11,"enemies":"Exordium Thugs","floor":13,"turns":5},{"damage":0,"enemies":"2 Fungi Beasts","floor":14,"turns":3},{"damage":24,"enemies":"Hexaghost","floor":16,"turns":8},{"damage":33,"enemies":"3 Byrds","floor":18,"turns":8},{"damage":19,"enemies":"Chosen","floor":19,"turns":3}],"seed_played":"5867604492334404969","potions_obtained":[{"floor":1,"key":"CunningPotion"},{"floor":8,"key":"Swift Potion"},{"floor":14,"key":"Strength Potion"}],"is_trial":false,"path_per_floor":["M","?","?","M","T","R","?","E","T","?","M","R","M","M","R","B",null,"M","M"],"character_chosen":"THE_SILENT","items_purchased":[],"campfire_rested":0,"item_purchase_floors":[],"current_hp_per_floor":[59,48,48,48,48,48,37,37,37,37,37,37,26,26,26,2,50,17,0,0],"gold":707,"neow_bonus":"THREE_ENEMY_KILL","is_daily":false,"chose_seed":false,"campfire_upgraded":3,"win_rate":0.0,"timestamp":1610718943,"path_taken":["M","?","?","?","?","R","?","E","T","?","M","R","M","M","R","BOSS","M","M"],"items_purchased_type":[],"build_version":"2020-12-22","purchased_purges":0,"victory":false,"max_hp_per_floor":[66,66,66,66,66,66,66,66,66,66,66,66,66,66,66,66,66,66,66,66],"card_choices":[{"not_picked":["Accuracy","Catalyst","All Out Attack"],"picked":"SKIP","floor":1},{"not_picked":["Reflex","Setup"],"picked":"Deadly Poison","floor":4},{"not_picked":["Quick Slash","Underhanded Strike"],"picked":"Prepared","floor":8},{"not_picked":["Predator","Dodge and Roll"],"picked":"Eviscerate","floor":11},{"not_picked":["Sucker Punch","Predator"],"picked":"Infinite Blades","floor":13},{"not_picked":["Backflip","Night Terror","Bane"],"picked":"SKIP","floor":14},{"not_picked":["Wraith Form v2","Tools of the Trade"],"picked":"Malaise","floor":16},{"not_picked":["Flying Knee+1","Endless Agony","Dash"],"picked":"SKIP","floor":18}],"player_experience":4275081,"relics_obtained":[{"floor":5,"key":"MawBank"},{"floor":8,"key":"Lantern"},{"floor":9,"key":"Tiny Chest"}],"event_choices":[{"damage_healed":0,"gold_gain":0,"player_choice":"Success","damage_taken":11,"relics_obtained":["PreservedInsect"],"max_hp_gain":0,"max_hp_loss":0,"event_name":"Scrap Ooze","floor":2,"gold_loss":0},{"damage_healed":0,"gold_gain":0,"player_choice":"Trade","damage_taken":0,"relics_obtained":["SsserpentHead"],"max_hp_gain":0,"max_hp_loss":0,"event_name":"FaceTrader","floor":3,"gold_loss":0},{"damage_healed":0,"gold_gain":75,"player_choice":"Gather Gold","damage_taken":11,"max_hp_gain":0,"max_hp_loss":0,"event_name":"World of Goop","floor":7,"gold_loss":0},{"cards_removed":["Strike_G"],"damage_healed":0,"gold_gain":0,"player_choice":"Card Removal","damage_taken":0,"max_hp_gain":0,"max_hp_loss":0,"event_name":"The Cleric","floor":10,"gold_loss":75}],"is_beta":false,"boss_relics":[{"not_picked":["Fusion Hammer","Busted Crown"],"picked":"Runic Dome"}],"items_purged_floors":[],"is_endless":false,"potions_floor_spawned":[1,8,14],"killed_by":"Chosen","ascension_level":20}}