{"host":"opg65mucj6ra7dr1","time":1610698294,"event":{"mods":["BaseMod","DeckTracker","Keyboard Shortcuts","Minty Spire (QoL Compilation)","Permanent Neow","Quick Restart","everything is the same but u backflip on backflip"],"gold_per_floor":[115,64,139,89,89,121,121,147,147,159,172,199,216,233,233,337,337,357,21,21,21,21,21,46,74,99,99,129,144,144,155,155,253,253,271,288,303,303,313,313,24,24,102,102,102],"floor_reached":44,"language":"KOR","playtime":1746,"items_purged":[],"score":643,"play_id":"74fe0287-1783-4415-81b1-08339a7c2e99","local_time":"20210115171134","is_ascension_mode":true,"campfire_choices":[{"data":"Noxious Fumes","floor":15.0,"key":"SMITH"},{"data":"Adrenaline","floor":23.0,"key":"SMITH"},{"data":"Tactician","floor":27.0,"key":"SMITH"},{"floor":32.0,"key":"REST"},{"data":"Calculated Gamble","floor":40,"key":"SMITH"},{"data":"Neutralize","floor":42,"key":"SMITH"}],"circlet_count":0,"master_deck":["Strike_G","Strike_G","Strike_G","Defend_G","Defend_G","Defend_G+1","Defend_G+1","Survivor","Neutralize+1","Noxious Fumes+1","Backflip","Poisoned Stab","Leg Sweep","Dagger Spray","PiercingWail","Deadly Poison","Calculated Gamble+1","Adrenaline+1","Tactician+1","Backflip","Bane","Expertise","Deflect","Deadly Poison+1","Acrobatics","Calculated Gamble+1","Prepared+1","Prepared+1"],"relics":["Ring of the Snake","NeowsBlessing","Sundial","Tiny Chest","Meat on the Bone","Mercury Hourglass","Matryoshka","MutagenicStrength","Smiling Mask","Strawberry","Regal Pillow","Lantern","Art of War","Happy Flower","Runic Pyramid","Toxic Egg 2","The Specimen"],"acts_visited":["TheCity","TheBeyond"],"potions_floor_usage":[44],"damage_taken":[{"damage":0.0,"enemies":"Cultist","floor":1.0,"turns":1.0},{"damage":0.0,"enemies":"Gremlin Nob","floor":6.0,"turns":1.0},{"damage":0.0,"enemies":"3 Sentries","floor":8.0,"turns":1.0},{"damage":0.0,"enemies":"2 Louse","floor":10.0,"turns":4.0},{"damage":0.0,"enemies":"Small Slimes","floor":11.0,"turns":4.0},{"damage":9.0,"enemies":"Lagavulin","floor":12.0,"turns":6.0},{"damage":0.0,"enemies":"2 Fungi Beasts","floor":13.0,"turns":3.0},{"damage":8.0,"enemies":"Exordium Thugs","floor":14.0,"turns":3.0},{"damage":14.0,"enemies":"Hexaghost","floor":16.0,"turns":9.0},{"damage":34.0,"enemies":"2 Thieves","floor":18.0,"turns":4.0},{"damage":9.0,"enemies":"Gremlin Leader","floor":25.0,"turns":6.0},{"damage":42.0,"enemies":"Book of Stabbing","floor":28.0,"turns":7.0},{"damage":4.0,"enemies":"Spheric Guardian","floor":29.0,"turns":4.0},{"damage":11.0,"enemies":"Centurion and Healer","floor":31.0,"turns":6.0},{"damage":42.0,"enemies":"Automaton","floor":33.0,"turns":9.0},{"damage":0.0,"enemies":"Orb Walker","floor":35.0,"turns":3.0},{"damage":3.0,"enemies":"3 Darklings","floor":36.0,"turns":4.0},{"damage":7.0,"enemies":"Jaw Worm Horde","floor":37.0,"turns":4.0},{"damage":29,"enemies":"Writhing Mass","floor":39,"turns":5},{"damage":16,"enemies":"Giant Head","floor":44,"turns":6}],"seed_played":"2951748765066888391","potions_obtained":[{"floor":6.0,"key":"Explosive Potion"},{"floor":10.0,"key":"Poison Potion"},{"floor":13.0,"key":"Energy Potion"},{"floor":25.0,"key":"SteroidPotion"},{"floor":28.0,"key":"DuplicationPotion"},{"floor":29.0,"key":"BlessingOfTheForge"},{"floor":31.0,"key":"FearPotion"},{"floor":36.0,"key":"BlessingOfTheForge"},{"floor":39,"key":"DuplicationPotion"}],"is_trial":false,"path_per_floor":["M","$","?","?","?","E","?","E","T","M","M","E","M","M","R","B",null,"M","$","?","$","?","R","T","E","T","R","E","M","?","M","R","B",null,"M","M","M","T","M","R","$","R","T","E"],"character_chosen":"THE_SILENT","items_purchased":["Backflip","Backflip","Bane","Matryoshka","The Specimen"],"campfire_rested":1,"item_purchase_floors":[2,19,19,19,41],"current_hp_per_floor":[70,70,59,59,59,59,45,45,45,45,45,36,36,40,40,38,62,40,40,40,40,40,40,47,50,50,50,20,28,28,29,67,37,67,67,64,57,57,40,40,40,40,40,24,24],"gold":102,"neow_bonus":"THREE_ENEMY_KILL","is_daily":false,"chose_seed":false,"campfire_upgraded":5,"win_rate":0.0,"timestamp":1610698294,"path_taken":["M","$","?","?","?","E","?","E","T","M","M","E","M","M","R","BOSS","M","$","?","?","?","R","?","E","T","R","E","?","?","M","R","BOSS","M","?","M","?","M","R","$","R","T","E"],"items_purchased_type":["Card","Card","Card","Relic","Relic"],"build_version":"2020-12-22","purchased_purges":0,"victory":false,"max_hp_per_floor":[70,70,70,70,70,70,70,70,70,70,70,70,70,70,70,70,70,70,70,70,70,70,70,77,77,77,77,77,77,77,77,77,77,77,77,77,77,77,77,77,77,77,77,77,77],"card_choices":[{"not_picked":["Dodge and Roll","Sucker Punch"],"picked":"Noxious Fumes","floor":1.0},{"not_picked":["Dodge and Roll","Cloak And Dagger"],"picked":"Leg Sweep","floor":6.0},{"not_picked":["Distraction","Eviscerate","Cloak And Dagger"],"picked":"SKIP","floor":8.0},{"not_picked":["All Out Attack","Concentrate"],"picked":"Dagger Spray","floor":10.0},{"not_picked":["Dagger Throw","Terror","Backstab"],"picked":"SKIP","floor":11.0},{"not_picked":["Outmaneuver","Prepared"],"picked":"PiercingWail","floor":12.0},{"not_picked":["Night Terror","Leg Sweep"],"picked":"Deadly Poison","floor":13.0},{"not_picked":["Underhanded Strike","Flying Knee"],"picked":"Calculated Gamble","floor":14.0},{"not_picked":["Storm of Steel","Doppelganger"],"picked":"Adrenaline","floor":16.0},{"not_picked":["Cloak And Dagger","Underhanded Strike"],"picked":"Tactician","floor":18.0},{"not_picked":["Concentrate","Backstab"],"picked":"Expertise","floor":25.0},{"not_picked":["Quick Slash","Underhanded Strike"],"picked":"Deflect","floor":28.0},{"not_picked":["Finisher+1","Distraction"],"picked":"Deadly Poison+1","floor":29.0},{"not_picked":["Die Die Die","Poisoned Stab"],"picked":"Acrobatics","floor":31.0},{"not_picked":["Underhanded Strike+1","Slice+1"],"picked":"Calculated Gamble+1","floor":35.0},{"not_picked":["Cloak And Dagger+1","Bane+1","Dash+1"],"picked":"SKIP","floor":36.0},{"not_picked":["Well Laid Plans+1","Heel Hook"],"picked":"Prepared+1","floor":37.0},{"not_picked":["All Out Attack","Acrobatics+1"],"picked":"Prepared+1","floor":39}],"player_experience":112640,"relics_obtained":[{"floor":6.0,"key":"Sundial"},{"floor":8.0,"key":"Tiny Chest"},{"floor":9.0,"key":"Meat on the Bone"},{"floor":12.0,"key":"Mercury Hourglass"},{"floor":24.0,"key":"Smiling Mask"},{"floor":24.0,"key":"Strawberry"},{"floor":25.0,"key":"Regal Pillow"},{"floor":26.0,"key":"Lantern"},{"floor":26.0,"key":"Art of War"},{"floor":28.0,"key":"Happy Flower"},{"floor":38.0,"key":"Toxic Egg 2"}],"event_choices":[{"damage_healed":0.0,"max_hp_gain":0.0,"max_hp_loss":0.0,"gold_gain":75.0,"event_name":"World of Goop","player_choice":"Gather Gold","floor":3.0,"gold_loss":0.0,"damage_taken":11.0},{"cards_removed":["Strike_G"],"damage_healed":0.0,"max_hp_gain":0.0,"max_hp_loss":0.0,"gold_gain":0.0,"event_name":"The Cleric","player_choice":"Card Removal","floor":4.0,"gold_loss":50.0,"damage_taken":0.0},{"damage_healed":0.0,"max_hp_gain":0.0,"max_hp_loss":0.0,"gold_gain":0.0,"cards_transformed":["Defend_G"],"event_name":"Living Wall","player_choice":"Change","floor":5.0,"gold_loss":0.0,"damage_taken":0.0,"cards_obtained":["Poisoned Stab"]},{"damage_healed":0.0,"max_hp_gain":0.0,"max_hp_loss":0.0,"gold_gain":0.0,"event_name":"Shining Light","player_choice":"Entered Light","floor":7.0,"gold_loss":0.0,"damage_taken":14.0,"cards_upgraded":["Defend_G","Defend_G"]},{"damage_healed":0.0,"max_hp_gain":0.0,"max_hp_loss":0.0,"gold_gain":0.0,"event_name":"Drug Dealer","player_choice":"Inject Mutagens","floor":20.0,"gold_loss":0.0,"damage_taken":0.0,"relics_obtained":["MutagenicStrength"]},{"damage_healed":0.0,"max_hp_gain":0.0,"max_hp_loss":0.0,"gold_gain":0.0,"event_name":"Ghosts","player_choice":"Ignored","floor":22.0,"gold_loss":0.0,"damage_taken":0.0},{"cards_removed":["Strike_G"],"damage_healed":0.0,"max_hp_gain":0.0,"max_hp_loss":0.0,"gold_gain":0.0,"event_name":"Purifier","player_choice":"Purged","floor":30.0,"gold_loss":0.0,"damage_taken":0.0}],"is_beta":false,"boss_relics":[{"not_picked":["Snecko Eye","Velvet Choker","Fusion Hammer"]},{"not_picked":["Cursed Key","Runic Dome"],"picked":"Runic Pyramid"}],"items_purged_floors":[],"is_endless":false,"potions_floor_spawned":[6,10,13,25,28,29,31,36,39],"killed_by":"Giant Head","ascension_level":5}}