{"host":"4np54w3ai1r5lqo1","time":1610694511,"event":{"mods":["BaseMod","Colored Map","Minty Spire (QoL Compilation)","Quick Restart"],"gold_per_floor":[116,116,128,78,78,105,105,116,116,116,116],"floor_reached":10,"language":"ENG","playtime":265,"items_purged":[],"score":91,"play_id":"6c5cbac1-efa2-4969-8d4b-c7c4c922b14c","local_time":"20210115050831","is_ascension_mode":false,"campfire_choices":[{"data":"Eruption","floor":7,"key":"SMITH"}],"circlet_count":0,"master_deck":["Strike_P","Strike_P","Strike_P","Defend_P","Defend_P","Defend_P","Defend_P","Eruption+1","Vigilance","Consecrate","Swivel","MasterReality","ClearTheMind","FollowUp"],"relics":["PureWater","NeowsBlessing","Bag of Marbles","Sundial"],"acts_visited":["Exordium"],"potions_floor_usage":[10],"damage_taken":[{"damage":0,"enemies":"Jaw Worm","floor":1,"turns":1},{"damage":0,"enemies":"Small Slimes","floor":3,"turns":1},{"damage":0,"enemies":"Gremlin Nob","floor":6,"turns":1},{"damage":0,"enemies":"2 Louse","floor":8,"turns":2},{"damage":48,"enemies":"3 Sentries","floor":10,"turns":15}],"seed_played":"-3680918806324505286","potions_obtained":[{"floor":1,"key":"Weak Potion"},{"floor":3,"key":"Dexterity Potion"},{"floor":6,"key":"SpeedPotion"}],"is_trial":false,"path_per_floor":["M","?","M","?","?","E","R","M","T","E"],"character_chosen":"WATCHER","items_purchased":[],"campfire_rested":0,"item_purchase_floors":[],"current_hp_per_floor":[72,77,77,77,77,77,77,77,77,29,29],"gold":116,"neow_bonus":"THREE_ENEMY_KILL","is_daily":false,"chose_seed":false,"campfire_upgraded":1,"win_rate":0.0,"timestamp":1610694511,"path_taken":["M","?","M","?","?","E","R","?","T","E"],"items_purchased_type":[],"build_version":"2020-12-22","purchased_purges":0,"victory":false,"max_hp_per_floor":[72,77,77,77,77,77,77,77,77,77,77],"card_choices":[{"not_picked":["FollowUp","Evaluate"],"picked":"Consecrate","floor":1},{"not_picked":["BattleHymn","LikeWater"],"picked":"Swivel","floor":3},{"not_picked":["Indignation","MasterReality"],"picked":"ClearTheMind","floor":6},{"not_picked":["BowlingBash","CrushJoints"],"picked":"FollowUp","floor":8}],"player_experience":490960,"relics_obtained":[{"floor":6,"key":"Bag of Marbles"},{"floor":9,"key":"Sundial"}],"event_choices":[{"damage_healed":0,"gold_gain":0,"player_choice":"Donut","damage_taken":0,"max_hp_gain":5,"max_hp_loss":0,"event_name":"Big Fish","floor":2,"gold_loss":0},{"cards_removed":["Strike_P"],"damage_healed":0,"gold_gain":0,"player_choice":"Card Removal","damage_taken":0,"max_hp_gain":0,"max_hp_loss":0,"event_name":"The Cleric","floor":4,"gold_loss":50},{"damage_healed":0,"gold_gain":0,"player_choice":"1 cards matched","damage_taken":0,"max_hp_gain":0,"max_hp_loss":0,"event_name":"Match and Keep!","floor":5,"gold_loss":0,"cards_obtained":["MasterReality"]}],"is_beta":false,"boss_relics":[],"items_purged_floors":[],"is_endless":false,"potions_floor_spawned":[1,3,6],"killed_by":"3 Sentries","ascension_level":0}}