{"host":"i0avyit1s6jb1siw","time":1610722469,"event":{"mods":["BaseMod","DeckTracker","Dota2Spire","Highlight Path","Minty Spire (QoL Compilation)","Quick Restart","StSLib","SuperFastMode"],"gold_per_floor":[110,121,121,46,46,79,79,92,92,92,134,150,50,75,75,75,75],"floor_reached":16,"language":"ENG","playtime":221,"items_purged":["Strike_G","Strike_G"],"score":270,"play_id":"9fa36ccc-315b-4ca2-8548-677a31ea4812","local_time":"20210115155429","is_ascension_mode":true,"campfire_choices":[{"data":"Dagger Spray","floor":7,"key":"SMITH"},{"floor":15,"key":"REST"}],"circlet_count":0,"master_deck":["AscendersBane","Strike_G","Strike_G","Defend_G","Defend_G","Defend_G","Defend_G","Defend_G","Survivor","Neutralize","Flying Knee","Deadly Poison","Dagger Spray+1","Reflex","Tactician","Cloak And Dagger"],"relics":["Ring of the Snake","NeowsBlessing","Dota2Spire:OrchidMalevolence","Omamori","Shuriken","Golden Idol","CeramicFish"],"acts_visited":["Exordium"],"potions_floor_usage":[16],"damage_taken":[{"damage":0,"enemies":"Jaw Worm","floor":1,"turns":1},{"damage":0,"enemies":"Cultist","floor":2,"turns":1},{"damage":0,"enemies":"Gremlin Nob","floor":6,"turns":1},{"damage":0,"enemies":"2 Louse","floor":8,"turns":3},{"damage":24,"enemies":"Lagavulin","floor":11,"turns":8},{"damage":3,"enemies":"Exordium Thugs","floor":12,"turns":5},{"damage":6,"enemies":"Exordium Wildlife","floor":14,"turns":4},{"damage":27,"enemies":"The Guardian","floor":16,"turns":10}],"seed_played":"2635993864332878035","potions_obtained":[{"floor":2,"key":"CunningPotion"},{"floor":8,"key":"LiquidBronze"}],"is_trial":false,"path_per_floor":["M","M","?","$","?","E","R","M","T","?","E","M","$","M","R","B"],"character_chosen":"THE_SILENT","items_purchased":[],"campfire_rested":1,"item_purchase_floors":[],"current_hp_per_floor":[59,59,41,41,41,41,41,41,41,41,17,14,14,8,26,0,0],"gold":75,"neow_bonus":"THREE_ENEMY_KILL","is_daily":false,"chose_seed":false,"campfire_upgraded":1,"win_rate":0.0,"timestamp":1610722469,"path_taken":["M","M","?","$","?","E","R","?","T","?","E","M","$","M","R","BOSS"],"items_purchased_type":[],"build_version":"2020-12-22","purchased_purges":2,"victory":false,"max_hp_per_floor":[66,66,66,66,66,66,66,66,66,60,60,60,60,60,60,60,60],"card_choices":[{"not_picked":["Slice","Quick Slash"],"picked":"Flying Knee","floor":1},{"not_picked":["Cloak And Dagger","Eviscerate"],"picked":"Deadly Poison","floor":2},{"not_picked":["Dagger Throw","Dodge and Roll"],"picked":"Dagger Spray","floor":6},{"not_picked":["Underhanded Strike","All Out Attack"],"picked":"Reflex","floor":8},{"not_picked":["Slice","Poisoned Stab"],"picked":"Tactician","floor":11},{"not_picked":["Deflect","Caltrops","Bane"],"picked":"SKIP","floor":12},{"not_picked":["Cloak And Dagger","Deadly Poison","Flying Knee"],"picked":"SKIP","floor":14},{"not_picked":["Deadly Poison","Flying Knee"],"picked":"Cloak And Dagger","floor":14}],"player_experience":2244202,"relics_obtained":[{"floor":6,"key":"Omamori"},{"floor":9,"key":"Shuriken"},{"floor":11,"key":"CeramicFish"}],"event_choices":[{"damage_healed":0,"gold_gain":0,"player_choice":"Success","damage_taken":18,"relics_obtained":["Dota2Spire:OrchidMalevolence"],"max_hp_gain":0,"max_hp_loss":0,"event_name":"Scrap Ooze","floor":3,"gold_loss":0},{"cards_removed":["Strike_G"],"damage_healed":0,"gold_gain":0,"player_choice":"Purged","damage_taken":0,"max_hp_gain":0,"max_hp_loss":0,"event_name":"Purifier","floor":5,"gold_loss":0},{"damage_healed":0,"gold_gain":0,"player_choice":"Lose Max HP","damage_taken":0,"relics_obtained":["Golden Idol"],"max_hp_gain":0,"max_hp_loss":6,"event_name":"Golden Idol","floor":10,"gold_loss":0}],"is_beta":false,"boss_relics":[],"items_purged_floors":[4,13],"is_endless":false,"potions_floor_spawned":[2,8,14],"killed_by":"The Guardian","ascension_level":20}}