{"host":"c6u7e77myxvw4d0m","time":1610686841,"event":{"mods":["AchievementEnabler","BaseMod","Bestiary","Colored Map","Colored Powertips","Minty Spire (QoL Compilation)","Rare Cards Sparkle","Relic Stats","everything is the same but u backflip on backflip"],"gold_per_floor":[115,115,115,131,144,144,144],"floor_reached":6,"language":"ENG","playtime":291,"items_purged":[],"score":59,"play_id":"67eeacfe-8955-44e4-9f35-962e7338ae6c","local_time":"20210115070041","is_ascension_mode":true,"campfire_choices":[],"circlet_count":0,"master_deck":["AscendersBane","Strike_G","Strike_G","Strike_G","Strike_G","Strike_G","Defend_G","Defend_G","Defend_G","Defend_G","Defend_G","Survivor","Neutralize","Quick Slash","Noxious Fumes","Poisoned Stab"],"relics":["Ring of the Snake","Smiling Mask","Golden Idol","Matryoshka"],"acts_visited":["Exordium"],"potions_floor_usage":[],"damage_taken":[{"damage":3,"enemies":"2 Louse","floor":1,"turns":3},{"damage":1,"enemies":"Jaw Worm","floor":4,"turns":3},{"damage":0,"enemies":"Cultist","floor":5,"turns":4},{"damage":47,"enemies":"Gremlin Nob","floor":6,"turns":5}],"seed_played":"6035840583082507727","potions_obtained":[],"is_trial":false,"path_per_floor":["M","?","T","M","M","E"],"character_chosen":"THE_SILENT","items_purchased":[],"campfire_rested":0,"item_purchase_floors":[],"current_hp_per_floor":[60,43,43,42,42,0,0],"gold":144,"neow_bonus":"RANDOM_COMMON_RELIC","is_daily":false,"chose_seed":false,"campfire_upgraded":0,"win_rate":0.0,"timestamp":1610686841,"path_taken":["M","?","?","M","M","E"],"items_purchased_type":[],"build_version":"2020-12-22","purchased_purges":0,"victory":false,"max_hp_per_floor":[70,70,70,70,70,70,70],"relic_stats":{"counters":[4,15],"Golden Idol":6,"Smiling Mask":0,"obtain_stats":[{"Matryoshka":3,"Golden Idol":2,"Smiling Mask":0,"Ring of the Snake":0},{"Matryoshka":1,"Golden Idol":1,"Smiling Mask":0,"Ring of the Snake":0},{"Matryoshka":3,"Golden Idol":3,"Smiling Mask":0,"Ring of the Snake":0}],"Ring of the Snake":[8]},"card_choices":[{"not_picked":["PiercingWail","Deadly Poison"],"picked":"Quick Slash","floor":1},{"not_picked":["Backflip","Bane"],"picked":"Noxious Fumes","floor":4},{"not_picked":["Deflect","Backstab"],"picked":"Poisoned Stab","floor":5}],"player_experience":365552,"relics_obtained":[{"floor":3,"key":"Matryoshka"}],"event_choices":[{"damage_healed":0,"gold_gain":0,"player_choice":"Take Damage","damage_taken":17,"relics_obtained":["Golden Idol"],"max_hp_gain":0,"max_hp_loss":0,"event_name":"Golden Idol","floor":2,"gold_loss":0}],"is_beta":false,"boss_relics":[],"items_purged_floors":[],"is_endless":false,"potions_floor_spawned":[],"killed_by":"Gremlin Nob","ascension_level":13}}