{"host":"rvofswtrkybk7ok8","time":1610717506,"event":{"mods":["ATMod(°¢èªMod)","BaseMod","Card Filter","Colored Map","Minty Spire (QoL Compilation)","Quick Restart","StSLib"],"gold_per_floor":[110,385,34,45,45,45,65,65,91,111,152,152,178,203,203,291,300,319,20,29,38,54,54,193,207,207,243,243,261,261,280,280,351,414,433,21,44,51,51,51,71,111,138,159,181,218,230,270,282,294,306,318,330,24,50,50],"floor_reached":57,"language":"ZHS","playtime":2557,"items_purged":["Regret","Strike_R","Writhe","AT_OneInchPunch+1","Clothesline"],"score":2930,"play_id":"ab9a7b9f-c3e5-4ed1-817b-1ccecc3f6496","local_time":"20210115213146","is_ascension_mode":true,"campfire_choices":[{"data":"AT_OneInchPunch","floor":6.0,"key":"SMITH"},{"data":"AT_BodySlamDance","floor":8.0,"key":"SMITH"},{"data":"AT_BodySlamDance","floor":12.0,"key":"SMITH"},{"data":"Entrench","floor":15.0,"key":"SMITH"},{"data":"AT_ShrugMaster","floor":23.0,"key":"SMITH"},{"data":"Power Through","floor":28.0,"key":"SMITH"},{"data":"AT_ShrugMaster","floor":30.0,"key":"SMITH"},{"data":"AT_CaressingTears","floor":32.0,"key":"SMITH"},{"data":"Entrench","floor":40.0,"key":"SMITH"},{"data":"AT_IchimonjiDouble","floor":47,"key":"SMITH"},{"floor":49,"key":"RECALL"},{"data":"Feel No Pain","floor":53,"key":"SMITH"}],"circlet_count":0,"master_deck":["AscendersBane","Bash","Double Tap","AT_CaressingTears+1","AT_BodySlamDance+1","Entrench+1","AT_BodySlamDance+1","Shrug It Off+1","Exhume","CurseOfTheBell","AT_ShrugMaster+1","Power Through+1","AT_ShrugMaster+1","Infernal Blade+1","Entrench+1","Clash","Fire Breathing","Rupture","AT_IchimonjiDouble+1","Spot Weakness","Rupture","Feel No Pain+1","Battle Trance","Ghostly Armor+1","Fiend Fire","True Grit+1"],"relics":["Burning Blood","AT_ATBox","Shuriken","InkBottle","Tiny Chest","CeramicFish","AT_SunfireAegis","Calling Bell","Matryoshka","Girya","War Paint","TheAbacus","Happy Flower","AT_ChloranthyRing","Ice Cream","Chemical X","Toy Ornithopter","Darkstone Periapt","Pandora\u0027s Box","Mummified Hand","ClockworkSouvenir","Red Skull","MealTicket","Letter Opener","Pantograph","MawBank","Regal Pillow","AT_TimeSand","Kunai"],"acts_visited":["Exordium","TheCity","TheBeyond","TheEnding"],"potions_floor_usage":[50,56,56],"damage_taken":[{"damage":7.0,"enemies":"Jaw Worm","floor":1.0,"turns":2.0},{"damage":0.0,"enemies":"Cultist","floor":4.0,"turns":2.0},{"damage":0.0,"enemies":"Small Slimes","floor":7.0,"turns":2.0},{"damage":13.0,"enemies":"Exordium Thugs","floor":10.0,"turns":3.0},{"damage":9.0,"enemies":"Gremlin Nob","floor":11.0,"turns":3.0},{"damage":3.0,"enemies":"Large Slime","floor":13.0,"turns":4.0},{"damage":15.0,"enemies":"3 Sentries","floor":14.0,"turns":4.0},{"damage":38.0,"enemies":"Hexaghost","floor":16.0,"turns":5.0},{"damage":8.0,"enemies":"3 Byrds","floor":18.0,"turns":4.0},{"damage":0.0,"enemies":"Chosen","floor":22.0,"turns":3.0},{"damage":0.0,"enemies":"Snecko","floor":25.0,"turns":2.0},{"damage":19.0,"enemies":"Slavers","floor":27.0,"turns":4.0},{"damage":0.0,"enemies":"Sentry and Sphere","floor":29.0,"turns":3.0},{"damage":3.0,"enemies":"Centurion and Healer","floor":31.0,"turns":3.0},{"damage":0.0,"enemies":"Collector","floor":33.0,"turns":3.0},{"damage":0.0,"enemies":"3 Darklings","floor":35.0,"turns":3.0},{"damage":5.0,"enemies":"Orb Walker","floor":37.0,"turns":2.0},{"damage":0.0,"enemies":"Spire Growth","floor":41.0,"turns":3.0},{"damage":0.0,"enemies":"Giant Head","floor":42.0,"turns":2.0},{"damage":27.0,"enemies":"Writhing Mass","floor":45.0,"turns":3.0},{"damage":21,"enemies":"Nemesis","floor":46,"turns":5},{"damage":0,"enemies":"Maw","floor":48,"turns":3},{"damage":6,"enemies":"Donu and Deca","floor":50,"turns":3},{"damage":30,"enemies":"Awakened One","floor":51,"turns":5},{"damage":17,"enemies":"Shield and Spear","floor":55,"turns":3},{"damage":19,"enemies":"The Heart","floor":56,"turns":6}],"seed_played":"7038469104916308377","potions_obtained":[{"floor":4.0,"key":"EssenceOfSteel"},{"floor":10.0,"key":"Swift Potion"},{"floor":11.0,"key":"Energy Potion"},{"floor":25.0,"key":"SpeedPotion"},{"floor":27.0,"key":"ColorlessPotion"}],"is_trial":false,"path_per_floor":["M","?","$","M","T","R","M","R","T","M","E","R","M","E","R","B",null,"M","$","?","?","M","R","$","M","T","E","R","M","R","M","R","B",null,"M","$","M","$","T","R","M","E","T","?","M","E","R","M","R","B","B",null,"R","$","E","B",null],"character_chosen":"IRONCLAD","items_purchased":["Shuriken","AT_ShrugMaster","TheAbacus","AT_ChloranthyRing","Ice Cream","Chemical X","AT_ShrugMaster","Mummified Hand","ClockworkSouvenir","Red Skull","AT_TimeSand","SpeedPotion"],"campfire_rested":0,"item_purchase_floors":[3,19,19,24,24,24,24,36,38,38,54,54],"current_hp_per_floor":[67,67,67,73,73,73,75,75,75,68,65,65,68,68,68,38,66,64,64,64,64,75,75,75,75,75,67,67,73,73,75,75,75,75,75,75,75,75,75,75,75,75,75,75,54,53,53,59,59,75,51,69,69,75,72,70],"gold":50,"neow_bonus":"TRANSFORM_CARD","is_daily":false,"chose_seed":false,"campfire_upgraded":11,"win_rate":0.0,"timestamp":1610717506,"path_taken":["M","?","$","?","?","R","M","R","T","M","E","R","M","E","R","BOSS","M","$","?","?","M","R","$","?","T","E","R","M","R","M","R","BOSS","M","$","M","$","?","R","M","E","T","?","?","E","R","M","R","BOSS","BOSS","R","$","E","BOSS"],"items_purchased_type":["Relic","Card","Relic","Relic","Relic","Relic","Card","Relic","Relic","Relic","Relic","Potion"],"build_version":"2020-12-22","purchased_purges":5,"victory":true,"max_hp_per_floor":[75,75,75,75,75,75,75,75,75,75,75,75,75,75,75,75,75,75,75,75,75,75,75,75,75,75,75,75,75,75,75,75,75,75,75,75,75,75,75,75,75,75,75,75,75,75,75,75,75,75,75,75,75,75,75,75],"card_choices":[{"not_picked":["Cleave","Body Slam"],"picked":"AT_CaressingTears","floor":1.0},{"not_picked":["Armaments","Anger"],"picked":"AT_BodySlamDance","floor":4.0},{"not_picked":["Heavy Blade","Fiend Fire"],"picked":"Entrench","floor":7.0},{"not_picked":["Iron Wave","Carnage","Clash"],"picked":"SKIP","floor":10.0},{"not_picked":["Wild Strike","Headbutt"],"picked":"AT_BodySlamDance","floor":11.0},{"not_picked":["Dark Embrace","Wild Strike"],"picked":"Shrug It Off","floor":13.0},{"not_picked":["Clash","Flex","Clothesline"],"picked":"SKIP","floor":14.0},{"not_picked":["Corruption","Double Tap"],"picked":"Exhume","floor":16.0},{"not_picked":["Combust","Sever Soul","Iron Wave"],"picked":"SKIP","floor":18.0},{"not_picked":["Wild Strike","Sentinel","Clash+1"],"picked":"SKIP","floor":22.0},{"not_picked":["Flame Barrier","Shockwave","Heavy Blade"],"picked":"SKIP","floor":25.0},{"not_picked":["Twin Strike","Reckless Charge"],"picked":"Infernal Blade+1","floor":27.0},{"not_picked":["Metallicize","Hemokinesis","Wild Strike"],"picked":"SKIP","floor":29.0},{"not_picked":["Havoc","AT_IchimonjiDouble"],"picked":"Entrench","floor":31.0},{"not_picked":["Carnage+1","Infernal Blade","AT_IchimonjiDouble"],"picked":"SKIP","floor":35.0},{"not_picked":["Searing Blow+1","Carnage"],"picked":"Feel No Pain","floor":37.0},{"not_picked":["Anger","Heavy Blade"],"picked":"Battle Trance","floor":41.0},{"not_picked":["Armaments+1","Whirlwind+1"],"picked":"Ghostly Armor+1","floor":42.0},{"not_picked":["Clash+1","Infernal Blade+1","Sword Boomerang"],"picked":"SKIP","floor":45.0},{"not_picked":["Anger","Infernal Blade+1","AT_CaressingTears"],"picked":"SKIP","floor":46},{"not_picked":["Rage","Clash+1"],"picked":"True Grit+1","floor":48},{"not_picked":["Pommel Strike","AT_IchimonjiDouble","Sentinel"],"picked":"SKIP","floor":55}],"player_experience":604607,"relics_obtained":[{"floor":5.0,"key":"InkBottle"},{"floor":9.0,"key":"Tiny Chest"},{"floor":11.0,"key":"CeramicFish"},{"floor":14.0,"key":"AT_SunfireAegis"},{"floor":17.0,"key":"Matryoshka"},{"floor":17.0,"key":"Girya"},{"floor":17.0,"key":"War Paint"},{"floor":26.0,"key":"Toy Ornithopter"},{"floor":27.0,"key":"Darkstone Periapt"},{"floor":39.0,"key":"MealTicket"},{"floor":39.0,"key":"Letter Opener"},{"floor":42.0,"key":"Pantograph"},{"floor":43.0,"key":"MawBank"},{"floor":46,"key":"Regal Pillow"},{"floor":55,"key":"Kunai"}],"event_choices":[{"damage_healed":0.0,"max_hp_gain":0.0,"max_hp_loss":0.0,"gold_gain":275.0,"event_name":"Golden Shrine","player_choice":"Desecrate","floor":2.0,"gold_loss":0.0,"damage_taken":0.0,"cards_obtained":["Regret"]},{"damage_healed":0.0,"max_hp_gain":0.0,"max_hp_loss":0.0,"gold_gain":0.0,"event_name":"The Library","player_choice":"Read","floor":20.0,"gold_loss":0.0,"damage_taken":0.0,"cards_obtained":["Power Through"]},{"damage_healed":0.0,"max_hp_gain":0.0,"max_hp_loss":0.0,"gold_gain":0.0,"event_name":"The Mausoleum","player_choice":"Opened","floor":21.0,"gold_loss":0.0,"damage_taken":0.0,"relics_obtained":["Happy Flower"],"cards_obtained":["Writhe"]},{"damage_healed":0.0,"max_hp_gain":0.0,"max_hp_loss":0.0,"gold_gain":0.0,"event_name":"Match and Keep!","player_choice":"1 cards matched","floor":44.0,"gold_loss":0.0,"damage_taken":0.0,"cards_obtained":["Fiend Fire"]}],"is_beta":false,"boss_relics":[{"not_picked":["Runic Cube","Busted Crown"],"picked":"Calling Bell"},{"not_picked":["Tiny House","SlaversCollar"],"picked":"Pandora\u0027s Box"}],"items_purged_floors":[3,19,24,36,38],"is_endless":false,"potions_floor_spawned":[4,10,11,14,25,27,29,31,35,41,45],"ascension_level":20}}