{"host":"qmlry8i8enac5s44","time":1610682213,"event":{"mods":["Act Like it!","BaseMod","Colored Map","Gensokyo","Luminous","Marisa£®ÏF”Í°°ƒß¿Ì…≥£©","Minty Spire (QoL Compilation)","StSLib","°æ“≈ŒÔø®≈∆°øREMEMod"],"gold_per_floor":[115,115,125,152,152,152,196,196,196,540,102,128,170,204,204,509,509,543,573,573,573,573,619,629,629,629],"floor_reached":25,"language":"ZHS","playtime":1574,"items_purged":[],"score":277,"play_id":"5a6bb75e-e89b-4edd-a11e-9924b4b7e400","local_time":"20210115114333","is_ascension_mode":true,"campfire_choices":[{"data":"Gensokyo:RisingWorld","floor":6.0,"key":"SMITH"},{"data":"MillisecondPulsars","floor":8.0,"key":"SMITH"},{"data":"BlazeAway","floor":15.0,"key":"SMITH"}],"circlet_count":0,"master_deck":["Strike_MRS","Strike_MRS","Strike_MRS","Strike_MRS","Defend_MRS","Defend_MRS","Defend_MRS","Defend_MRS","UpSweep","UnstableBomb","Gensokyo:RisingWorld+1","WitchOfGreed","MillisecondPulsars+1","BlazeAway+1","PropBag","UltimateShortwave","Acceleration+1","Acceleration+1"],"relics":["MiniHakkero","REME_ComplimentaryCards","NeowsBlessing","Happy Flower","Gensokyo:Justice","Ginger","CaptainsWheel","Old Coin","Toolbox","REME_CardOfGreed","Bronze Scales","Pantograph","SlaversCollar","MagicBroom","Gensokyo:ChorusOfJoy","AmplifyWand","Gensokyo:DayTheSeaSplit","Bottled Tornado","Blue Candle"],"acts_visited":["Exordium","Gensokyo:Gensokyo"],"potions_floor_usage":[23,23,24,25,25],"damage_taken":[{"damage":0.0,"enemies":"Gensokyo:Gryphon","floor":1.0,"turns":1.0},{"damage":0.0,"enemies":"Gensokyo:2_Kodama","floor":3.0,"turns":1.0},{"damage":0.0,"enemies":"Gensokyo:3_Fairies","floor":4.0,"turns":2.0},{"damage":7.0,"enemies":"Gensokyo:Cirno","floor":7.0,"turns":5.0},{"damage":10.0,"enemies":"Gensokyo:Mamizou","floor":10.0,"turns":8.0},{"damage":7.0,"enemies":"Gensokyo:Python_and_Kodama","floor":12.0,"turns":4.0},{"damage":0.0,"enemies":"Gensokyo:Cirno","floor":13.0,"turns":4.0},{"damage":9.0,"enemies":"Gensokyo:3_Kodama","floor":14.0,"turns":2.0},{"damage":24.0,"enemies":"Gensokyo:Yukari","floor":16.0,"turns":4.0},{"damage":8.0,"enemies":"Gensokyo:Chomper","floor":18.0,"turns":4.0},{"damage":10.0,"enemies":"Gensokyo:CosmicMonolith","floor":19.0,"turns":2.0},{"damage":26,"enemies":"Gensokyo:Koishi","floor":23,"turns":5},{"damage":15,"enemies":"Gensokyo:Mirror_and_Dog","floor":24,"turns":3},{"damage":37,"enemies":"Gensokyo:Reisen","floor":25,"turns":4}],"seed_played":"3966207097252361621","potions_obtained":[{"floor":4.0,"key":"DistilledChaos"},{"floor":10.0,"key":"Ancient Potion"},{"floor":10.0,"key":"GamblersBrew"},{"floor":12.0,"key":"Energy Potion"},{"floor":12.0,"key":"CultistPotion"},{"floor":16.0,"key":"SkillPotion"},{"floor":18.0,"key":"ColorlessPotion"},{"floor":23,"key":"LiquidBronze"},{"floor":23,"key":"ColorlessPotion"},{"floor":24,"key":"Explosive Potion"}],"is_trial":false,"path_per_floor":["M","?","M","M","?","R","E","R","T","E","COS","M","E","M","R","B",null,"M","M","?","?","?","E","M","E"],"character_chosen":"MARISA","items_purchased":[],"campfire_rested":0,"item_purchase_floors":[],"current_hp_per_floor":[75,75,75,75,75,75,68,68,68,58,58,51,55,46,46,47,75,67,57,57,57,57,31,16,0,0],"gold":629,"neow_bonus":"THREE_ENEMY_KILL","is_daily":false,"chose_seed":false,"campfire_upgraded":3,"win_rate":0.0,"timestamp":1610682213,"path_taken":["M","?","M","?","?","R","E","R","T","E","COS","M","E","M","R","BOSS","M","M","?","?","?","E","M","E"],"items_purchased_type":[],"build_version":"2020-12-22","purchased_purges":0,"victory":false,"max_hp_per_floor":[75,75,75,75,75,75,75,75,75,75,75,75,75,75,75,75,75,75,75,75,69,69,69,69,69,69],"card_choices":[{"not_picked":["DoubleSpark","GalacticHalo"],"picked":"UnstableBomb","floor":1.0},{"not_picked":["DoubleSpark","NonDirectionalLaser"],"picked":"WitchOfGreed","floor":3.0},{"not_picked":["StarlightTyphoon","MeteoricShower"],"picked":"SuperPerseids","floor":4.0},{"not_picked":["Singularity","PowerUp"],"picked":"MillisecondPulsars","floor":7.0},{"not_picked":["EnergyRecoil","OrrerysSun"],"picked":"BlazeAway","floor":10.0},{"not_picked":["MagicAbsorber","ChargingUp","ShootingEcho"],"picked":"SKIP","floor":12.0},{"not_picked":["ShootingEcho","EnergyRecoil","MachineGunSpark"],"picked":"SKIP","floor":13.0},{"not_picked":["GravityBeat","EnergyRecoil"],"picked":"PropBag","floor":14.0},{"not_picked":["SuperNova","CollectingQuirk"],"picked":"UltimateShortwave","floor":16.0},{"not_picked":["GravityBeat+1","BlazeAway"],"picked":"Acceleration+1","floor":18.0},{"not_picked":["GrandCross","DC","AsteroidBelt"],"picked":"SKIP","floor":19.0},{"not_picked":["6A+1","FairyDestructionRay+1","NonDirectionalLaser"],"picked":"SKIP","floor":23},{"not_picked":["ManaConvection","SporeBomb"],"picked":"Acceleration+1","floor":24}],"player_experience":325807,"relics_obtained":[{"floor":7.0,"key":"Ginger"},{"floor":9.0,"key":"CaptainsWheel"},{"floor":10.0,"key":"Old Coin"},{"floor":13.0,"key":"Pantograph"},{"floor":23,"key":"Bottled Tornado"}],"event_choices":[],"is_beta":false,"boss_relics":[{"not_picked":["Empty Cage","Sozu"],"picked":"SlaversCollar"}],"items_purged_floors":[],"is_endless":false,"potions_floor_spawned":[10,12,16,18,23,24],"killed_by":"Gensokyo:Reisen","ascension_level":1}}