{"host":"50qwps766cbz6ukm","time":1610708938,"event":{"mods":["BaseMod","Colored Map","Colored Powertips","DeckTracker","Highlight Path","Infinite Spire","Minty Spire (QoL Compilation)","Quick Restart","Remove Card Discount Mod","StSLib","SuperFastMode","Synergy Search"],"gold_per_floor":[114,114,114,37,37,37,64,64,64,95,111,139,139,150,150,249,249,249,249],"floor_reached":18,"language":"ENG","playtime":422,"items_purged":["Injury"],"score":294,"play_id":"f452c260-b761-4737-9165-2bdf6a5c1821","local_time":"20210115130858","is_ascension_mode":true,"campfire_choices":[{"data":"infinitespire:Gouge","floor":6,"key":"SMITH"},{"data":"TalkToTheHand","floor":8,"key":"SMITH"},{"floor":15,"key":"REST"}],"circlet_count":0,"master_deck":["Strike_P","Strike_P","Strike_P","Strike_P","Defend_P","Defend_P","Defend_P","Defend_P","Eruption","Vigilance","LikeWater","infinitespire:Gouge+1","TalkToTheHand+1","Pain","TalkToTheHand","PathToVictory","Study","Regret","EmptyFist","FollowUp","Alpha"],"relics":["PureWater","NeowsBlessing","WarpedTongs","Dream Catcher","Oddly Smooth Stone","Orichalcum","Kunai","Blue Candle","SlaversCollar"],"acts_visited":["Exordium","TheCity"],"potions_floor_usage":[16],"damage_taken":[{"damage":0,"enemies":"Small Slimes","floor":1,"turns":1},{"damage":0,"enemies":"Gremlin Nob","floor":7,"turns":1},{"damage":3,"enemies":"3 Sentries","floor":10,"turns":1},{"damage":5,"enemies":"2 Louse","floor":11,"turns":2},{"damage":38,"enemies":"Gremlin Nob","floor":12,"turns":6},{"damage":2,"enemies":"Cultist","floor":14,"turns":3},{"damage":12,"enemies":"The Guardian","floor":16,"turns":9},{"damage":60,"enemies":"3 Byrds","floor":18,"turns":5}],"seed_played":"5116733426815553901","potions_obtained":[{"floor":10,"key":"SteroidPotion"},{"floor":12,"key":"Dexterity Potion"},{"floor":16,"key":"GamblersBrew"}],"is_trial":false,"path_per_floor":["M","?","?","$","?","R","E","R","T","E","M","E","?","M","R","B",null,"M"],"character_chosen":"WATCHER","items_purchased":["TalkToTheHand"],"campfire_rested":1,"item_purchase_floors":[4],"current_hp_per_floor":[65,65,58,58,58,58,58,58,58,55,50,12,12,10,31,19,59,0,0],"gold":249,"neow_bonus":"THREE_ENEMY_KILL","is_daily":false,"chose_seed":false,"campfire_upgraded":2,"win_rate":0.0,"timestamp":1610708938,"path_taken":["M","?","?","$","?","R","E","R","T","E","?","E","?","M","R","BOSS","M"],"items_purchased_type":["Card"],"build_version":"2020-12-22","purchased_purges":1,"victory":false,"max_hp_per_floor":[72,72,72,72,72,72,72,72,72,72,72,72,72,72,72,72,72,72,72],"card_choices":[{"not_picked":["EmptyBody","FollowUp"],"picked":"LikeWater","floor":1},{"not_picked":["infinitespire:SealOfDarkness+","infinitespire:SevenWalls"],"picked":"infinitespire:Gouge","floor":2},{"not_picked":["WreathOfFlame","Study"],"picked":"TalkToTheHand","floor":7},{"not_picked":["Nirvana","SignatureMove"],"picked":"PathToVictory","floor":10},{"not_picked":["PathToVictory","SignatureMove"],"picked":"Study","floor":11},{"not_picked":["ClearTheMind","CutThroughFate","Protect"],"picked":"SKIP","floor":12},{"not_picked":["Tantrum","Halt"],"picked":"EmptyFist","floor":14},{"not_picked":["CrushJoints","Fasting2"],"picked":"FollowUp","floor":15},{"not_picked":["Scrawl","ConjureBlade"],"picked":"Alpha","floor":16}],"player_experience":563939,"relics_obtained":[{"floor":7,"key":"Dream Catcher"},{"floor":9,"key":"Oddly Smooth Stone"},{"floor":10,"key":"Orichalcum"},{"floor":12,"key":"Kunai"}],"event_choices":[{"cards_removed":["Pain"],"damage_healed":0,"gold_gain":0,"player_choice":"Card Removal","damage_taken":7,"max_hp_gain":0,"max_hp_loss":0,"event_name":"Golden Wing","floor":3,"gold_loss":0},{"damage_healed":0,"gold_gain":0,"player_choice":"Rummage","damage_taken":0,"relics_obtained":["WarpedTongs"],"max_hp_gain":0,"max_hp_loss":0,"event_name":"Accursed Blacksmith","floor":5,"gold_loss":0,"cards_obtained":["Pain"]},{"damage_healed":0,"gold_gain":0,"player_choice":"Box","damage_taken":0,"relics_obtained":["Blue Candle"],"max_hp_gain":0,"max_hp_loss":0,"event_name":"Big Fish","floor":13,"gold_loss":0,"cards_obtained":["Regret"]}],"is_beta":false,"boss_relics":[{"not_picked":["Runic Dome","Astrolabe"],"picked":"SlaversCollar"}],"items_purged_floors":[4],"is_endless":false,"potions_floor_spawned":[10,12,16],"killed_by":"3 Byrds","ascension_level":6}}