{"host":"dqv8oo4v229c1o2l","time":1610737175,"event":{"mods":["AchievementEnabler","BaseMod","Colored Map","Colored Powertips","Minty Spire (QoL Compilation)","Quick Restart","Rare Cards Sparkle","StSLib","Synergy Search"],"gold_per_floor":[117,132,210,210,285,317,317,242,242,267,267,279,292,35,35,130,130,145,163,182,201,215,215,248,248,248,248,248,168,182,194,194,194,194],"floor_reached":33,"language":"ENG","playtime":1220,"items_purged":["Strike_G","Writhe"],"score":330,"play_id":"b7335541-4ec6-4227-97a0-108d0a3f332f","local_time":"20210115105935","is_ascension_mode":true,"campfire_choices":[{"data":"Neutralize","floor":7.0,"key":"SMITH"},{"floor":11.0,"key":"RECALL"},{"floor":15.0,"key":"REST"},{"floor":23.0,"key":"REST"},{"floor":27.0,"key":"REST"},{"data":"Terror","floor":32.0,"key":"SMITH"}],"circlet_count":0,"master_deck":["Strike_G","Strike_G","Defend_G+1","Defend_G","Defend_G","Defend_G","Survivor+1","Neutralize+1","Unload","Endless Agony","Underhanded Strike","Underhanded Strike","Underhanded Strike","Terror+1","Phantasmal Killer","Underhanded Strike+1","Quick Slash+1","Backstab+1","Prepared+1"],"relics":["Ring of the Snake","Ice Cream","Paper Crane","Centennial Puzzle","Molten Egg 2","HoveringKite","Bag of Marbles","War Paint","The Courier"],"acts_visited":["Exordium","TheCity"],"potions_floor_usage":[],"damage_taken":[{"damage":0.0,"enemies":"2 Louse","floor":1.0,"turns":2.0},{"damage":0.0,"enemies":"Small Slimes","floor":2.0,"turns":2.0},{"damage":5.0,"enemies":"Gremlin Nob","floor":6.0,"turns":3.0},{"damage":9.0,"enemies":"3 Sentries","floor":10.0,"turns":6.0},{"damage":0.0,"enemies":"Jaw Worm","floor":12.0,"turns":2.0},{"damage":7.0,"enemies":"Blue Slaver","floor":13.0,"turns":2.0},{"damage":36.0,"enemies":"The Guardian","floor":16.0,"turns":8.0},{"damage":7.0,"enemies":"3 Byrds","floor":18.0,"turns":5.0},{"damage":0.0,"enemies":"Spheric Guardian","floor":19.0,"turns":2.0},{"damage":18.0,"enemies":"Cultist and Chosen","floor":20.0,"turns":4.0},{"damage":25.0,"enemies":"Snake Plant","floor":21.0,"turns":3.0},{"damage":4.0,"enemies":"Centurion and Healer","floor":22.0,"turns":3.0},{"damage":13.0,"enemies":"Book of Stabbing","floor":24.0,"turns":2.0},{"damage":12.0,"enemies":"Cultist and Chosen","floor":30.0,"turns":4.0},{"damage":12.0,"enemies":"Snake Plant","floor":31.0,"turns":3.0},{"damage":30,"enemies":"Champ","floor":33,"turns":5}],"seed_played":"2324003216325299721","potions_obtained":[{"floor":6.0,"key":"DistilledChaos"},{"floor":12.0,"key":"Explosive Potion"},{"floor":16.0,"key":"Swift Potion"},{"floor":20.0,"key":"SteroidPotion"},{"floor":22.0,"key":"BlessingOfTheForge"}],"is_trial":false,"path_per_floor":["M","M","?","?","?","E","R","$","T","E","R","M","M","$","R","B",null,"M","M","M","M","M","R","E","?","T","R","?","$","M","M","R","B"],"character_chosen":"THE_SILENT","items_purchased":["Molten Egg 2"],"campfire_rested":3,"item_purchase_floors":[14],"current_hp_per_floor":[63,63,63,63,52,47,47,47,47,38,38,38,31,31,49,13,63,56,56,38,13,9,27,14,14,14,32,53,53,41,29,29,0,0],"gold":194,"neow_bonus":"TRANSFORM_TWO_CARDS","is_daily":false,"chose_seed":false,"campfire_upgraded":2,"win_rate":0.0,"timestamp":1610737175,"path_taken":["M","M","?","?","?","E","R","$","T","E","R","M","M","?","R","BOSS","M","M","M","M","M","R","E","?","T","R","?","$","M","M","R","BOSS"],"items_purchased_type":["Relic"],"build_version":"2020-12-22","purchased_purges":2,"victory":false,"max_hp_per_floor":[63,63,63,63,63,63,63,63,63,63,63,63,63,63,63,63,63,63,63,63,63,63,63,63,63,63,63,63,63,63,63,63,63,63],"card_choices":[{"not_picked":["Setup","Quick Slash"],"picked":"Underhanded Strike","floor":1.0},{"not_picked":["Expertise","Distraction"],"picked":"Underhanded Strike","floor":2.0},{"not_picked":["Cloak And Dagger","After Image","Bane"],"picked":"SKIP","floor":6.0},{"not_picked":["Predator","Bane"],"picked":"Underhanded Strike","floor":10.0},{"not_picked":["Backflip","Outmaneuver"],"picked":"Terror","floor":12.0},{"not_picked":["Concentrate","Dagger Spray","Bouncing Flask"],"picked":"SKIP","floor":13.0},{"not_picked":["Grand Finale+1","Glass Knife+1"],"picked":"Phantasmal Killer","floor":16.0},{"not_picked":["Heel Hook+1","Infinite Blades+1"],"picked":"Underhanded Strike+1","floor":18.0},{"not_picked":["Cloak And Dagger+1","Backflip","Dodge and Roll"],"picked":"SKIP","floor":19.0},{"not_picked":["Cloak And Dagger+1","Bane+1","Acrobatics"],"picked":"SKIP","floor":20.0},{"not_picked":["Accuracy","Concentrate"],"picked":"Quick Slash+1","floor":21.0},{"not_picked":["Blur","Flechettes+1","Accuracy"],"picked":"SKIP","floor":22.0},{"not_picked":["Setup","Terror+1"],"picked":"Backstab+1","floor":24.0},{"not_picked":["Sucker Punch+1","Night Terror","Backstab+1"],"picked":"SKIP","floor":30.0},{"not_picked":["Blur+1","Underhanded Strike+1"],"picked":"Prepared+1","floor":31.0}],"player_experience":276792,"relics_obtained":[{"floor":6.0,"key":"Ice Cream"},{"floor":9.0,"key":"Paper Crane"},{"floor":10.0,"key":"Centennial Puzzle"},{"floor":24.0,"key":"Bag of Marbles"},{"floor":26.0,"key":"The Courier"}],"event_choices":[{"damage_healed":0.0,"max_hp_gain":0.0,"max_hp_loss":0.0,"gold_gain":78.0,"event_name":"Golden Wing","player_choice":"Gained Gold","floor":3.0,"gold_loss":0.0,"damage_taken":0.0},{"cards_removed":["Strike_G"],"damage_healed":0.0,"max_hp_gain":0.0,"max_hp_loss":0.0,"gold_gain":0.0,"event_name":"Living Wall","player_choice":"Forget","floor":4.0,"gold_loss":0.0,"damage_taken":0.0},{"damage_healed":0.0,"max_hp_gain":0.0,"max_hp_loss":0.0,"gold_gain":75.0,"event_name":"World of Goop","player_choice":"Gather Gold","floor":5.0,"gold_loss":0.0,"damage_taken":11.0},{"damage_healed":0.0,"max_hp_gain":0.0,"max_hp_loss":0.0,"gold_gain":0.0,"event_name":"The Mausoleum","player_choice":"Opened","floor":25.0,"gold_loss":0.0,"damage_taken":0.0,"relics_obtained":["War Paint"],"cards_obtained":["Writhe"]},{"damage_healed":21.0,"max_hp_gain":0.0,"max_hp_loss":0.0,"gold_gain":0.0,"event_name":"The Library","player_choice":"Heal","floor":28.0,"gold_loss":0.0,"damage_taken":0.0}],"is_beta":false,"boss_relics":[{"not_picked":["Black Star","Tiny House"],"picked":"HoveringKite"}],"items_purged_floors":[8,29],"is_endless":false,"potions_floor_spawned":[6,12,16,20,21,22],"killed_by":"Champ","ascension_level":2}}