{"host":"2xi35nzst5j6xtbr","time":1610689232,"event":{"mods":["BaseMod","Colored Map","Colored Powertips","Dota2Spire","Downfall","Minty Spire (QoL Compilation)","Quick Restart","Replay The Spire","StSLib","The Gatherer","[GremlinLeader]The Maniac","¡¾ÒÅÎï¿¨ÅÆ¡¿REMEMod"],"gold_per_floor":[99,111,111,125,9,284,284,299,149,27,61,78,3,15,38,148,148,148,148,33,33,49,61,87,122,122,122,140,168,168,181,201,306,306,306,337,353,353,370,420,432,257,257,284,300,315,341,341,356,356,356,356],"floor_reached":50,"language":"ZHS","playtime":4091,"items_purged":["Regret","hexamod:Strike","Spreading Infection"],"score":587,"play_id":"e17e2393-d362-4253-ad93-4ec4ea3a51e2","local_time":"20210115134032","is_ascension_mode":false,"campfire_choices":[{"floor":1.0,"key":"RECALL"},{"data":"hexamod:BurningTouch","floor":9,"key":"SMITH"},{"data":"hexamod:SearingWound","floor":13,"key":"SMITH"},{"data":"hexamod:HeatShield","floor":18,"key":"SMITH"},{"data":"hexamod:GhostflameBarrier","floor":27,"key":"SMITH"},{"floor":30,"key":"REST"},{"data":"hexamod:Defend","floor":35,"key":"PURGE"}],"circlet_count":0,"master_deck":["hexamod:Strike","hexamod:Strike+1","hexamod:Strike+1","hexamod:Defend","hexamod:Defend+1","hexamod:Defend","hexamod:Sear","hexamod:Float+1","hexamod:ExtraCrispy","hexamod:SearingWound+1","hexamod:SpectersWail+1","hexamod:BurningTouch+1","hexamod:PhantomFireball","hexamod:HeatShield+1","hexamod:ExtraCrispy+1","hexamod:StepThrough","hexamod:AdvancingGuard","hexamod:GhostflameBarrier+1","hexamod:HexaLevel","hexamod:HexaLevel","Shame","hexamod:ChargedBarrage","hexamod:SkipABeat+1","hexamod:HeatMetal+1","hexamod:CatchUp+1","hexamod:VolcanoVisage","hexamod:NightmareGuise","hexamod:TimeOfNeed","ReplayTheSpireMod:Splinters","hexamod:HeatCrush","hexamod:FirstSeal","expansioncontent:CaCaw","hexamod:ThermalTransfer+1","Voices","expansioncontent:LastStand"],"relics":["hexamod:SpiritBrand","REME_ComplimentaryCards","downfall:HeartBlessingBlue","downfall:HeartBlessingRed","Ginger","downfall:HeartBlessingGreen","hexamod:TheBrokenSeal","Replay:Bronze Core","Dota2Spire:Dagon","Blood Vial","Dota2Spire:LotusOrb","hexamod:InflammatoryLetter","ReplayFunnel","Coffee Dripper","Incense Burner","ReplayTheSpireMod:Ring of Addiction","SacredBark","Toy Ornithopter","Ring of Greed","The Courier","MawBank","Eternal Feather","Bag of Marbles","Centennial Puzzle"],"acts_visited":["Exordium","TheCity","TheBeyond"],"potions_floor_usage":[10,11,14,15,15,16,20,29,33,33,33,42,42,44,44,45,46,49],"damage_taken":[{"damage":5.0,"enemies":"2 Louse","floor":2.0,"turns":3.0},{"damage":2,"enemies":"Cultist","floor":4,"turns":5},{"damage":5,"enemies":"downfall:FleeingMerchant","floor":5,"turns":4},{"damage":2,"enemies":"Small Slimes","floor":8,"turns":3},{"damage":12,"enemies":"downfall:FleeingMerchant","floor":10,"turns":4},{"damage":24,"enemies":"3 Sentries","floor":11,"turns":9},{"damage":4,"enemies":"2 Fungi Beasts","floor":12,"turns":4},{"damage":12,"enemies":"Large Slime","floor":14,"turns":3},{"damage":7,"enemies":"3 Louse","floor":15,"turns":4},{"damage":49,"enemies":"downfall:Watcher","floor":16,"turns":10},{"damage":0,"enemies":"downfall:FleeingMerchant","floor":20,"turns":5},{"damage":7,"enemies":"3 Byrds","floor":22,"turns":5},{"damage":0,"enemies":"Shell Parasite","floor":23,"turns":4},{"damage":24,"enemies":"Replay:Snechameleon","floor":25,"turns":6},{"damage":0,"enemies":"Centurion and Healer","floor":28,"turns":5},{"damage":28,"enemies":"Slavers","floor":29,"turns":5},{"damage":4,"enemies":"3 Cultists","floor":31,"turns":5},{"damage":15,"enemies":"Snake Plant","floor":32,"turns":3},{"damage":10,"enemies":"downfall:Defect","floor":33,"turns":8},{"damage":5,"enemies":"3 Shapes","floor":37,"turns":3},{"damage":14,"enemies":"3 Darklings","floor":39,"turns":6},{"damage":0,"enemies":"downfall:FleeingMerchant","floor":42,"turns":5},{"damage":19,"enemies":"Reptomancer","floor":44,"turns":8},{"damage":53,"enemies":"Transient","floor":45,"turns":5},{"damage":21,"enemies":"Writhing Mass","floor":46,"turns":3},{"damage":15,"enemies":"Jaw Worm Horde","floor":49,"turns":5},{"damage":0,"enemies":"downfall:Ironclad","floor":50,"turns":1}],"seed_played":"-8243666720591463188","potions_obtained":[{"floor":8,"key":"REME_GoldPotion"},{"floor":10,"key":"LifebloodPotion"},{"floor":11,"key":"Fire Potion"},{"floor":12,"key":"Dota2Spire:Clarity"},{"floor":14,"key":"Energy Potion"},{"floor":15,"key":"Elixir"},{"floor":16,"key":"Cursed Concoction"},{"floor":16,"key":"SteroidPotion"},{"floor":19,"key":"CultistPotion"},{"floor":22,"key":"Toxic Potion"},{"floor":32,"key":"Dota2Spire:HealingSalve"},{"floor":40,"key":"Strength Potion"},{"floor":40,"key":"SkillPotion"},{"floor":40,"key":"Weak Potion"},{"floor":43,"key":"Fire Potion"},{"floor":43,"key":"Fire Potion"},{"floor":45,"key":"Fire Potion"},{"floor":46,"key":"Explosive Potion"},{"floor":49,"key":"Elixir"}],"is_trial":false,"path_per_floor":["R_BF","M","?","M","$","?","T","M","R","$","E","M","R","M","M","B",null,"R","?","$","?","M","M","T","E","?","R","M","E","R","M","M","B",null,"R_BF","?","M","?","M","?","T","$","?","E","M","M","T","?","M","B"],"character_chosen":"THE_SPIRIT","items_purchased":["hexamod:BurningTouch","hexamod:PhantomFireball","hexamod:StepThrough","expansioncontent:CaCaw"],"campfire_rested":1,"item_purchase_floors":[5,5,10,42],"current_hp_per_floor":[70,65,65,63,65,65,65,70,80,75,58,61,61,49,49,78,90,90,90,90,90,83,83,83,61,61,61,63,37,64,62,49,59,90,90,90,85,78,66,66,66,85,85,83,44,30,30,30,29,31,31,31],"gold":356,"neow_bonus":"ONE_RANDOM_RARE_CARD","is_daily":false,"chose_seed":false,"campfire_upgraded":4,"win_rate":0.0,"timestamp":1610689232,"path_taken":["R_BF","M","?","M","$","?","T","M","R","$","E","M","R","?","M","BOSS","R","?","$","?","M","M","T","E","?","R","M","E","R","M","M","BOSS","R_BF","?","M","?","M","?","T","$","?","E","M","?","?","?","M","BOSS"],"items_purchased_type":["Card","Card","Card","Card"],"build_version":"2020-12-22","purchased_purges":3,"victory":false,"max_hp_per_floor":[70,70,70,70,70,70,70,70,80,80,80,80,80,80,80,90,90,90,90,90,90,90,90,90,90,90,90,90,90,90,90,90,90,90,90,90,90,90,90,90,90,90,90,90,90,90,90,90,90,90,90,90],"card_choices":[{"not_picked":["hexamod:ThirdSeal","hexamod:FourthSeal"],"picked":"hexamod:FirstSeal","floor":2.0},{"not_picked":["hexamod:Firestarter","hexamod:HauntingEcho"],"picked":"hexamod:ExtraCrispy","floor":2.0},{"not_picked":["hexamod:FirstSeal","hexamod:SecondSeal"],"picked":"hexamod:SixthSeal","floor":4},{"not_picked":["hexamod:Hexaguard","hexamod:GhostflameBarrier"],"picked":"hexamod:SearingWound","floor":4},{"not_picked":["hexamod:FirstSeal","hexamod:SixthSeal"],"picked":"hexamod:FourthSeal","floor":5},{"not_picked":["hexamod:Hexaguard","hexamod:FirstSeal"],"picked":"hexamod:SpectersWail","floor":5},{"not_picked":["hexamod:FirstSeal","hexamod:SixthSeal"],"picked":"hexamod:SecondSeal","floor":8},{"not_picked":["hexamod:Hexaguard","hexamod:SpectersWail"],"picked":"hexamod:HeatShield","floor":8},{"not_picked":["hexamod:FourthSeal","hexamod:SecondSeal"],"picked":"hexamod:ThirdSeal","floor":10},{"not_picked":["hexamod:RainOfEmbers","hexamod:ShieldOfDarkness"],"picked":"hexamod:ExtraCrispy","floor":10},{"not_picked":["hexamod:Hexaguard","hexamod:UnleashSpirits","hexamod:FastForward"],"picked":"SKIP","floor":11},{"not_picked":["hexamod:BurningTouch","hexamod:NecessarySacrifice"],"picked":"hexamod:AdvancingGuard","floor":12},{"not_picked":["hexamod:NecessarySacrifice","hexamod:FastForward","hexamod:GhostLash"],"picked":"SKIP","floor":12},{"not_picked":["hexamod:FirstSeal","hexamod:FourthSeal","hexamod:ThirdSeal"],"picked":"SKIP","floor":12},{"not_picked":["hexamod:AdvancingGuard","hexamod:HauntingEcho"],"picked":"hexamod:GhostflameBarrier","floor":14},{"not_picked":["hexamod:BurningTouch","hexamod:Incineration"],"picked":"hexamod:HexaLevel","floor":15},{"not_picked":["hexamod:RainOfEmbers","hexamod:HeatShield","hexamod:ThermalTransfer"],"picked":"SKIP","floor":15},{"not_picked":["hexamod:CrushingStance","hexamod:SixthSeal"],"picked":"hexamod:HexaLevel","floor":16},{"not_picked":["hexamod:HeatShield","hexamod:Firestarter","hexamod:AdvancingGuard"],"picked":"SKIP","floor":20},{"not_picked":["hexamod:GhostflameBarrier","hexamod:NightmareStrike+1"],"picked":"hexamod:ChargedBarrage","floor":22},{"not_picked":["hexamod:SecondSeal","hexamod:SpectersWail+1"],"picked":"hexamod:SkipABeat+1","floor":23},{"not_picked":["hexamod:Again","hexamod:FourthSeal","hexamod:GhostLash"],"picked":"SKIP","floor":25},{"not_picked":["hexamod:Rewind","hexamod:GhostLash+1"],"picked":"hexamod:HeatMetal+1","floor":28},{"not_picked":["hexamod:FastForward+1","hexamod:NightmareGuise"],"picked":"hexamod:CatchUp+1","floor":29},{"not_picked":["hexamod:RainOfEmbers","hexamod:AdvancingGuard"],"picked":"hexamod:VolcanoVisage","floor":31},{"not_picked":["hexamod:FastForward","hexamod:EtherealExpedition"],"picked":"hexamod:NightmareGuise","floor":32},{"not_picked":["hexamod:FifthSeal","hexamod:ParanormalForm"],"picked":"hexamod:TimeOfNeed","floor":33},{"not_picked":["hexamod:ThirdSeal","hexamod:InspiringFlames+1"],"picked":"hexamod:HeatCrush","floor":37},{"not_picked":["hexamod:BacktrackSmack+1","hexamod:BurningTouch+1","hexamod:SwordOfDarkness"],"picked":"SKIP","floor":39},{"not_picked":["hexamod:GhostShield+1","hexamod:SixthSeal","hexamod:Hexaguard"],"picked":"SKIP","floor":42},{"not_picked":["hexamod:SwordOfDarkness+1","hexamod:NightmareStrike","hexamod:GhostOfSpireFuture+1"],"picked":"SKIP","floor":44},{"not_picked":["hexamod:SecondSeal","hexamod:NecessarySacrifice"],"picked":"hexamod:ThermalTransfer+1","floor":45},{"not_picked":["hexamod:RetreatToShadows","hexamod:InspiringFlames","hexamod:StepThrough+1"],"picked":"SKIP","floor":46},{"not_picked":["Replay:SS_fish_1","expansioncontent:GoopSpray"],"picked":"expansioncontent:LastStand","floor":48},{"not_picked":["hexamod:SkipABeat+1","hexamod:Haunt+1","hexamod:NightmareGuise+1"],"picked":"SKIP","floor":49}],"player_experience":124742,"relics_obtained":[{"floor":11,"key":"Ginger"},{"floor":24,"key":"Blood Vial"},{"floor":25,"key":"Dota2Spire:LotusOrb"},{"floor":29,"key":"ReplayFunnel"},{"floor":36,"key":"Incense Burner"},{"floor":40,"key":"ReplayTheSpireMod:Ring of Addiction"},{"floor":40,"key":"SacredBark"},{"floor":40,"key":"Toy Ornithopter"},{"floor":40,"key":"Ring of Greed"},{"floor":40,"key":"The Courier"},{"floor":40,"key":"MawBank"},{"floor":41,"key":"Eternal Feather"},{"floor":44,"key":"Bag of Marbles"},{"floor":47,"key":"Centennial Puzzle"}],"event_choices":[{"damage_healed":0,"gold_gain":0,"player_choice":"Stole Relic","damage_taken":0,"relics_obtained":["Dota2Spire:Dagon"],"max_hp_gain":0,"max_hp_loss":0,"event_name":"Addict","floor":21,"gold_loss":0,"cards_obtained":["Shame"]},{"damage_healed":0,"gold_gain":0,"player_choice":"Got Potions","damage_taken":0,"max_hp_gain":0,"max_hp_loss":0,"event_name":"Lab","floor":43,"gold_loss":0}],"is_beta":false,"boss_relics":[{"not_picked":["SacredBark","Runic Dome"],"picked":"Replay:Bronze Core"},{"not_picked":["Replay:Wanted Poster","Honey Jar"],"picked":"Coffee Dripper"}],"items_purged_floors":[10,20,42],"is_endless":false,"potions_floor_spawned":[8,11,12,14,16,22,25,32,45,46,49],"killed_by":"downfall:Ironclad","ascension_level":0}}