{"host":"jl3raagrljzztomj","time":1610723329,"event":{"mods":["Aspiration","BaseMod","BetterRewards","Colored Map","Colored Powertips","Custom Start","Hermit","Highlight Path","Minty Spire (QoL Compilation)","Permanent Neow","StSLib","SuperFastMode","The Runesmith"],"gold_per_floor":[116,131,149,149,149,149,163,163,163,178,178,210,229,229,229,328,328,346,346,346,346,346,346,378,241,241,251,263,263,296,306,306,306,306],"floor_reached":33,"language":"ENG","playtime":1255,"items_purged":[],"score":285,"play_id":"0058bb28-6d5e-49a6-b22c-aaa310523069","local_time":"20210115090849","is_ascension_mode":false,"campfire_choices":[{"data":"Perfected Strike","floor":6,"key":"SMITH"},{"data":"Pommel Strike","floor":8,"key":"SMITH"},{"data":"Bash","floor":11,"key":"SMITH"},{"floor":15,"key":"REST"},{"data":"Pommel Strike","floor":23,"key":"SMITH"},{"floor":32,"key":"REST"}],"circlet_count":0,"master_deck":["Strike_R","Strike_R","Strike_R","Strike_R","Strike_R","Defend_R","Defend_R","Defend_R","Bash+1","Pommel Strike+1","Perfected Strike+1","Pommel Strike+1","Offering","Necronomicurse","Twin Strike","Twin Strike","Madness"],"relics":["Burning Blood","Singing Bowl","Gremlin Horn","Philosopher\u0027s Stone","Necronomicon","aspiration:StickyExplosives_weak","Darkstone Periapt","Omamori"],"acts_visited":["Exordium","TheCity"],"potions_floor_usage":[12,12,30,30,31,33],"damage_taken":[{"damage":1,"enemies":"Cultist","floor":1,"turns":3},{"damage":0,"enemies":"2 Louse","floor":2,"turns":2},{"damage":1,"enemies":"Jaw Worm","floor":3,"turns":3},{"damage":10,"enemies":"Looter","floor":7,"turns":2},{"damage":9,"enemies":"Blue Slaver","floor":10,"turns":3},{"damage":36,"enemies":"Lagavulin","floor":12,"turns":4},{"damage":3,"enemies":"Lots of Slimes","floor":13,"turns":4},{"damage":49,"enemies":"The Guardian","floor":16,"turns":9},{"damage":8,"enemies":"Chosen","floor":18,"turns":3},{"damage":21,"enemies":"Book of Stabbing","floor":24,"turns":3},{"damage":12,"enemies":"2 Thieves","floor":27,"turns":2},{"damage":17,"enemies":"Centurion and Healer","floor":28,"turns":3},{"damage":29,"enemies":"Gremlin Leader","floor":30,"turns":3},{"damage":12,"enemies":"Snecko","floor":31,"turns":3},{"damage":76,"enemies":"Champ","floor":33,"turns":6}],"seed_played":"8869221776303246990","potions_obtained":[{"floor":1,"key":"Strength Potion"},{"floor":2,"key":"SkillPotion"},{"floor":7,"key":"SteroidPotion"},{"floor":27,"key":"SpeedPotion"},{"floor":30,"key":"Energy Potion"},{"floor":31,"key":"Swift Potion"}],"is_trial":false,"path_per_floor":["M","M","M","?","$","R","M","R","T","M","R","E","M","$","R","B",null,"M","?","?","$","?","R","E","$","T","M","M","?","E","M","R","B"],"character_chosen":"IRONCLAD","items_purchased":["Twin Strike","Madness"],"campfire_rested":2,"item_purchase_floors":[25,25],"current_hp_per_floor":[80,80,80,72,72,72,68,68,68,67,67,37,42,42,67,24,84,84,84,68,68,68,68,53,53,53,49,40,49,28,24,52,0,0],"gold":306,"neow_bonus":"THREE_CARDS","is_daily":false,"chose_seed":false,"campfire_upgraded":4,"win_rate":0.0,"timestamp":1610723329,"path_taken":["M","?","?","?","$","R","?","R","T","M","R","E","M","$","R","BOSS","M","?","?","$","?","R","E","$","T","M","?","?","E","M","R","BOSS"],"items_purchased_type":["Card","Card"],"build_version":"2020-12-22","purchased_purges":0,"victory":false,"max_hp_per_floor":[80,80,80,80,80,80,80,80,80,82,82,82,84,84,84,84,84,86,86,86,86,86,86,86,86,86,88,90,90,92,94,94,94,94],"card_choices":[{"not_picked":["Dark Embrace","Havoc"],"picked":"Pommel Strike","floor":0},{"not_picked":["Reckless Charge","True Grit"],"picked":"Perfected Strike","floor":1},{"not_picked":["Havoc","Dark Embrace","Thunderclap"],"picked":"SKIP","floor":2},{"not_picked":["Flex","Body Slam","Metallicize"],"picked":"SKIP","floor":3},{"not_picked":["Combust","Heavy Blade","Thunderclap"],"picked":"SKIP","floor":7},{"not_picked":["Sword Boomerang","Clothesline","Havoc"],"picked":"Singing Bowl","floor":10},{"not_picked":["Spot Weakness","Armaments"],"picked":"Pommel Strike","floor":12},{"not_picked":["Clash","Rampage","Combust"],"picked":"Singing Bowl","floor":13},{"not_picked":["Brutality","Impervious"],"picked":"Offering","floor":16},{"not_picked":["Blood for Blood","Armaments","Infernal Blade"],"picked":"Singing Bowl","floor":18},{"not_picked":["Uppercut","Flex+1"],"picked":"Twin Strike","floor":24},{"not_picked":["Headbutt","Body Slam","Blood for Blood"],"picked":"Singing Bowl","floor":27},{"not_picked":["Rampage","Clash","Flex"],"picked":"Singing Bowl","floor":28},{"not_picked":["Limit Break","Rampage","Armaments"],"picked":"Singing Bowl","floor":30},{"not_picked":["Shrug It Off","Anger","Body Slam"],"picked":"Singing Bowl","floor":31}],"player_experience":948680,"relics_obtained":[{"floor":9,"key":"Singing Bowl"},{"floor":12,"key":"Gremlin Horn"},{"floor":20,"key":"Necronomicon"},{"floor":24,"key":"aspiration:StickyExplosives_weak"},{"floor":26,"key":"Darkstone Periapt"},{"floor":30,"key":"Omamori"}],"event_choices":[{"damage_healed":0,"gold_gain":0,"player_choice":"Damaged","damage_taken":8,"max_hp_gain":0,"max_hp_loss":0,"event_name":"Wheel of Change","floor":4,"gold_loss":0},{"damage_healed":0,"gold_gain":0,"player_choice":"Ignored","damage_taken":0,"max_hp_gain":0,"max_hp_loss":0,"event_name":"Ghosts","floor":19,"gold_loss":0},{"damage_healed":0,"gold_gain":0,"player_choice":"Obtained Book","damage_taken":16,"max_hp_gain":0,"max_hp_loss":0,"event_name":"Cursed Tome","floor":20,"gold_loss":0},{"cards_removed":["Defend_R"],"damage_healed":0,"gold_gain":0,"player_choice":"Offered Basic","damage_taken":0,"max_hp_gain":0,"max_hp_loss":0,"event_name":"Bonfire Elementals","floor":22,"gold_loss":0}],"is_beta":false,"boss_relics":[{"not_picked":["SacredBark","aspiration:RitualDagger"],"picked":"Philosopher\u0027s Stone"}],"items_purged_floors":[],"is_endless":false,"potions_floor_spawned":[1,2,7,27,30,31],"killed_by":"Champ","ascension_level":0}}