{"host":"krqozg1tp0zpuvz3","time":1610729843,"event":{"mods":["AchievementEnabler","BaseMod","Better Altar","Better Match","Better Note","Better Sensory Stone","Better Third Choice","BetterRewards","Colored Map","DeckTracker","Keyboard Shortcuts","Minty Spire (QoL Compilation)","Permanent Neow","Relic Stats","Shop Mod","StSLib","SuperFastMode"],"gold_per_floor":[114,114,129,129,143,143,178,178,178,5,16,30,69,79,79,174,174,189,189,42,42,42,42,71,71,71,101,114,114,128,143,143,240,240,260,270,287,287,287,321,40,73,73,73,84,84,102,113,113,113],"floor_reached":51,"language":"KOR","playtime":2474,"items_purged":["Defend_P","Strike_P","SignatureMove+1"],"score":1084,"play_id":"63010708-c38c-45e5-bc0b-07b0fcb512ab","local_time":"20210116015723","is_ascension_mode":true,"campfire_choices":[{"floor":6,"key":"REST"},{"data":"Crescendo","floor":8,"key":"SMITH"},{"floor":15,"key":"REST"},{"floor":23,"key":"REST"},{"data":"FlurryOfBlows","floor":25,"key":"SMITH"},{"data":"Adaptation","floor":29,"key":"SMITH"},{"data":"EmptyMind","floor":32,"key":"SMITH"},{"data":"FlurryOfBlows","floor":44,"key":"SMITH"},{"floor":49,"key":"REST"}],"circlet_count":0,"master_deck":["Eruption+1","Vigilance","Crescendo+1","EmptyMind+1","ClearTheMind+1","Indignation+1","FlurryOfBlows+1","ClearTheMind+1","Omniscience+1","SandsOfTime+1","InnerPeace+1","Adaptation+1","FlurryOfBlows+1","DeusExMachina+1","FearNoEvil+1","Scrawl+1"],"relics":["PureWater","Prayer Wheel","Happy Flower","Mercury Hourglass","Cauldron","Pen Nib","Toxic Egg 2","Astrolabe","Bag of Preparation","Mango","Pocketwatch","Question Card","VioletLotus","Boot","Kunai","Lizard Tail"],"acts_visited":["Exordium","TheCity","TheBeyond"],"potions_floor_usage":[13,14,16,33],"damage_taken":[{"damage":0,"enemies":"2 Louse","floor":1,"turns":2},{"damage":0,"enemies":"Jaw Worm","floor":3,"turns":2},{"damage":0,"enemies":"Cultist","floor":5,"turns":3},{"damage":27,"enemies":"Lagavulin","floor":7,"turns":5},{"damage":0,"enemies":"Blue Slaver","floor":11,"turns":3},{"damage":1,"enemies":"Large Slime","floor":12,"turns":4},{"damage":0,"enemies":"3 Louse","floor":13,"turns":2},{"damage":5,"enemies":"Gremlin Gang","floor":14,"turns":2},{"damage":22,"enemies":"The Guardian","floor":16,"turns":8},{"damage":33,"enemies":"Shell Parasite","floor":18,"turns":3},{"damage":5,"enemies":"Gremlin Leader","floor":24,"turns":2},{"damage":0,"enemies":"Slavers","floor":27,"turns":1},{"damage":0,"enemies":"3 Byrds","floor":28,"turns":1},{"damage":0,"enemies":"Snake Plant","floor":30,"turns":1},{"damage":0,"enemies":"Cultist and Chosen","floor":31,"turns":1},{"damage":0,"enemies":"Collector","floor":33,"turns":1},{"damage":0,"enemies":"3 Shapes","floor":35,"turns":1},{"damage":0,"enemies":"3 Darklings","floor":36,"turns":1},{"damage":0,"enemies":"Jaw Worm Horde","floor":37,"turns":1},{"damage":13,"enemies":"Nemesis","floor":40,"turns":3},{"damage":0,"enemies":"Reptomancer","floor":42,"turns":1},{"damage":7,"enemies":"Sphere and 2 Shapes","floor":45,"turns":1},{"damage":0,"enemies":"Maw","floor":47,"turns":1},{"damage":0,"enemies":"Transient","floor":48,"turns":2},{"damage":0,"enemies":"Awakened One","floor":50,"turns":2}],"seed_played":"-4923078792997471175","potions_obtained":[{"floor":0,"key":"AttackPotion"},{"floor":0,"key":"ColorlessPotion"},{"floor":0,"key":"LiquidMemories"},{"floor":13,"key":"Fire Potion"},{"floor":14,"key":"SpeedPotion"},{"floor":16,"key":"Block Potion"},{"floor":33,"key":"Dexterity Potion"},{"floor":36,"key":"Dexterity Potion"}],"is_trial":false,"path_per_floor":["M","?","M","?","M","R","E","R","T","$","M","M","M","M","R","B",null,"M","?","$","?","?","R","E","R","T","E","M","R","M","M","R","B",null,"M","M","M","?","?","E","$","E","T","R","M","$","M","M","R","B",null],"character_chosen":"WATCHER","items_purchased":["Crescendo","Happy Flower","Mercury Hourglass","Cauldron","Indignation+1","Bag of Preparation","Scrawl+1"],"campfire_rested":4,"item_purchase_floors":[0,0,0,0,10,20,41],"current_hp_per_floor":[40,40,40,40,40,61,34,34,34,34,34,33,33,28,49,27,72,39,39,39,39,39,60,69,69,69,69,69,69,69,69,69,69,86,86,86,86,82,82,69,69,69,69,69,62,62,62,62,82,82],"gold":113,"neow_bonus":"","is_daily":false,"chose_seed":false,"campfire_upgraded":5,"win_rate":0.0,"timestamp":1610729843,"path_taken":["M","?","M","?","?","R","E","R","T","$","M","M","M","M","R","BOSS","M","?","$","?","?","R","E","R","T","E","?","R","M","M","R","BOSS","M","M","M","?","?","E","$","E","T","R","M","$","M","?","R","BOSS"],"items_purchased_type":["Card","Relic","Relic","Relic","Card","Relic","Card"],"build_version":"2020-12-22","purchased_purges":3,"victory":true,"max_hp_per_floor":[72,72,72,72,72,72,72,72,72,72,72,72,72,72,72,72,72,72,72,72,72,72,72,86,86,86,86,86,86,86,86,86,86,86,86,86,86,82,82,82,82,82,82,82,82,82,82,82,82,82],"relic_stats":{"Happy Flower":[18],"counters":[141,397],"Astrolabe":["Omniscience","SandsOfTime","SignatureMove"],"Pen Nib":[39],"Bag of Preparation":[34],"Question Card":21,"Boot":[8],"Mercury Hourglass":[212],"Lizard Tail":0,"Prayer Wheel":17,"VioletLotus":[54],"Kunai":[58],"obtain_stats":[{"Ice Cream":13,"Tiny House":17,"Vajra":38,"Ginger":48,"Bottled Tornado":10,"Boot":6,"Sling":0,"Sozu":17,"Blood Vial":0,"Lizard Tail":0,"HornCleat":30,"Sundial":22,"DollysMirror":0,"MealTicket":19,"Prayer Wheel":0,"VioletLotus":34,"HandDrill":0,"Kunai":42,"Toxic Egg 2":9,"Girya":36,"Pear":26,"Happy Flower":0,"Astrolabe":17,"Dead Branch":0,"Blue Candle":26,"Pen Nib":0,"War Paint":0,"Question Card":0,"Bottled Flame":43,"Shuriken":0,"Bird Faced Urn":0,"Unceasing Top":7,"Pocketwatch":0,"Darkstone Periapt":26,"Regal Pillow":42,"Lantern":20,"Torii":44,"Melange":0,"Mango":9,"StoneCalendar":0,"Incense Burner":0,"Bag of Preparation":0,"Juzu Bracelet":42,"Cursed Key":34,"Nunchaku":6,"Dream Catcher":36,"Gambling Chip":0,"WingedGreaves":0,"Red Mask":21,"InkBottle":9,"Golden Idol":3,"PreservedInsect":13,"Omamori":43,"Frozen Egg 2":24,"Orichalcum":9,"Odd Mushroom":10,"GoldenEye":0,"White Beast Statue":9,"Mercury Hourglass":9,"Peace Pipe":46,"Strange Spoon":48,"Cauldron":0,"Ornamental Fan":39,"Orrery":19,"HolyWater":34,"Turnip":41,"Bag of Marbles":0,"PureWater":0,"FossilizedHelix":11,"TungstenRod":0},{"Ice Cream":66,"Tiny House":29,"Vajra":77,"Ginger":45,"Bottled Tornado":51,"Boot":89,"Sling":111,"Sozu":55,"Blood Vial":84,"Lizard Tail":84,"HornCleat":73,"Sundial":11,"DollysMirror":112,"MealTicket":68,"Prayer Wheel":116,"VioletLotus":132,"HandDrill":22,"Kunai":137,"Toxic Egg 2":120,"Girya":77,"Pear":13,"Happy Flower":58,"Astrolabe":8,"Dead Branch":22,"Blue Candle":71,"Pen Nib":22,"War Paint":116,"Question Card":107,"Bottled Flame":43,"Shuriken":46,"Bird Faced Urn":116,"Unceasing Top":51,"Pocketwatch":116,"Darkstone Periapt":97,"Regal Pillow":80,"Lantern":96,"Torii":81,"Melange":16,"Mango":25,"StoneCalendar":84,"Incense Burner":16,"Bag of Preparation":22,"Juzu Bracelet":105,"Cursed Key":38,"Nunchaku":25,"Dream Catcher":39,"Gambling Chip":22,"WingedGreaves":58,"Red Mask":31,"InkBottle":90,"Golden Idol":24,"PreservedInsect":53,"Omamori":80,"Frozen Egg 2":12,"Orichalcum":21,"Odd Mushroom":26,"GoldenEye":84,"White Beast Statue":5,"Mercury Hourglass":51,"Peace Pipe":44,"Strange Spoon":45,"Cauldron":116,"Ornamental Fan":102,"Orrery":56,"HolyWater":75,"Turnip":104,"Bag of Marbles":111,"PureWater":0,"FossilizedHelix":64,"TungstenRod":111},{"Ice Cream":221,"Tiny House":95,"Vajra":253,"Ginger":133,"Bottled Tornado":162,"Boot":290,"Sling":332,"Sozu":180,"Blood Vial":274,"Lizard Tail":274,"HornCleat":241,"Sundial":35,"DollysMirror":333,"MealTicket":231,"Prayer Wheel":344,"VioletLotus":384,"HandDrill":74,"Kunai":391,"Toxic Egg 2":355,"Girya":253,"Pear":43,"Happy Flower":194,"Astrolabe":28,"Dead Branch":74,"Blue Candle":237,"Pen Nib":74,"War Paint":344,"Question Card":323,"Bottled Flame":128,"Shuriken":141,"Bird Faced Urn":344,"Unceasing Top":162,"Pocketwatch":344,"Darkstone Periapt":306,"Regal Pillow":263,"Lantern":305,"Torii":265,"Melange":52,"Mango":80,"StoneCalendar":274,"Incense Burner":52,"Bag of Preparation":74,"Juzu Bracelet":319,"Cursed Key":117,"Nunchaku":80,"Dream Catcher":120,"Gambling Chip":74,"WingedGreaves":194,"Red Mask":99,"InkBottle":292,"Golden Idol":77,"PreservedInsect":171,"Omamori":263,"Frozen Egg 2":39,"Orichalcum":73,"Odd Mushroom":82,"GoldenEye":274,"White Beast Statue":15,"Mercury Hourglass":162,"Peace Pipe":131,"Strange Spoon":133,"Cauldron":344,"Ornamental Fan":312,"Orrery":185,"HolyWater":249,"Turnip":316,"Bag of Marbles":332,"PureWater":0,"FossilizedHelix":213,"TungstenRod":332}],"Pocketwatch":[0]},"card_choices":[{"not_picked":["Prostrate","CrushJoints"],"picked":"EmptyMind","floor":1},{"not_picked":["Evaluate","PathToVictory","JustLucky"],"picked":"SKIP","floor":1},{"not_picked":["Crescendo","EmptyMind"],"picked":"ClearTheMind","floor":3},{"not_picked":["CarveReality","Protect","ForeignInfluence"],"picked":"SKIP","floor":3},{"not_picked":["DeceiveReality","JustLucky","Wireheading"],"picked":"SKIP","floor":5},{"not_picked":["PathToVictory","Protect","CrushJoints"],"picked":"SKIP","floor":5},{"not_picked":["Omniscience","Halt","Protect"],"picked":"SKIP","floor":7},{"not_picked":["JustLucky","Evaluate+1","EmptyBody+1"],"picked":"SKIP","floor":11},{"not_picked":["Meditate+1","Indignation+1","Fasting2"],"picked":"SKIP","floor":11},{"not_picked":["BattleHymn","Tantrum","EmptyMind+1"],"picked":"SKIP","floor":12},{"not_picked":["ForeignInfluence+1","Fasting2","FollowUp"],"picked":"SKIP","floor":12},{"not_picked":["Crescendo+1","Halt+1"],"picked":"FlurryOfBlows","floor":13},{"not_picked":["FlyingSleeves","Meditate+1","Protect+1"],"picked":"SKIP","floor":13},{"not_picked":["Protect+1","Collect+1"],"picked":"ClearTheMind+1","floor":14},{"not_picked":["Sanctity+1","CutThroughFate","ForeignInfluence+1"],"picked":"SKIP","floor":14},{"not_picked":["ClearTheMind+1","FollowUp"],"picked":"InnerPeace+1","floor":18},{"not_picked":["JustLucky","Indignation+1","ThirdEye+1"],"picked":"SKIP","floor":18},{"not_picked":["Conclude","FlyingSleeves+1","LikeWater"],"picked":"SKIP","floor":24},{"not_picked":["SashWhip","Wish+1"],"picked":"Adaptation","floor":27},{"not_picked":["EmptyFist","Meditate+1","FlyingSleeves"],"picked":"FlurryOfBlows","floor":28},{"not_picked":["FlyingSleeves","Halt+1","ThirdEye+1","ClearTheMind+1"],"picked":"SKIP","floor":28},{"not_picked":["EmptyFist+1","Halt+1","Worship+1"],"picked":"DeusExMachina+1","floor":30},{"not_picked":["EmptyBody+1","Wallop","ThirdEye+1","Perseverance+1"],"picked":"SKIP","floor":30},{"not_picked":["Wallop","WheelKick","Wireheading","Consecrate+1"],"picked":"SKIP","floor":31},{"not_picked":["Swivel+1","Weave+1","Blasphemy+1","Consecrate+1"],"picked":"SKIP","floor":31},{"not_picked":["PathToVictory+1","CutThroughFate+1","Wallop","WindmillStrike"],"picked":"SKIP","floor":35},{"not_picked":["Halt+1","Crescendo+1","Fasting2+1","FollowUp"],"picked":"SKIP","floor":35},{"not_picked":["Prostrate+1","JustLucky","Nirvana+1"],"picked":"FearNoEvil+1","floor":36},{"not_picked":["Consecrate+1","Protect+1","CutThroughFate+1","ThirdEye+1"],"picked":"SKIP","floor":36},{"not_picked":["Protect+1","TalkToTheHand+1","SashWhip","Brilliance"],"picked":"SKIP","floor":37},{"not_picked":["JustLucky","BattleHymn+1","ReachHeaven","Worship+1"],"picked":"SKIP","floor":37},{"not_picked":["Crescendo+1","Evaluate+1","EmptyMind+1","BowlingBash"],"picked":"SKIP","floor":40},{"not_picked":["Weave","JustLucky","Prostrate+1","FlyingSleeves+1"],"picked":"SKIP","floor":42},{"not_picked":["JustLucky+1","WreathOfFlame+1","Pray+1","CrushJoints"],"picked":"SKIP","floor":45},{"not_picked":["Sanctity+1","ThirdEye+1","JustLucky+1","EmptyFist"],"picked":"SKIP","floor":45},{"not_picked":["Vengeance+1","Wallop","Study+1","FlyingSleeves+1"],"picked":"SKIP","floor":47},{"not_picked":["Meditate+1","Fasting2+1","Halt+1","Crescendo+1"],"picked":"SKIP","floor":47},{"not_picked":["JustLucky+1","FollowUp","EmptyFist","Blasphemy+1"],"picked":"SKIP","floor":48},{"not_picked":["Halt+1","SashWhip+1","WheelKick","CrushJoints"],"picked":"SKIP","floor":48}],"player_experience":306993,"relics_obtained":[{"floor":7,"key":"Pen Nib"},{"floor":9,"key":"Toxic Egg 2"},{"floor":24,"key":"Mango"},{"floor":26,"key":"Pocketwatch"},{"floor":27,"key":"Question Card"},{"floor":40,"key":"Boot"},{"floor":42,"key":"Kunai"},{"floor":43,"key":"Lizard Tail"}],"event_choices":[{"cards_removed":["Strike_P"],"damage_healed":0,"gold_gain":0,"player_choice":"Forget","damage_taken":0,"max_hp_gain":0,"max_hp_loss":0,"event_name":"Living Wall","floor":2,"gold_loss":0},{"damage_healed":0,"gold_gain":0,"player_choice":"Forge","damage_taken":0,"max_hp_gain":0,"max_hp_loss":0,"event_name":"Accursed Blacksmith","floor":4,"gold_loss":0,"cards_upgraded":["Eruption"]},{"damage_healed":0,"gold_gain":0,"player_choice":"Materialism","damage_taken":0,"max_hp_gain":0,"max_hp_loss":2,"event_name":"betterThird:BetterWriting","floor":19,"gold_loss":0},{"damage_healed":0,"gold_gain":0,"player_choice":"Ignored","damage_taken":0,"max_hp_gain":0,"max_hp_loss":0,"event_name":"Cursed Tome","floor":21,"gold_loss":0},{"damage_healed":0,"gold_gain":0,"player_choice":"Upgraded","damage_taken":0,"max_hp_gain":0,"max_hp_loss":0,"event_name":"Upgrade Shrine","floor":22,"gold_loss":0,"cards_upgraded":["ClearTheMind"]},{"damage_healed":0,"gold_gain":0,"player_choice":"Max HP","damage_taken":0,"max_hp_gain":0,"max_hp_loss":4,"event_name":"Winding Halls","floor":38,"gold_loss":0},{"damage_healed":0,"gold_gain":0,"player_choice":"Ignored","damage_taken":0,"max_hp_gain":0,"max_hp_loss":0,"event_name":"betterThird:BetterPortal","floor":39,"gold_loss":0}],"is_beta":false,"boss_relics":[{"not_picked":["Cursed Key","Black Star"],"picked":"Astrolabe"},{"not_picked":["Philosopher\u0027s Stone","Runic Pyramid"],"picked":"VioletLotus"}],"items_purged_floors":[0,10,41],"is_endless":false,"potions_floor_spawned":[1,11,13,14,16,18,27,33,36,47,48],"ascension_level":3}}