{"host":"0mk07bycsqo1qk03","time":1610728638,"event":{"mods":["BaseMod","Bestiary","Downfall","Hermit","Hubris","Minty Spire (QoL Compilation)","Replay The Spire","StSLib","The Cursed","The Servant 0.9.4"],"gold_per_floor":[217,237,66,84,4,35,35,65,65,65,93,41,41,60,60,133,133,149,64,75,94,94,94,128,128,153,153,187,187,201,215,215,215,215],"floor_reached":33,"language":"ENG","playtime":1124,"items_purged":[],"score":586,"play_id":"e8033302-9630-4130-91c6-4a3ec48949e5","local_time":"20210115173718","is_ascension_mode":true,"campfire_choices":[{"data":"Perfected Strike","floor":7.0,"key":"SMITH"},{"floor":13.0,"key":"REST"},{"data":"Evolve","floor":15.0,"key":"SMITH"},{"data":"Armaments","floor":23.0,"key":"SMITH"},{"data":"Reckless Charge","floor":25.0,"key":"SMITH"},{"data":"hubris:CleavingFinish","floor":27.0,"key":"SMITH"}],"circlet_count":0,"master_deck":["AscendersBane","Strike_R","Strike_R","Strike_R","Strike_R","Defend_R","Defend_R","Defend_R","Defend_R","Bash","Reckless Charge+1","Flex+1","Perfected Strike+1","hubris:CleavingFinish+1","Evolve+1","Replay:Undeath\u0027s Touch","Pommel Strike","Pommel Strike","Eclipse+1","AbeCurse","Armaments+1","Barricade","hubris:ReadiedAction","Pommel Strike","ReplayTheSpireMod:Stacked","ReplayTheSpireMod:Stacked","Bludgeon"],"relics":["Burning Blood","Oddly Smooth Stone","Nunchaku","Bag of Preparation","Pocketwatch","hubris:Icosahedron","Pen Nib","Abe\u0027s Treasure","War Paint","Bag of Marbles","hubris:TenFootPole","hubris:CuriousFeather"],"acts_visited":["Exordium","TheCity"],"potions_floor_usage":[],"damage_taken":[{"damage":1.0,"enemies":"Cultist","floor":1.0,"turns":3.0},{"damage":2.0,"enemies":"Jaw Worm","floor":2.0,"turns":5.0},{"damage":6.0,"enemies":"Small Slimes","floor":4.0,"turns":3.0},{"damage":56.0,"enemies":"3 Sentries","floor":6.0,"turns":11.0},{"damage":16.0,"enemies":"Replay:BlueRogue","floor":11.0,"turns":7.0},{"damage":0.0,"enemies":"Blue Slaver","floor":14.0,"turns":1.0},{"damage":18.0,"enemies":"Slime Boss","floor":16.0,"turns":6.0},{"damage":7.0,"enemies":"Spheric Guardian","floor":18.0,"turns":3.0},{"damage":4.0,"enemies":"Chosen","floor":20.0,"turns":3.0},{"damage":15.0,"enemies":"Sentry and Sphere","floor":21.0,"turns":5.0},{"damage":14.0,"enemies":"Book of Stabbing","floor":24.0,"turns":3.0},{"damage":31.0,"enemies":"Slavers","floor":28.0,"turns":4.0},{"damage":4.0,"enemies":"Chosen and Byrds","floor":30.0,"turns":7.0},{"damage":15.0,"enemies":"Snake Plant","floor":31.0,"turns":3.0},{"damage":42,"enemies":"hubris:MusketHawk","floor":33,"turns":6}],"seed_played":"-3770713559196496605","potions_obtained":[{"floor":4.0,"key":"Milkshake"},{"floor":14.0,"key":"Elixir"},{"floor":16.0,"key":"GamblersBrew"},{"floor":21.0,"key":"FearPotion"},{"floor":30.0,"key":"Elixir"}],"is_trial":false,"path_per_floor":["M","M","$","M","$","E","R","?","T","?","E","$","R","M","R","B",null,"M","?","M","M","?","R","E","R","T","R","E","?","M","M","R","B"],"character_chosen":"IRONCLAD","items_purchased":["Oddly Smooth Stone","hubris:CleavingFinish","Pommel Strike"],"campfire_rested":1,"item_purchase_floors":[3,5,12],"current_hp_per_floor":[73,75,75,75,75,25,25,25,25,25,15,15,37,43,43,31,64,74,74,75,66,66,66,58,58,58,58,33,33,35,26,26,0,0],"gold":215,"neow_bonus":"HUNDRED_GOLD","is_daily":false,"chose_seed":false,"campfire_upgraded":5,"win_rate":0.0,"timestamp":1610728638,"path_taken":["M","M","$","M","?","E","R","?","T","?","E","$","R","M","R","BOSS","M","?","M","M","?","R","E","R","T","R","E","?","M","M","R","BOSS"],"items_purchased_type":["Relic","Card","Card"],"build_version":"2020-12-22","purchased_purges":0,"victory":false,"max_hp_per_floor":[75,75,75,75,75,75,75,75,75,75,75,75,75,75,75,75,75,75,75,75,75,75,75,75,75,75,75,75,75,75,75,75,75,75],"card_choices":[{"not_picked":["Pommel Strike","Warcry"],"picked":"Reckless Charge","floor":1.0},{"not_picked":["ReplayReversal","Sever Soul"],"picked":"Flex","floor":2.0},{"not_picked":["Armaments","Entrench"],"picked":"Perfected Strike","floor":4.0},{"not_picked":["ReplayTheSpireMod:Muscle Training","Spot Weakness"],"picked":"Evolve","floor":6.0},{"not_picked":["ReplayTheSpireMod:LeadingStrike","Wild Strike"],"picked":"Replay:Undeath\u0027s Touch","floor":11.0},{"not_picked":["Battle Trance","Fire Breathing"],"picked":"Pommel Strike","floor":14.0},{"not_picked":["hubris:StunningStrike","Exhume"],"picked":"Eclipse","floor":16.0},{"not_picked":["Seeing Red","Replay:Undeath\u0027s Touch","Cleave"],"picked":"SKIP","floor":18.0},{"not_picked":["hubris:ReadiedAction","Reckless Charge"],"picked":"Armaments","floor":20.0},{"not_picked":["Hemokinesis","Twin Strike"],"picked":"Barricade","floor":21.0},{"not_picked":["Warcry","Metallicize"],"picked":"Pommel Strike","floor":24.0},{"not_picked":["Burning Pact+1","hubris:SharpeningStone+1"],"picked":"ReplayTheSpireMod:Stacked","floor":28.0},{"not_picked":["Rampage","Armaments","Body Slam"],"picked":"SKIP","floor":30.0},{"not_picked":["Twin Strike","Ghostly Armor"],"picked":"ReplayTheSpireMod:Stacked","floor":31.0}],"player_experience":891833,"relics_obtained":[{"floor":6.0,"key":"Nunchaku"},{"floor":9.0,"key":"Pocketwatch"},{"floor":11.0,"key":"Pen Nib"},{"floor":24.0,"key":"Bag of Marbles"},{"floor":26.0,"key":"hubris:TenFootPole"},{"floor":28.0,"key":"hubris:CuriousFeather"}],"event_choices":[{"damage_healed":0.0,"max_hp_gain":0.0,"max_hp_loss":0.0,"gold_gain":30.0,"event_name":"Dead Adventurer","player_choice":"Searched \u00272\u0027 times","floor":8.0,"gold_loss":0.0,"damage_taken":0.0,"relics_obtained":["Bag of Preparation"]},{"damage_healed":0.0,"max_hp_gain":0.0,"max_hp_loss":0.0,"gold_gain":0.0,"event_name":"Addict","player_choice":"Obtained Relic","floor":19.0,"gold_loss":85.0,"damage_taken":0.0,"relics_obtained":["War Paint"]},{"damage_healed":0.0,"max_hp_gain":0.0,"max_hp_loss":0.0,"gold_gain":0.0,"event_name":"N\u0027loth","player_choice":"Ignored","floor":29.0,"gold_loss":0.0,"damage_taken":0.0}],"is_beta":false,"boss_relics":[{"not_picked":["Ectoplasm","hubris:VirtuousBlindfold"],"picked":"Abe\u0027s Treasure"}],"items_purged_floors":[],"is_endless":false,"potions_floor_spawned":[4,14,16,21,30],"killed_by":"hubris:MusketHawk","ascension_level":20}}