{"host":"79xc9gyszz0y96gi","time":1610674886,"event":{"mods":["BaseMod","Better Altar","Better Match","Better Sensory Stone","Better Skull","Better Third Choice","Better Vampires","BetterRewards","Block Reminder","Colored Powertips","Displayed Cursed Tome","Dota2Spire","Downfall","Energized Spire","GifTheSpireLib","Googly Eyes","Infinite Spire","Minty Spire (QoL Compilation)","Quick Restart","Rare Cards Sparkle","Replay The Spire","Retaliation","Shop Mod","StSLib","Stuff the Spire"],"gold_per_floor":[113,130,130,147,161,161,192,192,192,192,192,222,237,301,301,400,400,415,415,415,375,393,426,436,466,466,63,79,184,196,212,212,318,318,330,330,346,346,112,112,112,194,194,194,221,235,252,268,268,268],"floor_reached":51,"language":"ENG","playtime":1980,"items_purged":[],"score":777,"play_id":"f2646267-dc1e-4d1e-bf22-3eceb73228c1","local_time":"20210114204126","is_ascension_mode":false,"campfire_choices":[{"data":"Carnage","floor":6.0,"key":"SMITH"},{"data":"1","floor":8.0,"key":"LIFT"},{"data":"2","floor":10.0,"key":"LIFT"},{"data":"Uppercut","floor":15.0,"key":"SMITH"},{"floor":32.0,"key":"REST"},{"data":"3","floor":40.0,"key":"LIFT"}],"circlet_count":0,"master_deck":["Strike_R","Strike_R","Strike_R","Strike_R","Strike_R","Defend_R+1","Defend_R+1","Defend_R","Defend_R+1","Bash+1","Metallicize","Carnage+1","Run Through","Uppercut+1","infinitespire:OneForAll","StuffTheSpire:Slingshot","Cleave+1","Perfected Strike+1","Demon Form+1","Flex+1","Cleave+1","expansioncontent:DonusPower","Dramatic Entrance","Sadistic Nature","Dark Shackles+1"],"relics":["Burning Blood","StuffTheSpire:ForceGauntlet","ClockworkSouvenir","Dota2Spire:CrimsonGuard","Anchor","Girya","Replay:PocketPolymizer","Replay:Bottled Snecko","Dota2Spire:Vanguard","Counterbalance","Velvet Choker","Replay:Lucky Slots","King of Hearts","Simple Rune","InkBottle","Dota2Spire:EchoSabre","infinitespire:CheckeredPen","energizedSpire:StickyHand","infinitespire:Lucky Rock","ReplayTheSpireMod:Ninjato","Prayer Wheel","Potion Belt"],"acts_visited":["Exordium","TheCity","TheBeyond"],"potions_floor_usage":[50],"damage_taken":[{"damage":0.0,"enemies":"2 Louse","floor":1.0,"turns":4.0},{"damage":0.0,"enemies":"Jaw Worm","floor":2.0,"turns":3.0},{"damage":0.0,"enemies":"Small Slimes","floor":4.0,"turns":3.0},{"damage":9.0,"enemies":"Exordium Thugs","floor":5.0,"turns":5.0},{"damage":12.0,"enemies":"3 Sentries","floor":7.0,"turns":8.0},{"damage":5.0,"enemies":"Lagavulin","floor":12.0,"turns":4.0},{"damage":0.0,"enemies":"Blue Slaver","floor":13.0,"turns":2.0},{"damage":14.0,"enemies":"Gremlin Nob","floor":14.0,"turns":3.0},{"damage":8.0,"enemies":"Fading Forest","floor":16.0,"turns":11.0},{"damage":0.0,"enemies":"Chosen","floor":18.0,"turns":2.0},{"damage":3.0,"enemies":"Spheric Guardian","floor":22.0,"turns":3.0},{"damage":4.0,"enemies":"Gremlin Leader","floor":23.0,"turns":4.0},{"damage":0.0,"enemies":"Snake Plant","floor":24.0,"turns":1.0},{"damage":5.0,"enemies":"Book of Stabbing","floor":25.0,"turns":3.0},{"damage":0.0,"enemies":"Snecko","floor":28.0,"turns":1.0},{"damage":5.0,"enemies":"Shelled Parasite and Fungi","floor":30.0,"turns":3.0},{"damage":0.0,"enemies":"3 Cultists","floor":31.0,"turns":2.0},{"damage":39.0,"enemies":"Collector","floor":33.0,"turns":5.0},{"damage":10.0,"enemies":"3 Darklings","floor":35.0,"turns":4.0},{"damage":1.0,"enemies":"Orb Walker","floor":37.0,"turns":2.0},{"damage":19.0,"enemies":"Reptomancer","floor":45.0,"turns":4.0},{"damage":3.0,"enemies":"4 Shapes","floor":46.0,"turns":2.0},{"damage":5.0,"enemies":"Sphere and 2 Shapes","floor":47.0,"turns":2.0},{"damage":0,"enemies":"Transient","floor":48,"turns":5},{"damage":20,"enemies":"Time Eater","floor":50,"turns":6}],"seed_played":"3713017492794970326","potions_obtained":[{"floor":5.0,"key":"LiquidMemories"},{"floor":7.0,"key":"ColorlessPotion"},{"floor":14.0,"key":"Elixir"},{"floor":25.0,"key":"LiquidMemories"},{"floor":28.0,"key":"Doom Potion"},{"floor":33.0,"key":"DDmod:CleansePotion"},{"floor":45.0,"key":"Swift Potion"}],"is_trial":false,"path_per_floor":["M","M","?","M","M","R","E","R","T","R","?","E","M","?","R","B",null,"M","?","AVR","?","M","E","M","E","T","$","M","?","M","M","R","B",null,"M","?","M","?","$","R","?","T","T","?","E","M","M","M","R","B",null],"character_chosen":"IRONCLAD","items_purchased":["StuffTheSpire:ForceGauntlet","ClockworkSouvenir","Dota2Spire:CrimsonGuard","Metallicize","Anchor","Dota2Spire:EchoSabre","infinitespire:CheckeredPen","infinitespire:Lucky Rock","expansioncontent:DonusPower"],"campfire_rested":1,"item_purchase_floors":[0,0,0,0,0,27,27,39,39],"current_hp_per_floor":[50,56,56,62,59,59,53,53,53,53,46,47,53,45,45,53,80,80,80,80,80,80,80,80,83,83,83,83,13,14,23,48,15,86,82,62,67,67,67,67,67,67,67,67,54,57,58,64,86,72],"gold":268,"neow_bonus":"","is_daily":false,"chose_seed":false,"campfire_upgraded":2,"win_rate":0.0,"timestamp":1610674886,"path_taken":["M","M","?","M","M","R","E","R","T","R","?","E","M","?","R","BOSS","M","?","AVR","?","M","E","M","E","T","$","?","?","?","M","R","BOSS","M","?","M","?","$","R","?","?","T","?","E","?","M","?","R","BOSS"],"items_purchased_type":["Relic","Relic","Relic","Card","Relic","Relic","Relic","Relic","Card"],"build_version":"2020-12-22","purchased_purges":0,"victory":true,"max_hp_per_floor":[80,80,80,80,80,80,80,80,80,80,80,80,80,80,80,80,80,80,80,80,80,80,80,80,83,83,83,83,83,83,86,86,86,86,86,86,86,86,86,86,86,86,86,86,86,86,86,86,86,86],"card_choices":[{"not_picked":["Rage","Shrug It Off"],"picked":"Carnage","floor":1.0},{"not_picked":["Combust","Pummel"],"picked":"Run Through","floor":2.0},{"not_picked":["Dropkick","StuffTheSpire:Incineration"],"picked":"Uppercut","floor":4.0},{"not_picked":["Run Through","Abandon"],"picked":"infinitespire:OneForAll","floor":5.0},{"not_picked":["Heavy Blade","Eclipse"],"picked":"StuffTheSpire:Slingshot","floor":7.0},{"not_picked":["Iron Wave","DDmod:PlatedThornsSkill"],"picked":"Cleave","floor":12.0},{"not_picked":["StuffTheSpire:Pyroclast","Cleave","True Grit"],"picked":"SKIP","floor":13.0},{"not_picked":["Combust","StuffTheSpire:RockThrow"],"picked":"Perfected Strike","floor":14.0},{"not_picked":["Juggernaut","DDmod:SpikeShotSkill"],"picked":"Demon Form","floor":16.0},{"not_picked":["Entrench","DDmod:BurningFumesPowerCard+1","Run Through"],"picked":"SKIP","floor":18.0},{"not_picked":["DDmod:CallousedSkill","Power Through"],"picked":"Flex+1","floor":22.0},{"not_picked":["ReplayTheSpireMod:Strike From Hell+1","DDmod:SpikeMailSkill+1"],"picked":"Feed","floor":23.0},{"not_picked":["StuffTheSpire:RagingBull","Clash","Iron Wave"],"picked":"SKIP","floor":24.0},{"not_picked":["Shrug It Off","Anger"],"picked":"Cleave+1","floor":25.0},{"not_picked":["True Grit+1","DDmod:SpikedSkill+1","Body Slam"],"picked":"SKIP","floor":28.0},{"not_picked":["Ghostly Armor","Headbutt","Power Through"],"picked":"SKIP","floor":30.0},{"not_picked":["Uppercut","Abandon+1","StuffTheSpire:RockThrow"],"picked":"SKIP","floor":31.0},{"not_picked":["Flex","Warcry+1","Second Wind+1"],"picked":"SKIP","floor":35.0},{"not_picked":["True Grit+1","Heavy Blade+1","Perfected Strike+1"],"picked":"SKIP","floor":37.0},{"not_picked":["Dramatic Entrance","Sadistic Nature"],"picked":"Dark Shackles","floor":41.0},{"not_picked":["Flame Barrier+1","Havoc","Iron Wave+1"],"picked":"SKIP","floor":45.0},{"not_picked":["Headbutt+1","Havoc+1","infinitespire:OneForAll+1"],"picked":"SKIP","floor":46.0},{"not_picked":["True Grit+1","ReplayTheSpireMod:Strike From Hell+1","Wild Strike+1"],"picked":"SKIP","floor":46.0},{"not_picked":["Thunderclap+1","Run Through","True Grit"],"picked":"SKIP","floor":47.0},{"not_picked":["Replay:Undeath\u0027s Touch","DDmod:PokeAttack","Dark Embrace+1"],"picked":"SKIP","floor":47.0},{"not_picked":["ReplayTheSpireMod:LeadingStrike+1","Pommel Strike+1","Wild Strike"],"picked":"SKIP","floor":48},{"not_picked":["Blood for Blood+1","Dark Embrace","Exhume"],"picked":"SKIP","floor":48}],"player_experience":531198,"relics_obtained":[{"floor":7.0,"key":"Girya"},{"floor":9.0,"key":"Replay:PocketPolymizer"},{"floor":12.0,"key":"Dota2Spire:Vanguard"},{"floor":14.0,"key":"Counterbalance"},{"floor":23.0,"key":"King of Hearts"},{"floor":25.0,"key":"Simple Rune"},{"floor":26.0,"key":"InkBottle"},{"floor":42.0,"key":"ReplayTheSpireMod:Ninjato"},{"floor":43.0,"key":"Prayer Wheel"},{"floor":45.0,"key":"Potion Belt"}],"event_choices":[{"damage_healed":0.0,"max_hp_gain":0.0,"max_hp_loss":0.0,"gold_gain":0.0,"event_name":"betterThird:BetterScrap","player_choice":"Relic ","floor":11.0,"gold_loss":0.0,"damage_taken":7.0,"cards_obtained":["Catalyst"]},{"damage_healed":0.0,"max_hp_gain":0.0,"max_hp_loss":0.0,"gold_gain":30.0,"event_name":"Dead Adventurer","player_choice":"Searched \u00273\u0027 times","floor":14.0,"gold_loss":0.0,"damage_taken":0.0},{"damage_healed":0.0,"max_hp_gain":0.0,"max_hp_loss":0.0,"gold_gain":0.0,"event_name":"Designer","player_choice":"Upgrade","floor":21.0,"gold_loss":40.0,"damage_taken":0.0,"cards_upgraded":["Cleave"]},{"damage_healed":0.0,"max_hp_gain":0.0,"max_hp_loss":0.0,"gold_gain":105.0,"event_name":"betterSkull:BetterSkull","player_choice":"UP UP UP UP GO ","floor":29.0,"gold_loss":0.0,"damage_taken":79.0,"cards_upgraded":["Perfected Strike","Bash","Defend_R","Demon Form"],"relics_obtained":[]},{"cards_removed":["Feed"],"damage_healed":0.0,"max_hp_gain":0.0,"max_hp_loss":0.0,"gold_gain":0.0,"event_name":"Falling","player_choice":"Removed Attack","floor":38.0,"gold_loss":0.0,"damage_taken":0.0},{"damage_healed":0.0,"max_hp_gain":0.0,"max_hp_loss":0.0,"gold_gain":3.0,"event_name":"betterStone:BetterStone","player_choice":"1","floor":41.0,"gold_loss":0.0,"damage_taken":0.0}],"is_beta":false,"boss_relics":[{"not_picked":["infinitespire:Burning Sword","energizedSpire:DeadBattery"],"picked":"Velvet Choker"},{"not_picked":["energizedSpire:EnergizedDie","Snecko Eye"],"picked":"energizedSpire:StickyHand"}],"items_purged_floors":[],"is_endless":false,"potions_floor_spawned":[5,7,14,25,28,30,33,37,45,48],"ascension_level":0}}