{"host":"pn0n58vrtcysp2am","time":1610726463,"event":{"mods":["100% Spire Juice","ATMod(∞¢Ë™Mod)","Act Like it!","Arknights The Spire","BaseMod","CapriCore","Friendly Minions","Minty Spire (QoL Compilation)","READ ME - Guardian Mod","Remilia£®¿Ÿ√◊¿Ú—«£©","StSLib","The Immortal","WarShipGirlsR/’ΩΩ¢…Ÿ≈ÆR mod","Youmu£®ªÍ∆«—˝√Œ£©","°æ“≈ŒÔø®≈∆°øREMEMod"],"gold_per_floor":[13,13,38,18,44,82,103,103,126,194,260,260,260,330,330,330,330],"floor_reached":16,"language":"ZHS","playtime":716,"items_purged":[],"score":110,"play_id":"26bb4e39-391a-489e-a2d4-0566a473e8be","local_time":"20210116000103","is_ascension_mode":false,"campfire_choices":[{"data":"ats:Part Time Job","floor":8,"key":"SMITH"},{"data":"ats:Emotion Absorption","floor":12,"key":"SMITH"},{"data":"ats:Childhood Dance","floor":15,"key":"SMITH"}],"circlet_count":0,"master_deck":["ats:Strike C","ats:Strike G","ats:Strike S","ats:Strike V","ats:Armor Crushing Shot","ats:Defend","ats:Defend","ats:Defend","ats:Defend","ats:Emotion Absorption+1","AT_DarkMatter","ats:Hammer On","ats:Spore Proliferation","ats:Part Time Job+1","ats:Leaping Hammer","ats:Shell Defense","ats:Shell Defense","ats:Assault Order","ats:Red Shift","Regret","ats:Childhood Dance+1"],"relics":["ats:Sanity","REME_ComplimentaryCards","AT_ATBox","AT_GoldPhoenixTree","Golden Idol","Centennial Puzzle","ats:Originium","Lantern","AT_MibuBalloonWealth","InkBottle","MealTicket"],"acts_visited":[],"potions_floor_usage":[6,10],"damage_taken":[{"damage":0,"enemies":"2 Louse","floor":1,"turns":4},{"damage":0,"enemies":"Jaw Worm","floor":3,"turns":4},{"damage":36,"enemies":"Gremlin Nob","floor":6,"turns":5},{"damage":8,"enemies":"Cultist","floor":7,"turns":5},{"damage":15,"enemies":"Lagavulin","floor":10,"turns":9},{"damage":0,"enemies":"Large Slime","floor":11,"turns":6},{"damage":7,"enemies":"2 Fungi Beasts","floor":14,"turns":3},{"damage":38,"enemies":"The Guardian","floor":16,"turns":9}],"seed_played":"-5790792946755540282","potions_obtained":[{"floor":3,"key":"ColorlessPotion"},{"floor":6,"key":"SteroidPotion"}],"is_trial":false,"path_per_floor":["M","?","M","?","T","E","M","R","T","E","M","R","?","M","R","B"],"character_chosen":"DOCTOR_CLASS","items_purchased":[],"campfire_rested":0,"item_purchase_floors":[],"current_hp_per_floor":[72,52,52,52,52,21,15,15,15,31,37,37,37,30,30,21,21],"gold":330,"neow_bonus":"ONE_RARE_RELIC","is_daily":false,"chose_seed":false,"campfire_upgraded":3,"win_rate":0.0,"timestamp":1610726463,"path_taken":["M","?","M","?","?","E","M","R","T","E","?","R","?","M","R","BOSS"],"items_purchased_type":[],"build_version":"2020-12-22","purchased_purges":0,"victory":false,"max_hp_per_floor":[72,72,72,72,72,72,72,72,72,72,72,72,72,72,72,72,72],"card_choices":[{"not_picked":["ats:Powerful Strike","ats:Poison Spread"],"picked":"ats:Hammer On","floor":1},{"not_picked":["ats:Childhood Dance","ats:Leaping Hammer"],"picked":"ats:Spore Proliferation","floor":3},{"not_picked":[],"picked":"ats:Part Time Job","floor":4},{"not_picked":[],"picked":"ats:Leaping Hammer","floor":4},{"not_picked":["ats:Song Of Battle","ats:Explosion Area Strengthen"],"picked":"ats:Shell Defense","floor":6},{"not_picked":["ats:Neurotoxin","ats:Collapsing Strike"],"picked":"ats:Shell Defense","floor":7},{"not_picked":["ats:Burning Ground","ats:Ignite"],"picked":"ats:Assault Order","floor":10},{"not_picked":["ats:Chain Hook","ats:Apocalypse"],"picked":"ats:Red Shift","floor":11},{"not_picked":["ats:Consecutive Shot Auto","ats:Fractured Body"],"picked":"ats:Childhood Dance","floor":14}],"player_experience":28452,"relics_obtained":[{"floor":5,"key":"Centennial Puzzle"},{"floor":6,"key":"ats:Originium"},{"floor":6,"key":"Lantern"},{"floor":9,"key":"AT_MibuBalloonWealth"},{"floor":10,"key":"ats:Originium"},{"floor":10,"key":"InkBottle"}],"event_choices":[{"damage_healed":0,"gold_gain":0,"player_choice":"Take Damage","damage_taken":18,"relics_obtained":["Golden Idol"],"max_hp_gain":0,"max_hp_loss":0,"event_name":"Golden Idol","floor":2,"gold_loss":0},{"damage_healed":0,"gold_gain":0,"player_choice":"Box","damage_taken":0,"relics_obtained":["MealTicket"],"max_hp_gain":0,"max_hp_loss":0,"event_name":"Big Fish","floor":13,"gold_loss":0,"cards_obtained":["Regret"]}],"is_beta":false,"boss_relics":[],"items_purged_floors":[],"is_endless":false,"potions_floor_spawned":[3,6],"killed_by":"The Guardian","ascension_level":0}}