{"host":"qjv9b7mze4c73keh","time":1610686980,"event":{"mods":["BaseMod","Minty Spire (QoL Compilation)"],"gold_per_floor":[115,133,152,172,182,182,192,192,192,208,208,222,222,222,222,317,317,331,331,321,321,334,334,334,334],"floor_reached":24,"language":"RUS","playtime":2057,"items_purged":[],"score":192,"play_id":"d8132b18-2a1f-4d60-bdf5-f41325abfe33","local_time":"20210115100300","is_ascension_mode":false,"campfire_choices":[{"data":"Armaments","floor":6.0,"key":"SMITH"},{"data":"Armaments","floor":8.0,"key":"SMITH"},{"data":"Strike_R","floor":11.0,"key":"SMITH"},{"data":"Flex","floor":15.0,"key":"SMITH"},{"floor":23,"key":"REST"}],"circlet_count":0,"master_deck":["Strike_R+1","Strike_R+1","Strike_R+1","Strike_R+1","Defend_R+1","Defend_R+1","Defend_R+1","Defend_R+1","Bash","Armaments+1","Flex+1","Armaments+1","Anger","Rage","Combust","Double Tap","Iron Wave+1","Metallicize+1"],"relics":["Burning Blood","Regal Pillow","Darkstone Periapt","Empty Cage","MutagenicStrength"],"acts_visited":["Exordium","TheCity"],"potions_floor_usage":[20,22,24],"damage_taken":[{"damage":8.0,"enemies":"Cultist","floor":1.0,"turns":5.0},{"damage":10.0,"enemies":"Jaw Worm","floor":2.0,"turns":5.0},{"damage":0.0,"enemies":"2 Louse","floor":3.0,"turns":4.0},{"damage":10.0,"enemies":"Exordium Wildlife","floor":4.0,"turns":7.0},{"damage":9.0,"enemies":"Blue Slaver","floor":5.0,"turns":5.0},{"damage":8.0,"enemies":"Looter","floor":7.0,"turns":4.0},{"damage":0.0,"enemies":"3 Louse","floor":10.0,"turns":7.0},{"damage":3.0,"enemies":"Blue Slaver","floor":12.0,"turns":4.0},{"damage":61.0,"enemies":"The Guardian","floor":16.0,"turns":10.0},{"damage":36.0,"enemies":"Shell Parasite","floor":18.0,"turns":9.0},{"damage":14,"enemies":"2 Thieves","floor":20,"turns":4},{"damage":41,"enemies":"Chosen and Byrds","floor":22,"turns":10},{"damage":62,"enemies":"Book of Stabbing","floor":24,"turns":8}],"seed_played":"-2942446709064758180","potions_obtained":[{"floor":1.0,"key":"Weak Potion"},{"floor":10.0,"key":"EntropicBrew"},{"floor":12.0,"key":"Fire Potion"},{"floor":18,"key":"SpeedPotion"}],"is_trial":false,"path_per_floor":["M","M","M","M","M","R","M","R","T","M","R","M","?","?","R","B",null,"M","?","M","?","M","R","E"],"character_chosen":"IRONCLAD","items_purchased":[],"campfire_rested":1,"item_purchase_floors":[],"current_hp_per_floor":[78,74,80,76,73,73,71,71,71,77,77,80,80,80,80,25,80,50,50,58,58,23,62,0,0],"gold":334,"neow_bonus":"RANDOM_COMMON_RELIC","is_daily":false,"chose_seed":false,"campfire_upgraded":4,"win_rate":0.0,"timestamp":1610686980,"path_taken":["M","M","M","?","M","R","M","R","T","M","R","M","?","?","R","BOSS","M","?","M","?","M","R","E"],"items_purchased_type":[],"build_version":"2020-12-22","purchased_purges":0,"victory":false,"max_hp_per_floor":[80,80,80,80,80,80,80,80,80,80,80,80,80,80,80,80,80,80,80,80,80,80,80,80,80],"card_choices":[{"not_picked":["Intimidate","Iron Wave"],"picked":"Armaments","floor":1.0},{"not_picked":["Wild Strike","Perfected Strike"],"picked":"Bloodletting","floor":2.0},{"not_picked":["Shrug It Off","Perfected Strike"],"picked":"Flex","floor":3.0},{"not_picked":["Havoc","Second Wind"],"picked":"Armaments","floor":4.0},{"not_picked":["Havoc","Seeing Red"],"picked":"Anger","floor":5.0},{"not_picked":["Inflame","Sentinel"],"picked":"Rage","floor":7.0},{"not_picked":["Heavy Blade","Disarm","Havoc"],"picked":"SKIP","floor":10.0},{"not_picked":["Corruption","Warcry"],"picked":"Combust","floor":12.0},{"not_picked":["Limit Break","Brutality"],"picked":"Double Tap","floor":16.0},{"not_picked":["Twin Strike","Disarm"],"picked":"Iron Wave+1","floor":18},{"not_picked":["Perfected Strike","Burning Pact"],"picked":"Metallicize+1","floor":20},{"not_picked":["Clothesline","Headbutt","Rupture"],"picked":"SKIP","floor":22}],"player_experience":63460,"relics_obtained":[{"floor":9.0,"key":"Darkstone Periapt"}],"event_choices":[{"damage_healed":0.0,"max_hp_gain":0.0,"max_hp_loss":0.0,"gold_gain":0.0,"event_name":"Shining Light","player_choice":"Ignored","floor":13.0,"gold_loss":0.0,"damage_taken":0.0},{"damage_healed":0.0,"max_hp_gain":0.0,"max_hp_loss":0.0,"gold_gain":0.0,"event_name":"Golden Idol","player_choice":"Ignored","floor":14.0,"gold_loss":0.0,"damage_taken":0.0},{"damage_healed":0,"gold_gain":0,"player_choice":"Inject Mutagens","damage_taken":0,"relics_obtained":["MutagenicStrength"],"max_hp_gain":0,"max_hp_loss":0,"event_name":"Drug Dealer","floor":19,"gold_loss":0},{"damage_healed":0,"gold_gain":0,"player_choice":"Simplicity","damage_taken":0,"max_hp_gain":0,"max_hp_loss":0,"event_name":"Back to Basics","floor":21,"gold_loss":0,"cards_upgraded":["Strike_R","Strike_R","Strike_R","Defend_R","Defend_R","Defend_R","Defend_R"]}],"is_beta":false,"boss_relics":[{"not_picked":["Calling Bell","Cursed Key"],"picked":"Empty Cage"}],"items_purged_floors":[],"is_endless":false,"potions_floor_spawned":[1,10,12,18],"killed_by":"Book of Stabbing","ascension_level":0}}