{"host":"mi0eibewekhugwl1","time":1610700035,"event":{"mods":["AchievementEnabler","BaseMod","Colored Map","Colored Powertips","DeckTracker","Keyboard Shortcuts","Minty Spire (QoL Compilation)","Quick Restart","Rare Cards Sparkle","Relic Stats","StSLib","SuperFastMode","everything is the same but u backflip on backflip"],"gold_per_floor":[117,28,28,47,47,79,79,98,98,109,128,40,58,71,71,142,142,155,167,179,190,40,40,50,50,131,131,131],"floor_reached":27,"language":"KOR","playtime":607,"items_purged":["Strike_R"],"score":488,"play_id":"fe22fbdb-4883-466b-bfba-b412ba25d7cc","local_time":"20210115174035","is_ascension_mode":true,"campfire_choices":[{"data":"Rage","floor":7,"key":"SMITH"},{"data":"Pommel Strike","floor":15,"key":"SMITH"},{"floor":23,"key":"REST"}],"circlet_count":0,"master_deck":["AscendersBane","Defend_R","Defend_R","Defend_R","Defend_R","Bash","Rage+1","Fire Breathing","Power Through","Pommel Strike","Dropkick","Pommel Strike+1","Demon Form","Warcry+1","Body Slam+1","Feel No Pain+1","Ghostly Armor+1","Intimidate","Burning Pact+1","Second Wind","Reckless Charge"],"relics":["Burning Blood","NeowsBlessing","Ornamental Fan","Eternal Feather","StrikeDummy","Astrolabe","Sundial"],"acts_visited":["Exordium","TheCity"],"potions_floor_usage":[13,16,20,27,27],"damage_taken":[{"damage":0,"enemies":"Cultist","floor":1,"turns":1},{"damage":0,"enemies":"Jaw Worm","floor":4,"turns":1},{"damage":0,"enemies":"3 Sentries","floor":6,"turns":2},{"damage":0,"enemies":"Small Slimes","floor":8,"turns":4},{"damage":29,"enemies":"Exordium Wildlife","floor":10,"turns":6},{"damage":0,"enemies":"Exordium Thugs","floor":11,"turns":5},{"damage":1,"enemies":"2 Fungi Beasts","floor":13,"turns":3},{"damage":1,"enemies":"Looter","floor":14,"turns":3},{"damage":27,"enemies":"Hexaghost","floor":16,"turns":7},{"damage":38,"enemies":"3 Byrds","floor":18,"turns":6},{"damage":20,"enemies":"Shell Parasite","floor":19,"turns":7},{"damage":6,"enemies":"Chosen and Byrds","floor":20,"turns":5},{"damage":19,"enemies":"Centurion and Healer","floor":21,"turns":12},{"damage":31,"enemies":"Sentry and Sphere","floor":24,"turns":9},{"damage":48,"enemies":"Shelled Parasite and Fungi","floor":27,"turns":6}],"seed_played":"7702005710466741203","potions_obtained":[{"floor":1,"key":"Swift Potion"},{"floor":10,"key":"Fruit Juice"},{"floor":11,"key":"Fire Potion"},{"floor":13,"key":"Strength Potion"},{"floor":14,"key":"PowerPotion"},{"floor":18,"key":"BloodPotion"},{"floor":21,"key":"Explosive Potion"}],"is_trial":false,"path_per_floor":["M","$","?","M","?","E","R","M","T","M","M","$","M","M","R","B",null,"M","M","M","M","$","R","M","?","T","M"],"character_chosen":"IRONCLAD","items_purchased":["Fire Breathing","Dropkick","Second Wind"],"campfire_rested":1,"item_purchase_floors":[2,12,22],"current_hp_per_floor":[74,74,74,75,75,75,75,75,75,52,58,58,68,73,80,59,75,43,29,29,16,16,52,27,27,27,0,0],"gold":131,"neow_bonus":"THREE_ENEMY_KILL","is_daily":false,"chose_seed":false,"campfire_upgraded":2,"win_rate":0.0,"timestamp":1610700035,"path_taken":["M","$","?","?","?","E","R","M","T","M","M","$","?","M","R","BOSS","M","M","M","M","$","R","M","?","T","M"],"items_purchased_type":["Card","Card","Card"],"build_version":"2020-12-22","purchased_purges":1,"victory":false,"max_hp_per_floor":[75,75,75,75,75,75,75,75,75,75,75,75,80,80,80,80,80,80,80,80,80,80,80,80,80,80,80,80],"relic_stats":{"counters":[15,77],"Ornamental Fan":[28],"Sundial":[0],"Astrolabe":["Warcry","Body Slam","Feel No Pain"],"Eternal Feather":19,"obtain_stats":[{"NeowsBlessing":0,"Ornamental Fan":5,"Sundial":26,"Astrolabe":17,"Eternal Feather":6,"StrikeDummy":9,"Burning Blood":0},{"NeowsBlessing":0,"Ornamental Fan":2,"Sundial":14,"Astrolabe":9,"Eternal Feather":3,"StrikeDummy":4,"Burning Blood":0},{"NeowsBlessing":0,"Ornamental Fan":2,"Sundial":71,"Astrolabe":32,"Eternal Feather":4,"StrikeDummy":8,"Burning Blood":0}],"Burning Blood":67},"card_choices":[{"not_picked":["Body Slam","Wild Strike"],"picked":"Rage","floor":1},{"not_picked":["Hemokinesis","Clothesline","Havoc"],"picked":"SKIP","floor":4},{"not_picked":["Headbutt","Hemokinesis","Limit Break"],"picked":"SKIP","floor":6},{"not_picked":["Headbutt","Hemokinesis","Limit Break"],"picked":"SKIP","floor":6},{"not_picked":["Anger","Metallicize"],"picked":"Power Through","floor":8},{"not_picked":["Flex","Infernal Blade"],"picked":"Pommel Strike","floor":10},{"not_picked":["Spot Weakness","True Grit","Clothesline"],"picked":"SKIP","floor":11},{"not_picked":["Sever Soul","Shrug It Off"],"picked":"Pommel Strike","floor":13},{"not_picked":["Rampage","Burning Pact"],"picked":"Carnage","floor":14},{"not_picked":["Feed","Brutality"],"picked":"Demon Form","floor":16},{"not_picked":["Headbutt+1","Perfected Strike","Armaments"],"picked":"SKIP","floor":18},{"not_picked":["Disarm","Cleave"],"picked":"Ghostly Armor+1","floor":19},{"not_picked":["Spot Weakness","Blood for Blood"],"picked":"Intimidate","floor":20},{"not_picked":["Anger","Intimidate"],"picked":"Burning Pact+1","floor":21},{"not_picked":["Cleave","Clothesline"],"picked":"Reckless Charge","floor":24}],"player_experience":1740229,"relics_obtained":[{"floor":6,"key":"Eternal Feather"},{"floor":9,"key":"StrikeDummy"},{"floor":26,"key":"Sundial"}],"event_choices":[{"cards_removed":["Strike_R"],"damage_healed":0,"gold_gain":0,"player_choice":"Offered Basic","damage_taken":0,"max_hp_gain":0,"max_hp_loss":0,"event_name":"Bonfire Elementals","floor":3,"gold_loss":0},{"damage_healed":0,"gold_gain":0,"player_choice":"Gave Potion","damage_taken":0,"relics_obtained":["Ornamental Fan"],"max_hp_gain":0,"max_hp_loss":0,"event_name":"WeMeetAgain","floor":5,"gold_loss":0},{"cards_removed":["Carnage"],"damage_healed":0,"gold_gain":0,"player_choice":"Elegance","damage_taken":0,"max_hp_gain":0,"max_hp_loss":0,"event_name":"Back to Basics","floor":25,"gold_loss":0}],"is_beta":false,"boss_relics":[{"not_picked":["Calling Bell","Fusion Hammer"],"picked":"Astrolabe"}],"items_purged_floors":[22],"is_endless":false,"potions_floor_spawned":[1,10,11,13,14,18,21],"killed_by":"Shelled Parasite and Fungi","ascension_level":20}}