{"host":"a5lz0e76zb3fcwkm","time":1610709910,"event":{"mods":["AchievementEnabler","BaseMod","Colored Map","Colored Powertips","Minty Spire (QoL Compilation)","StSLib","SuperFastMode"],"gold_per_floor":[119,119,139,139,64,97,107,142,166,126,146,146,179,189,189,267,267,285,305,54,54,54,87,87,119,143,163,174,187,187,199,199,276,276,294,294,294,313,69,103,103,103,103,116,116,141,58,71,71,71,71,71,71,7,37,37,37],"floor_reached":56,"language":"KOR","playtime":2166,"items_purged":["Strike_G","Defend_G"],"score":2070,"play_id":"daa729bd-a7fa-4d03-8991-c1fa92d358a2","local_time":"20210115202510","is_ascension_mode":true,"campfire_choices":[{"data":"Noxious Fumes","floor":12.0,"key":"SMITH"},{"data":"Deadly Poison","floor":15.0,"key":"SMITH"},{"floor":24.0,"key":"REST"},{"data":"Venomology","floor":30.0,"key":"SMITH"},{"floor":32.0,"key":"REST"},{"data":"Adrenaline","floor":41,"key":"SMITH"},{"data":"Tools of the Trade","floor":45,"key":"SMITH"},{"floor":49,"key":"RECALL"},{"data":"Venomology","floor":53,"key":"SMITH"}],"circlet_count":0,"master_deck":["AscendersBane","Defend_G","Defend_G+1","Defend_G","Survivor","Neutralize","Deadly Poison+1","Noxious Fumes+1","PiercingWail","Reflex","Crippling Poison","Escape Plan+1","Corpse Explosion","Adrenaline+1","Venomology+1","Acrobatics","Tools of the Trade+1","Backflip+1","Escape Plan+1","Venomology+1","Backflip","Noxious Fumes","Deadly Poison+1"],"relics":["Ring of the Snake","NeowsBlessing","Centennial Puzzle","Orichalcum","Snake Skull","Anchor","Empty Cage","Nilry\u0027s Codex","Blood Vial","Omamori","Strawberry","Coffee Dripper","Membership Card","Pear","Sundial","Mango","War Paint","Art of War"],"acts_visited":["Exordium","TheCity","TheBeyond","TheEnding"],"potions_floor_usage":[38,38,40,40,44,46,48,48,50,50,51,51,51,55,55,56,56,56,56],"damage_taken":[{"damage":0.0,"enemies":"Small Slimes","floor":1.0,"turns":1.0},{"damage":0.0,"enemies":"2 Louse","floor":3.0,"turns":1.0},{"damage":0.0,"enemies":"3 Sentries","floor":6.0,"turns":1.0},{"damage":0.0,"enemies":"Cultist","floor":7.0,"turns":5.0},{"damage":23.0,"enemies":"Lagavulin","floor":8.0,"turns":7.0},{"damage":5.0,"enemies":"Red Slaver","floor":11.0,"turns":4.0},{"damage":16.0,"enemies":"3 Sentries","floor":13.0,"turns":6.0},{"damage":3.0,"enemies":"Looter","floor":14.0,"turns":3.0},{"damage":0.0,"enemies":"Hexaghost","floor":16.0,"turns":9.0},{"damage":0.0,"enemies":"3 Byrds","floor":18.0,"turns":2.0},{"damage":6.0,"enemies":"Chosen","floor":19.0,"turns":5.0},{"damage":45.0,"enemies":"Gremlin Leader","floor":23.0,"turns":6.0},{"damage":12.0,"enemies":"Slavers","floor":25.0,"turns":3.0},{"damage":12.0,"enemies":"Snake Plant","floor":27.0,"turns":5.0},{"damage":1.0,"enemies":"3 Cultists","floor":28.0,"turns":3.0},{"damage":3.0,"enemies":"Centurion and Healer","floor":29.0,"turns":4.0},{"damage":12.0,"enemies":"Snecko","floor":31.0,"turns":4.0},{"damage":30.0,"enemies":"Automaton","floor":33.0,"turns":10.0},{"damage":9.0,"enemies":"Orb Walker","floor":35.0,"turns":4.0},{"damage":11,"enemies":"3 Darklings","floor":38,"turns":3},{"damage":12,"enemies":"Reptomancer","floor":40,"turns":5},{"damage":9,"enemies":"Spire Growth","floor":44,"turns":6},{"damage":0,"enemies":"Mind Bloom Boss Battle","floor":46,"turns":6},{"damage":0,"enemies":"Maw","floor":48,"turns":7},{"damage":32,"enemies":"Awakened One","floor":50,"turns":19},{"damage":4,"enemies":"Time Eater","floor":51,"turns":6},{"damage":20,"enemies":"Shield and Spear","floor":55,"turns":7},{"damage":65,"enemies":"The Heart","floor":56,"turns":4}],"seed_played":"4720056430132365035","potions_obtained":[{"floor":8.0,"key":"SkillPotion"},{"floor":10.0,"key":"FairyPotion"},{"floor":10.0,"key":"LiquidBronze"},{"floor":11.0,"key":"Fruit Juice"},{"floor":13.0,"key":"Block Potion"},{"floor":18.0,"key":"AttackPotion"},{"floor":23.0,"key":"Poison Potion"},{"floor":28.0,"key":"Fire Potion"},{"floor":33.0,"key":"SpeedPotion"},{"floor":35.0,"key":"SkillPotion"},{"floor":44,"key":"SkillPotion"},{"floor":55,"key":"Fire Potion"}],"is_trial":false,"path_per_floor":["M","?","M","?","?","E","M","E","T","?","M","R","E","M","R","B",null,"M","M","$","?","?","E","R","E","T","M","M","M","R","M","R","B",null,"M","?","?","M","$","E","R","T","T","M","R","?","$","M","R","B","B",null,"R","$","E","B"],"character_chosen":"THE_SILENT","items_purchased":["Adrenaline","Membership Card","Energy Potion","War Paint","Noxious Fumes","Block Potion"],"campfire_rested":2,"item_purchase_floors":[20,39,39,47,54,54],"current_hp_per_floor":[59,64,64,64,64,64,64,41,41,41,36,36,25,22,22,22,63,63,57,57,36,36,22,44,34,41,31,32,31,31,21,45,17,67,60,60,60,51,51,66,66,66,66,59,59,75,75,77,77,47,45,92,92,92,74,11,11],"gold":37,"neow_bonus":"THREE_ENEMY_KILL","is_daily":false,"chose_seed":false,"campfire_upgraded":6,"win_rate":0.0,"timestamp":1610709910,"path_taken":["M","?","M","?","?","E","M","E","T","?","M","R","E","M","R","BOSS","M","?","$","?","?","E","R","E","T","M","M","M","R","?","R","BOSS","M","?","?","M","?","E","R","?","T","M","R","?","$","M","R","BOSS","BOSS","R","$","E","BOSS"],"items_purchased_type":["Card","Relic","Potion","Relic","Card","Potion"],"build_version":"2020-12-22","purchased_purges":2,"victory":false,"max_hp_per_floor":[66,71,71,71,71,71,71,71,71,71,71,71,76,76,76,76,76,76,76,76,76,76,76,76,76,83,83,83,83,83,83,83,83,83,83,83,83,83,83,93,93,93,93,93,93,107,107,107,107,107,107,107,107,107,107,107,107],"card_choices":[{"not_picked":["Sucker Punch","Dodge and Roll"],"picked":"Deadly Poison","floor":1.0},{"not_picked":["Skewer","Predator"],"picked":"Noxious Fumes","floor":3.0},{"not_picked":["Dodge and Roll","Outmaneuver"],"picked":"PiercingWail","floor":6.0},{"not_picked":["Outmaneuver","Quick Slash","Dash"],"picked":"SKIP","floor":7.0},{"not_picked":["Masterful Stab","PiercingWail","Flechettes"],"picked":"SKIP","floor":8.0},{"not_picked":["Skewer","Blade Dance"],"picked":"Reflex","floor":11.0},{"not_picked":["Dodge and Roll","Escape Plan"],"picked":"Crippling Poison","floor":13.0},{"not_picked":["Acrobatics","Eviscerate"],"picked":"Escape Plan","floor":14.0},{"not_picked":["Venomology","Envenom"],"picked":"Corpse Explosion","floor":16.0},{"not_picked":["Cloak And Dagger","Dodge and Roll","Underhanded Strike"],"picked":"SKIP","floor":18.0},{"not_picked":["Poisoned Stab","Slice","Deflect"],"picked":"SKIP","floor":19.0},{"not_picked":["Bane","PiercingWail","Eviscerate"],"picked":"SKIP","floor":23.0},{"not_picked":["Concentrate","Bane","Setup"],"picked":"SKIP","floor":25.0},{"not_picked":["Dodge and Roll","Acrobatics"],"picked":"Venomology","floor":27.0},{"not_picked":["Deadly Poison","Quick Slash","Bane"],"picked":"SKIP","floor":28.0},{"not_picked":["Sucker Punch","Deflect"],"picked":"Acrobatics","floor":29.0},{"not_picked":["Outmaneuver","Underhanded Strike"],"picked":"Tools of the Trade","floor":31.0},{"not_picked":["Flying Knee+1","Deflect","Bane"],"picked":"SKIP","floor":35.0},{"not_picked":["Prepared","Dash"],"picked":"Backflip+1","floor":38},{"not_picked":["Riddle With Holes","Flying Knee","Accuracy"],"picked":"SKIP","floor":40},{"not_picked":["Flying Knee+1","Riddle With Holes"],"picked":"Escape Plan+1","floor":44},{"not_picked":["Skewer+1","Escape Plan"],"picked":"Venomology","floor":46},{"not_picked":["Cloak And Dagger","Dodge and Roll+1"],"picked":"Backflip","floor":48},{"not_picked":["Underhanded Strike+1","Reflex"],"picked":"Deadly Poison+1","floor":55}],"player_experience":1735993,"relics_obtained":[{"floor":6.0,"key":"Centennial Puzzle"},{"floor":8.0,"key":"Orichalcum"},{"floor":9.0,"key":"Snake Skull"},{"floor":13.0,"key":"Anchor"},{"floor":21.0,"key":"Nilry\u0027s Codex"},{"floor":23.0,"key":"Blood Vial"},{"floor":25.0,"key":"Omamori"},{"floor":26.0,"key":"Strawberry"},{"floor":40,"key":"Pear"},{"floor":43,"key":"Sundial"},{"floor":46,"key":"Mango"},{"floor":55,"key":"Art of War"}],"event_choices":[{"damage_healed":0.0,"max_hp_gain":5.0,"max_hp_loss":0.0,"gold_gain":0.0,"event_name":"Big Fish","player_choice":"Donut","floor":2.0,"gold_loss":0.0,"damage_taken":0.0},{"cards_removed":["Strike_G"],"damage_healed":0.0,"max_hp_gain":0.0,"max_hp_loss":0.0,"gold_gain":0.0,"event_name":"Living Wall","player_choice":"Forget","floor":4.0,"gold_loss":0.0,"damage_taken":0.0},{"cards_removed":["Strike_G"],"damage_healed":0.0,"max_hp_gain":0.0,"max_hp_loss":0.0,"gold_gain":0.0,"event_name":"The Cleric","player_choice":"Card Removal","floor":5.0,"gold_loss":75.0,"damage_taken":0.0},{"damage_healed":0.0,"max_hp_gain":0.0,"max_hp_loss":0.0,"gold_gain":0.0,"event_name":"The Woman in Blue","player_choice":"Bought 3 Potions","floor":10.0,"gold_loss":0.0,"damage_taken":0.0},{"damage_healed":0.0,"max_hp_gain":0.0,"max_hp_loss":0.0,"gold_gain":0.0,"event_name":"Cursed Tome","player_choice":"Obtained Book","floor":21.0,"gold_loss":0.0,"damage_taken":21.0},{"damage_healed":0.0,"max_hp_gain":0.0,"max_hp_loss":0.0,"gold_gain":0.0,"event_name":"The Mausoleum","player_choice":"Ignored","floor":22.0,"gold_loss":0.0,"damage_taken":0.0},{"damage_healed":0,"gold_gain":0,"player_choice":"Ignored","damage_taken":0,"max_hp_gain":0,"max_hp_loss":0,"event_name":"Mysterious Sphere","floor":36,"gold_loss":0},{"cards_removed":["Defend_G"],"damage_healed":0,"gold_gain":0,"player_choice":"Removed Skill","damage_taken":0,"max_hp_gain":0,"max_hp_loss":0,"event_name":"Falling","floor":37,"gold_loss":0},{"damage_healed":0,"gold_gain":0,"player_choice":"Fight","damage_taken":0,"max_hp_gain":0,"max_hp_loss":0,"event_name":"MindBloom","floor":46,"gold_loss":0}],"is_beta":false,"boss_relics":[{"not_picked":["HoveringKite","Velvet Choker"],"picked":"Empty Cage"},{"not_picked":["Sozu","Pandora\u0027s Box"],"picked":"Coffee Dripper"}],"items_purged_floors":[20,39],"is_endless":false,"potions_floor_spawned":[8,11,13,18,23,28,33,35,44,55],"killed_by":"The Heart","ascension_level":20}}