{"host":"6ayekdpky30mcb5q","time":1610682658,"event":{"mods":["BaseMod","Colored Map","Highlight Path","Minty Spire (QoL Compilation)","StSLib","WoW Paladin Mod"],"gold_per_floor":[111,126,51,51,64,92,110,110,110,110,90,118,133,133,133,133,133],"floor_reached":16,"language":"ENG","playtime":793,"items_purged":["WoWPaladin:StrikePaladin"],"score":135,"play_id":"2586aa3e-fda2-4e6b-b88f-d3a85431dcf0","local_time":"20210114215058","is_ascension_mode":false,"campfire_choices":[{"data":"WoWPaladin:ZealotsThrust","floor":8,"key":"SMITH"},{"data":"WoWPaladin:ZealotsThrust","floor":10,"key":"SMITH"},{"floor":15,"key":"REST"}],"circlet_count":0,"master_deck":["WoWPaladin:StrikePaladin","WoWPaladin:StrikePaladin","WoWPaladin:StrikePaladin","WoWPaladin:StrikePaladin","WoWPaladin:DefendPaladin","WoWPaladin:DefendPaladin","WoWPaladin:DefendPaladin","WoWPaladin:DefendPaladin","WoWPaladin:DefendPaladin","WoWPaladin:TemplarsVerdict","WoWPaladin:HolySmite","WoWPaladin:Judgement","WoWPaladin:ZealotsThrust+1","WoWPaladin:ZealotsThrust+1","WoWPaladin:HammerOfWrath"],"relics":["WoWPaladin:AshbringerRelic","Pear","Singing Bowl","Lantern","Golden Idol"],"acts_visited":["Exordium"],"potions_floor_usage":[12,16,16,16],"damage_taken":[{"damage":0,"enemies":"2 Louse","floor":1,"turns":3},{"damage":0,"enemies":"Jaw Worm","floor":2,"turns":6},{"damage":4,"enemies":"Cultist","floor":5,"turns":5},{"damage":24,"enemies":"Gremlin Nob","floor":6,"turns":6},{"damage":10,"enemies":"Large Slime","floor":7,"turns":6},{"damage":27,"enemies":"Lagavulin","floor":12,"turns":6},{"damage":3,"enemies":"2 Fungi Beasts","floor":13,"turns":3},{"damage":44,"enemies":"The Guardian","floor":16,"turns":9}],"seed_played":"7169457833098190582","potions_obtained":[{"floor":2,"key":"Explosive Potion"},{"floor":5,"key":"ColorlessPotion"},{"floor":11,"key":"Dexterity Potion"},{"floor":13,"key":"ColorlessPotion"}],"is_trial":false,"path_per_floor":["M","M","$","?","M","E","M","R","T","R","?","E","M","?","R","B"],"character_chosen":"THE_PALADIN","items_purchased":[],"campfire_rested":1,"item_purchase_floors":[],"current_hp_per_floor":[88,88,88,93,89,75,65,65,65,65,65,38,37,11,42,0,0],"gold":133,"neow_bonus":"TEN_PERCENT_HP_BONUS","is_daily":false,"chose_seed":false,"campfire_upgraded":2,"win_rate":0.0,"timestamp":1610682658,"path_taken":["M","M","$","?","M","E","M","R","T","R","?","E","?","?","R","BOSS"],"items_purchased_type":[],"build_version":"2020-12-22","purchased_purges":1,"victory":false,"max_hp_per_floor":[88,88,88,93,93,103,103,103,103,103,103,103,105,105,105,105,105],"card_choices":[{"not_picked":["WoWPaladin:Prayer","WoWPaladin:RighteousAnger"],"picked":"WoWPaladin:Judgement","floor":1},{"not_picked":["WoWPaladin:OathOfVigilance","WoWPaladin:RighteousExpulsion","WoWPaladin:GuidingStrike"],"picked":"SKIP","floor":2},{"not_picked":["WoWPaladin:EqualizingSwath","WoWPaladin:DivineBulwark"],"picked":"WoWPaladin:ZealotsThrust","floor":5},{"not_picked":["WoWPaladin:RighteousAnger","WoWPaladin:GuidingStrike","WoWPaladin:Thorns"],"picked":"SKIP","floor":6},{"not_picked":["WoWPaladin:BlessedBreastplate","WoWPaladin:Brace"],"picked":"WoWPaladin:ZealotsThrust","floor":7},{"not_picked":["WoWPaladin:AvengersShield","WoWPaladin:CrusadersJudgement"],"picked":"WoWPaladin:HammerOfWrath","floor":12},{"not_picked":["WoWPaladin:WakeOfAshes","WoWPaladin:Thorns","WoWPaladin:CondemnHeresy"],"picked":"Singing Bowl","floor":13}],"player_experience":548047,"relics_obtained":[{"floor":6,"key":"Pear"},{"floor":9,"key":"Singing Bowl"},{"floor":12,"key":"Lantern"}],"event_choices":[{"damage_healed":0,"gold_gain":0,"player_choice":"Donut","damage_taken":0,"max_hp_gain":5,"max_hp_loss":0,"event_name":"Big Fish","floor":4,"gold_loss":0},{"damage_healed":0,"gold_gain":0,"player_choice":"Bought 1 Potion","damage_taken":0,"max_hp_gain":0,"max_hp_loss":0,"event_name":"The Woman in Blue","floor":11,"gold_loss":0},{"damage_healed":0,"gold_gain":0,"player_choice":"Take Damage","damage_taken":26,"relics_obtained":["Golden Idol"],"max_hp_gain":0,"max_hp_loss":0,"event_name":"Golden Idol","floor":14,"gold_loss":0}],"is_beta":false,"boss_relics":[],"items_purged_floors":[3],"is_endless":false,"potions_floor_spawned":[2,5,13],"killed_by":"The Guardian","ascension_level":0}}