{"host":"ztz3cefhdievx2yi","time":1610732816,"event":{"mods":["AchievementEnabler","BaseMod","Minty Spire (QoL Compilation)","Permanent Neow","Quick Restart","SuperFastMode","¡¼?Úª?ø«¡½REMEMod"],"gold_per_floor":[110,57,75,92,110,110,135,152,152,7,35,12,24,43,43,138,138,150,150,150,150,176,176,176,196,271,298,308,327,327,343,343,442,442,456,470,486,505,505,505],"floor_reached":39,"language":"KOR","playtime":1231,"items_purged":[],"score":571,"play_id":"4bfbc023-865d-4d30-846a-e7288a28bdf0","local_time":"20210116024656","is_ascension_mode":true,"campfire_choices":[{"floor":6.0,"key":"REST"},{"floor":15.0,"key":"REST"},{"data":"Perfected Strike","floor":23.0,"key":"SMITH"},{"data":"Feed","floor":32.0,"key":"SMITH"}],"circlet_count":0,"master_deck":["Strike_R","Strike_R","Strike_R","Strike_R","Strike_R","Defend_R","Defend_R","Defend_R","Defend_R","Bash","Perfected Strike+1","Armaments","Cleave","Armaments","Immolate","Feed+1","Rage","Feel No Pain","Pommel Strike","Twin Strike","Metallicize","Immolate","CurseOfTheBell","Cleave","Inflame","Cleave","Flex","Pommel Strike","REME_Scribble+1","Twin Strike","Impervious","Perfected Strike+1","Disarm","Dual Wield","Perfected Strike+1"],"relics":["Burning Blood","REME_ComplimentaryCards","Blood Vial","Bag of Marbles","Mummified Hand","Lantern","Regal Pillow","Calling Bell","Red Skull","Blue Candle","Du-Vu Doll","MutagenicStrength","Red Mask","StrikeDummy","Torii","Cursed Key"],"acts_visited":["Exordium","TheCity","TheBeyond"],"potions_floor_usage":[33,33,33],"damage_taken":[{"damage":12.0,"enemies":"Jaw Worm","floor":1.0,"turns":3.0},{"damage":11.0,"enemies":"Small Slimes","floor":3.0,"turns":3.0},{"damage":8.0,"enemies":"2 Louse","floor":4.0,"turns":2.0},{"damage":30.0,"enemies":"Gremlin Gang","floor":5.0,"turns":4.0},{"damage":32.0,"enemies":"3 Sentries","floor":7.0,"turns":5.0},{"damage":28.0,"enemies":"Large Slime","floor":8.0,"turns":5.0},{"damage":17.0,"enemies":"Gremlin Nob","floor":11.0,"turns":4.0},{"damage":0.0,"enemies":"3 Louse","floor":13.0,"turns":1.0},{"damage":18.0,"enemies":"Lots of Slimes","floor":14.0,"turns":4.0},{"damage":58.0,"enemies":"Hexaghost","floor":16.0,"turns":9.0},{"damage":7.0,"enemies":"Chosen","floor":18.0,"turns":3.0},{"damage":0.0,"enemies":"Masked Bandits","floor":22.0,"turns":1.0},{"damage":12.0,"enemies":"3 Byrds","floor":25.0,"turns":3.0},{"damage":63.0,"enemies":"REME_1_Revenger","floor":27.0,"turns":4.0},{"damage":2.0,"enemies":"Centurion and Healer","floor":28.0,"turns":4.0},{"damage":0.0,"enemies":"Snake Plant","floor":29.0,"turns":1.0},{"damage":0.0,"enemies":"Shelled Parasite and Fungi","floor":31.0,"turns":1.0},{"damage":31,"enemies":"Collector","floor":33,"turns":5},{"damage":3,"enemies":"Orb Walker","floor":35,"turns":2},{"damage":0,"enemies":"3 Shapes","floor":36,"turns":1},{"damage":71,"enemies":"Maw","floor":37,"turns":7},{"damage":16,"enemies":"4 Shapes","floor":38,"turns":1},{"damage":28,"enemies":"Spire Growth","floor":39,"turns":2}],"seed_played":"-6535891542845056252","potions_obtained":[{"floor":3.0,"key":"Ancient Potion"},{"floor":7.0,"key":"Weak Potion"},{"floor":8.0,"key":"BlessingOfTheForge"},{"floor":13.0,"key":"DistilledChaos"},{"floor":25.0,"key":"Regen Potion"},{"floor":28.0,"key":"SneckoOil"},{"floor":31.0,"key":"AttackPotion"},{"floor":35,"key":"BloodPotion"},{"floor":36,"key":"GamblersBrew"}],"is_trial":false,"path_per_floor":["M","$","M","M","M","R","E","M","T","$","E","$","M","M","R","B",null,"M","?","?","?","?","R","$","M","T","E","M","M","$","M","R","B",null,"M","M","M","M","M"],"character_chosen":"IRONCLAD","items_purchased":["Armaments","Lantern","Pommel Strike"],"campfire_rested":2,"item_purchase_floors":[2,10,12],"current_hp_per_floor":[74,74,71,71,49,73,49,29,29,29,20,20,28,21,60,10,65,69,69,69,69,77,77,77,76,76,21,36,44,44,52,52,32,77,85,93,30,22,0,0],"gold":505,"neow_bonus":"RANDOM_COMMON_RELIC","is_daily":false,"chose_seed":false,"campfire_upgraded":2,"win_rate":0.0,"timestamp":1610732816,"path_taken":["M","$","M","M","M","R","E","M","T","$","E","$","M","M","R","BOSS","M","?","?","?","?","R","$","M","T","E","M","M","?","M","R","BOSS","M","M","M","?","M"],"items_purchased_type":["Card","Relic","Card"],"build_version":"2020-12-22","purchased_purges":0,"victory":false,"max_hp_per_floor":[80,80,80,80,80,80,80,80,80,80,80,80,80,83,83,83,83,86,86,86,86,86,86,86,89,89,89,89,89,89,89,89,92,92,95,95,95,95,95,95],"card_choices":[{"not_picked":["Pommel Strike","Sever Soul"],"picked":"Perfected Strike","floor":1.0},{"not_picked":["Clothesline","REME_Cut"],"picked":"Cleave","floor":3.0},{"not_picked":["REME_Scribble","True Grit"],"picked":"Armaments","floor":4.0},{"not_picked":["Entrench","Combust"],"picked":"Immolate","floor":5.0},{"not_picked":["True Grit","Headbutt"],"picked":"Feed","floor":7.0},{"not_picked":["Uppercut","Pummel"],"picked":"Rage","floor":8.0},{"not_picked":["Sword Boomerang","Flex"],"picked":"Feel No Pain","floor":11.0},{"not_picked":["Warcry","Sentinel"],"picked":"Twin Strike","floor":13.0},{"not_picked":["Sever Soul","Hemokinesis"],"picked":"Metallicize","floor":14.0},{"not_picked":["Barricade","Juggernaut"],"picked":"Immolate","floor":16.0},{"not_picked":["Ghostly Armor","Carnage"],"picked":"Cleave","floor":18.0},{"not_picked":["Heavy Blade+1","Searing Blow"],"picked":"Cleave","floor":22.0},{"not_picked":["Sentinel","Clothesline"],"picked":"Flex","floor":25.0},{"not_picked":["Berserk","Feel No Pain"],"picked":"Pommel Strike","floor":27.0},{"not_picked":["Entrench+1","Clothesline"],"picked":"REME_Scribble+1","floor":28.0},{"not_picked":["Sword Boomerang","Headbutt"],"picked":"Twin Strike","floor":29.0},{"not_picked":["Thunderclap+1","Blood for Blood","Warcry"],"picked":"SKIP","floor":31.0},{"not_picked":["Corruption","Fiend Fire"],"picked":"Impervious","floor":33},{"not_picked":["Pommel Strike","Anger+1"],"picked":"Perfected Strike+1","floor":35},{"not_picked":["Shockwave+1","Armaments"],"picked":"Disarm","floor":36},{"not_picked":["Headbutt+1","Havoc"],"picked":"Dual Wield","floor":37},{"not_picked":["Pommel Strike+1","Cleave"],"picked":"Perfected Strike+1","floor":38}],"player_experience":299467,"relics_obtained":[{"floor":7.0,"key":"Bag of Marbles"},{"floor":9.0,"key":"Mummified Hand"},{"floor":11.0,"key":"Regal Pillow"},{"floor":17.0,"key":"Red Skull"},{"floor":17.0,"key":"Blue Candle"},{"floor":17.0,"key":"Du-Vu Doll"},{"floor":22.0,"key":"Red Mask"},{"floor":26.0,"key":"StrikeDummy"},{"floor":27.0,"key":"Torii"}],"event_choices":[{"damage_healed":0.0,"max_hp_gain":0.0,"max_hp_loss":0.0,"gold_gain":0.0,"event_name":"Drug Dealer","player_choice":"Inject Mutagens","floor":19.0,"gold_loss":0.0,"damage_taken":0.0,"relics_obtained":["MutagenicStrength"]},{"damage_healed":0.0,"max_hp_gain":0.0,"max_hp_loss":0.0,"gold_gain":0.0,"event_name":"The Library","player_choice":"Read","floor":20.0,"gold_loss":0.0,"damage_taken":0.0,"cards_obtained":["Inflame"]},{"damage_healed":0.0,"max_hp_gain":0.0,"max_hp_loss":0.0,"gold_gain":0.0,"event_name":"Cursed Tome","player_choice":"Ignored","floor":21.0,"gold_loss":0.0,"damage_taken":0.0},{"damage_healed":0.0,"max_hp_gain":0.0,"max_hp_loss":0.0,"gold_gain":0.0,"event_name":"Masked Bandits","player_choice":"Fought Bandits","floor":22.0,"gold_loss":0.0,"damage_taken":0.0}],"is_beta":false,"boss_relics":[{"not_picked":["Runic Pyramid","Ectoplasm"],"picked":"Calling Bell"},{"not_picked":["Snecko Eye","Runic Cube"],"picked":"Cursed Key"}],"items_purged_floors":[],"is_endless":false,"potions_floor_spawned":[3,7,8,13,14,25,28,31,35,36],"killed_by":"Spire Growth","ascension_level":5}}