{"host":"0c22z74nxhh6l98a","time":1610744332,"event":{"mods":["BaseMod","BetterRewards","Card Forge","GungeonMod","Hubris","Infinite Spire","Minty Spire (QoL Compilation)","Potionbrewer","Shop Mod","StSLib"],"gold_per_floor":[110,110,121,135,20,55,55,65,65,65,90,103,103,122,122,226,226,238,238,133,153,172,200,200,225,250,250,279,298,349,392,392,566,616,701,775,775,784,784,784,855,929,955,955,955,1049,967,967,1027,1027,1027,613,700,760],"floor_reached":56,"language":"ENG","playtime":4739,"items_purged":[],"score":2514,"play_id":"888f4e34-1f8c-4899-b5b2-1edea0943f24","local_time":"20210115145852","is_ascension_mode":true,"campfire_choices":[{"floor":10.0,"key":"RECALL"},{"floor":15.0,"key":"DIG"},{"floor":27.0,"key":"DIG"},{"floor":32.0,"key":"DIG"},{"floor":40,"key":"DIG"},{"floor":45,"key":"DIG"},{"floor":49,"key":"DIG"},{"floor":52,"key":"DIG"}],"circlet_count":0,"master_deck":["A Thousand Cuts","After Image","Venomology","Adrenaline","Blade Dance","Escape Plan","Reflex","hubris:Sniper","Tactician","Adrenaline","DemoMod:Deposit+1","DemoMod:Deposit+1","infinitespire:TheBestDefense+1","Envenom+1","Prepared+1","Calculated Gamble+1"],"relics":["Ring of the Snake","Hammer of Thor","Seething Fire","Anvil of the Gods","MerchantsRug","hubris:OldNail","Frozen Eye","Shovel","hubris:AncientText","hubris:Teleporter","InkBottle","StoneCalendar","infinitespire:Lychee Nut","DemoMod:GlassGuonStoneRelic","hubris:EmptyBottle","Boot","Bronze Scales","Orichalcum","Nunchaku","Philosopher\u0027s Stone","hubris:Icosahedron","DemoMod:WhiteGuonStone","hubris:CuriousFeather","Pocketwatch","CeramicFish","Strawberry","Anchor","infinitespire:CheckeredPen","PreservedInsect","Tiny House","potionbrewer:Torch","SlaversCollar","hubris:Potato","Whetstone","Juzu Bracelet","hubris:SlimyHat","hubris:MobiusCoin","Pantograph","infinitespire:Midas Blood","infinitespire:Lucky Rock","potionbrewer:ToyAutogyro"],"acts_visited":["Exordium","TheCity","TheBeyond","TheEnding"],"potions_floor_usage":[35,41,41,50,50,50,50,54,54,55,55],"damage_taken":[{"damage":0.0,"enemies":"2 Louse","floor":1.0,"turns":1.0},{"damage":0.0,"enemies":"Cultist","floor":3.0,"turns":1.0},{"damage":0.0,"enemies":"Jaw Worm","floor":4.0,"turns":1.0},{"damage":0.0,"enemies":"Lagavulin","floor":6.0,"turns":1.0},{"damage":0.0,"enemies":"Looter","floor":8.0,"turns":1.0},{"damage":0.0,"enemies":"3 Sentries","floor":11.0,"turns":1.0},{"damage":0.0,"enemies":"Blue Slaver","floor":12.0,"turns":1.0},{"damage":0.0,"enemies":"Exordium Wildlife","floor":14.0,"turns":1.0},{"damage":0.0,"enemies":"The Guardian","floor":16.0,"turns":1.0},{"damage":0.0,"enemies":"Spheric Guardian","floor":18.0,"turns":1.0},{"damage":0.0,"enemies":"2 Thieves","floor":21.0,"turns":1.0},{"damage":0.0,"enemies":"3 Cultists","floor":22.0,"turns":1.0},{"damage":0.0,"enemies":"Book of Stabbing","floor":23.0,"turns":1.0},{"damage":0.0,"enemies":"Gremlin Leader","floor":25.0,"turns":1.0},{"damage":0.0,"enemies":"Slavers","floor":28.0,"turns":1.0},{"damage":0.0,"enemies":"Snake Plant","floor":29.0,"turns":1.0},{"damage":0.0,"enemies":"Gremlin Leader","floor":30.0,"turns":1.0},{"damage":0.0,"enemies":"Snecko","floor":31.0,"turns":2.0},{"damage":0.0,"enemies":"hubris:MusketHawk","floor":33.0,"turns":1.0},{"damage":0,"enemies":"Orb Walker","floor":35,"turns":3},{"damage":0,"enemies":"3 Shapes","floor":36,"turns":1},{"damage":0,"enemies":"Maw","floor":41,"turns":1},{"damage":0,"enemies":"3 Darklings","floor":42,"turns":3},{"damage":0,"enemies":"Giant Head","floor":46,"turns":1},{"damage":0,"enemies":"Time Eater","floor":50,"turns":2},{"damage":0,"enemies":"Shield and Spear","floor":54,"turns":1},{"damage":0,"enemies":"The Heart","floor":55,"turns":4}],"seed_played":"9000594554028388957","potions_obtained":[{"floor":1.0,"key":"potionbrewer:CleansingPotion"},{"floor":4.0,"key":"Fruit Juice"},{"floor":6.0,"key":"potionbrewer:BarricadePotion"},{"floor":12.0,"key":"Swift Potion"},{"floor":23.0,"key":"potionbrewer:NoxiousPotion"},{"floor":30.0,"key":"potionbrewer:MidasPotion"},{"floor":35,"key":"Strength Potion"}],"is_trial":false,"path_per_floor":["M","?","M","M","$","E","?","M","T","R","E","M","?","M","R","B",null,"M","?","$","M","M","E","?","E","T","R","E","M","E","M","R","B",null,"M","M","?","AVR","?","R","M","M","T","?","R","E","NS","R","B",null,"R","$","E","B",null],"character_chosen":"THE_SILENT","items_purchased":["MerchantsRug","hubris:OldNail","Frozen Eye","hubris:AncientText","InkBottle","DemoMod:WeirdEgg","hubris:EmptyBottle","DemoMod:WhiteGuonStone","infinitespire:Midas Blood","infinitespire:Lucky Rock"],"campfire_rested":0,"item_purchase_floors":[0,0,0,0,0,0,5,20,53,53],"current_hp_per_floor":[63,63,63,63,63,63,63,63,63,63,63,63,60,60,60,60,68,68,68,68,68,68,68,68,68,68,75,75,75,75,75,75,75,82,82,82,82,82,82,82,82,82,82,82,82,82,82,82,82,82,82,82,92,69],"gold":760,"neow_bonus":"","is_daily":false,"chose_seed":false,"campfire_upgraded":0,"win_rate":0.0,"timestamp":1610744332,"path_taken":["M","?","M","?","$","E","?","M","T","R","E","M","?","M","R","BOSS","M","?","$","M","M","E","?","E","T","R","E","M","E","M","R","BOSS","M","M","?","AVR","?","R","M","M","T","?","R","E","NS","R","BOSS","R","$","E","BOSS"],"items_purchased_type":["Relic","Relic","Relic","Relic","Relic","Relic","Relic","Relic","Relic","Relic"],"build_version":"2020-12-22","purchased_purges":0,"victory":true,"max_hp_per_floor":[70,70,70,70,70,70,70,70,70,70,70,70,70,70,70,70,70,70,70,70,70,70,70,70,70,70,77,77,77,77,77,77,77,82,82,82,82,82,82,82,82,82,82,82,82,82,82,82,82,82,82,82,92,69],"card_choices":[{"not_picked":["Well Laid Plans","Bouncing Flask","Crippling Poison"],"picked":"SKIP","floor":1.0},{"not_picked":["Slice","Acrobatics","Deflect"],"picked":"SKIP","floor":3.0},{"not_picked":["Slice","Sucker Punch","Cloak And Dagger"],"picked":"SKIP","floor":4.0},{"not_picked":["Sucker Punch","Burst","Terror"],"picked":"SKIP","floor":6.0},{"not_picked":["Quick Slash","Dagger Throw","Infinite Blades"],"picked":"SKIP","floor":8.0},{"not_picked":["Dagger Spray","All Out Attack"],"picked":"Backstab","floor":11.0},{"not_picked":["Poisoned Stab","Deflect","Slice"],"picked":"SKIP","floor":12.0},{"not_picked":["hubris:TrickCloak","Flying Knee","Slice"],"picked":"SKIP","floor":14.0},{"not_picked":["Underhanded Strike","Cloak And Dagger","Infinite Blades+1"],"picked":"SKIP","floor":18.0},{"not_picked":["Backflip","Blade Dance+1","Flying Knee"],"picked":"SKIP","floor":21.0},{"not_picked":["Flying Knee","Poisoned Stab","Crippling Poison+1"],"picked":"SKIP","floor":22.0},{"not_picked":["Masterful Stab","Sucker Punch"],"picked":"Adrenaline","floor":23.0},{"not_picked":["Poisoned Stab+1","Slice","Outmaneuver"],"picked":"SKIP","floor":25.0},{"not_picked":["Distraction","Prepared+1","Caltrops"],"picked":"SKIP","floor":28.0},{"not_picked":["hubris:Counter","Poisoned Stab+1","Cloak And Dagger"],"picked":"SKIP","floor":29.0},{"not_picked":["Terror+1","Quick Slash","Reflex+1"],"picked":"SKIP","floor":30.0},{"not_picked":["hubris:SlightOfHand+1","Prepared","Bane"],"picked":"SKIP","floor":31.0},{"not_picked":["Dagger Throw","Blade Dance+1","Poisoned Stab"],"picked":"SKIP","floor":35},{"not_picked":["Bouncing Flask+1","Crippling Poison+1","hubris:Sniper+1"],"picked":"SKIP","floor":36},{"not_picked":["hubris:Sniper+1","Escape Plan","PiercingWail"],"picked":"SKIP","floor":41},{"not_picked":["Sucker Punch","Predator","Backflip+1"],"picked":"SKIP","floor":42},{"not_picked":["Crippling Poison","Dagger Spray"],"picked":"Envenom","floor":46},{"not_picked":["Distraction","Slice+1","Infinite Blades"],"picked":"SKIP","floor":54}],"player_experience":862856,"relics_obtained":[{"floor":6.0,"key":"Boot"},{"floor":11.0,"key":"Bronze Scales"},{"floor":15.0,"key":"Nunchaku"},{"floor":23.0,"key":"hubris:CuriousFeather"},{"floor":25.0,"key":"Pocketwatch"},{"floor":26.0,"key":"CeramicFish"},{"floor":27.0,"key":"Strawberry"},{"floor":28.0,"key":"Anchor"},{"floor":30.0,"key":"infinitespire:CheckeredPen"},{"floor":32.0,"key":"PreservedInsect"},{"floor":40,"key":"hubris:Potato"},{"floor":43,"key":"Whetstone"},{"floor":45,"key":"Juzu Bracelet"},{"floor":46,"key":"hubris:SlimyHat"},{"floor":49,"key":"hubris:MobiusCoin"},{"floor":52,"key":"Pantograph"},{"floor":54,"key":"potionbrewer:ToyAutogyro"}],"event_choices":[{"damage_healed":0.0,"max_hp_gain":0.0,"max_hp_loss":0.0,"gold_gain":0.0,"event_name":"Upgrade Shrine","player_choice":"Upgraded","floor":2.0,"gold_loss":0.0,"damage_taken":0.0,"cards_upgraded":["Calculated Gamble"]},{"damage_healed":0.0,"max_hp_gain":0.0,"max_hp_loss":0.0,"gold_gain":0.0,"event_name":"The Cleric","player_choice":"Leave","floor":7.0,"gold_loss":0.0,"damage_taken":0.0},{"damage_healed":0.0,"max_hp_gain":0.0,"max_hp_loss":0.0,"gold_gain":0.0,"event_name":"Scrap Ooze","player_choice":"Success","floor":13.0,"gold_loss":0.0,"damage_taken":3.0,"relics_obtained":["Orichalcum"]},{"damage_healed":0.0,"max_hp_gain":0.0,"max_hp_loss":0.0,"gold_gain":0.0,"event_name":"Vampires","player_choice":"Ignored","floor":24.0,"gold_loss":0.0,"damage_taken":0.0},{"damage_healed":0,"gold_gain":0,"player_choice":"Ignored","damage_taken":0,"max_hp_gain":0,"max_hp_loss":0,"event_name":"Tomb of Lord Red Mask","floor":37,"gold_loss":0},{"cards_removed":["Backstab"],"damage_healed":0,"gold_gain":0,"player_choice":"Removed Attack","damage_taken":0,"max_hp_gain":0,"max_hp_loss":0,"event_name":"Falling","floor":44,"gold_loss":0}],"is_beta":false,"boss_relics":[{"not_picked":["Snecko Eye","hubris:CrackedHourglass"],"picked":"Philosopher\u0027s Stone"},{"not_picked":["hubris:GrandSneckoEye","Empty Cage"],"picked":"Tiny House"}],"items_purged_floors":[],"is_endless":false,"potions_floor_spawned":[1,4,6,8,12,22,23,25,30,33,35,36,41],"ascension_level":7}}