{"host":"f5gffvlv6a66yqkd","time":1610730498,"event":{"mods":["2.2 Compatiblity","Alarm Clock","BaseMod","Colored Map","Custom Start","DeckTracker","Keyboard Shortcuts","Minty Spire (QoL Compilation)","Permanent Neow","Quick Restart","Relic Stats","StSLib","SuperFastMode"],"gold_per_floor":[113,128,148,166,186,186,216,216,216,249,249,249,269,283,283,360,360,371,371,391,407,387,413,429,429,452,452,471,671,682,693,693,693,693],"floor_reached":33,"language":"KOR","playtime":739,"items_purged":[],"score":666,"play_id":"9b14cd36-9e66-473f-8c35-2ef9437d18b0","local_time":"20210116020818","is_ascension_mode":true,"campfire_choices":[{"data":"Eruption","floor":6.0,"key":"SMITH"},{"data":"Adaptation","floor":8.0,"key":"SMITH"},{"data":"Tantrum","floor":12.0,"key":"SMITH"},{"data":"TalkToTheHand","floor":15.0,"key":"SMITH"},{"floor":25.0,"key":"REST"},{"data":"Study","floor":27.0,"key":"SMITH"},{"data":"SignatureMove","floor":32.0,"key":"SMITH"}],"circlet_count":0,"master_deck":["AscendersBane","Strike_P","Strike_P+1","Strike_P","Strike_P+1","Defend_P","Defend_P","Defend_P","Defend_P","Eruption+1","Vigilance","Judgement","Study+1","DeceiveReality","SignatureMove+1","Tantrum+1","Adaptation+1","TalkToTheHand+1","FearNoEvil","EmptyFist"],"relics":["PureWater","TeardropLocket","Question Card","Bottled Tornado","SacredBark","Bottled Flame","Nunchaku"],"acts_visited":["Exordium","TheCity"],"potions_floor_usage":[],"damage_taken":[{"damage":2.0,"enemies":"Small Slimes","floor":1.0,"turns":3.0},{"damage":0.0,"enemies":"2 Louse","floor":2.0,"turns":4.0},{"damage":0.0,"enemies":"Cultist","floor":3.0,"turns":3.0},{"damage":0.0,"enemies":"Large Slime","floor":4.0,"turns":4.0},{"damage":6.0,"enemies":"Red Slaver","floor":5.0,"turns":2.0},{"damage":0.0,"enemies":"Lagavulin","floor":7.0,"turns":4.0},{"damage":0.0,"enemies":"3 Sentries","floor":10.0,"turns":2.0},{"damage":0.0,"enemies":"Blue Slaver","floor":13.0,"turns":2.0},{"damage":0.0,"enemies":"2 Fungi Beasts","floor":14.0,"turns":3.0},{"damage":18.0,"enemies":"Hexaghost","floor":16.0,"turns":4.0},{"damage":0.0,"enemies":"Chosen","floor":18.0,"turns":3.0},{"damage":0.0,"enemies":"3 Byrds","floor":20.0,"turns":3.0},{"damage":20.0,"enemies":"Shelled Parasite and Fungi","floor":21.0,"turns":4.0},{"damage":21.0,"enemies":"Slavers","floor":23.0,"turns":4.0},{"damage":0.0,"enemies":"Snake Plant","floor":24.0,"turns":3.0},{"damage":4.0,"enemies":"Centurion and Healer","floor":28.0,"turns":4.0},{"damage":0.0,"enemies":"Chosen and Byrds","floor":30.0,"turns":3.0},{"damage":16.0,"enemies":"Snake Plant","floor":31.0,"turns":3.0},{"damage":69,"enemies":"Collector","floor":33,"turns":7}],"seed_played":"8175632059182686225","potions_obtained":[{"floor":1.0,"key":"Weak Potion"},{"floor":3.0,"key":"Regen Potion"},{"floor":7.0,"key":"AttackPotion"},{"floor":14.0,"key":"Strength Potion"},{"floor":20.0,"key":"FearPotion"},{"floor":21.0,"key":"StancePotion"},{"floor":22.0,"key":"StancePotion"},{"floor":23.0,"key":"LiquidMemories"},{"floor":31.0,"key":"FairyPotion"}],"is_trial":false,"path_per_floor":["M","M","M","M","M","R","E","R","T","E","?","R","M","M","R","B",null,"M","?","M","M","?","E","M","R","T","R","M","?","M","M","R","B"],"character_chosen":"WATCHER","items_purchased":[],"campfire_rested":1,"item_purchase_floors":[],"current_hp_per_floor":[59,59,59,59,53,53,53,53,53,53,33,33,33,33,33,15,55,55,55,55,35,35,14,14,34,34,34,30,30,30,14,14,13,13],"gold":693,"neow_bonus":"ONE_RANDOM_RARE_CARD","is_daily":false,"chose_seed":false,"campfire_upgraded":6,"win_rate":0.0,"timestamp":1610730498,"path_taken":["M","M","M","M","M","R","E","R","T","E","?","R","M","M","R","BOSS","M","?","M","M","?","E","M","R","T","R","?","?","M","?","R","BOSS"],"items_purchased_type":[],"build_version":"2020-12-22","purchased_purges":0,"victory":false,"max_hp_per_floor":[68,68,68,68,68,68,68,68,68,68,68,68,68,68,68,68,68,68,68,68,68,68,68,68,68,68,68,68,68,68,68,68,68,68],"relic_stats":{"Nunchaku":[3],"counters":[19,65],"Question Card":12,"obtain_stats":[{"Bottled Flame":23,"Nunchaku":26,"SacredBark":17,"TeardropLocket":7,"PureWater":0,"Bottled Tornado":10,"Question Card":9},{"Bottled Flame":14,"Nunchaku":15,"SacredBark":10,"TeardropLocket":6,"PureWater":0,"Bottled Tornado":7,"Question Card":6},{"Bottled Flame":45,"Nunchaku":48,"SacredBark":31,"TeardropLocket":20,"PureWater":0,"Bottled Tornado":22,"Question Card":20}]},"card_choices":[{"not_picked":["WaveOfTheHand","Pray"],"picked":"Study","floor":1.0},{"not_picked":["Sanctity","BowlingBash"],"picked":"DeceiveReality","floor":2.0},{"not_picked":["Conclude","Prostrate"],"picked":"SignatureMove","floor":3.0},{"not_picked":["CrushJoints","ClearTheMind"],"picked":"Tantrum","floor":4.0},{"not_picked":["LikeWater","PathToVictory"],"picked":"Adaptation","floor":5.0},{"not_picked":["CrushJoints","Devotion"],"picked":"TalkToTheHand","floor":7.0},{"not_picked":["BattleHymn","Protect","FlurryOfBlows","SashWhip"],"picked":"SKIP","floor":10.0},{"not_picked":["WaveOfTheHand","Prostrate","JustLucky"],"picked":"FearNoEvil","floor":13.0},{"not_picked":["FollowUp","FlyingSleeves","EmptyFist","BowlingBash"],"picked":"SKIP","floor":14.0},{"not_picked":["Worship","ThirdEye","BattleHymn","ClearTheMind"],"picked":"SKIP","floor":18.0},{"not_picked":["Indignation","CutThroughFate","LikeWater","SashWhip"],"picked":"SKIP","floor":20.0},{"not_picked":["Consecrate","Perseverance","FollowUp","ClearTheMind"],"picked":"SKIP","floor":21.0},{"not_picked":["Sanctity","Vengeance","Meditate","Blasphemy"],"picked":"SKIP","floor":23.0},{"not_picked":["JustLucky","Evaluate","BowlingBash+1","BattleHymn"],"picked":"SKIP","floor":24.0},{"not_picked":["ClearTheMind+1","CrushJoints","SignatureMove+1","FollowUp"],"picked":"SKIP","floor":28.0},{"not_picked":["ClearTheMind+1","CrushJoints","SignatureMove+1","FollowUp"],"picked":"SKIP","floor":28.0},{"not_picked":["ForeignInfluence","WreathOfFlame","Conclude"],"picked":"EmptyFist","floor":30.0},{"not_picked":["Vengeance","CrushJoints+1","ClearTheMind","FollowUp"],"picked":"SKIP","floor":31.0}],"player_experience":1565912,"relics_obtained":[{"floor":7.0,"key":"TeardropLocket"},{"floor":9.0,"key":"Question Card"},{"floor":10.0,"key":"Bottled Tornado"},{"floor":23.0,"key":"Bottled Flame"},{"floor":26.0,"key":"Nunchaku"}],"event_choices":[{"damage_healed":0.0,"max_hp_gain":0.0,"max_hp_loss":0.0,"gold_gain":0.0,"event_name":"Shining Light","player_choice":"Entered Light","floor":11.0,"gold_loss":0.0,"damage_taken":20.0,"cards_upgraded":["Strike_P","Strike_P"]},{"damage_healed":0.0,"max_hp_gain":0.0,"max_hp_loss":0.0,"gold_gain":0.0,"event_name":"Ghosts","player_choice":"Ignored","floor":19.0,"gold_loss":0.0,"damage_taken":0.0},{"damage_healed":0.0,"max_hp_gain":0.0,"max_hp_loss":0.0,"gold_gain":0.0,"event_name":"The Woman in Blue","player_choice":"Bought 1 Potion","floor":22.0,"gold_loss":0.0,"damage_taken":0.0},{"damage_healed":0.0,"max_hp_gain":0.0,"max_hp_loss":0.0,"gold_gain":250.0,"event_name":"The Joust","player_choice":"Bet on Owner","floor":29.0,"gold_loss":50.0,"damage_taken":0.0}],"is_beta":false,"boss_relics":[{"not_picked":["Sozu","Busted Crown"],"picked":"SacredBark"}],"items_purged_floors":[],"is_endless":false,"potions_floor_spawned":[1,3,7,14,20,21,23,31],"killed_by":"Collector","ascension_level":20}}