{"host":"oehe2dxjvdgux73m","time":1610716616,"event":{"mods":["AchievementEnabler","BaseMod","Colored Map","Colored Powertips","DeckTracker","Keyboard Shortcuts","Minty Spire (QoL Compilation)","Permanent Neow","Quick Restart","StSLib","SuperFastMode"],"gold_per_floor":[109,120,120,68,85,114,127,127,127],"floor_reached":8,"language":"KOR","playtime":283,"items_purged":[],"score":99,"play_id":"22fcbd30-1a53-4e1c-ad74-ea35760c2d75","local_time":"20210115221656","is_ascension_mode":true,"campfire_choices":[],"circlet_count":0,"master_deck":["AscendersBane","Strike_G","Strike_G","Strike_G","Strike_G","Strike_G","Defend_G","Defend_G","Defend_G","Defend_G","Defend_G","Survivor","Neutralize","Dagger Throw","Deadly Poison","Poisoned Stab","Catalyst","Endless Agony","Bouncing Flask"],"relics":["Ring of the Snake","NeowsBlessing","Question Card"],"acts_visited":["Exordium"],"potions_floor_usage":[8],"damage_taken":[{"damage":0.0,"enemies":"2 Louse","floor":1.0,"turns":1.0},{"damage":0.0,"enemies":"Cultist","floor":2.0,"turns":1.0},{"damage":0.0,"enemies":"Jaw Worm","floor":5.0,"turns":1.0},{"damage":29.0,"enemies":"3 Sentries","floor":6.0,"turns":10.0},{"damage":3.0,"enemies":"3 Louse","floor":7.0,"turns":4.0},{"damage":45,"enemies":"Lagavulin","floor":8,"turns":5}],"seed_played":"-1703220737985871617","potions_obtained":[{"floor":1.0,"key":"BlessingOfTheForge"},{"floor":2.0,"key":"PowerPotion"}],"is_trial":false,"path_per_floor":["M","M","?","$","M","E","M","E"],"character_chosen":"THE_SILENT","items_purchased":["Poisoned Stab"],"campfire_rested":0,"item_purchase_floors":[4],"current_hp_per_floor":[59,59,59,59,59,30,27,0,0],"gold":127,"neow_bonus":"THREE_ENEMY_KILL","is_daily":false,"chose_seed":false,"campfire_upgraded":0,"win_rate":0.0,"timestamp":1610716616,"path_taken":["M","M","?","$","M","E","?","E"],"items_purchased_type":["Card"],"build_version":"2020-12-22","purchased_purges":0,"victory":false,"max_hp_per_floor":[66,66,66,66,66,66,66,66,66],"card_choices":[{"not_picked":["Sucker Punch","Slice"],"picked":"Dagger Throw","floor":1.0},{"not_picked":["Expertise","Blade Dance"],"picked":"Deadly Poison","floor":2.0},{"not_picked":["Heel Hook","Tactician"],"picked":"Catalyst","floor":5.0},{"not_picked":["Catalyst","Underhanded Strike"],"picked":"Endless Agony","floor":6.0},{"not_picked":["Catalyst","Deflect","Deadly Poison"],"picked":"Bouncing Flask","floor":7.0}],"player_experience":209152,"relics_obtained":[{"floor":6.0,"key":"Question Card"}],"event_choices":[{"damage_healed":0.0,"max_hp_gain":0.0,"max_hp_loss":0.0,"gold_gain":0.0,"event_name":"Match and Keep!","player_choice":"0 cards matched","floor":3.0,"gold_loss":0.0,"damage_taken":0.0,"cards_obtained":[]}],"is_beta":false,"boss_relics":[],"items_purged_floors":[],"is_endless":false,"potions_floor_spawned":[1,2],"killed_by":"Lagavulin","ascension_level":14}}