{"host":"Bilverbakes","time":1610681721,"event":{"mods":["2.2 Compatiblity","AchievementEnabler","BaseMod","Bestiary","Colored Map","Minty Spire (QoL Compilation)","Relic Stats","StSLib","ojb\u0027s Info Mod"],"gold_per_floor":[114,125,125,137,62,62,78,91,169,84,84,104,123,156,156,228,228,241,260,270,58,58,58,87,100,100,115,147,147,147,90,90,162,162,178,178,203,57,109,138,150,190,277,317,340,371,383,395,407,419,431,431],"floor_reached":51,"language":"ENG","playtime":3338,"items_purged":["Regret","Strike_G"],"score":1600,"play_id":"8acade2a-cb5f-4de3-8bad-23f1988ba75a","local_time":"20210114213521","is_ascension_mode":true,"campfire_choices":[{"data":"Storm of Steel","floor":11.0,"key":"SMITH"},{"data":"Leg Sweep","floor":15.0,"key":"SMITH"},{"data":"Cloak And Dagger","floor":23.0,"key":"SMITH"},{"floor":30.0,"key":"REST"},{"data":"Blade Dance","floor":32.0,"key":"SMITH"},{"floor":41.0,"key":"RECALL"},{"data":"Bullet Time","floor":47.0,"key":"SMITH"},{"floor":49.0,"key":"REST"}],"circlet_count":0,"master_deck":["AscendersBane","Strike_G","Strike_G","Strike_G","Strike_G","Defend_G","Defend_G","Defend_G","Defend_G","Defend_G","Survivor","Neutralize","Backstab","Footwork+1","Deadly Poison","Storm of Steel+1","Blur","Poisoned Stab","Endless Agony","Leg Sweep+1","Die Die Die","Glass Knife+1","Cloak And Dagger+1","Blade Dance+1","Necronomicurse","Backflip+1","Cloak And Dagger+1","Bullet Time+1","Parasite","Acrobatics+1","Dark Shackles"],"relics":["Ring of the Serpent","NeowsBlessing","Dead Branch","Singing Bowl","Blood Vial","Necronomicon","Darkstone Periapt","Bronze Scales","Juzu Bracelet","Cursed Key","Ice Cream","Anchor","Mango","MawBank","MealTicket","Question Card"],"acts_visited":["Exordium","TheCity","TheBeyond"],"potions_floor_usage":[51],"damage_taken":[{"damage":0.0,"enemies":"Cultist","floor":1.0,"turns":1.0},{"damage":0.0,"enemies":"2 Louse","floor":2.0,"turns":1.0},{"damage":0.0,"enemies":"Small Slimes","floor":4.0,"turns":1.0},{"damage":0.0,"enemies":"Exordium Thugs","floor":7.0,"turns":8.0},{"damage":6.0,"enemies":"Lots of Slimes","floor":8.0,"turns":4.0},{"damage":2.0,"enemies":"3 Louse","floor":12.0,"turns":3.0},{"damage":1.0,"enemies":"Looter","floor":13.0,"turns":3.0},{"damage":5.0,"enemies":"Lagavulin","floor":14.0,"turns":7.0},{"damage":30.0,"enemies":"Slime Boss","floor":16.0,"turns":9.0},{"damage":0.0,"enemies":"Shell Parasite","floor":18.0,"turns":4.0},{"damage":0.0,"enemies":"Spheric Guardian","floor":19.0,"turns":1.0},{"damage":0.0,"enemies":"Centurion and Healer","floor":20.0,"turns":6.0},{"damage":8.0,"enemies":"Book of Stabbing","floor":24.0,"turns":5.0},{"damage":0.0,"enemies":"Snake Plant","floor":25.0,"turns":4.0},{"damage":13.0,"enemies":"3 Cultists","floor":27.0,"turns":5.0},{"damage":25.0,"enemies":"Slavers","floor":28.0,"turns":3.0},{"damage":4.0,"enemies":"Colosseum Slavers","floor":29.0,"turns":2.0},{"damage":21.0,"enemies":"Automaton","floor":33.0,"turns":10.0},{"damage":8.0,"enemies":"3 Darklings","floor":35.0,"turns":4.0},{"damage":0.0,"enemies":"Mind Bloom Boss Battle","floor":37.0,"turns":4.0},{"damage":6.0,"enemies":"2 Orb Walkers","floor":39.0,"turns":4.0},{"damage":18.0,"enemies":"Reptomancer","floor":40.0,"turns":6.0},{"damage":0.0,"enemies":"Nemesis","floor":42.0,"turns":3.0},{"damage":10.0,"enemies":"Reptomancer","floor":44.0,"turns":5.0},{"damage":0.0,"enemies":"Orb Walker","floor":45.0,"turns":2.0},{"damage":2.0,"enemies":"Maw","floor":46.0,"turns":5.0},{"damage":26.0,"enemies":"Awakened One","floor":50.0,"turns":12.0},{"damage":74,"enemies":"Time Eater","floor":51,"turns":11}],"seed_played":"5938549896433566019","potions_obtained":[{"floor":2.0,"key":"DistilledChaos"},{"floor":7.0,"key":"SmokeBomb"},{"floor":8.0,"key":"Poison Potion"},{"floor":18.0,"key":"Block Potion"},{"floor":24.0,"key":"Dexterity Potion"},{"floor":27.0,"key":"Swift Potion"},{"floor":28.0,"key":"EssenceOfSteel"},{"floor":40.0,"key":"Strength Potion"},{"floor":46.0,"key":"SteroidPotion"}],"is_trial":false,"path_per_floor":["M","M","?","M","$","?","M","M","T","$","R","M","M","E","R","B",null,"M","M","M","$","?","R","E","M","T","M","E","?","R","$","R","B",null,"M","?","?","?","?","E","R","E","T","E","M","M","R","?","R","B","B"],"character_chosen":"THE_SILENT","items_purchased":["Blur","Cloak And Dagger","Blade Dance","PowerPotion"],"campfire_rested":2,"item_purchase_floors":[10,21,21,31],"current_hp_per_floor":[59,59,59,59,59,59,59,53,53,53,53,51,50,45,45,17,54,58,60,64,64,43,43,37,41,41,32,11,9,31,31,31,14,62,58,58,62,62,72,58,58,60,66,60,62,64,64,58,91,67,0,0],"gold":431,"neow_bonus":"THREE_ENEMY_KILL","is_daily":false,"chose_seed":false,"campfire_upgraded":5,"win_rate":0.0,"timestamp":1610681721,"path_taken":["M","?","?","M","$","?","M","?","T","?","R","M","M","E","R","BOSS","M","M","M","$","?","R","E","M","T","M","E","?","R","$","R","BOSS","M","?","?","?","?","E","R","E","T","E","M","M","R","?","R","BOSS","BOSS"],"items_purchased_type":["Card","Card","Card","Potion"],"build_version":"2020-12-18","purchased_purges":2,"victory":false,"max_hp_per_floor":[66,66,66,66,66,66,66,66,66,66,66,66,66,66,66,66,66,68,68,70,70,70,70,70,72,72,74,76,76,76,76,76,78,78,80,80,82,82,96,98,98,98,104,106,106,108,108,112,112,112,112,112],"relic_stats":{"Darkstone Periapt":6,"Singing Bowl":26,"counters":[28,133],"Dead Branch":[402],"Juzu Bracelet":2,"Cursed Key":1,"MawBank":132,"Question Card":5,"Blood Vial":40,"Bronze Scales":[214],"MealTicket":0,"Necronomicon":[18],"obtain_stats":[{"Darkstone Periapt":24,"Ice Cream":37,"NeowsBlessing":0,"Singing Bowl":9,"Dead Branch":3,"Mango":39,"Juzu Bracelet":28,"Cursed Key":34,"MawBank":40,"Question Card":44,"Blood Vial":14,"Anchor":38,"Bronze Scales":26,"MealTicket":42,"Necronomicon":22,"Ring of the Serpent":17,"Ring of the Snake":0},{"Darkstone Periapt":13,"Ice Cream":20,"NeowsBlessing":0,"Singing Bowl":5,"Dead Branch":2,"Mango":21,"Juzu Bracelet":16,"Cursed Key":18,"MawBank":22,"Question Card":24,"Blood Vial":8,"Anchor":20,"Bronze Scales":14,"MealTicket":23,"Necronomicon":12,"Ring of the Serpent":9,"Ring of the Snake":0},{"Darkstone Periapt":53,"Ice Cream":85,"NeowsBlessing":0,"Singing Bowl":15,"Dead Branch":2,"Mango":89,"Juzu Bracelet":65,"Cursed Key":77,"MawBank":95,"Question Card":103,"Blood Vial":28,"Anchor":85,"Bronze Scales":57,"MealTicket":98,"Necronomicon":48,"Ring of the Serpent":37,"Ring of the Snake":0}]},"card_choices":[{"not_picked":["Dagger Throw","Dodge and Roll"],"picked":"Backstab","floor":1.0},{"not_picked":["Infinite Blades","Reflex","Slice"],"picked":"SKIP","floor":2.0},{"not_picked":["Flechettes","All Out Attack"],"picked":"Footwork","floor":4.0},{"not_picked":["PiercingWail","Backflip"],"picked":"Deadly Poison","floor":7.0},{"not_picked":["Distraction","Terror"],"picked":"Storm of Steel","floor":8.0},{"not_picked":["Quick Slash","Flechettes"],"picked":"Poisoned Stab","floor":12.0},{"not_picked":["Concentrate","Poisoned Stab"],"picked":"Endless Agony","floor":13.0},{"not_picked":["Dash","Underhanded Strike"],"picked":"Leg Sweep","floor":14.0},{"not_picked":["Tools of the Trade","Unload"],"picked":"Die Die Die","floor":16.0},{"not_picked":["Dash","Heel Hook+1","Deadly Poison"],"picked":"Singing Bowl","floor":18.0},{"not_picked":["Cloak And Dagger","Dagger Spray"],"picked":"Glass Knife","floor":19.0},{"not_picked":["Skewer","All Out Attack","Dagger Throw"],"picked":"Singing Bowl","floor":20.0},{"not_picked":["Bane","Deadly Poison"],"picked":"Backflip+1","floor":24.0},{"not_picked":["Slice","Infinite Blades","Accuracy"],"picked":"Singing Bowl","floor":25.0},{"not_picked":["Sucker Punch","Slice","Deadly Poison"],"picked":"Singing Bowl","floor":27.0},{"not_picked":["Dodge and Roll","Infinite Blades","Skewer"],"picked":"Singing Bowl","floor":28.0},{"not_picked":["Glass Knife","Doppelganger","Corpse Explosion"],"picked":"Singing Bowl","floor":33.0},{"not_picked":["Slice","Flying Knee","All Out Attack"],"picked":"Singing Bowl","floor":35.0},{"not_picked":["Noxious Fumes","Slice","Finisher"],"picked":"Singing Bowl","floor":37.0},{"not_picked":["Flying Knee","Infinite Blades"],"picked":"Cloak And Dagger+1","floor":39.0},{"not_picked":["Cloak And Dagger","Deadly Poison","Quick Slash+1"],"picked":"Singing Bowl","floor":40.0},{"not_picked":["Eviscerate+1","Sucker Punch+1"],"picked":"Bullet Time","floor":42.0},{"not_picked":["Accuracy","Setup","Bane"],"picked":"Singing Bowl","floor":44.0},{"not_picked":["Crippling Poison","Concentrate","Cloak And Dagger"],"picked":"Acrobatics+1","floor":45.0},{"not_picked":["Bane","Dagger Throw","Outmaneuver","Dagger Spray"],"picked":"Singing Bowl","floor":46.0},{"not_picked":["Finesse","Madness","Panacea"],"picked":"Dark Shackles","floor":48.0},{"not_picked":["Jack Of All Trades","HandOfGreed","Madness","Chrysalis"],"picked":"Singing Bowl","floor":48.0},{"not_picked":["Impatience","Magnetism","Jack Of All Trades","Forethought"],"picked":"Singing Bowl","floor":48.0}],"player_experience":685586,"relics_obtained":[{"floor":9.0,"key":"Singing Bowl"},{"floor":14.0,"key":"Blood Vial"},{"floor":22.0,"key":"Necronomicon"},{"floor":24.0,"key":"Darkstone Periapt"},{"floor":26.0,"key":"Bronze Scales"},{"floor":28.0,"key":"Juzu Bracelet"},{"floor":37.0,"key":"Ice Cream"},{"floor":39.0,"key":"Mango"},{"floor":40.0,"key":"MawBank"},{"floor":42.0,"key":"MealTicket"},{"floor":44.0,"key":"Question Card"}],"event_choices":[{"damage_healed":0.0,"max_hp_gain":0.0,"max_hp_loss":0.0,"gold_gain":0.0,"event_name":"Big Fish","player_choice":"Box","floor":3.0,"gold_loss":0.0,"damage_taken":0.0,"relics_obtained":["Dead Branch"],"cards_obtained":["Regret"]},{"damage_healed":0.0,"max_hp_gain":0.0,"max_hp_loss":0.0,"gold_gain":0.0,"event_name":"Upgrade Shrine","player_choice":"Upgraded","floor":6.0,"gold_loss":0.0,"damage_taken":0.0,"cards_upgraded":["Footwork"]},{"damage_healed":0.0,"max_hp_gain":0.0,"max_hp_loss":0.0,"gold_gain":0.0,"event_name":"Cursed Tome","player_choice":"Obtained Book","floor":22.0,"gold_loss":0.0,"damage_taken":21.0},{"damage_healed":0.0,"max_hp_gain":0.0,"max_hp_loss":0.0,"gold_gain":0.0,"event_name":"Colosseum","player_choice":"Fight","floor":29.0,"gold_loss":0.0,"damage_taken":0.0},{"damage_healed":0.0,"max_hp_gain":0.0,"max_hp_loss":0.0,"gold_gain":0.0,"event_name":"Colosseum","player_choice":"Fled From Nobs","floor":29.0,"gold_loss":0.0,"damage_taken":0.0},{"damage_healed":0.0,"max_hp_gain":0.0,"max_hp_loss":0.0,"gold_gain":0.0,"event_name":"Upgrade Shrine","player_choice":"Upgraded","floor":36.0,"gold_loss":0.0,"damage_taken":0.0,"cards_upgraded":["Glass Knife"]},{"damage_healed":0.0,"max_hp_gain":0.0,"max_hp_loss":0.0,"gold_gain":0.0,"event_name":"MindBloom","player_choice":"Fight","floor":37.0,"gold_loss":0.0,"damage_taken":0.0},{"damage_healed":0.0,"max_hp_gain":0.0,"max_hp_loss":0.0,"gold_gain":0.0,"event_name":"WeMeetAgain","player_choice":"Paid Gold","floor":38.0,"gold_loss":146.0,"damage_taken":0.0,"relics_obtained":["Anchor"]},{"damage_healed":0.0,"max_hp_gain":0.0,"max_hp_loss":0.0,"gold_gain":0.0,"event_name":"Mysterious Sphere","player_choice":"Fight","floor":39.0,"gold_loss":0.0,"damage_taken":0.0},{"damage_healed":0.0,"max_hp_gain":0.0,"max_hp_loss":0.0,"gold_gain":0.0,"event_name":"SensoryStone","player_choice":"Memory 3","floor":48.0,"gold_loss":0.0,"damage_taken":10.0}],"is_beta":true,"boss_relics":[{"not_picked":["Runic Pyramid","Velvet Choker"],"picked":"Ring of the Serpent"},{"not_picked":["Runic Dome","Astrolabe"],"picked":"Cursed Key"}],"items_purged_floors":[5,21],"is_endless":false,"potions_floor_spawned":[2,7,8,14,18,24,27,28,29,40,46],"killed_by":"Time Eater","ascension_level":20}}