{"host":"mdbnki27vzqujy5q","time":1610696152,"event":{"mods":["BaseMod","Better Note","Better Skull","Colored Map","Colored Powertips","DeckTracker","Highlight Path","Minty Spire (QoL Compilation)","Quick Restart","Rare Cards Sparkle","StSLib"],"gold_per_floor":[113,129,129,149,149,149,39,49,97,108,108,125,160,160,160,260,260,271,271,271,43,43,43,68,68,95,123,133,133,133,48,48,144,144,164,178,178,190,210,235,255,255,309,339,389,12,29,46,46,46,46,46,46,81,81,81],"floor_reached":55,"language":"ENG","playtime":3939,"items_purged":["Shame","Writhe"],"score":802,"play_id":"70703bf7-e726-467b-b9a7-da7515e16e4b","local_time":"20210114233552","is_ascension_mode":true,"campfire_choices":[{"floor":6.0,"key":"REST"},{"data":"Study","floor":11.0,"key":"SMITH"},{"data":"Vigilance","floor":15.0,"key":"SMITH"},{"floor":23.0,"key":"REST"},{"data":"FlurryOfBlows","floor":25.0,"key":"SMITH"},{"floor":32.0,"key":"REST"},{"floor":42.0,"key":"RECALL"},{"floor":49,"key":"REST"},{"data":"Eruption","floor":52,"key":"SMITH"}],"circlet_count":0,"master_deck":["Strike_P+1","Strike_P+1","Strike_P+1","Defend_P+1","Defend_P+1","Eruption+1","Vigilance+1","BowlingBash","Evaluate","FollowUp+1","Study+1","FlurryOfBlows+1","WaveOfTheHand","DeusExMachina+1","Sanctity","Pray","Halt","Crescendo+1","EmptyFist","ThirdEye","SpiritShield","TalkToTheHand+1","Protect+1","BattleHymn+1","Parasite","EmptyBody+1","FlyingSleeves","SashWhip+1","Writhe","Consecrate","EmptyFist","MasterReality","EmptyMind","WheelKick+1","TalkToTheHand+1"],"relics":["PureWater","Toy Ornithopter","White Beast Statue","Boot","Question Card","Cursed Key","Omamori","Necronomicon","Whetstone","Bag of Preparation","Ornamental Fan","Lizard Tail","Letter Opener","Busted Crown","War Paint","Potion Belt","Pocketwatch","GoldenEye","Centennial Puzzle"],"acts_visited":["Exordium","TheCity","TheBeyond","TheEnding"],"potions_floor_usage":[45,48,48,50,50,50,50,55],"damage_taken":[{"damage":3.0,"enemies":"2 Louse","floor":1.0,"turns":2.0},{"damage":9.0,"enemies":"Jaw Worm","floor":2.0,"turns":5.0},{"damage":0.0,"enemies":"Cultist","floor":4.0,"turns":3.0},{"damage":2.0,"enemies":"2 Fungi Beasts","floor":8.0,"turns":3.0},{"damage":14.0,"enemies":"Red Slaver","floor":10.0,"turns":4.0},{"damage":0.0,"enemies":"Exordium Wildlife","floor":12.0,"turns":3.0},{"damage":0.0,"enemies":"Gremlin Nob","floor":13.0,"turns":2.0},{"damage":48.0,"enemies":"The Guardian","floor":16.0,"turns":13.0},{"damage":27.0,"enemies":"3 Byrds","floor":18.0,"turns":5.0},{"damage":13.0,"enemies":"Gremlin Leader","floor":24.0,"turns":5.0},{"damage":35.0,"enemies":"Slavers","floor":27.0,"turns":4.0},{"damage":0.0,"enemies":"2 Thieves","floor":28.0,"turns":2.0},{"damage":12.0,"enemies":"Collector","floor":33.0,"turns":9.0},{"damage":8.0,"enemies":"3 Shapes","floor":35.0,"turns":3.0},{"damage":0.0,"enemies":"3 Darklings","floor":36.0,"turns":5.0},{"damage":0.0,"enemies":"Transient","floor":38.0,"turns":5.0},{"damage":1.0,"enemies":"Writhing Mass","floor":39.0,"turns":5.0},{"damage":33.0,"enemies":"Reptomancer","floor":40.0,"turns":8.0},{"damage":0.0,"enemies":"Maw","floor":41.0,"turns":6.0},{"damage":20,"enemies":"Nemesis","floor":44,"turns":8},{"damage":6,"enemies":"Mind Bloom Boss Battle","floor":45,"turns":6},{"damage":0,"enemies":"Transient","floor":47,"turns":5},{"damage":7,"enemies":"4 Shapes","floor":48,"turns":3},{"damage":73,"enemies":"Donu and Deca","floor":50,"turns":6},{"damage":55,"enemies":"Shield and Spear","floor":54,"turns":6},{"damage":31,"enemies":"The Heart","floor":55,"turns":2}],"seed_played":"-3753695503980544505","potions_obtained":[{"floor":8.0,"key":"Swift Potion"},{"floor":10.0,"key":"AttackPotion"},{"floor":12.0,"key":"EntropicBrew"},{"floor":13.0,"key":"SkillPotion"},{"floor":16.0,"key":"Weak Potion"},{"floor":18.0,"key":"FearPotion"},{"floor":24.0,"key":"BottledMiracle"},{"floor":27.0,"key":"AttackPotion"},{"floor":28.0,"key":"BlessingOfTheForge"},{"floor":33.0,"key":"EntropicBrew"},{"floor":35.0,"key":"EssenceOfSteel"},{"floor":38.0,"key":"EssenceOfSteel"},{"floor":39.0,"key":"StancePotion"},{"floor":40.0,"key":"LiquidMemories"},{"floor":41.0,"key":"Fire Potion"},{"floor":44,"key":"Weak Potion"},{"floor":45,"key":"AttackPotion"},{"floor":47,"key":"SneckoOil"},{"floor":48,"key":"Swift Potion"},{"floor":54,"key":"AttackPotion"}],"is_trial":false,"path_per_floor":["M","M","?","M","?","R","?","M","T","M","R","M","E","?","R","B",null,"M","T","?","$","?","R","E","R","T","E","M","?","T","?","R","B",null,"M","M","?","M","M","E","M","R","T","E","?","$","M","M","R","B",null,"R","$","E","B"],"character_chosen":"WATCHER","items_purchased":["Omamori","MasterReality","EmptyMind","Dexterity Potion"],"campfire_rested":4,"item_purchase_floors":[21,46,46,46],"current_hp_per_floor":[76,67,60,60,35,58,58,56,56,42,42,42,47,47,47,34,79,52,52,52,52,36,59,46,46,46,21,26,26,26,26,49,42,79,71,71,71,79,78,46,46,46,46,26,25,25,25,28,51,39,79,79,79,24,0,0],"gold":81,"neow_bonus":"TEN_PERCENT_HP_BONUS","is_daily":false,"chose_seed":false,"campfire_upgraded":4,"win_rate":0.0,"timestamp":1610696152,"path_taken":["M","M","?","M","?","R","?","?","T","M","R","M","E","?","R","BOSS","M","?","?","$","?","R","E","R","T","E","M","?","?","?","R","BOSS","M","M","?","M","M","E","M","R","T","E","?","$","M","M","R","BOSS","R","$","E","BOSS"],"items_purchased_type":["Relic","Card","Card","Potion"],"build_version":"2020-12-22","purchased_purges":2,"victory":false,"max_hp_per_floor":[79,79,79,79,79,79,79,79,79,79,79,79,79,79,79,79,79,79,79,79,79,79,79,79,79,79,79,79,79,79,79,79,79,79,79,79,79,79,79,79,79,79,79,79,79,79,79,79,79,79,79,79,79,79,79,79],"card_choices":[{"not_picked":["Prostrate","ThirdEye"],"picked":"BowlingBash","floor":1.0},{"not_picked":["BattleHymn","SignatureMove"],"picked":"Evaluate","floor":2.0},{"not_picked":["CutThroughFate","EmptyBody"],"picked":"FollowUp","floor":4.0},{"not_picked":["BowlingBash","FlyingSleeves"],"picked":"Study","floor":8.0},{"not_picked":["ThirdEye","Brilliance"],"picked":"FlurryOfBlows","floor":10.0},{"not_picked":["PathToVictory","Prostrate"],"picked":"EmptyBody","floor":12.0},{"not_picked":["EmptyMind","Tantrum"],"picked":"WaveOfTheHand","floor":13.0},{"not_picked":["Vault","Alpha","Blasphemy"],"picked":"DeusExMachina","floor":16.0},{"not_picked":["FlyingSleeves","JustLucky","CrushJoints+1"],"picked":"Sanctity","floor":18.0},{"not_picked":["CutThroughFate","Omniscience","Nirvana+1"],"picked":"Crescendo+1","floor":24.0},{"not_picked":["Conclude","DevaForm","Evaluate"],"picked":"EmptyFist","floor":27.0},{"not_picked":["Prostrate+1","WindmillStrike","FlurryOfBlows"],"picked":"ThirdEye","floor":28.0},{"not_picked":["Wish","DevaForm","Scrawl"],"picked":"SpiritShield","floor":33.0},{"not_picked":["SashWhip"],"picked":"TalkToTheHand+1","floor":35.0},{"not_picked":["Evaluate+1"],"picked":"Protect+1","floor":36.0},{"not_picked":["FlurryOfBlows+1"],"picked":"BattleHymn+1","floor":38.0},{"not_picked":["ForeignInfluence"],"picked":"EmptyBody","floor":39.0},{"not_picked":["Halt"],"picked":"FlyingSleeves","floor":40.0},{"not_picked":["Swivel"],"picked":"SashWhip+1","floor":41.0},{"not_picked":["LessonLearned"],"picked":"Consecrate","floor":44},{"not_picked":["ThirdEye"],"picked":"EmptyFist","floor":45},{"not_picked":["InnerPeace"],"picked":"WheelKick+1","floor":47},{"not_picked":["WheelKick+1","FearNoEvil+1"],"picked":"SKIP","floor":48},{"not_picked":["Conclude+1"],"picked":"TalkToTheHand+1","floor":54}],"player_experience":87808,"relics_obtained":[{"floor":9.0,"key":"Boot"},{"floor":13.0,"key":"Question Card"},{"floor":22.0,"key":"Necronomicon"},{"floor":24.0,"key":"Whetstone"},{"floor":26.0,"key":"Bag of Preparation"},{"floor":27.0,"key":"Ornamental Fan"},{"floor":30.0,"key":"Lizard Tail"},{"floor":40.0,"key":"War Paint"},{"floor":43.0,"key":"Potion Belt"},{"floor":44,"key":"Pocketwatch"},{"floor":45,"key":"GoldenEye"},{"floor":54,"key":"Centennial Puzzle"}],"event_choices":[{"cards_removed":["Defend_P"],"damage_healed":0.0,"max_hp_gain":0.0,"max_hp_loss":0.0,"gold_gain":0.0,"event_name":"Golden Wing","player_choice":"Card Removal","floor":3.0,"gold_loss":0.0,"damage_taken":7.0},{"damage_healed":0.0,"max_hp_gain":0.0,"max_hp_loss":0.0,"gold_gain":0.0,"event_name":"Scrap Ooze","player_choice":"Success","floor":5.0,"gold_loss":0.0,"damage_taken":25.0,"relics_obtained":["Toy Ornithopter"]},{"damage_healed":0.0,"max_hp_gain":0.0,"max_hp_loss":0.0,"gold_gain":0.0,"event_name":"WeMeetAgain","player_choice":"Paid Gold","floor":7.0,"gold_loss":110.0,"damage_taken":0.0,"relics_obtained":["White Beast Statue"]},{"cards_removed":["Study"],"damage_healed":0.0,"max_hp_gain":0.0,"max_hp_loss":0.0,"gold_gain":0.0,"event_name":"betterNote:BetterNote","player_choice":"Give","floor":14.0,"gold_loss":0.0,"damage_taken":0.0,"cards_obtained":["LessonLearned"]},{"damage_healed":0.0,"max_hp_gain":0.0,"max_hp_loss":0.0,"gold_gain":0.0,"cards_transformed":["Strike_P","Defend_P"],"event_name":"Drug Dealer","player_choice":"Became Test Subject","floor":20.0,"gold_loss":0.0,"damage_taken":0.0,"cards_obtained":["Pray","Halt"]},{"damage_healed":0.0,"max_hp_gain":0.0,"max_hp_loss":0.0,"gold_gain":0.0,"event_name":"Cursed Tome","player_choice":"Obtained Book","floor":22.0,"gold_loss":0.0,"damage_taken":16.0},{"damage_healed":0.0,"max_hp_gain":0.0,"max_hp_loss":0.0,"gold_gain":0.0,"event_name":"Back to Basics","player_choice":"Simplicity","floor":29.0,"gold_loss":0.0,"damage_taken":0.0,"cards_upgraded":["Strike_P","Strike_P","Defend_P","Defend_P"]},{"damage_healed":0.0,"max_hp_gain":0.0,"max_hp_loss":0.0,"gold_gain":0.0,"event_name":"Addict","player_choice":"Obtained Relic","floor":31.0,"gold_loss":85.0,"damage_taken":0.0,"relics_obtained":["Letter Opener"]},{"cards_removed":["EmptyBody"],"damage_healed":0.0,"max_hp_gain":0.0,"max_hp_loss":0.0,"gold_gain":0.0,"event_name":"Falling","player_choice":"Removed Skill","floor":37.0,"gold_loss":0.0,"damage_taken":0.0},{"damage_healed":0,"gold_gain":0,"player_choice":"Fight","damage_taken":0,"max_hp_gain":0,"max_hp_loss":0,"event_name":"MindBloom","floor":45,"gold_loss":0}],"is_beta":false,"boss_relics":[{"not_picked":["Astrolabe","Runic Dome"],"picked":"Cursed Key"},{"not_picked":["Velvet Choker","Coffee Dripper"],"picked":"Busted Crown"}],"items_purged_floors":[21,46],"is_endless":false,"potions_floor_spawned":[8,10,12,13,16,18,24,27,28,33,35,36,38,39,40,41,44,45,47,48,54],"killed_by":"The Heart","ascension_level":1}}