{"host":"esx1hwjnbftf3eqj","time":1610747083,"event":{"mods":["AchievementEnabler","BaseMod","Colored Map","Minty Spire (QoL Compilation)","StSLib","The Jungle"],"gold_per_floor":[118,293,63,63,80,115,132,132,132,132,132,158,171,71,71,168,168,180,180,196,121,37,37,37],"floor_reached":23,"language":"ENG","playtime":695,"items_purged":["Doubt","Strike_R"],"score":197,"play_id":"12632ccd-819f-47f7-bb13-b24f3d0192d1","local_time":"20210115134443","is_ascension_mode":false,"campfire_choices":[{"data":"Bash","floor":8.0,"key":"SMITH"},{"data":"Defend_R","floor":11.0,"key":"SMITH"},{"floor":15.0,"key":"REST"}],"circlet_count":0,"master_deck":["Strike_R","Strike_R","Defend_R+1","Defend_R","Defend_R","Defend_R","Bash+1","Immolate+1","Finesse"],"relics":["Burning Blood","Bag of Preparation","Charon\u0027s Ashes","Letter Opener","Ornamental Fan","SlaversCollar","Nilry\u0027s Codex"],"acts_visited":["Exordium","TheCity"],"potions_floor_usage":[23],"damage_taken":[{"damage":0.0,"enemies":"Cultist","floor":1.0,"turns":2.0},{"damage":0.0,"enemies":"Small Slimes","floor":5.0,"turns":2.0},{"damage":7.0,"enemies":"3 Sentries","floor":6.0,"turns":3.0},{"damage":6.0,"enemies":"Jaw Worm","floor":7.0,"turns":2.0},{"damage":32.0,"enemies":"Lagavulin","floor":12.0,"turns":6.0},{"damage":1.0,"enemies":"3 Louse","floor":13.0,"turns":2.0},{"damage":63.0,"enemies":"Hexaghost","floor":16.0,"turns":9.0},{"damage":11.0,"enemies":"3 Byrds","floor":18.0,"turns":4.0},{"damage":40.0,"enemies":"Shell Parasite","floor":20.0,"turns":7.0},{"damage":29,"enemies":"Book of Stabbing","floor":23,"turns":3}],"seed_played":"8073772236836342360","potions_obtained":[{"floor":6.0,"key":"SteroidPotion"},{"floor":7.0,"key":"Fire Potion"},{"floor":20.0,"key":"SpeedPotion"}],"is_trial":false,"path_per_floor":["M","?","$","?","M","E","M","R","T","?","R","E","M","$","R","B",null,"M","?","M","?","$","E"],"character_chosen":"IRONCLAD","items_purchased":["Bag of Preparation","Finesse"],"campfire_rested":1,"item_purchase_floors":[3,22],"current_hp_per_floor":[80,80,80,80,80,79,79,79,79,79,79,53,58,58,80,23,80,75,59,25,25,25,0,0],"gold":37,"neow_bonus":"ONE_RANDOM_RARE_CARD","is_daily":false,"chose_seed":false,"campfire_upgraded":2,"win_rate":0.0,"timestamp":1610747083,"path_taken":["M","?","$","?","?","E","M","R","T","?","R","E","M","?","R","BOSS","M","?","M","?","$","E"],"items_purchased_type":["Relic","Card"],"build_version":"2020-12-22","purchased_purges":2,"victory":false,"max_hp_per_floor":[80,80,80,80,80,80,80,80,80,80,80,80,80,80,80,80,80,80,80,80,80,80,80,80],"card_choices":[{"not_picked":["Anger","Twin Strike","Infernal Blade"],"picked":"SKIP","floor":1.0},{"not_picked":["Heavy Blade","Flame Barrier","Iron Wave"],"picked":"SKIP","floor":5.0},{"not_picked":["Evolve","Rage","Thunderclap"],"picked":"SKIP","floor":6.0},{"not_picked":["Clothesline","True Grit","Pommel Strike"],"picked":"SKIP","floor":7.0},{"not_picked":["Flex","Hemokinesis","True Grit"],"picked":"SKIP","floor":12.0},{"not_picked":["Corruption","Intimidate","Flame Barrier"],"picked":"SKIP","floor":13.0},{"not_picked":["Combust+1","Headbutt","Havoc"],"picked":"SKIP","floor":18.0},{"not_picked":["Twin Strike","Reckless Charge","Headbutt"],"picked":"SKIP","floor":20.0}],"player_experience":743166,"relics_obtained":[{"floor":6.0,"key":"Charon\u0027s Ashes"},{"floor":9.0,"key":"Letter Opener"},{"floor":12.0,"key":"Ornamental Fan"},{"floor":19.0,"key":"Nilry\u0027s Codex"}],"event_choices":[{"damage_healed":0.0,"max_hp_gain":0.0,"max_hp_loss":0.0,"gold_gain":175.0,"event_name":"Liars Game","player_choice":"AGREE","floor":2.0,"gold_loss":0.0,"damage_taken":0.0,"cards_obtained":["Doubt"]},{"damage_healed":0.0,"max_hp_gain":0.0,"max_hp_loss":0.0,"gold_gain":0.0,"event_name":"Upgrade Shrine","player_choice":"Upgraded","floor":4.0,"gold_loss":0.0,"damage_taken":0.0,"cards_upgraded":["Immolate"]},{"cards_removed":["Strike_R"],"damage_healed":0.0,"max_hp_gain":0.0,"max_hp_loss":0.0,"gold_gain":0.0,"event_name":"Living Wall","player_choice":"Forget","floor":10.0,"gold_loss":0.0,"damage_taken":0.0},{"damage_healed":0.0,"max_hp_gain":0.0,"max_hp_loss":0.0,"gold_gain":0.0,"event_name":"Cursed Tome","player_choice":"Obtained Book","floor":19.0,"gold_loss":0.0,"damage_taken":16.0},{"cards_removed":["Strike_R"],"damage_healed":0.0,"max_hp_gain":0.0,"max_hp_loss":0.0,"gold_gain":0.0,"event_name":"Beggar","player_choice":"Gave Gold","floor":21.0,"gold_loss":75.0,"damage_taken":0.0}],"is_beta":false,"boss_relics":[{"not_picked":["Fusion Hammer","Philosopher\u0027s Stone"],"picked":"SlaversCollar"}],"items_purged_floors":[3,14],"is_endless":false,"potions_floor_spawned":[6,7,20],"killed_by":"Book of Stabbing","ascension_level":0}}