{"host":"y193d0agu1dp5x1y","time":1610679544,"event":{"mods":["AchievementEnabler","BaseMod","Googly Eyes","Minty Spire (QoL Compilation)"],"gold_per_floor":[119,119,119,44,64,64,64,64,91,91,114,114,79,379,379,507,507,493,509,489,503,526,540,540,540],"floor_reached":24,"language":"ENG","playtime":1485,"items_purged":["Strike_B"],"score":186,"play_id":"fa3e96b6-a565-4351-ba3f-e075a3f7d938","local_time":"20210114205904","is_ascension_mode":false,"campfire_choices":[{"data":"Zap","floor":6,"key":"SMITH"},{"data":"Gash","floor":10,"key":"SMITH"},{"data":"Conserve Battery","floor":12,"key":"SMITH"},{"floor":15,"key":"REST"}],"circlet_count":0,"master_deck":["Strike_B","Strike_B","Strike_B+1","Defend_B","Defend_B+1","Defend_B","Defend_B","Zap+1","BootSequence","Gash+1","Injury","Conserve Battery+1","Seek","Ball Lightning+1","FTL","Defragment","FTL+1"],"relics":["Cracked Core","NeowsBlessing","Golden Idol","Anchor","Old Coin","SacredBark"],"acts_visited":["Exordium","TheCity"],"potions_floor_usage":[16,21,23,23],"damage_taken":[{"damage":0,"enemies":"Cultist","floor":1,"turns":1},{"damage":0,"enemies":"2 Louse","floor":5,"turns":1},{"damage":0,"enemies":"Jaw Worm","floor":11,"turns":1},{"damage":50,"enemies":"The Guardian","floor":16,"turns":13},{"damage":10,"enemies":"2 Thieves","floor":18,"turns":4},{"damage":22,"enemies":"3 Byrds","floor":19,"turns":6},{"damage":5,"enemies":"Centurion and Healer","floor":21,"turns":8},{"damage":31,"enemies":"Snake Plant","floor":22,"turns":6},{"damage":0,"enemies":"Chosen and Byrds","floor":23,"turns":5},{"damage":12,"enemies":"Slavers","floor":24,"turns":2}],"seed_played":"-6352611520235320548","potions_obtained":[{"floor":1,"key":"FocusPotion"},{"floor":19,"key":"DistilledChaos"},{"floor":20,"key":"SmokeBomb"},{"floor":21,"key":"LiquidBronze"},{"floor":22,"key":"Ancient Potion"}],"is_trial":false,"path_per_floor":["M","?","?","$","M","R","$","?","T","R","M","R","?","?","R","B",null,"M","M","?","M","M","M","E"],"character_chosen":"DEFECT","items_purchased":[],"campfire_rested":1,"item_purchase_floors":[],"current_hp_per_floor":[75,60,53,53,53,53,53,53,53,53,53,53,71,59,75,25,75,65,43,43,38,7,7,0,0],"gold":540,"neow_bonus":"THREE_ENEMY_KILL","is_daily":false,"chose_seed":false,"campfire_upgraded":3,"win_rate":0.0,"timestamp":1610679544,"path_taken":["M","?","?","$","?","R","?","?","T","R","?","R","?","?","R","BOSS","M","M","?","M","?","M","E"],"items_purchased_type":[],"build_version":"2020-12-22","purchased_purges":1,"victory":false,"max_hp_per_floor":[75,75,75,75,75,75,75,75,75,75,75,75,75,75,75,75,75,75,75,75,75,75,75,75,75],"card_choices":[{"not_picked":["Auto Shields","Chill"],"picked":"BootSequence","floor":1},{"not_picked":["Compile Driver","Cold Snap"],"picked":"Gash","floor":5},{"not_picked":["Rebound","BootSequence"],"picked":"Conserve Battery","floor":11},{"not_picked":["Thunder Strike","Core Surge"],"picked":"Seek","floor":16},{"not_picked":["Ball Lightning","Coolheaded","Sweeping Beam"],"picked":"SKIP","floor":18},{"not_picked":["Conserve Battery","Static Discharge"],"picked":"Ball Lightning+1","floor":19},{"not_picked":["Barrage","Cold Snap"],"picked":"FTL","floor":21},{"not_picked":["Stack","Blizzard"],"picked":"Defragment","floor":22},{"not_picked":["Tempest+1","Core Surge"],"picked":"FTL+1","floor":23}],"player_experience":87914,"relics_obtained":[{"floor":9,"key":"Anchor"}],"event_choices":[{"damage_healed":0,"gold_gain":0,"player_choice":"Entered Light","damage_taken":15,"max_hp_gain":0,"max_hp_loss":0,"event_name":"Shining Light","floor":2,"gold_loss":0,"cards_upgraded":["Defend_B","Strike_B"]},{"cards_removed":["Dualcast"],"damage_healed":0,"gold_gain":0,"player_choice":"Card Removal","damage_taken":7,"max_hp_gain":0,"max_hp_loss":0,"event_name":"Golden Wing","floor":3,"gold_loss":0},{"damage_healed":0,"gold_gain":0,"player_choice":"Take Wound","damage_taken":0,"relics_obtained":["Golden Idol"],"max_hp_gain":0,"max_hp_loss":0,"event_name":"Golden Idol","floor":8,"gold_loss":0,"cards_obtained":["Injury"]},{"damage_healed":18,"gold_gain":0,"player_choice":"Healed","damage_taken":0,"max_hp_gain":0,"max_hp_loss":0,"event_name":"The Cleric","floor":13,"gold_loss":35},{"damage_healed":0,"gold_gain":0,"player_choice":"Success","damage_taken":12,"relics_obtained":["Old Coin"],"max_hp_gain":0,"max_hp_loss":0,"event_name":"Scrap Ooze","floor":14,"gold_loss":0},{"damage_healed":0,"gold_gain":0,"player_choice":"Bought 1 Potion","damage_taken":0,"max_hp_gain":0,"max_hp_loss":0,"event_name":"The Woman in Blue","floor":20,"gold_loss":0}],"is_beta":false,"boss_relics":[{"not_picked":["Sozu","Velvet Choker"],"picked":"SacredBark"}],"items_purged_floors":[4],"is_endless":false,"potions_floor_spawned":[1,19,21,22],"killed_by":"Slavers","ascension_level":0}}