{"host":"x7btokbb0w2jhl7e","time":1610714057,"event":{"mods":["ATMod(°¢èªMod)","Act Like it!","BaseMod","Gensokyo","Minty Spire (QoL Compilation)","Quick Restart","StSLib"],"gold_per_floor":[115,115,130,149,149,149,149,177,255,1,1,11,28,28,28,102,102,144,144,144,158,158,188,188,217,217,217,246,246,265,282,282,360,360,372,372,372,372,218,250,267,19,73,73,293,193,221,221,221,246,246,246,246,43,74,74],"floor_reached":57,"language":"ZHS","playtime":2507,"items_purged":["Strike_P","FlurryOfBlows","Strike_P"],"score":3223,"play_id":"f51c04eb-8565-4767-8031-1b12cab6f146","local_time":"20210115203417","is_ascension_mode":true,"campfire_choices":[{"data":"Eruption","floor":6.0,"key":"SMITH"},{"data":"TalkToTheHand","floor":15.0,"key":"SMITH"},{"data":"Tantrum","floor":24.0,"key":"SMITH"},{"data":"Scrawl","floor":27.0,"key":"SMITH"},{"data":"InnerPeace","floor":32.0,"key":"SMITH"},{"floor":44.0,"key":"RECALL"},{"data":"Adaptation","floor":49.0,"key":"SMITH"},{"data":"FlurryOfBlows","floor":53.0,"key":"SMITH"}],"circlet_count":0,"master_deck":["AscendersBane","Defend_P+1","Eruption+1","Vigilance+1","AT_FamilyPortrait","FlurryOfBlows+1","Tantrum+1","TalkToTheHand+1","InnerPeace+1","Scrawl+1","Gensokyo:AllTheWorldsEvil","Adaptation+1","Adaptation"],"relics":["AT_ATBox","VioletLotus","Gensokyo:YoukaiFlower","AT_BladeRuinedKing","AT_DeathDance","TheAbacus","Sozu","Bronze Scales","Pear","Sundial","Lantern","SlaversCollar","Gensokyo:TheCrow","Bag of Preparation","AT_SunfireAegis","Lee\u0027s Waffle","Ancient Tea Set","AT_RabadonDeathcap","War Paint","AT_GuinsooRageblade","AT_SilvercatRing"],"acts_visited":["Gensokyo:Gensokyo","Gensokyo:Gensokyoer","Gensokyo:Gensokyoest","TheEnding"],"potions_floor_usage":[56],"damage_taken":[{"damage":0.0,"enemies":"Gensokyo:2_Kodama","floor":1.0,"turns":3.0},{"damage":1.0,"enemies":"Gensokyo:3_Fairies","floor":3.0,"turns":4.0},{"damage":0.0,"enemies":"Gensokyo:Python","floor":4.0,"turns":2.0},{"damage":0.0,"enemies":"Gensokyo:Mamizou","floor":8.0,"turns":6.0},{"damage":0.0,"enemies":"Gensokyo:2_Rabbits","floor":12.0,"turns":2.0},{"damage":0.0,"enemies":"Gensokyo:Gryphon_and_Rabbit","floor":13.0,"turns":3.0},{"damage":0.0,"enemies":"Gensokyo:Reimu","floor":16.0,"turns":3.0},{"damage":0.0,"enemies":"Gensokyo:3_Dogs","floor":18.0,"turns":2.0},{"damage":0.0,"enemies":"Gensokyo:Chomper","floor":21.0,"turns":2.0},{"damage":11.0,"enemies":"Gensokyo:Tenshi","floor":23.0,"turns":2.0},{"damage":0.0,"enemies":"Gensokyo:Reisen","floor":25.0,"turns":1.0},{"damage":13.0,"enemies":"Gensokyo:Tenshi","floor":28.0,"turns":3.0},{"damage":0.0,"enemies":"Gensokyo:3_Gloops","floor":30.0,"turns":1.0},{"damage":0.0,"enemies":"Gensokyo:Chomper_and_Gloop","floor":31.0,"turns":2.0},{"damage":0.0,"enemies":"Gensokyo:Eternal_Rivals","floor":33.0,"turns":4.0},{"damage":12.0,"enemies":"Gensokyo:3_Bats","floor":35.0,"turns":2.0},{"damage":30.0,"enemies":"Gensokyo:Kasen","floor":40.0,"turns":3.0},{"damage":0.0,"enemies":"Gensokyo:AncientGuardian","floor":41.0,"turns":2.0},{"damage":0.0,"enemies":"Gensokyo:Rafflesia","floor":45.0,"turns":1.0},{"damage":0.0,"enemies":"Gensokyo:Doremy","floor":47.0,"turns":2.0},{"damage":6.0,"enemies":"Gensokyo:Yuyuko","floor":50.0,"turns":5.0},{"damage":0.0,"enemies":"Gensokyo:Scarlet_Devils","floor":51.0,"turns":2.0},{"damage":0.0,"enemies":"Shield and Spear","floor":55.0,"turns":1.0},{"damage":10,"enemies":"The Heart","floor":56,"turns":4}],"seed_played":"-9156456732303187626","potions_obtained":[{"floor":1.0,"key":"PowerPotion"},{"floor":4.0,"key":"BottledMiracle"}],"is_trial":false,"path_per_floor":["M","?","M","M","?","R","?","E","T","$","?","M","M","?","R","B",null,"M","?","?","M","?","E","R","E","T","R","E","?","M","M","R","B",null,"M","?","?","?","COS","E","M","$","T","R","M","$","E","?","R","B","B",null,"R","$","E","B",null],"character_chosen":"WATCHER","items_purchased":["Tantrum","TheAbacus","Lee\u0027s Waffle","Adaptation"],"campfire_rested":0,"item_purchase_floors":[10,10,42,54],"current_hp_per_floor":[61,61,60,60,26,26,26,26,26,26,26,26,26,26,26,26,58,58,58,58,58,58,57,57,57,57,57,44,44,44,44,44,44,65,53,53,53,53,53,23,23,79,79,79,79,79,79,67,67,67,67,76,76,76,76,66],"gold":74,"neow_bonus":"BOSS_RELIC","is_daily":false,"chose_seed":false,"campfire_upgraded":7,"win_rate":0.0,"timestamp":1610714057,"path_taken":["M","?","M","M","?","R","?","E","T","?","?","M","?","?","R","BOSS","M","?","?","M","?","E","R","E","T","R","E","?","?","M","R","BOSS","M","?","?","?","COS","E","?","$","T","R","M","?","E","?","R","BOSS","BOSS","R","$","E","BOSS"],"items_purchased_type":["Card","Relic","Relic","Card"],"build_version":"2020-12-22","purchased_purges":3,"victory":true,"max_hp_per_floor":[68,68,68,68,68,68,68,68,68,68,68,68,68,68,68,68,68,68,68,68,68,62,72,72,72,72,72,72,72,72,72,72,72,72,72,72,72,72,72,72,72,79,79,79,79,79,79,79,79,79,79,79,79,79,79,79],"card_choices":[{"not_picked":["FlyingSleeves","SignatureMove","Pray"],"picked":"SKIP","floor":1.0},{"not_picked":["Consecrate","JustLucky"],"picked":"WheelKick","floor":3.0},{"not_picked":["Protect","EmptyFist"],"picked":"FlurryOfBlows","floor":4.0},{"not_picked":["ThirdEye","WaveOfTheHand"],"picked":"FlurryOfBlows","floor":8.0},{"not_picked":["Pray","Consecrate"],"picked":"TalkToTheHand","floor":11.0},{"not_picked":["JustLucky","PathToVictory","EmptyBody"],"picked":"SKIP","floor":12.0},{"not_picked":["AT_OneInchPunch","Omniscience"],"picked":"InnerPeace","floor":13.0},{"not_picked":["Judgement","Devotion"],"picked":"Scrawl","floor":16.0},{"not_picked":["CrushJoints","BowlingBash+1","Evaluate"],"picked":"SKIP","floor":18.0},{"not_picked":["Protect+1","Indignation+1","Prostrate"],"picked":"SKIP","floor":21.0},{"not_picked":["WaveOfTheHand","MasterReality","JustLucky"],"picked":"SKIP","floor":23.0},{"not_picked":["PathToVictory","BattleHymn+1","ForeignInfluence"],"picked":"SKIP","floor":25.0},{"not_picked":["AT_DivineConfetti","SignatureMove","CrushJoints+1"],"picked":"SKIP","floor":28.0},{"not_picked":["Indignation","EmptyFist","Weave"],"picked":"SKIP","floor":30.0},{"not_picked":["SashWhip+1","Prostrate","Consecrate"],"picked":"SKIP","floor":31.0},{"not_picked":["Prostrate","CutThroughFate","WreathOfFlame+1"],"picked":"SKIP","floor":35.0},{"not_picked":["FollowUp+1","Wallop","AT_ChampionStep+1"],"picked":"SKIP","floor":40.0},{"not_picked":["JustLucky","SashWhip+1","FollowUp+1"],"picked":"SKIP","floor":41.0},{"not_picked":["Fasting2+1","CutThroughFate"],"picked":"Adaptation","floor":45.0},{"not_picked":["CrushJoints","Protect","Brilliance"],"picked":"SKIP","floor":47.0},{"not_picked":["FlurryOfBlows","SashWhip","DeceiveReality"],"picked":"SKIP","floor":55.0}],"player_experience":228488,"relics_obtained":[{"floor":8.0,"key":"AT_BladeRuinedKing"},{"floor":9.0,"key":"AT_DeathDance"},{"floor":23.0,"key":"Pear"},{"floor":25.0,"key":"Sundial"},{"floor":28.0,"key":"Lantern"},{"floor":40.0,"key":"Bag of Preparation"},{"floor":43.0,"key":"Ancient Tea Set"},{"floor":47.0,"key":"War Paint"},{"floor":55.0,"key":"AT_SilvercatRing"}],"event_choices":[],"is_beta":false,"boss_relics":[{"not_picked":["Snecko Eye","Runic Dome"],"picked":"Sozu"},{"not_picked":["Black Star","AT_MortalBlade"],"picked":"SlaversCollar"}],"items_purged_floors":[42,46,54],"is_endless":false,"potions_floor_spawned":[1,4,21,28,30,33,41],"ascension_level":20}}