{"host":"fc97bmrl7qvj4ruk","time":1610745673,"event":{"mods":["AchievementEnabler","BaseMod","Colored Map","Downfall","Minty Spire (QoL Compilation)","Replay The Spire","StSLib"],"gold_per_floor":[117,131,146,113,43,78,78,116,116,116,159,159,159,176,176,184,184],"floor_reached":16,"language":"ZHS","playtime":922,"items_purged":[],"score":142,"play_id":"8d441cd3-2970-4752-bedb-47d050f8d0ba","local_time":"20210115172113","is_ascension_mode":true,"campfire_choices":[{"floor":7,"key":"REST"},{"floor":10,"key":"REST"},{"floor":13,"key":"REST"},{"data":"Double Energy","floor":15,"key":"SMITH"}],"circlet_count":0,"master_deck":["Strike_B","Strike_B","Strike_B","Strike_B","Defend_B","Defend_B","Defend_B","Defend_B","Zap","Dualcast","Gash","Defragment","Hologram","Static Discharge","Defragment","Cold Snap","Self Repair","Amplify+1","Double Energy+1"],"relics":["Nuclear Battery","Replay:Bandana","Pocketwatch","Replay:Ringing Soul","The Courier"],"acts_visited":["Exordium"],"potions_floor_usage":[6],"damage_taken":[{"damage":1,"enemies":"Cultist","floor":1,"turns":4},{"damage":7,"enemies":"2 Louse","floor":2,"turns":3},{"damage":0,"enemies":"Small Slimes","floor":3,"turns":3},{"damage":57,"enemies":"Gremlin Nob","floor":6,"turns":5},{"damage":17,"enemies":"3 Sentries","floor":8,"turns":6},{"damage":15,"enemies":"Replay:BlueRogue","floor":11,"turns":6},{"damage":33,"enemies":"Gremlin Gang","floor":14,"turns":5},{"damage":42,"enemies":"Fading Forest","floor":16,"turns":7}],"seed_played":"7306345450471782127","potions_obtained":[{"floor":1,"key":"SpeedPotion"},{"floor":2,"key":"Venom Potion"}],"is_trial":false,"path_per_floor":["M","M","M","$","$","E","R","E","T","R","E","?","R","M","R_BF","B"],"character_chosen":"DEFECT","items_purchased":["Static Discharge","Defragment"],"campfire_rested":3,"item_purchase_floors":[4,5],"current_hp_per_floor":[74,67,67,67,67,10,32,15,15,37,25,25,48,32,32,0,0],"gold":184,"neow_bonus":"BOSS_RELIC","is_daily":false,"chose_seed":false,"campfire_upgraded":1,"win_rate":0.0,"timestamp":1610745673,"path_taken":["M","M","M","?","$","E","R","E","T","R","E","?","R","?","R_BF","BOSS"],"items_purchased_type":["Card","Card"],"build_version":"2020-12-22","purchased_purges":0,"victory":false,"max_hp_per_floor":[75,75,75,75,75,75,75,75,75,75,78,78,78,81,81,81,81],"card_choices":[{"not_picked":["Melter","Leap"],"picked":"Gash","floor":1},{"not_picked":["Coolheaded","Steam Power"],"picked":"Defragment","floor":2},{"not_picked":["Steam","Skim"],"picked":"Hologram","floor":3},{"not_picked":["Panic Button","Steam"],"picked":"Cold Snap","floor":6},{"not_picked":["Ball Lightning","ReplaySolidLightProjector"],"picked":"Self Repair","floor":8},{"not_picked":["Conserve Battery","Go for the Eyes"],"picked":"Amplify","floor":11},{"not_picked":["Stack","Skim"],"picked":"Double Energy","floor":14}],"player_experience":183736,"relics_obtained":[{"floor":6,"key":"Replay:Bandana"},{"floor":8,"key":"Pocketwatch"},{"floor":9,"key":"Replay:Ringing Soul"},{"floor":11,"key":"The Courier"}],"event_choices":[{"damage_healed":0,"gold_gain":0,"player_choice":"Forge","damage_taken":0,"max_hp_gain":0,"max_hp_loss":0,"event_name":"Accursed Blacksmith","floor":12,"gold_loss":0,"cards_upgraded":["Amplify"]}],"is_beta":false,"boss_relics":[],"items_purged_floors":[],"is_endless":false,"potions_floor_spawned":[1,2],"killed_by":"Fading Forest","ascension_level":4}}