{"host":"ywbsnexmk111etbw","time":1610729906,"event":{"mods":["100% Spire Juice","Act Like it!","Arknights The Spire","BaseMod","Beaked The Cultist","Colored Powertips","Curses Come First","Downfall","Fireblade Mod","Hubris","Infinite Spire","Marisa????????","Minty Spire (QoL Compilation)","Pale of the Ancients","Permanent Neow","Replay The Spire","Robot Space Explorer","StSLib","The Blackbeard","The Bladedancer","The Cursed","The Dragon Tamer","The Marked","The Mystic","The Necromancer","The Saiyan","Wandering Minibosses"],"gold_per_floor":[109,109,109,109,109,147,147,186,259,283,296,145,159,200,200,331,331,356,356,356,356,94,135,135,135,159,159,172,190,225,246,246,371,371,395,395,410,434,458,494,494,508,508,508,508],"floor_reached":44,"language":"ENG","playtime":2237,"items_purged":[],"score":625,"play_id":"5b44cce6-3b2c-44c1-8be5-8112916abc7a","local_time":"20210115115826","is_ascension_mode":true,"campfire_choices":[{"floor":7,"key":"REST"},{"data":"RobotSpaceExplorer:SurgingStrike","floor":7,"key":"SMITH"},{"floor":15,"key":"REST"},{"data":"RobotSpaceExplorer:DroneSwarm","floor":15,"key":"SMITH"},{"floor":27,"key":"REST"},{"data":"RobotSpaceExplorer:BlastShield","floor":27,"key":"SMITH"},{"floor":32,"key":"REST"},{"data":"RobotSpaceExplorer:Explosion","floor":32,"key":"SMITH"},{"data":"RobotSpaceExplorer:PlasmaMissile","floor":41,"key":"SMITH"}],"circlet_count":0,"master_deck":["RobotSpaceExplorer:Strike","RobotSpaceExplorer:Strike","RobotSpaceExplorer:Strike","RobotSpaceExplorer:Strike","RobotSpaceExplorer:Defend","RobotSpaceExplorer:Defend","RobotSpaceExplorer:Defend","RobotSpaceExplorer:Defend","RobotSpaceExplorer:Scan","RobotSpaceExplorer:MiniLasers","Moonworks:Strike","Defend_G","RobotSpaceExplorer:StunGrenade","Injury","RobotSpaceExplorer:SurgingStrike+1","RobotSpaceExplorer:PlasmaMissile+1","RobotSpaceExplorer:StunGrenade","RobotSpaceExplorer:ScrapMissile","RobotSpaceExplorer:BlastShield+1","RobotSpaceExplorer:MiniDrones","RobotSpaceExplorer:DroneSwarm+1","RobotSpaceExplorer:Explosion+1","RobotSpaceExplorer:SurgingShield","RobotSpaceExplorer:MiniDrones","RobotSpaceExplorer:Jetpack","RobotSpaceExplorer:Fix","RobotSpaceExplorer:SurgingShield","RobotSpaceExplorer:ChargingLaser+1","CurseOfTheBell","RobotSpaceExplorer:MakeshiftVolley+1","RobotSpaceExplorer:MiniDrones","RobotSpaceExplorer:DoubleBlock+1","Parasite","RobotSpaceExplorer:SurgingShield+1","RobotSpaceExplorer:LaserBurst+1","RobotSpaceExplorer:Probe+1"],"relics":["RobotSpaceExplorer:RoboCore","infinitespire:Magic Flask","Golden Idol","Quantum Egg","infinitespire:Beetle Shell","Eternal Feather","Replay:Mystery Machine","hubris:TerracottaHorce","Nilry\u0027s Codex","ReplayFunnel","Ring of Chaos","Snack Pack","Blue Doll","Vajra","RobotSpaceExplorer:ClockworkSextant","FossilizedHelix","Calling Bell","ReplayFunnel","Onion Ring","Thread and Needle","Mummified Hand","Regal Pillow"],"acts_visited":["Exordium","TheCity","TheBeyond"],"potions_floor_usage":[6,16,16,23,29,33,33,42,44],"damage_taken":[{"damage":0,"enemies":"Small Slimes","floor":1,"turns":3},{"damage":32,"enemies":"Replay:BlueRogue","floor":6,"turns":10},{"damage":32,"enemies":"3 Sentries","floor":8,"turns":10},{"damage":0,"enemies":"2 Louse","floor":10,"turns":2},{"damage":6,"enemies":"Jaw Worm","floor":11,"turns":2},{"damage":12,"enemies":"Exordium Thugs","floor":13,"turns":4},{"damage":12,"enemies":"Gremlin Nob","floor":14,"turns":4},{"damage":28,"enemies":"The Guardian","floor":16,"turns":10},{"damage":4,"enemies":"Chosen","floor":18,"turns":4},{"damage":43,"enemies":"Slavers","floor":23,"turns":4},{"damage":0,"enemies":"Spheric Guardian","floor":28,"turns":3},{"damage":1,"enemies":"Centurion and Healer","floor":29,"turns":5},{"damage":21,"enemies":"Replay:Snechameleon","floor":30,"turns":6},{"damage":21,"enemies":"Snake Plant","floor":31,"turns":5},{"damage":0,"enemies":"Automaton","floor":33,"turns":9},{"damage":0,"enemies":"3 Shapes","floor":35,"turns":5},{"damage":9,"enemies":"3 Darklings","floor":37,"turns":3},{"damage":11,"enemies":"4 Shapes","floor":38,"turns":4},{"damage":10,"enemies":"Writhing Mass","floor":39,"turns":6},{"damage":0,"enemies":"R_Hoarder","floor":40,"turns":6},{"damage":0,"enemies":"Maw","floor":42,"turns":6},{"damage":89,"enemies":"Giant Head","floor":44,"turns":10}],"seed_played":"-479277351141898123","potions_obtained":[{"floor":1,"key":"Weak Potion"},{"floor":8,"key":"EssenceOfSteel"},{"floor":10,"key":"Regen Potion"},{"floor":13,"key":"Strength Potion"},{"floor":23,"key":"champ:CounterPotion"},{"floor":30,"key":"Energy Potion"},{"floor":31,"key":"SpeedPotion"},{"floor":33,"key":"FearPotion"},{"floor":38,"key":"Dexterity Potion"},{"floor":40,"key":"Swift Potion"}],"is_trial":false,"path_per_floor":["M","?","$","?","?","E","R","E","T","M","M","$","M","E","R","B",null,"M","?","AVR","?","$","E","?","$","T","R","M","M","E","M","R","B",null,"M","?","M","M","M","E","R","M","T","E"],"character_chosen":"RobotSpaceExplorer","items_purchased":["RobotSpaceExplorer:BlastShield","Snack Pack"],"campfire_rested":4,"item_purchase_floors":[12,22],"current_hp_per_floor":[75,75,75,75,80,48,72,40,40,40,34,34,22,10,46,33,68,64,48,48,48,48,9,9,9,9,45,49,56,47,26,65,80,80,80,80,75,70,66,78,80,80,80,0,0],"gold":508,"neow_bonus":"ONE_RARE_RELIC","is_daily":false,"chose_seed":false,"campfire_upgraded":5,"win_rate":0.0,"timestamp":1610729906,"path_taken":["M","?","$","?","?","E","R","E","T","M","M","?","?","E","R","BOSS","M","?","AVR","?","$","E","?","?","T","R","M","?","E","M","R","BOSS","M","?","M","?","M","E","R","M","T","E"],"items_purchased_type":["Card","Relic"],"build_version":"2020-12-22","purchased_purges":0,"victory":false,"max_hp_per_floor":[75,75,75,75,80,80,80,80,80,80,80,80,80,80,80,80,80,80,80,80,80,80,80,80,80,80,80,80,80,80,80,80,80,80,80,80,80,80,80,80,80,80,80,80,80],"card_choices":[{"not_picked":["RobotSpaceExplorer:ScrapShield","RobotSpaceExplorer:SwiftStep"],"picked":"RobotSpaceExplorer:StunGrenade","floor":1},{"not_picked":["RobotSpaceExplorer:SwiftStep","RobotSpaceExplorer:FreezingShield"],"picked":"RobotSpaceExplorer:SurgingStrike","floor":6},{"not_picked":["RobotSpaceExplorer:GlueSpray","RobotSpaceExplorer:Autoloader"],"picked":"RobotSpaceExplorer:PlasmaMissile","floor":8},{"not_picked":["RobotSpaceExplorer:Probe","RobotSpaceExplorer:GearShield"],"picked":"RobotSpaceExplorer:StunGrenade","floor":10},{"not_picked":["RobotSpaceExplorer:LuckyStrike","RobotSpaceExplorer:Ammunition"],"picked":"RobotSpaceExplorer:ScrapMissile","floor":11},{"not_picked":["RobotSpaceExplorer:Counterblock","RobotSpaceExplorer:Electroshield"],"picked":"RobotSpaceExplorer:MiniDrones","floor":13},{"not_picked":["RobotSpaceExplorer:SurgingShield","RobotSpaceExplorer:StunGrenade"],"picked":"RobotSpaceExplorer:DroneSwarm","floor":14},{"not_picked":["RobotSpaceExplorer:HighVoltage","RobotSpaceExplorer:TrailblazerForm"],"picked":"RobotSpaceExplorer:Explosion","floor":16},{"not_picked":["RobotSpaceExplorer:FranticSearch+1","RobotSpaceExplorer:FrostMissile"],"picked":"RobotSpaceExplorer:SurgingShield","floor":18},{"not_picked":["RobotSpaceExplorer:FrostMissile","RobotSpaceExplorer:Blaster"],"picked":"RobotSpaceExplorer:MiniDrones","floor":23},{"not_picked":["RobotSpaceExplorer:Ammunition","RobotSpaceExplorer:SurgingShield"],"picked":"RobotSpaceExplorer:Jetpack","floor":28},{"not_picked":["RobotSpaceExplorer:GearShield","RobotSpaceExplorer:Pulsar+1"],"picked":"RobotSpaceExplorer:Fix","floor":29},{"not_picked":["RobotSpaceExplorer:ScrapMissile","RobotSpaceExplorer:Discharger"],"picked":"RobotSpaceExplorer:Exploration","floor":30},{"not_picked":["RobotSpaceExplorer:Electropulse","RobotSpaceExplorer:ScrapShield"],"picked":"RobotSpaceExplorer:SurgingShield","floor":31},{"not_picked":["RobotSpaceExplorer:DroneSwarm","RobotSpaceExplorer:TrailblazerForm"],"picked":"RobotSpaceExplorer:ChargingLaser","floor":33},{"not_picked":["RobotSpaceExplorer:Electropulse","RobotSpaceExplorer:ShockKick+1"],"picked":"RobotSpaceExplorer:MakeshiftVolley+1","floor":35},{"not_picked":["RobotSpaceExplorer:Electropulse","RobotSpaceExplorer:StunGrenade+1"],"picked":"RobotSpaceExplorer:MiniDrones","floor":37},{"not_picked":["RobotSpaceExplorer:ShockKick","RobotSpaceExplorer:StunGrenade+1"],"picked":"RobotSpaceExplorer:DoubleBlock+1","floor":38},{"not_picked":["RobotSpaceExplorer:ExhaustFan+1","RobotSpaceExplorer:ImprovisedAttack+1"],"picked":"RobotSpaceExplorer:SurgingShield+1","floor":39},{"not_picked":["RobotSpaceExplorer:Blitz+1","RobotSpaceExplorer:ScrapMissile"],"picked":"RobotSpaceExplorer:LaserBurst+1","floor":40},{"not_picked":["RobotSpaceExplorer:ScrapToss","RobotSpaceExplorer:FrostMissile+1"],"picked":"RobotSpaceExplorer:Probe+1","floor":42}],"player_experience":161634,"relics_obtained":[{"floor":6,"key":"Quantum Egg"},{"floor":8,"key":"infinitespire:Beetle Shell"},{"floor":9,"key":"Eternal Feather"},{"floor":14,"key":"Replay:Mystery Machine"},{"floor":19,"key":"Nilry\u0027s Codex"},{"floor":23,"key":"Blue Doll"},{"floor":26,"key":"Vajra"},{"floor":30,"key":"RobotSpaceExplorer:ClockworkSextant"},{"floor":31,"key":"FossilizedHelix"},{"floor":34,"key":"ReplayFunnel"},{"floor":34,"key":"Onion Ring"},{"floor":34,"key":"Thread and Needle"},{"floor":40,"key":"Mummified Hand"},{"floor":43,"key":"Regal Pillow"}],"event_choices":[{"damage_healed":0,"gold_gain":0,"player_choice":"Take Wound","damage_taken":0,"relics_obtained":["Golden Idol"],"max_hp_gain":0,"max_hp_loss":0,"event_name":"Golden Idol","floor":2,"gold_loss":0,"cards_obtained":["Injury"]},{"damage_healed":0,"gold_gain":0,"player_choice":"Donut","damage_taken":0,"max_hp_gain":5,"max_hp_loss":0,"event_name":"Big Fish","floor":5,"gold_loss":0},{"damage_healed":0,"gold_gain":0,"player_choice":"Obtained Book","damage_taken":16,"max_hp_gain":0,"max_hp_loss":0,"event_name":"Cursed Tome","floor":19,"gold_loss":0},{"damage_healed":0,"gold_gain":0,"player_choice":"Ignored","damage_taken":0,"max_hp_gain":0,"max_hp_loss":0,"event_name":"Vampires","floor":21,"gold_loss":0},{"damage_healed":0,"gold_gain":0,"player_choice":"Upgraded","damage_taken":0,"max_hp_gain":0,"max_hp_loss":0,"event_name":"Upgrade Shrine","floor":36,"gold_loss":0,"cards_upgraded":["RobotSpaceExplorer:ChargingLaser"]}],"is_beta":false,"boss_relics":[{"not_picked":["Velvet Choker","Snecko Eye"],"picked":"hubris:TerracottaHorce"},{"not_picked":["hubris:RunicObelisk","RobotSpaceExplorer:Reprocessor"],"picked":"Calling Bell"}],"items_purged_floors":[],"is_endless":false,"potions_floor_spawned":[1,8,10,13,23,30,31,33,38,40],"killed_by":"Giant Head","ascension_level":1}}