{"host":"xjyie0ctswsml60g","time":1610671914,"event":{"mods":["AchievementEnabler","BaseMod","Colored Map","Filter the Spire","Minty Spire (QoL Compilation)","Quick Restart","SuperFastMode","Swap Starting Deck Mod"],"gold_per_floor":[118,138,50,66,66,66,83,83,159,159,176,186,186,261,261,366,366,380,28,38,1,17,17,29,49,49],"floor_reached":25,"language":"ENG","playtime":965,"items_purged":["Streamline"],"score":197,"play_id":"0fdd643a-e5b1-4459-bbd0-effceb75bcd4","local_time":"20210115025154","is_ascension_mode":false,"campfire_choices":[{"data":"Double Energy","floor":6.0,"key":"SMITH"},{"data":"Hologram","floor":8.0,"key":"SMITH"},{"data":"Madness","floor":10.0,"key":"SMITH"},{"data":"Seek","floor":13.0,"key":"SMITH"},{"data":"Meteor Strike","floor":15.0,"key":"SMITH"},{"floor":23.0,"key":"REST"}],"circlet_count":0,"master_deck":["Meteor Strike+1","Streamline","Streamline+1","Streamline","Conserve Battery","Conserve Battery","Conserve Battery","Double Energy+1","Recycle+1","Madness+1","Hologram+1","Seek+1","Reboot","Seek","Rebound","Fusion","Echo Form"],"relics":["Cracked Core","swapstartingdeckmod:DeadBlossom","The Courier","Nuclear Battery","Unceasing Top"],"acts_visited":["Exordium","TheCity"],"potions_floor_usage":[],"damage_taken":[{"damage":0.0,"enemies":"Small Slimes","floor":1.0,"turns":2.0},{"damage":4.0,"enemies":"Jaw Worm","floor":2.0,"turns":3.0},{"damage":0.0,"enemies":"Cultist","floor":4.0,"turns":2.0},{"damage":6.0,"enemies":"Red Slaver","floor":7.0,"turns":2.0},{"damage":3.0,"enemies":"Looter","floor":11.0,"turns":2.0},{"damage":0.0,"enemies":"Blue Slaver","floor":12.0,"turns":2.0},{"damage":26.0,"enemies":"The Guardian","floor":16.0,"turns":10.0},{"damage":0.0,"enemies":"Shell Parasite","floor":18.0,"turns":2.0},{"damage":15.0,"enemies":"Spheric Guardian","floor":20.0,"turns":4.0},{"damage":0.0,"enemies":"Chosen and Byrds","floor":22.0,"turns":1.0},{"damage":22,"enemies":"Cultist and Chosen","floor":24,"turns":5},{"damage":0,"enemies":"Sentry and Sphere","floor":25,"turns":2}],"seed_played":"-3429857273990655285","potions_obtained":[{"floor":4.0,"key":"PotionOfCapacity"},{"floor":7.0,"key":"Block Potion"},{"floor":18.0,"key":"AttackPotion"},{"floor":24,"key":"Ancient Potion"}],"is_trial":false,"path_per_floor":["M","M","$","M","?","R","M","R","T","R","M","M","R","?","R","B",null,"M","$","M","$","M","R","M","M"],"character_chosen":"DEFECT","items_purchased":["Madness","Unceasing Top","Seek","Rebound"],"campfire_rested":1,"item_purchase_floors":[3,19,19,21],"current_hp_per_floor":[75,71,71,71,56,56,50,50,50,50,47,47,47,40,40,14,52,52,52,37,37,37,48,26,26,26],"gold":49,"neow_bonus":"","is_daily":false,"chose_seed":false,"campfire_upgraded":5,"win_rate":0.0,"timestamp":1610671914,"path_taken":["M","M","$","M","?","R","M","R","T","R","M","M","R","?","R","BOSS","M","$","?","?","M","R","M","M"],"items_purchased_type":["Card","Relic","Card","Card"],"build_version":"2020-12-22","purchased_purges":1,"victory":false,"max_hp_per_floor":[75,75,75,75,75,75,75,75,75,75,75,75,75,75,75,75,75,75,75,75,75,75,75,75,75,75],"card_choices":[{"not_picked":["Compile Driver","Go for the Eyes","Beam Cell"],"picked":"SKIP","floor":1.0},{"not_picked":["Coolheaded","Blizzard","Chaos"],"picked":"SKIP","floor":2.0},{"not_picked":["Turbo","Ball Lightning","Compile Driver"],"picked":"SKIP","floor":4.0},{"not_picked":["Scrape","Conserve Battery"],"picked":"Hologram","floor":7.0},{"not_picked":["Skim","Gash"],"picked":"Seek","floor":11.0},{"not_picked":["Compile Driver","Recycle","Aggregate"],"picked":"SKIP","floor":12.0},{"not_picked":["Hyperbeam","Core Surge"],"picked":"Reboot","floor":16.0},{"not_picked":["Beam Cell","Turbo","Cold Snap+1"],"picked":"SKIP","floor":18.0},{"not_picked":["Ball Lightning+1","Double Energy","Force Field"],"picked":"SKIP","floor":20.0},{"not_picked":["Leap","Cold Snap"],"picked":"Fusion","floor":22.0},{"not_picked":["Double Energy+1","Leap","Conserve Battery"],"picked":"SKIP","floor":24},{"not_picked":["Compile Driver","Go for the Eyes+1"],"picked":"Echo Form","floor":25}],"player_experience":582545,"relics_obtained":[{"floor":9.0,"key":"The Courier"}],"event_choices":[{"damage_healed":0.0,"max_hp_gain":0.0,"max_hp_loss":0.0,"gold_gain":0.0,"event_name":"Shining Light","player_choice":"Entered Light","floor":5.0,"gold_loss":0.0,"damage_taken":15.0,"cards_upgraded":["Recycle","Streamline"]},{"damage_healed":0.0,"max_hp_gain":0.0,"max_hp_loss":0.0,"gold_gain":75.0,"event_name":"FaceTrader","player_choice":"Touch","floor":14.0,"gold_loss":0.0,"damage_taken":7.0}],"is_beta":false,"boss_relics":[{"not_picked":["Fusion Hammer","Coffee Dripper"],"picked":"Nuclear Battery"}],"items_purged_floors":[19],"is_endless":false,"potions_floor_spawned":[4,7,18,24,25],"killed_by":"Sentry and Sphere","ascension_level":0}}