{"host":"dxhqtkke6bt2qzoz","time":1610713717,"event":{"mods":["ATMod(阿瑾Mod)","Act Like it!","Arknights The Spire","Astrologer","BaseMod","Chen","Dota2Spire","Gensokyo","KinomotoSakuraMod(木之本樱)","Koishi","LagranYue(拉格朗・月)","Marisa（F雨　魔理沙）","Minty Spire (QoL Compilation)","Nova Terra(诺娃・泰拉)","Prisma Mod","Reimu（博丽灵梦）","Relic Stats","Remilia（蕾米莉亚）","SIMod","StSLib","TestMod","The Alterego","The Dragon Tamer","The Marked","Waifu the Spire","WarShipGirlsR/战舰少女R mod","Yakumo Yukari mod","Youmu（魂魄妖梦）","Yuri Mod","Yuyuko","[IsaacMod]以撒尖塔","vexMod","【遗物卡牌】REMEMod"],"gold_per_floor":[118,118,118,129,129,129,156,156,181,207,7,27,40,50,50,152,152,166,91,110,122,122,122,122],"floor_reached":23,"language":"ZHS","playtime":618,"items_purged":["theMarked:Strike"],"score":223,"play_id":"784f72ef-5e01-443b-9f4d-ffddd68fdef6","local_time":"20210115202837","is_ascension_mode":true,"campfire_choices":[{"data":"theMarked:SwordAndMagic","floor":6,"key":"SMITH"},{"data":"theMarked:SoldierOfQuellstein","floor":8,"key":"SMITH"},{"data":"theMarked:Parkour","floor":15,"key":"SMITH"}],"circlet_count":0,"master_deck":["theMarked:Strike","theMarked:Strike","theMarked:Strike","theMarked:Strike","theMarked:Defend","theMarked:Defend","theMarked:Defend","theMarked:Defend","theMarked:SoldierOfQuellstein+1","AT_EmpoweredMortalDraw+1","theMarked:SwordAndMagic+1","theMarked:Overcharge+1","theMarked:SwordAndMagic","theMarked:Vacuum","theMarked:Frustration+1","theMarked:Parkour+1","theMarked:ElementalBlade","theMarked:ChainLightning","theMarked:ParalyzingBlade+1","theMarked:EternalStudent+1","theMarked:Parkour","theMarked:ReduceFriction"],"relics":["theMarked:ArtifactOfAir","HushsDoor","REME_ComplimentaryCards","testmod-TestBox","AT_ATBox","testmod-Muramasa","YumHeart","LagranYue:RandomDrawCardRelic","Oddly Smooth Stone","Dota2Spire:LotusOrb","Regal Pillow","MealTicket","vexMod:ImprovementManual"],"acts_visited":["Exordium","TheCity"],"potions_floor_usage":[16,16,16,22],"damage_taken":[{"damage":7,"enemies":"Jaw Worm","floor":1,"turns":3},{"damage":0,"enemies":"2 Louse","floor":4,"turns":1},{"damage":11,"enemies":"3 Sentries","floor":7,"turns":6},{"damage":10,"enemies":"Gremlin Nob","floor":10,"turns":3},{"damage":0,"enemies":"Cultist","floor":12,"turns":2},{"damage":5,"enemies":"Looter","floor":13,"turns":2},{"damage":13,"enemies":"Blue Slaver","floor":14,"turns":3},{"damage":40,"enemies":"Hexaghost","floor":16,"turns":6},{"damage":27,"enemies":"2 Thieves","floor":18,"turns":3},{"damage":17,"enemies":"Shell Parasite","floor":20,"turns":3},{"damage":27,"enemies":"Centurion and Healer","floor":21,"turns":4},{"damage":24,"enemies":"Shelled Parasite and Fungi","floor":22,"turns":3},{"damage":21,"enemies":"Gremlin Leader","floor":23,"turns":1}],"seed_played":"-8990391907439848080","potions_obtained":[{"floor":4,"key":"Dexterity Potion"},{"floor":7,"key":"GrandPatriotsElixir:ReiMu"},{"floor":10,"key":"Swift Potion"},{"floor":14,"key":"SteroidPotion"},{"floor":20,"key":"SmokeBomb"}],"is_trial":false,"path_per_floor":["M","?","?","M","?","R","E","R","T","E","$","M","M","M","R","B",null,"M","$","M","M","M","E"],"character_chosen":"THE_DEFAULT","items_purchased":["MealTicket","theMarked:Parkour"],"campfire_rested":0,"item_purchase_floors":[11,11],"current_hp_per_floor":[63,70,70,70,70,70,70,70,70,60,60,60,55,67,67,27,70,43,58,41,39,15,0,0],"gold":122,"neow_bonus":"TRANSFORM_CARD","is_daily":false,"chose_seed":false,"campfire_upgraded":3,"win_rate":0.0,"timestamp":1610713717,"path_taken":["M","?","?","M","?","R","E","R","T","E","$","?","M","M","R","BOSS","M","$","M","M","M","E"],"items_purchased_type":["Relic","Card"],"build_version":"2020-12-22","purchased_purges":1,"victory":false,"max_hp_per_floor":[70,70,70,70,70,70,70,70,70,70,70,70,70,70,70,70,70,70,70,70,70,70,70,70],"relic_stats":{"Regal Pillow":0,"counters":[13,40],"MealTicket":15,"obtain_stats":[{"KeepersGift":0,"testmod-Muramasa":0,"Regal Pillow":10,"testmod-TestBox":0,"AT_ATBox":0,"LagranYue:RandomDrawCardRelic":0,"Oddly Smooth Stone":7,"Dota2Spire:LotusOrb":9,"theMarked:ArtifactOfAir":0,"YumHeart":0,"MealTicket":11,"HushsDoor":0,"vexMod:ImprovementManual":17,"REME_ComplimentaryCards":0},{"KeepersGift":0,"testmod-Muramasa":0,"Regal Pillow":4,"testmod-TestBox":0,"AT_ATBox":0,"LagranYue:RandomDrawCardRelic":0,"Oddly Smooth Stone":3,"Dota2Spire:LotusOrb":3,"theMarked:ArtifactOfAir":0,"YumHeart":0,"MealTicket":4,"HushsDoor":0,"vexMod:ImprovementManual":8,"REME_ComplimentaryCards":0},{"KeepersGift":0,"testmod-Muramasa":0,"Regal Pillow":13,"testmod-TestBox":0,"AT_ATBox":0,"LagranYue:RandomDrawCardRelic":0,"Oddly Smooth Stone":10,"Dota2Spire:LotusOrb":10,"theMarked:ArtifactOfAir":0,"YumHeart":0,"MealTicket":13,"HushsDoor":0,"vexMod:ImprovementManual":26,"REME_ComplimentaryCards":0}]},"card_choices":[{"not_picked":["theMarked:TwofoldDefense","theMarked:WastefulDefense"],"picked":"theMarked:Overcharge","floor":1},{"not_picked":["theMarked:ResourceFulStrike","theMarked:WastefulDefense"],"picked":"theMarked:SwordAndMagic","floor":4},{"not_picked":["theMarked:Panic","theMarked:TakeCover"],"picked":"theMarked:Vacuum","floor":7},{"not_picked":["theMarked:WastefulAttack","theMarked:Overthink"],"picked":"theMarked:Frustration","floor":10},{"not_picked":["theMarked:RepellingDischarge","theMarked:KeepCalmAndFightOn"],"picked":"theMarked:ElementalBlade","floor":12},{"not_picked":["theMarked:PowerFlow","theMarked:DeterminationOfTheMarked"],"picked":"theMarked:ChainLightning","floor":13},{"not_picked":["theMarked:HeightenedSenses","theMarked:WastefulDefense"],"picked":"theMarked:ParalyzingBlade","floor":14},{"not_picked":["theMarked:Defy","theMarked:MagicAdept"],"picked":"theMarked:EternalStudent","floor":16},{"not_picked":["theMarked:Improvise","theMarked:RepellingDischarge"],"picked":"theMarked:Parkour","floor":18},{"not_picked":["theMarked:ParalyzingBlade","theMarked:MagicAdept","theMarked:WastefulAttack+1"],"picked":"SKIP","floor":20},{"not_picked":["theMarked:ElectricStrings","theMarked:WastefulDefense"],"picked":"theMarked:ReduceFriction","floor":21}],"player_experience":244080,"relics_obtained":[{"floor":7,"key":"Oddly Smooth Stone"},{"floor":9,"key":"Dota2Spire:LotusOrb"},{"floor":10,"key":"Regal Pillow"}],"event_choices":[{"damage_healed":0,"gold_gain":0,"player_choice":"Ignored","damage_taken":0,"max_hp_gain":0,"max_hp_loss":0,"event_name":"给自己的盒子","floor":5,"gold_loss":0}],"is_beta":false,"boss_relics":[{"not_picked":["Snecko Eye","testmod-BatchProcessingSystem"],"picked":"vexMod:ImprovementManual"},{"not_picked":[]}],"items_purged_floors":[19],"is_endless":false,"potions_floor_spawned":[4,7,10,14,20],"killed_by":"Gremlin Leader","ascension_level":2}}