{"host":"krqozg1tp0zpuvz3","time":1610726556,"event":{"mods":["AchievementEnabler","BaseMod","Better Altar","Better Match","Better Note","Better Sensory Stone","Better Third Choice","BetterRewards","Colored Map","DeckTracker","Keyboard Shortcuts","Minty Spire (QoL Compilation)","Permanent Neow","Relic Stats","Shop Mod","StSLib","SuperFastMode"],"gold_per_floor":[111,111,126,143,157,192,192,218,218,233,252,252,268,233,233,332,332,348,368,116,116,132,132,132,132,132,145,145,145,175,175,175,270,270,281,156,156,175,175,204,254,287,287,287,301,151,0,0,0,0],"floor_reached":51,"language":"KOR","playtime":1955,"items_purged":["Defend_P","Defend_P","Strike_P","BowlingBash+1"],"score":966,"play_id":"1f6e7c0c-4c71-4664-94eb-bda73d8cb4be","local_time":"20210116010236","is_ascension_mode":true,"campfire_choices":[{"floor":7.0,"key":"REST"},{"data":"Crescendo","floor":12.0,"key":"SMITH"},{"data":"Eruption","floor":15.0,"key":"SMITH"},{"data":"Adaptation","floor":23.0,"key":"SMITH"},{"data":"Crescendo","floor":25.0,"key":"SMITH"},{"data":"DeusExMachina","floor":28.0,"key":"SMITH"},{"data":"InnerPeace","floor":32.0,"key":"SMITH"},{"data":"FearNoEvil","floor":44,"key":"SMITH"},{"data":"FlurryOfBlows","floor":49,"key":"SMITH"}],"circlet_count":0,"master_deck":["Strike_P","Defend_P","Eruption+1","Vigilance","FearNoEvil+1","Adaptation+1","Adaptation+1","InnerPeace+1","DeusExMachina+1","Crescendo+1","EmptyMind+1","SpiritShield+1","FlurryOfBlows+1"],"relics":["PureWater","GoldenEye","Orrery","Blood Vial","Orichalcum","Boot","Sundial","InkBottle","Astrolabe","Lantern","Darkstone Periapt","Shuriken","Sozu","Ornamental Fan","Happy Flower","Turnip","Juzu Bracelet","MealTicket","Red Mask"],"acts_visited":["Exordium","TheCity","TheBeyond"],"potions_floor_usage":[50,50],"damage_taken":[{"damage":0.0,"enemies":"Jaw Worm","floor":1.0,"turns":1.0},{"damage":0.0,"enemies":"Small Slimes","floor":3.0,"turns":2.0},{"damage":0.0,"enemies":"Cultist","floor":4.0,"turns":2.0},{"damage":0.0,"enemies":"Large Slime","floor":5.0,"turns":3.0},{"damage":27.0,"enemies":"3 Sentries","floor":6.0,"turns":8.0},{"damage":0.0,"enemies":"Gremlin Nob","floor":8.0,"turns":2.0},{"damage":6.0,"enemies":"Looter","floor":10.0,"turns":3.0},{"damage":9.0,"enemies":"Exordium Wildlife","floor":11.0,"turns":3.0},{"damage":0.0,"enemies":"3 Louse","floor":13.0,"turns":2.0},{"damage":22.0,"enemies":"Hexaghost","floor":16.0,"turns":3.0},{"damage":0.0,"enemies":"Shell Parasite","floor":18.0,"turns":1.0},{"damage":0.0,"enemies":"Chosen","floor":19.0,"turns":1.0},{"damage":0.0,"enemies":"Snake Plant","floor":22.0,"turns":1.0},{"damage":0.0,"enemies":"Chosen and Byrds","floor":27.0,"turns":1.0},{"damage":0.0,"enemies":"Gremlin Leader","floor":30.0,"turns":1.0},{"damage":0.0,"enemies":"Automaton","floor":33.0,"turns":2.0},{"damage":0.0,"enemies":"Orb Walker","floor":35.0,"turns":1.0},{"damage":0,"enemies":"3 Darklings","floor":38,"turns":1},{"damage":0,"enemies":"Reptomancer","floor":40,"turns":1},{"damage":13,"enemies":"Mind Bloom Boss Battle","floor":41,"turns":3},{"damage":1,"enemies":"Nemesis","floor":42,"turns":3},{"damage":0,"enemies":"Transient","floor":45,"turns":1},{"damage":24,"enemies":"Time Eater","floor":50,"turns":3}],"seed_played":"3517807713267823059","potions_obtained":[{"floor":1.0,"key":"AttackPotion"},{"floor":6.0,"key":"SkillPotion"},{"floor":10.0,"key":"BlessingOfTheForge"},{"floor":13.0,"key":"FearPotion"},{"floor":16.0,"key":"BottledMiracle"},{"floor":22.0,"key":"SkillPotion"},{"floor":30.0,"key":"Fire Potion"}],"is_trial":false,"path_per_floor":["M","?","M","M","M","E","R","E","T","M","M","R","M","?","R","B",null,"M","M","$","?","M","R","?","R","T","M","R","?","E","?","R","B",null,"M","$","?","M","T","E","?","E","T","R","M","$","?","?","R","B",null],"character_chosen":"WATCHER","items_purchased":["Orrery","Blood Vial","Orichalcum","Lantern"],"campfire_rested":1,"item_purchase_floors":[0,0,0,20],"current_hp_per_floor":[42,42,44,46,48,23,44,46,46,42,35,35,37,55,55,35,72,72,72,72,72,72,72,72,72,72,72,72,72,72,72,72,72,72,72,72,72,72,72,72,59,60,60,60,62,72,72,68,68,44],"gold":0,"neow_bonus":"","is_daily":false,"chose_seed":false,"campfire_upgraded":8,"win_rate":0.0,"timestamp":1610726556,"path_taken":["M","?","M","M","M","E","R","E","T","?","M","R","M","?","R","BOSS","M","M","$","?","M","R","?","R","T","?","R","?","E","?","R","BOSS","M","$","?","M","?","E","?","E","T","R","M","$","?","?","R","BOSS"],"items_purchased_type":["Relic","Relic","Relic","Relic"],"build_version":"2020-12-22","purchased_purges":4,"victory":true,"max_hp_per_floor":[72,72,72,72,72,72,72,72,72,72,72,72,72,72,72,72,72,72,72,72,72,72,72,72,72,72,72,72,72,72,72,72,72,72,72,72,72,72,72,72,72,72,72,72,72,72,72,68,68,68],"relic_stats":{"Darkstone Periapt":0,"Happy Flower":[3],"counters":[107,323],"Astrolabe":["EmptyMind","BowlingBash","SpiritShield"],"Juzu Bracelet":0,"Orichalcum":[54],"GoldenEye":[0],"Boot":[22],"Blood Vial":24,"Sozu":3,"Sundial":[58],"Shuriken":[50],"Ornamental Fan":[144],"MealTicket":10,"Turnip":[0],"obtain_stats":[{"Ice Cream":13,"Tiny House":17,"Vajra":38,"Ginger":48,"Bottled Tornado":10,"Boot":6,"Sozu":17,"Blood Vial":0,"Lizard Tail":0,"HornCleat":30,"Sundial":22,"MealTicket":19,"HandDrill":0,"Girya":36,"Pear":26,"Happy Flower":0,"Astrolabe":17,"Dead Branch":0,"Blue Candle":26,"Pen Nib":0,"Bottled Flame":43,"Shuriken":0,"Unceasing Top":7,"Darkstone Periapt":26,"Regal Pillow":42,"Lantern":20,"Torii":44,"Melange":0,"Mango":9,"StoneCalendar":0,"Incense Burner":0,"Bag of Preparation":0,"Juzu Bracelet":42,"Cursed Key":34,"Nunchaku":6,"Dream Catcher":36,"Gambling Chip":0,"WingedGreaves":0,"Red Mask":21,"InkBottle":9,"Golden Idol":3,"PreservedInsect":13,"Omamori":43,"Frozen Egg 2":24,"Orichalcum":9,"Odd Mushroom":10,"GoldenEye":0,"White Beast Statue":9,"Mercury Hourglass":9,"Peace Pipe":46,"Strange Spoon":48,"Ornamental Fan":39,"Orrery":19,"HolyWater":34,"Turnip":41,"PureWater":0,"FossilizedHelix":11},{"Ice Cream":66,"Tiny House":29,"Vajra":77,"Ginger":45,"Bottled Tornado":51,"Boot":89,"Sozu":55,"Blood Vial":84,"Lizard Tail":84,"HornCleat":73,"Sundial":11,"MealTicket":68,"HandDrill":22,"Girya":77,"Pear":13,"Happy Flower":58,"Astrolabe":8,"Dead Branch":22,"Blue Candle":71,"Pen Nib":22,"Bottled Flame":43,"Shuriken":46,"Unceasing Top":51,"Darkstone Periapt":97,"Regal Pillow":80,"Lantern":96,"Torii":81,"Melange":16,"Mango":25,"StoneCalendar":84,"Incense Burner":16,"Bag of Preparation":22,"Juzu Bracelet":105,"Cursed Key":38,"Nunchaku":25,"Dream Catcher":39,"Gambling Chip":22,"WingedGreaves":58,"Red Mask":31,"InkBottle":90,"Golden Idol":24,"PreservedInsect":53,"Omamori":80,"Frozen Egg 2":12,"Orichalcum":21,"Odd Mushroom":26,"GoldenEye":84,"White Beast Statue":5,"Mercury Hourglass":51,"Peace Pipe":44,"Strange Spoon":45,"Ornamental Fan":102,"Orrery":56,"HolyWater":75,"Turnip":104,"PureWater":0,"FossilizedHelix":64},{"Ice Cream":221,"Tiny House":95,"Vajra":253,"Ginger":133,"Bottled Tornado":162,"Boot":290,"Sozu":180,"Blood Vial":274,"Lizard Tail":274,"HornCleat":241,"Sundial":35,"MealTicket":231,"HandDrill":74,"Girya":253,"Pear":43,"Happy Flower":194,"Astrolabe":28,"Dead Branch":74,"Blue Candle":237,"Pen Nib":74,"Bottled Flame":128,"Shuriken":141,"Unceasing Top":162,"Darkstone Periapt":306,"Regal Pillow":263,"Lantern":305,"Torii":265,"Melange":52,"Mango":80,"StoneCalendar":274,"Incense Burner":52,"Bag of Preparation":74,"Juzu Bracelet":319,"Cursed Key":117,"Nunchaku":80,"Dream Catcher":120,"Gambling Chip":74,"WingedGreaves":194,"Red Mask":99,"InkBottle":292,"Golden Idol":77,"PreservedInsect":171,"Omamori":263,"Frozen Egg 2":39,"Orichalcum":73,"Odd Mushroom":82,"GoldenEye":274,"White Beast Statue":15,"Mercury Hourglass":162,"Peace Pipe":131,"Strange Spoon":133,"Ornamental Fan":312,"Orrery":185,"HolyWater":249,"Turnip":316,"PureWater":0,"FossilizedHelix":213}],"InkBottle":[39]},"card_choices":[{"not_picked":["PathToVictory","Omniscience"],"picked":"FearNoEvil","floor":0.0},{"not_picked":["Halt","PathToVictory"],"picked":"Adaptation","floor":0.0},{"not_picked":["Devotion","CutThroughFate"],"picked":"Crescendo","floor":0.0},{"not_picked":["SashWhip","CutThroughFate","BowlingBash"],"picked":"SKIP","floor":1.0},{"not_picked":["Nirvana","ReachHeaven","SignatureMove"],"picked":"SKIP","floor":3.0},{"not_picked":["WheelKick","FollowUp"],"picked":"InnerPeace","floor":4.0},{"not_picked":["WindmillStrike","Halt","Crescendo"],"picked":"SKIP","floor":5.0},{"not_picked":["Omniscience","LikeWater"],"picked":"DeusExMachina","floor":6.0},{"not_picked":["EmptyMind","Indignation","WaveOfTheHand"],"picked":"SKIP","floor":8.0},{"not_picked":["EmptyFist","SashWhip","Protect"],"picked":"SKIP","floor":10.0},{"not_picked":["Worship","BowlingBash"],"picked":"Crescendo","floor":11.0},{"not_picked":["SignatureMove","Swivel","SashWhip"],"picked":"SKIP","floor":13.0},{"not_picked":["FollowUp+1","ForeignInfluence","JustLucky"],"picked":"SKIP","floor":18.0},{"not_picked":["Evaluate","BowlingBash","EmptyFist"],"picked":"SKIP","floor":19.0},{"not_picked":["Vengeance+1","Meditate","FollowUp+1"],"picked":"SKIP","floor":22.0},{"not_picked":["CrushJoints+1","WheelKick+1","Evaluate+1"],"picked":"SKIP","floor":27.0},{"not_picked":["EmptyBody","Consecrate","Adaptation+1"],"picked":"SKIP","floor":30.0},{"not_picked":["Crescendo","Nirvana","ThirdEye"],"picked":"SKIP","floor":35.0},{"not_picked":["Evaluate","JustLucky+1","Devotion"],"picked":"SKIP","floor":38},{"not_picked":["Alpha","Wish","Worship"],"picked":"SKIP","floor":40},{"not_picked":["Halt+1","Wallop","LessonLearned"],"picked":"SKIP","floor":42},{"not_picked":["Consecrate+1","Evaluate","EmptyBody+1"],"picked":"SKIP","floor":45}],"player_experience":304400,"relics_obtained":[{"floor":6.0,"key":"Boot"},{"floor":8.0,"key":"Sundial"},{"floor":9.0,"key":"InkBottle"},{"floor":26.0,"key":"Darkstone Periapt"},{"floor":30.0,"key":"Shuriken"},{"floor":39,"key":"Ornamental Fan"},{"floor":40,"key":"Happy Flower"},{"floor":41,"key":"Turnip"},{"floor":42,"key":"Juzu Bracelet"},{"floor":43,"key":"MealTicket"}],"event_choices":[{"damage_healed":0.0,"max_hp_gain":0.0,"max_hp_loss":0.0,"gold_gain":1.0,"event_name":"betterStone:BetterStone","player_choice":"4","floor":2.0,"gold_loss":0.0,"damage_taken":0.0,"cards_obtained":["Adaptation"]},{"damage_healed":18.0,"max_hp_gain":0.0,"max_hp_loss":0.0,"gold_gain":0.0,"event_name":"The Cleric","player_choice":"Healed","floor":14.0,"gold_loss":35.0,"damage_taken":0.0},{"damage_healed":0.0,"max_hp_gain":0.0,"max_hp_loss":0.0,"gold_gain":0.0,"event_name":"Vampires","player_choice":"Ignored","floor":21.0,"gold_loss":0.0,"damage_taken":0.0},{"damage_healed":0.0,"max_hp_gain":0.0,"max_hp_loss":0.0,"gold_gain":0.0,"event_name":"The Library","player_choice":"Read","floor":24.0,"gold_loss":0.0,"damage_taken":0.0,"cards_obtained":["FlurryOfBlows"]},{"damage_healed":0.0,"max_hp_gain":0.0,"max_hp_loss":0.0,"gold_gain":0.0,"event_name":"The Mausoleum","player_choice":"Ignored","floor":29.0,"gold_loss":0.0,"damage_taken":0.0},{"damage_healed":0.0,"max_hp_gain":0.0,"max_hp_loss":0.0,"gold_gain":0.0,"event_name":"The Woman in Blue","player_choice":"Bought 0 Potions","floor":31.0,"gold_loss":0.0,"damage_taken":0.0},{"cards_removed":["Crescendo"],"damage_healed":0,"gold_gain":0,"player_choice":"Removed Skill","damage_taken":0,"max_hp_gain":0,"max_hp_loss":0,"event_name":"Falling","floor":37,"gold_loss":0},{"damage_healed":0,"gold_gain":0,"player_choice":"Fight","damage_taken":0,"max_hp_gain":0,"max_hp_loss":0,"event_name":"MindBloom","floor":41,"gold_loss":0},{"damage_healed":0,"gold_gain":0,"player_choice":"Paid","damage_taken":0,"relics_obtained":["Red Mask"],"max_hp_gain":0,"max_hp_loss":0,"event_name":"Tomb of Lord Red Mask","floor":47,"gold_loss":151},{"damage_healed":0,"gold_gain":0,"player_choice":"Max HP","damage_taken":0,"max_hp_gain":0,"max_hp_loss":4,"event_name":"Winding Halls","floor":48,"gold_loss":0}],"is_beta":false,"boss_relics":[{"not_picked":["Busted Crown","Runic Dome"],"picked":"Astrolabe"},{"not_picked":["Philosopher\u0027s Stone","Calling Bell"],"picked":"Sozu"}],"items_purged_floors":[0,20,36,46],"is_endless":false,"potions_floor_spawned":[1,6,10,13,16,22,27,30,35,38,45],"ascension_level":2}}