{"host":"nn0usk9aafse27ii","time":1610752111,"event":{"mods":["BaseMod","Colored Map","Highlight Path","Minty Spire (QoL Compilation)","Robot Space Explorer","Shop Mod","StSLib"],"gold_per_floor":[112,131,306,306,318,318,329,361,385,404,435,53,53,3,3,108,108,121,132,147,160,173,173,208,8,8,28,28,28],"floor_reached":28,"language":"ENG","playtime":2926,"items_purged":["Doubt"],"score":232,"play_id":"50660e8c-6cba-4017-b07a-21ffa4f5b8c6","local_time":"20210115150831","is_ascension_mode":false,"campfire_choices":[{"data":"RobotSpaceExplorer:GearShield","floor":6.0,"key":"SMITH"},{"floor":13.0,"key":"REST"},{"data":"RobotSpaceExplorer:StarDust","floor":15.0,"key":"SMITH"},{"floor":23.0,"key":"REST"}],"circlet_count":0,"master_deck":["RobotSpaceExplorer:Strike","RobotSpaceExplorer:Strike","RobotSpaceExplorer:Strike","RobotSpaceExplorer:Defend","RobotSpaceExplorer:Defend","RobotSpaceExplorer:Defend","RobotSpaceExplorer:Defend","RobotSpaceExplorer:Scan","RobotSpaceExplorer:MiniLasers","RobotSpaceExplorer:MetalStrike","RobotSpaceExplorer:Pulsar","RobotSpaceExplorer:GearShield+1","RobotSpaceExplorer:StarDust+1","RobotSpaceExplorer:ChargingLaser","RobotSpaceExplorer:Calculate","RobotSpaceExplorer:GearShield","RobotSpaceExplorer:BlastShield","RobotSpaceExplorer:Pulsar+1","RobotSpaceExplorer:ToxicBomb","RobotSpaceExplorer:SurgingStrike+1","RobotSpaceExplorer:Probe+1","RobotSpaceExplorer:RigExplosive"],"relics":["RobotSpaceExplorer:TurboCore","Juzu Bracelet","Potion Belt","Regal Pillow","RobotSpaceExplorer:ClockworkSextant","Oddly Smooth Stone","Red Mask","Blood Vial","Bottled Tornado"],"acts_visited":["Exordium","TheCity"],"potions_floor_usage":[24,24,24,24,27,28,28,28],"damage_taken":[{"damage":15.0,"enemies":"Jaw Worm","floor":1.0,"turns":6.0},{"damage":5.0,"enemies":"Small Slimes","floor":2.0,"turns":3.0},{"damage":1.0,"enemies":"Cultist","floor":5.0,"turns":5.0},{"damage":0.0,"enemies":"3 Louse","floor":7.0,"turns":4.0},{"damage":23.0,"enemies":"Gremlin Nob","floor":8.0,"turns":6.0},{"damage":3.0,"enemies":"Exordium Thugs","floor":10.0,"turns":7.0},{"damage":37.0,"enemies":"3 Sentries","floor":11.0,"turns":10.0},{"damage":10.0,"enemies":"Hexaghost","floor":16.0,"turns":8.0},{"damage":0.0,"enemies":"Shell Parasite","floor":18.0,"turns":5.0},{"damage":10.0,"enemies":"3 Byrds","floor":19.0,"turns":7.0},{"damage":12.0,"enemies":"Snake Plant","floor":20.0,"turns":5.0},{"damage":20.0,"enemies":"Centurion and Healer","floor":21.0,"turns":7.0},{"damage":4.0,"enemies":"Chosen and Byrds","floor":22.0,"turns":5.0},{"damage":43,"enemies":"Masked Bandits","floor":24,"turns":5},{"damage":2,"enemies":"Snake Plant","floor":27,"turns":4},{"damage":35,"enemies":"Slavers","floor":28,"turns":4}],"seed_played":"-9082202554018067603","potions_obtained":[{"floor":1.0,"key":"LiquidMemories"},{"floor":7.0,"key":"Dexterity Potion"},{"floor":8.0,"key":"DuplicationPotion"},{"floor":16.0,"key":"BlessingOfTheForge"},{"floor":21.0,"key":"BlessingOfTheForge"},{"floor":24,"key":"DistilledChaos"}],"is_trial":false,"path_per_floor":["M","M","?","?","M","R","M","E","T","M","E","$","R","?","R","B",null,"M","M","M","M","M","R","?","$","T","M","E"],"character_chosen":"RobotSpaceExplorer","items_purchased":["RobotSpaceExplorer:ClockworkSextant","Oddly Smooth Stone","Blood Vial","PowerPotion"],"campfire_rested":2,"item_purchase_floors":[12,12,25,25],"current_hp_per_floor":[67,62,62,82,81,81,81,58,58,55,18,18,57,57,57,47,82,82,72,60,40,36,75,32,32,32,32,0,0],"gold":28,"neow_bonus":"TEN_PERCENT_HP_BONUS","is_daily":false,"chose_seed":false,"campfire_upgraded":2,"win_rate":0.0,"timestamp":1610752111,"path_taken":["M","M","?","?","M","R","M","E","T","M","E","$","R","?","R","BOSS","M","M","M","M","M","R","?","?","T","M","E"],"items_purchased_type":["Relic","Relic","Relic","Potion"],"build_version":"2020-12-22","purchased_purges":1,"victory":false,"max_hp_per_floor":[82,82,82,82,82,82,82,82,82,82,82,82,82,82,82,82,82,82,82,82,82,82,82,82,82,82,82,82,82],"card_choices":[{"not_picked":["RobotSpaceExplorer:SurgingShield","RobotSpaceExplorer:IronShell"],"picked":"RobotSpaceExplorer:MetalStrike","floor":1.0},{"not_picked":["RobotSpaceExplorer:PlasmaMissile","RobotSpaceExplorer:LaserBurst"],"picked":"RobotSpaceExplorer:Pulsar","floor":2.0},{"not_picked":["RobotSpaceExplorer:SwiftStep","RobotSpaceExplorer:SurgingStrike"],"picked":"RobotSpaceExplorer:GearShield","floor":5.0},{"not_picked":["RobotSpaceExplorer:Electroshield","RobotSpaceExplorer:MetalStrike"],"picked":"RobotSpaceExplorer:StarDust","floor":7.0},{"not_picked":["RobotSpaceExplorer:ScrapMissile","RobotSpaceExplorer:ShovelStrike"],"picked":"RobotSpaceExplorer:ChargingLaser","floor":8.0},{"not_picked":["RobotSpaceExplorer:Blitz","RobotSpaceExplorer:Probe"],"picked":"RobotSpaceExplorer:Calculate","floor":10.0},{"not_picked":["RobotSpaceExplorer:HighVoltage","RobotSpaceExplorer:Probe"],"picked":"RobotSpaceExplorer:GearShield","floor":11.0},{"not_picked":["RobotSpaceExplorer:HighVoltage","RobotSpaceExplorer:Asteroid"],"picked":"RobotSpaceExplorer:BlastShield","floor":16.0},{"not_picked":["RobotSpaceExplorer:FranticSearch","RobotSpaceExplorer:ShovelStrike"],"picked":"RobotSpaceExplorer:Pulsar+1","floor":18.0},{"not_picked":["RobotSpaceExplorer:SwiftStep+1","RobotSpaceExplorer:Ammunition"],"picked":"RobotSpaceExplorer:ToxicBomb","floor":19.0},{"not_picked":["RobotSpaceExplorer:ScrapToss","RobotSpaceExplorer:FrostMissile"],"picked":"RobotSpaceExplorer:SurgingStrike+1","floor":20.0},{"not_picked":["RobotSpaceExplorer:Jetpack","RobotSpaceExplorer:FrostMissile+1"],"picked":"RobotSpaceExplorer:Probe+1","floor":21.0},{"not_picked":["RobotSpaceExplorer:ShockKick","RobotSpaceExplorer:Counterblock","RobotSpaceExplorer:Blitz"],"picked":"SKIP","floor":22.0},{"not_picked":["RobotSpaceExplorer:Fix","RobotSpaceExplorer:PowerGlove+1"],"picked":"RobotSpaceExplorer:RigExplosive","floor":24},{"not_picked":["RobotSpaceExplorer:Autoloader","RobotSpaceExplorer:StunGrenade","RobotSpaceExplorer:ShovelStrike"],"picked":"SKIP","floor":27}],"player_experience":346567,"relics_obtained":[{"floor":8.0,"key":"Juzu Bracelet"},{"floor":9.0,"key":"Potion Belt"},{"floor":11.0,"key":"Regal Pillow"},{"floor":24,"key":"Red Mask"},{"floor":26,"key":"Bottled Tornado"}],"event_choices":[{"damage_healed":0.0,"max_hp_gain":0.0,"max_hp_loss":0.0,"gold_gain":175.0,"event_name":"Liars Game","player_choice":"AGREE","floor":3.0,"gold_loss":0.0,"damage_taken":0.0,"cards_obtained":["Doubt"]},{"damage_healed":20.0,"max_hp_gain":0.0,"max_hp_loss":0.0,"gold_gain":0.0,"event_name":"Wheel of Change","player_choice":"Full Heal","floor":4.0,"gold_loss":0.0,"damage_taken":0.0},{"cards_removed":["RobotSpaceExplorer:Strike"],"damage_healed":0.0,"max_hp_gain":0.0,"max_hp_loss":0.0,"gold_gain":0.0,"event_name":"The Cleric","player_choice":"Card Removal","floor":14.0,"gold_loss":50.0,"damage_taken":0.0},{"damage_healed":0,"gold_gain":0,"player_choice":"Fought Bandits","damage_taken":0,"max_hp_gain":0,"max_hp_loss":0,"event_name":"Masked Bandits","floor":24,"gold_loss":0}],"is_beta":false,"boss_relics":[{"not_picked":["RobotSpaceExplorer:SearchSpecs","Tiny House"],"picked":"RobotSpaceExplorer:TurboCore"}],"items_purged_floors":[12],"is_endless":false,"potions_floor_spawned":[1,7,8,16,21,24],"killed_by":"Slavers","ascension_level":0}}