{"host":"mi0eibewekhugwl1","time":1610700745,"event":{"mods":["AchievementEnabler","BaseMod","Colored Map","Colored Powertips","DeckTracker","Keyboard Shortcuts","Minty Spire (QoL Compilation)","Quick Restart","Rare Cards Sparkle","Relic Stats","StSLib","SuperFastMode","everything is the same but u backflip on backflip"],"gold_per_floor":[119,394,160,179,179,210,210,229,309,342,342,267,278,312,324,411,423,449,477,190,207,207,207],"floor_reached":22,"language":"KOR","playtime":394,"items_purged":["Regret","Strike_R"],"score":458,"play_id":"eea4ce9e-280d-4731-8360-036b7f6a5a48","local_time":"20210115175225","is_ascension_mode":true,"campfire_choices":[{"data":"Immolate","floor":7.0,"key":"SMITH"},{"floor":11.0,"key":"REST"},{"data":"Pommel Strike","floor":15.0,"key":"SMITH"}],"circlet_count":0,"master_deck":["AscendersBane","Strike_R","Strike_R","Strike_R","Defend_R","Defend_R","Defend_R","Defend_R","Bash","Cleave","Inflame","Spot Weakness","Shrug It Off","Immolate+1","Pommel Strike+1","Second Wind","Shrug It Off","Reaper","Power Through","Master of Strategy","Disarm","Intimidate"],"relics":["Black Blood","NeowsBlessing","HornCleat","Omamori","Singing Bowl","Prayer Wheel","MawBank"],"acts_visited":["Exordium","TheCity"],"potions_floor_usage":[16,18,19],"damage_taken":[{"damage":0.0,"enemies":"2 Louse","floor":1.0,"turns":1.0},{"damage":0.0,"enemies":"Cultist","floor":4.0,"turns":1.0},{"damage":0.0,"enemies":"3 Sentries","floor":6.0,"turns":2.0},{"damage":7.0,"enemies":"Jaw Worm","floor":8.0,"turns":3.0},{"damage":49.0,"enemies":"Gremlin Nob","floor":10.0,"turns":5.0},{"damage":12.0,"enemies":"Exordium Thugs","floor":13.0,"turns":3.0},{"damage":10.0,"enemies":"3 Sentries","floor":14.0,"turns":2.0},{"damage":22,"enemies":"Hexaghost","floor":16,"turns":9},{"damage":22,"enemies":"2 Thieves","floor":18,"turns":4},{"damage":42,"enemies":"3 Byrds","floor":19,"turns":5},{"damage":40,"enemies":"Snake Plant","floor":21,"turns":5},{"damage":43,"enemies":"Cultist and Chosen","floor":22,"turns":4}],"seed_played":"6755923092955609989","potions_obtained":[{"floor":4.0,"key":"Explosive Potion"},{"floor":6.0,"key":"SkillPotion"},{"floor":10.0,"key":"FearPotion"},{"floor":13.0,"key":"PowerPotion"},{"floor":18,"key":"BlessingOfTheForge"}],"is_trial":false,"path_per_floor":["M","?","$","M","T","E","R","M","T","E","R","?","M","E","R","B",null,"M","M","$","M","M"],"character_chosen":"IRONCLAD","items_purchased":["Inflame","Spot Weakness","Master of Strategy"],"campfire_rested":1,"item_purchase_floors":[3,3,20],"current_hp_per_floor":[74,74,74,75,75,75,75,74,74,33,56,56,52,48,48,32,67,69,53,53,25,0,0],"gold":207,"neow_bonus":"THREE_ENEMY_KILL","is_daily":false,"chose_seed":false,"campfire_upgraded":2,"win_rate":0.0,"timestamp":1610700745,"path_taken":["M","?","?","?","?","E","R","M","T","E","R","?","M","E","R","BOSS","M","M","$","M","M"],"items_purchased_type":["Card","Card","Card"],"build_version":"2020-12-22","purchased_purges":2,"victory":false,"max_hp_per_floor":[75,75,75,75,75,75,75,75,75,77,77,77,79,79,79,79,79,81,85,85,85,85,85],"relic_stats":{"Singing Bowl":10,"counters":[12,44],"Black Blood":73,"Prayer Wheel":4,"MawBank":72,"obtain_stats":[{"HornCleat":5,"NeowsBlessing":0,"Singing Bowl":9,"Black Blood":17,"Prayer Wheel":10,"Omamori":6,"MawBank":14,"Burning Blood":0},{"HornCleat":2,"NeowsBlessing":0,"Singing Bowl":4,"Black Blood":8,"Prayer Wheel":5,"Omamori":3,"MawBank":7,"Burning Blood":0},{"HornCleat":2,"NeowsBlessing":0,"Singing Bowl":7,"Black Blood":26,"Prayer Wheel":12,"Omamori":4,"MawBank":17,"Burning Blood":0}]},"card_choices":[{"not_picked":["Clash","Battle Trance"],"picked":"Cleave","floor":1.0},{"not_picked":["Flex","Burning Pact"],"picked":"Shrug It Off","floor":4.0},{"not_picked":["Warcry","Headbutt"],"picked":"Immolate","floor":6.0},{"not_picked":["Havoc","Shrug It Off"],"picked":"Pommel Strike","floor":8.0},{"not_picked":["Headbutt","Pommel Strike","Body Slam"],"picked":"Singing Bowl","floor":10.0},{"not_picked":["Armaments","Body Slam","Twin Strike"],"picked":"Singing Bowl","floor":13.0},{"not_picked":["Cleave","Metallicize"],"picked":"Second Wind","floor":13.0},{"not_picked":["Iron Wave","Flame Barrier"],"picked":"Shrug It Off","floor":14.0},{"not_picked":["Barricade","Berserk"],"picked":"Reaper","floor":16},{"not_picked":["Cleave","Searing Blow","Headbutt"],"picked":"Singing Bowl","floor":18},{"not_picked":["Perfected Strike","Clash"],"picked":"Power Through","floor":18},{"not_picked":["Bloodletting","Clash+1","Perfected Strike"],"picked":"Singing Bowl","floor":19},{"not_picked":["True Grit","Warcry","Clash"],"picked":"Singing Bowl","floor":19},{"not_picked":["Rupture","Iron Wave"],"picked":"Disarm","floor":21},{"not_picked":["Flame Barrier","Wild Strike"],"picked":"Intimidate","floor":21}],"player_experience":1741091,"relics_obtained":[{"floor":5.0,"key":"HornCleat"},{"floor":6.0,"key":"Omamori"},{"floor":9.0,"key":"Singing Bowl"},{"floor":10.0,"key":"Prayer Wheel"},{"floor":14.0,"key":"MawBank"}],"event_choices":[{"damage_healed":0.0,"max_hp_gain":0.0,"max_hp_loss":0.0,"gold_gain":275.0,"event_name":"Golden Shrine","player_choice":"Desecrate","floor":2.0,"gold_loss":0.0,"damage_taken":0.0,"cards_obtained":["Regret"]},{"cards_removed":["Strike_R"],"damage_healed":0.0,"max_hp_gain":0.0,"max_hp_loss":0.0,"gold_gain":0.0,"event_name":"The Cleric","player_choice":"Card Removal","floor":12.0,"gold_loss":75.0,"damage_taken":0.0}],"is_beta":false,"boss_relics":[{"not_picked":["Runic Cube","SlaversCollar"],"picked":"Black Blood"}],"items_purged_floors":[3,20],"is_endless":false,"potions_floor_spawned":[4,6,10,13,18],"killed_by":"Cultist and Chosen","ascension_level":20}}