{"host":"kh6fvhxn285ncg0o","time":1610702497,"event":{"mods":["Act Like it!","BaseMod","Colored Map","Friendly Minions","Keyboard Shortcuts","Minty Spire (QoL Compilation)","Quick Restart","Relic Stats","StSLib","SuperFastMode"],"gold_per_floor":[118,118,118,133,150,150,178,189,189,189,149,169,169,188,188,262,262,282,282,301,301,351,385,385,385],"floor_reached":24,"language":"KOR","playtime":2760,"items_purged":[],"score":432,"play_id":"b2584160-96ff-477d-bfe2-6cba4a2a9383","local_time":"20210115182137","is_ascension_mode":true,"campfire_choices":[{"data":"Combust","floor":6.0,"key":"SMITH"},{"data":"Inflame","floor":10.0,"key":"SMITH"},{"data":"Pommel Strike","floor":13.0,"key":"SMITH"},{"data":"Rage","floor":15.0,"key":"SMITH"}],"circlet_count":0,"master_deck":["AscendersBane","Defend_R","Defend_R","Defend_R","Defend_R","Bash+1","Warcry","Second Wind","Pommel Strike+1","Shrug It Off","Combust+1","Inflame+1","Rage+1","Battle Trance","Feel No Pain","Feel No Pain","Infernal Blade","Dark Embrace+1"],"relics":["Burning Blood","CaptainsWheel","Torii","Philosopher\u0027s Stone","Bird Faced Urn"],"acts_visited":["Exordium","TheCity"],"potions_floor_usage":[23,23],"damage_taken":[{"damage":4.0,"enemies":"Jaw Worm","floor":1.0,"turns":6.0},{"damage":6.0,"enemies":"Cultist","floor":4.0,"turns":3.0},{"damage":1.0,"enemies":"2 Louse","floor":5.0,"turns":4.0},{"damage":21.0,"enemies":"3 Sentries","floor":7.0,"turns":6.0},{"damage":10.0,"enemies":"Red Slaver","floor":8.0,"turns":3.0},{"damage":2.0,"enemies":"Exordium Wildlife","floor":12.0,"turns":2.0},{"damage":0.0,"enemies":"2 Fungi Beasts","floor":14.0,"turns":4.0},{"damage":31.0,"enemies":"Hexaghost","floor":16.0,"turns":11.0},{"damage":15.0,"enemies":"2 Thieves","floor":18.0,"turns":4.0},{"damage":4.0,"enemies":"Chosen","floor":20.0,"turns":6.0},{"damage":45,"enemies":"Slavers","floor":23,"turns":7},{"damage":24,"enemies":"Snake Plant","floor":24,"turns":1}],"seed_played":"3229345121045107417","potions_obtained":[{"floor":4.0,"key":"Swift Potion"},{"floor":11.0,"key":"Explosive Potion"},{"floor":11.0,"key":"EntropicBrew"},{"floor":12.0,"key":"Dexterity Potion"}],"is_trial":false,"path_per_floor":["M","?","?","M","M","R","E","M","T","R","?","M","R","M","R","B",null,"M","?","M","?","?","E","M"],"character_chosen":"IRONCLAD","items_purchased":[],"campfire_rested":0,"item_purchase_floors":[],"current_hp_per_floor":[52,52,52,52,57,57,42,38,38,38,38,42,42,48,48,23,62,53,53,55,55,55,16,0,0],"gold":385,"neow_bonus":"TRANSFORM_TWO_CARDS","is_daily":false,"chose_seed":false,"campfire_upgraded":4,"win_rate":0.0,"timestamp":1610702497,"path_taken":["M","?","?","?","M","R","E","M","T","R","?","M","R","M","R","BOSS","M","?","M","?","?","E","M"],"items_purchased_type":[],"build_version":"2020-12-22","purchased_purges":0,"victory":false,"max_hp_per_floor":[75,75,75,75,75,75,75,75,75,75,75,75,75,75,75,75,75,75,75,75,75,75,75,75,75],"relic_stats":{"Torii":18,"counters":[12,57],"Bird Faced Urn":[6],"obtain_stats":[{"CaptainsWheel":7,"Torii":9,"Bird Faced Urn":23,"Philosopher\u0027s Stone":17,"Burning Blood":0},{"CaptainsWheel":4,"Torii":5,"Bird Faced Urn":11,"Philosopher\u0027s Stone":8,"Burning Blood":0},{"CaptainsWheel":19,"Torii":22,"Bird Faced Urn":56,"Philosopher\u0027s Stone":39,"Burning Blood":0}],"Burning Blood":66},"card_choices":[{"not_picked":["Sword Boomerang","Intimidate"],"picked":"Pommel Strike","floor":1.0},{"not_picked":["Sword Boomerang","Cleave"],"picked":"Shrug It Off","floor":4.0},{"not_picked":["Heavy Blade","Sever Soul"],"picked":"Combust","floor":5.0},{"not_picked":["Ghostly Armor","Flex"],"picked":"Inflame","floor":8.0},{"not_picked":["Armaments","Ghostly Armor"],"picked":"Rage","floor":12.0},{"not_picked":["Iron Wave","Clash"],"picked":"Battle Trance","floor":14.0},{"not_picked":["Rampage","Heavy Blade"],"picked":"Feel No Pain","floor":18.0},{"not_picked":["Twin Strike","Clothesline"],"picked":"Dark Embrace+1","floor":20.0}],"player_experience":3448284,"relics_obtained":[{"floor":7.0,"key":"CaptainsWheel"},{"floor":9.0,"key":"Torii"},{"floor":23,"key":"Bird Faced Urn"}],"event_choices":[{"damage_healed":0.0,"max_hp_gain":0.0,"max_hp_loss":0.0,"gold_gain":0.0,"event_name":"Living Wall","player_choice":"Grow","floor":2.0,"gold_loss":0.0,"damage_taken":0.0,"cards_upgraded":["Bash"]},{"cards_removed":["Strike_R"],"damage_healed":0.0,"max_hp_gain":0.0,"max_hp_loss":0.0,"gold_gain":0.0,"event_name":"Bonfire Elementals","player_choice":"Offered Basic","floor":3.0,"gold_loss":0.0,"damage_taken":0.0},{"damage_healed":0.0,"max_hp_gain":0.0,"max_hp_loss":0.0,"gold_gain":0.0,"event_name":"The Woman in Blue","player_choice":"Bought 3 Potions","floor":11.0,"gold_loss":0.0,"damage_taken":0.0},{"damage_healed":0.0,"max_hp_gain":0.0,"max_hp_loss":0.0,"gold_gain":0.0,"cards_transformed":["Strike_R","Strike_R"],"event_name":"Drug Dealer","player_choice":"Became Test Subject","floor":19.0,"gold_loss":0.0,"damage_taken":0.0,"cards_obtained":["Feel No Pain","Infernal Blade"]},{"damage_healed":0.0,"max_hp_gain":0.0,"max_hp_loss":0.0,"gold_gain":0.0,"event_name":"Vampires","player_choice":"Ignored","floor":21.0,"gold_loss":0.0,"damage_taken":0.0},{"damage_healed":0.0,"max_hp_gain":0.0,"max_hp_loss":0.0,"gold_gain":50.0,"event_name":"Nest","player_choice":"Stole From Cult","floor":22.0,"gold_loss":0.0,"damage_taken":0.0}],"is_beta":false,"boss_relics":[{"not_picked":["Pandora\u0027s Box","Busted Crown"],"picked":"Philosopher\u0027s Stone"}],"items_purged_floors":[],"is_endless":false,"potions_floor_spawned":[4,12,14],"killed_by":"Snake Plant","ascension_level":20}}