{"host":"ruzbe9usp9zhw4m7","time":1610705388,"event":{"mods":["BaseMod","Colored Map","Downfall","Googly Eyes","Hermit","Marisa????????","Minty Spire (QoL Compilation)","Replay The Spire","StSLib","The Bug Knight","The Cursed","The Disciple"],"gold_per_floor":[112,112,112,127,73,109,109,57,57,90,114,114,127,150,150,269,269,284,244,24,49,64,64,64],"floor_reached":23,"language":"ENG","playtime":1462,"items_purged":[],"score":221,"play_id":"5fb7f61f-6a0e-4e84-a448-48e5d9bf2304","local_time":"20210115040948","is_ascension_mode":true,"campfire_choices":[{"data":"TheCursedMod:CursedBlade","floor":7,"key":"SMITH"},{"data":"TheCursedMod:SoulReap","floor":12,"key":"SMITH"},{"floor":15,"key":"DIG"}],"circlet_count":0,"master_deck":["TheCursedMod:Strike_TheCursed+1","TheCursedMod:Strike_TheCursed","TheCursedMod:Strike_TheCursed","TheCursedMod:Strike_TheCursed","TheCursedMod:Defend_TheCursed","TheCursedMod:Defend_TheCursed+1","TheCursedMod:Defend_TheCursed","TheCursedMod:Defend_TheCursed","TheCursedMod:CursedWand","TheCursedMod:CleanUpWorkshop+1","TheCursedMod:Dregs","TheCursedMod:CursedBlade+1","TheCursedMod:CircleOfCorruption+1","TheCursedMod:CursedShiv","TheCursedMod:SoulReap+1","TheCursedMod:WearCloak","TheCursedMod:SurpriseAttack","TheCursedMod:ReleasedStrength","TheCursedMod:CircleOfFlame","TheCursedMod:FleshFromBone","TheCursedMod:ReleasedKnowledge","TheCursedMod:DemonSword","TheCursedMod:SpitefulPray+1","TheCursedMod:CircleOfFlame"],"relics":["TheCursedMod:BlackMagic101","Golden Idol","Ancient Tea Set","Mirror","Letter Opener","Dream Catcher","TheCursedMod:OminousMark"],"acts_visited":["Exordium","TheCity"],"potions_floor_usage":[10,14,14,23],"damage_taken":[{"damage":2,"enemies":"Small Slimes","floor":1,"turns":4},{"damage":2,"enemies":"Jaw Worm","floor":4,"turns":4},{"damage":9,"enemies":"3 Sentries","floor":6,"turns":6},{"damage":20,"enemies":"Lagavulin","floor":10,"turns":6},{"damage":0,"enemies":"Cultist","floor":11,"turns":3},{"damage":0,"enemies":"Lots of Slimes","floor":13,"turns":2},{"damage":0,"enemies":"Gremlin Gang","floor":14,"turns":2},{"damage":41,"enemies":"Fading Forest","floor":16,"turns":11},{"damage":16,"enemies":"2 Thieves","floor":18,"turns":4},{"damage":0,"enemies":"3 Byrds","floor":21,"turns":4},{"damage":27,"enemies":"Centurion and Healer","floor":22,"turns":5},{"damage":60,"enemies":"Gremlin Leader","floor":23,"turns":9}],"seed_played":"7817822729854386891","potions_obtained":[{"floor":4,"key":"Adrenaline Potion"},{"floor":11,"key":"GamblersBrew"},{"floor":13,"key":"Toxic Potion"},{"floor":16,"key":"Milkshake"},{"floor":22,"key":"SneckoOil"}],"is_trial":false,"path_per_floor":["M","?","?","M","$","E","R","$","T","E","M","R","M","M","R_BF","B",null,"M","?","$","M","M","E"],"character_chosen":"THE_CURSED","items_purchased":["TheCursedMod:CursedShiv","TheCursedMod:WearCloak","TheCursedMod:ReleasedKnowledge","TheCursedMod:DemonSword"],"campfire_rested":0,"item_purchase_floors":[5,8,20,20],"current_hp_per_floor":[80,76,61,59,59,50,50,50,50,35,40,40,47,54,54,23,76,67,67,67,67,49,0,0],"gold":64,"neow_bonus":"TEN_PERCENT_HP_BONUS","is_daily":false,"chose_seed":false,"campfire_upgraded":2,"win_rate":0.0,"timestamp":1610705388,"path_taken":["M","?","?","M","$","E","R","$","T","E","M","R","M","M","R_BF","BOSS","M","?","$","M","M","E"],"items_purchased_type":["Card","Card","Card","Card"],"build_version":"2020-12-22","purchased_purges":0,"victory":false,"max_hp_per_floor":[82,76,76,76,76,76,76,76,76,76,76,76,76,76,76,76,76,76,76,76,76,76,76,76],"card_choices":[{"not_picked":["TheCursedMod:RapidMovement","TheCursedMod:PrepareRite"],"picked":"TheCursedMod:CursedBlade","floor":1},{"not_picked":["TheCursedMod:Obscuration","TheCursedMod:SaltUponWound"],"picked":"TheCursedMod:CircleOfCorruption","floor":4},{"not_picked":["TheCursedMod:StingEye","TheCursedMod:TacticalStrike"],"picked":"TheCursedMod:SoulReap","floor":6},{"not_picked":["TheCursedMod:RavingStaff","TheCursedMod:StunningStrike","TheCursedMod:Stretching"],"picked":"SKIP","floor":10},{"not_picked":["TheCursedMod:RapidMovement","TheCursedMod:Stretching"],"picked":"TheCursedMod:SurpriseAttack","floor":11},{"not_picked":["TheCursedMod:TacticalStrike","TheCursedMod:Hemoplague"],"picked":"TheCursedMod:ReleasedStrength","floor":13},{"not_picked":["TheCursedMod:CursedBoomerang","TheCursedMod:TacticalStrike"],"picked":"TheCursedMod:CircleOfFlame","floor":14},{"not_picked":["TheCursedMod:Torture","TheCursedMod:SpreadPlague"],"picked":"TheCursedMod:FleshFromBone","floor":18},{"not_picked":["TheCursedMod:Wield+1","TheCursedMod:ReleasedKnowledge"],"picked":"TheCursedMod:SpitefulPray+1","floor":21},{"not_picked":["TheCursedMod:Wield+1","TheCursedMod:RavingStaff"],"picked":"TheCursedMod:CircleOfFlame","floor":22}],"player_experience":675777,"relics_obtained":[{"floor":6,"key":"Ancient Tea Set"},{"floor":9,"key":"Mirror"},{"floor":10,"key":"Letter Opener"},{"floor":15,"key":"Dream Catcher"}],"event_choices":[{"damage_healed":0,"gold_gain":0,"player_choice":"Lose Max HP","damage_taken":0,"relics_obtained":["Golden Idol"],"max_hp_gain":0,"max_hp_loss":6,"event_name":"Golden Idol","floor":2,"gold_loss":0},{"damage_healed":0,"gold_gain":0,"player_choice":"Entered Light","damage_taken":15,"max_hp_gain":0,"max_hp_loss":0,"event_name":"Shining Light","floor":3,"gold_loss":0,"cards_upgraded":["TheCursedMod:Strike_TheCursed","TheCursedMod:CleanUpWorkshop"]},{"damage_healed":0,"gold_gain":0,"player_choice":"Upgraded Two","damage_taken":0,"max_hp_gain":0,"max_hp_loss":0,"event_name":"Designer","floor":19,"gold_loss":40,"cards_upgraded":["TheCursedMod:CircleOfCorruption","TheCursedMod:Defend_TheCursed"]}],"is_beta":false,"boss_relics":[{"not_picked":["TheCursedMod:BlackMagicAdvanced","Black Star"],"picked":"TheCursedMod:OminousMark"}],"items_purged_floors":[],"is_endless":false,"potions_floor_spawned":[4,11,13,16,22],"killed_by":"Gremlin Leader","ascension_level":2}}