{"host":"7gewg82ormp6yt4e","time":1610714984,"event":{"mods":["BaseMod","Block Reminder","Colored Map","Colored Powertips","DeckTracker","Highlight Path","Minty Spire (QoL Compilation)","Relic Stats","StSLib","ojb\u0027s Info Mod"],"gold_per_floor":[118,132,102,118,118,118,156,156,156,156,70,90,90,90],"floor_reached":13,"language":"JPN","playtime":482,"items_purged":[],"score":166,"play_id":"a2ca7582-9ac9-4a90-b7f3-47f8e0dc1ac7","local_time":"20210115214944","is_ascension_mode":true,"campfire_choices":[{"data":"Rip and Tear","floor":6,"key":"SMITH"},{"data":"Creative AI","floor":10,"key":"SMITH"}],"circlet_count":0,"master_deck":["AscendersBane","Strike_B","Strike_B","Strike_B","Strike_B","Defend_B","Defend_B","Defend_B","Defend_B","Zap","Dualcast","Creative AI+1","Steam","Scrape","Rip and Tear+1","Conserve Battery"],"relics":["Cracked Core","Golden Idol","Blue Candle","Pear"],"acts_visited":["Exordium"],"potions_floor_usage":[7,7],"damage_taken":[{"damage":4,"enemies":"2 Louse","floor":1,"turns":2},{"damage":2,"enemies":"Cultist","floor":2,"turns":4},{"damage":8,"enemies":"Small Slimes","floor":4,"turns":4},{"damage":22,"enemies":"Gremlin Nob","floor":7,"turns":4},{"damage":7,"enemies":"Exordium Thugs","floor":12,"turns":4},{"damage":40,"enemies":"3 Sentries","floor":13,"turns":7}],"seed_played":"91174420412096111","potions_obtained":[{"floor":3,"key":"SpeedPotion"},{"floor":3,"key":"SteroidPotion"},{"floor":7,"key":"Swift Potion"}],"is_trial":false,"path_per_floor":["M","M","?","M","?","R","E","$","T","R","$","M","E"],"character_chosen":"DEFECT","items_purchased":["LiquidBronze"],"campfire_rested":0,"item_purchase_floors":[11],"current_hp_per_floor":[60,58,58,50,50,50,28,28,38,38,38,31,0,0],"gold":90,"neow_bonus":"ONE_RANDOM_RARE_CARD","is_daily":false,"chose_seed":false,"campfire_upgraded":2,"win_rate":0.0,"timestamp":1610714984,"path_taken":["M","M","?","?","?","R","E","$","T","R","$","M","E"],"items_purchased_type":["Potion"],"build_version":"2020-12-22","purchased_purges":0,"victory":false,"max_hp_per_floor":[71,71,71,71,64,64,64,64,74,74,74,74,74,74],"relic_stats":{"counters":[6,25],"Golden Idol":12,"Blue Candle":[0],"obtain_stats":[{"Pear":9,"Golden Idol":5,"Blue Candle":7,"Cracked Core":0},{"Pear":4,"Golden Idol":3,"Blue Candle":4,"Cracked Core":0},{"Pear":14,"Golden Idol":10,"Blue Candle":14,"Cracked Core":0}]},"card_choices":[{"not_picked":["Stack","Fusion"],"picked":"Steam","floor":1},{"not_picked":["Go for the Eyes","Rebound"],"picked":"Scrape","floor":2},{"not_picked":["Recycle","Auto Shields"],"picked":"Rip and Tear","floor":4},{"not_picked":["Heatsinks","Stack"],"picked":"Conserve Battery","floor":7},{"not_picked":["Lockon","Aggregate","Go for the Eyes"],"picked":"SKIP","floor":12}],"player_experience":2584624,"relics_obtained":[{"floor":7,"key":"Blue Candle"},{"floor":9,"key":"Pear"}],"event_choices":[{"damage_healed":0,"gold_gain":0,"player_choice":"Bought 2 Potions","damage_taken":0,"max_hp_gain":0,"max_hp_loss":0,"event_name":"The Woman in Blue","floor":3,"gold_loss":0},{"damage_healed":0,"gold_gain":0,"player_choice":"Lose Max HP","damage_taken":0,"relics_obtained":["Golden Idol"],"max_hp_gain":0,"max_hp_loss":7,"event_name":"Golden Idol","floor":5,"gold_loss":0}],"is_beta":false,"boss_relics":[],"items_purged_floors":[],"is_endless":false,"potions_floor_spawned":[7,12],"killed_by":"3 Sentries","ascension_level":20}}