{"host":"guwca93h2ke9l2g3","time":1610677043,"event":{"mods":["100% Spire Juice","2.2 Compatiblity","Act Like it!","Arknights The Spire","Aspiration","BaseMod","Better Skull","ChefMod","Colored Powertips","Conspire","Dark Map","Downfall","Fox Events","GungeonMod","Halation","Hallownest","HololiveMod","Hubris","Infinite Spire","Lobotomy","LobotomyExtend","Marked Mod","Minty Spire (QoL Compilation)","Permanent Neow","Potionbrewer","Prisma Mod","Quick Restart","Relic Sorter","Relic Stats","Replay The Spire","Robot Space Explorer","Shade Mod","Spicy Shops","StSLib","The Alterego","The Animator","The Bug Knight","The Cursed","The Marked","The Mystic","The Necromancer","The Poker Player","TheVacant","TheWitcher","Waifu the Spire","WarShipGirlsR/????R mod","Yakumo Yukari mod","Yuri Mod","vexMod"],"gold_per_floor":[118,129,14,73,83,117,117,117,117,179,179,198,223,238,238,238,238],"floor_reached":16,"language":"ENG","playtime":1755,"items_purged":[],"score":143,"play_id":"c6a358d1-7448-4e33-a3e8-8186d9db9e32","local_time":"20210114201723","is_ascension_mode":true,"campfire_choices":[{"data":"DemoMod:CombinedRifle","floor":7,"key":"SMITH"},{"data":"DemoMod:HighKaliber","floor":11,"key":"SMITH"},{"data":"DemoMod:HuntsMan","floor":15,"key":"SMITH"}],"circlet_count":0,"master_deck":["DemoMod:Strike_Huntress","DemoMod:Strike_Huntress","DemoMod:Strike_Huntress","DemoMod:Defend_Huntress","DemoMod:Defend_Huntress","DemoMod:Defend_Huntress","DemoMod:Defend_Huntress","DemoMod:Roll","DemoMod:ManualReload","DemoMod:RustySidearm","DemoMod:CrossBow","DemoMod:CombinedRifle+1","DemoMod:FullFirepower+1","DemoMod:Evolver","DemoMod:Casey","DemoMod:BoxingGlove","DemoMod:HuntsMan+1","DemoMod:HighKaliber+1","DemoMod:Ejector","DemoMod:Purify"],"relics":["DemoMod:Dog","halation:KoshaPiece","aspiration:Nostalgia","PrismaMod:PrismaSapphire","LetterFromLob","Golden Egg","DemoMod:GnawedKey","Bronze Scales"],"acts_visited":["Exordium"],"potions_floor_usage":[5,13,16,16,16],"damage_taken":[{"damage":0,"enemies":"Cultist","floor":1,"turns":4},{"damage":0,"enemies":"conspire:RoseBush","floor":2,"turns":3},{"damage":0,"enemies":"2 Louse","floor":4,"turns":3},{"damage":0,"enemies":"Exordium Wildlife","floor":5,"turns":4},{"damage":22,"enemies":"Lagavulin","floor":6,"turns":4},{"damage":14,"enemies":"Red Slaver","floor":10,"turns":2},{"damage":0,"enemies":"2 Fungi Beasts","floor":12,"turns":2},{"damage":19,"enemies":"Gremlin Nob","floor":13,"turns":3},{"damage":10,"enemies":"Gremlin Gang","floor":14,"turns":4},{"damage":5,"enemies":"The Guardian","floor":16,"turns":7}],"seed_played":"5329073545288655580","potions_obtained":[{"floor":2,"key":"sneckomod:MuddlingPotion"},{"floor":4,"key":"SpeedPotion"},{"floor":10,"key":"Guardian:BlockOnCardUsePotion"},{"floor":13,"key":"Weak Potion"},{"floor":14,"key":"BlessingOfTheForge"}],"is_trial":false,"path_per_floor":["M","M","$","M","M","E","R","?","T","M","R","M","E","M","R","B"],"character_chosen":"HUNTRESS","items_purchased":["DemoMod:GnawedKey"],"campfire_rested":0,"item_purchase_floors":[3],"current_hp_per_floor":[70,70,70,70,70,48,48,48,48,34,34,34,15,5,5,0,0],"gold":238,"neow_bonus":"NOSTALGIA","is_daily":false,"chose_seed":false,"campfire_upgraded":3,"win_rate":0.0,"timestamp":1610677043,"path_taken":["M","M","$","?","M","E","R","?","T","M","R","M","E","M","R","BOSS"],"items_purchased_type":["Relic"],"build_version":"2020-12-22","purchased_purges":0,"victory":false,"max_hp_per_floor":[70,70,70,70,70,70,70,70,70,70,70,70,70,70,70,70,70],"relic_stats":{"counters":[10,36],"Bronze Scales":[31],"obtain_stats":[{"Golden Egg":2,"DemoMod:Dog":0,"aspiration:Nostalgia":0,"PrismaMod:PrismaSapphire":0,"Bronze Scales":6,"DemoMod:GlassGuonStoneRelic":4,"LetterFromLob":1,"DemoMod:GnawedKey":3,"halation:KoshaPiece":13},{"Golden Egg":2,"DemoMod:Dog":0,"aspiration:Nostalgia":0,"PrismaMod:PrismaSapphire":0,"Bronze Scales":5,"DemoMod:GlassGuonStoneRelic":3,"LetterFromLob":1,"DemoMod:GnawedKey":2,"halation:KoshaPiece":8},{"Golden Egg":7,"DemoMod:Dog":0,"aspiration:Nostalgia":0,"PrismaMod:PrismaSapphire":0,"Bronze Scales":18,"DemoMod:GlassGuonStoneRelic":10,"LetterFromLob":4,"DemoMod:GnawedKey":7,"halation:KoshaPiece":25}]},"card_choices":[{"not_picked":["DemoMod:JK47","DemoMod:StickyCrossBow","DemoMod:Ejector"],"picked":"SKIP","floor":1},{"not_picked":["DemoMod:ChanceBullets","DemoMod:Ejector","DemoMod:FortunesFavor"],"picked":"SKIP","floor":2},{"not_picked":["DemoMod:Ejector","DemoMod:HardPowerCard"],"picked":"DemoMod:CombinedRifle","floor":4},{"not_picked":["DemoMod:EasyReloadBullets","DemoMod:GunstockTap"],"picked":"DemoMod:FullFirepower","floor":5},{"not_picked":["DemoMod:FastSwitch","DemoMod:HardPowerCard"],"picked":"DemoMod:Evolver","floor":6},{"not_picked":["DemoMod:GunShield","DemoMod:ChanceBullets","DemoMod:HungryBullets"],"picked":"SKIP","floor":10},{"not_picked":["DemoMod:DirectionalPad","DemoMod:ChanceBullets"],"picked":"DemoMod:Purify","floor":12},{"not_picked":["DemoMod:GunstockTap","DemoMod:BoxingGlove","DemoMod:BattleInHaste"],"picked":"SKIP","floor":13},{"not_picked":["DemoMod:Casey","DemoMod:AWP","DemoMod:StickyCrossBow"],"picked":"SKIP","floor":14}],"player_experience":302429,"relics_obtained":[{"floor":1,"key":"LetterFromLob"},{"floor":2,"key":"Golden Egg"},{"floor":6,"key":"Bronze Scales"},{"floor":13,"key":"halation:KoshaPiece"}],"event_choices":[],"is_beta":false,"boss_relics":[],"items_purged_floors":[],"is_endless":false,"potions_floor_spawned":[2,4,10,13,14],"killed_by":"The Guardian","ascension_level":5}}