{"host":"r2b8ojg4o4pyvjvq","time":1610744163,"event":{"mods":["BaseMod","Colored Map","Downfall","Highlight Path","Hubris","Marisa????????","Minty Spire (QoL Compilation)","Quick Restart","Replay The Spire","StSLib","SuperFastMode"],"gold_per_floor":[115,40,40,40,57,90,90,104,104,104,104,120,120,140,140,239,239,261,372,374,26,26,59,70,70,147,161,192,209,134,147,147,243,243,261,261,261,277,577,577,612,623,623,66,84,84,97,97,97,97],"floor_reached":51,"language":"ENG","playtime":1727,"items_purged":["Guardian:Aged","NonDirectionalLaser","Parasite"],"score":988,"play_id":"9cc68b9c-7ea5-4e1f-a523-0a26fd72e1d6","local_time":"20210115215603","is_ascension_mode":true,"campfire_choices":[{"floor":10.0,"key":"REST"},{"data":"UltimateShortwave","floor":25.0,"key":"SMITH"},{"data":"AsteroidBelt","floor":32.0,"key":"SMITH"},{"floor":40.0,"key":"RECALL"},{"data":"UltimateShortwave","floor":46.0,"key":"SMITH"},{"data":"DeepEcoloBomb","floor":49.0,"key":"SMITH"}],"circlet_count":0,"master_deck":["AscendersBane","MillisecondPulsars+1","Strike_MRS+1","Defend_MRS","Defend_MRS","Defend_MRS+1","MasterSpark","UpSweep","NonDirectionalLaser+1","GalacticHalo","Acceleration+1","MagicAbsorber","UnstableBomb+1","GrandCross","UltimateShortwave+1","CurseOfTheBell","OortCloud","DeepEcoloBomb+1","PropBag+1","AsteroidBelt+1","UltimateShortwave+1","MagicAbsorber+1","PulseMagic+1","ShootTheMoon+1"],"relics":["MiniHakkero","hubris:64BitClover","hubris:Towel","Meat on the Bone","Replay:Grab Bag","Coffee Dripper","Sozu","Calling Bell","hubris:HollowSoul","hubris:Metronome","TungstenRod","MawBank","Matryoshka","Bag of Marbles","Iron Hammer","Onion Ring","Simple Rune","BreadOfAWashokuLover","hubris:ScarierMask","Shuriken","Bronze Scales","hubris:CrystalStatue","ReplayFunnel","Regal Pillow","Ice Cream","Lee\u0027s Waffle","MealTicket"],"acts_visited":["Exordium","TheCity","TheBeyond"],"potions_floor_usage":[50],"damage_taken":[{"damage":5.0,"enemies":"Cultist","floor":1.0,"turns":4.0},{"damage":8.0,"enemies":"2 Louse","floor":5.0,"turns":3.0},{"damage":32.0,"enemies":"Gremlin Nob","floor":6.0,"turns":5.0},{"damage":12.0,"enemies":"Jaw Worm","floor":8.0,"turns":4.0},{"damage":29.0,"enemies":"Exordium Thugs","floor":12.0,"turns":5.0},{"damage":0.0,"enemies":"Looter","floor":14.0,"turns":2.0},{"damage":50.0,"enemies":"Hexaghost","floor":16.0,"turns":9.0},{"damage":8.0,"enemies":"Shell Parasite","floor":18.0,"turns":4.0},{"damage":17.0,"enemies":"2 Thieves","floor":20.0,"turns":4.0},{"damage":21.0,"enemies":"Book of Stabbing","floor":23.0,"turns":5.0},{"damage":6.0,"enemies":"Snake Plant","floor":24.0,"turns":5.0},{"damage":0.0,"enemies":"3 Cultists","floor":27.0,"turns":4.0},{"damage":9.0,"enemies":"Gremlin Leader","floor":28.0,"turns":6.0},{"damage":0.0,"enemies":"Sentry and Sphere","floor":29.0,"turns":4.0},{"damage":10.0,"enemies":"Centurion and Healer","floor":31.0,"turns":4.0},{"damage":18.0,"enemies":"hubris:MusketHawk","floor":33.0,"turns":7.0},{"damage":10.0,"enemies":"Orb Walker","floor":35.0,"turns":2.0},{"damage":11.0,"enemies":"3 Darklings","floor":38.0,"turns":3.0},{"damage":0.0,"enemies":"R_Hoarder","floor":41.0,"turns":7.0},{"damage":29.0,"enemies":"Writhing Mass","floor":42.0,"turns":7.0},{"damage":7.0,"enemies":"Jaw Worm Horde","floor":45.0,"turns":4.0},{"damage":21.0,"enemies":"Spire Growth","floor":47.0,"turns":6.0},{"damage":34,"enemies":"Replay:Hell Engine","floor":50,"turns":16}],"seed_played":"-5156799148864845118","potions_obtained":[{"floor":5.0,"key":"SpeedPotion"},{"floor":12.0,"key":"GamblersBrew"},{"floor":14.0,"key":"Swift Potion"},{"floor":16.0,"key":"ColorlessPotion"}],"is_trial":false,"path_per_floor":["M","$","?","?","M","E","?","M","T","R","?","M","?","M","R_BF","B",null,"M","?","M","$","?","E","M","R","T","M","E","M","?","M","R","B",null,"M","?","T","M","?","R","E","M","T","$","M","R","M","T","R","B",null],"character_chosen":"MARISA","items_purchased":["Matryoshka","Ice Cream","Lee\u0027s Waffle"],"campfire_rested":1,"item_purchase_floors":[21,44,44],"current_hp_per_floor":[63,63,68,68,60,28,28,16,16,40,90,61,61,61,88,50,80,72,72,55,55,55,46,52,52,52,52,55,57,57,48,48,43,78,69,69,69,59,59,59,60,45,45,94,87,87,67,67,67,46],"gold":97,"neow_bonus":"TRANSFORM_TWO_CARDS","is_daily":false,"chose_seed":false,"campfire_upgraded":4,"win_rate":0.0,"timestamp":1610744163,"path_taken":["M","$","?","?","?","E","?","M","T","R","?","?","?","M","R_BF","BOSS","M","?","M","$","?","E","M","R","T","M","E","?","?","M","R","BOSS","M","?","?","?","?","R","E","?","T","$","M","R","M","?","R","BOSS"],"items_purchased_type":["Relic","Relic","Relic"],"build_version":"2020-12-22","purchased_purges":3,"victory":true,"max_hp_per_floor":[75,75,80,80,80,80,80,80,80,80,90,90,90,90,90,90,90,90,90,90,90,90,90,90,90,90,90,90,90,90,90,90,90,90,90,90,90,90,90,90,90,90,90,94,94,94,94,94,94,94],"card_choices":[{"not_picked":["GravityBeat","PowerUp"],"picked":"GalacticHalo","floor":1.0},{"not_picked":["GasGiant","DC"],"picked":"Acceleration","floor":5.0},{"not_picked":["ChargingUp","SuperPerseids"],"picked":"NonDirectionalLaser","floor":6.0},{"not_picked":["DoubleSpark","WitchOfGreed"],"picked":"MagicAbsorber","floor":8.0},{"not_picked":["DC","MilkyWay"],"picked":"UnstableBomb","floor":12.0},{"not_picked":["StarBarrage","DC"],"picked":"GrandCross","floor":14.0},{"not_picked":["ManaRampage","BlazingStar"],"picked":"UltimateShortwave","floor":16.0},{"not_picked":["NonDirectionalLaser","GravityBeat"],"picked":"OortCloud","floor":18.0},{"not_picked":["SporeBomb","DarkMatter+1","MilkyWay+1"],"picked":"SKIP","floor":20.0},{"not_picked":["Occultation","BlazingStar","MilkyWay+1"],"picked":"SKIP","floor":23.0},{"not_picked":["ManaConvection","SporeBomb"],"picked":"PropBag+1","floor":24.0},{"not_picked":["SuperPerseids","SporeBomb+1"],"picked":"AsteroidBelt","floor":27.0},{"not_picked":["LuminesStrike","MagicChant","Robbery+1"],"picked":"SKIP","floor":28.0},{"not_picked":["Singularity","ChargeUpSpray","UnstableBomb+1"],"picked":"SKIP","floor":29.0},{"not_picked":["AsteroidBelt","PowerUp","RefractionSpark"],"picked":"SKIP","floor":31.0},{"not_picked":["CasketOfStar","StarDustReverie"],"picked":"UltimateShortwave","floor":33.0},{"not_picked":["MysteriousBeam","GravityBeat"],"picked":"MagicAbsorber+1","floor":35.0},{"not_picked":["NonDirectionalLaser+1","Singularity+1","StarlightTyphoon"],"picked":"SKIP","floor":38.0},{"not_picked":["NonDirectionalLaser+1","AsteroidBelt","UnstableBomb+1"],"picked":"SKIP","floor":41.0},{"not_picked":["WitchOfGreed+1","AsteroidBelt+1"],"picked":"PulseMagic+1","floor":42.0},{"not_picked":["GravityBeat+1","6A","SporeBomb"],"picked":"SKIP","floor":45.0},{"not_picked":["Orbital+1","ChargingUp"],"picked":"ShootTheMoon+1","floor":47.0}],"player_experience":489713,"relics_obtained":[{"floor":6.0,"key":"hubris:64BitClover"},{"floor":9.0,"key":"Meat on the Bone"},{"floor":17.0,"key":"hubris:Metronome"},{"floor":17.0,"key":"TungstenRod"},{"floor":17.0,"key":"MawBank"},{"floor":23.0,"key":"Bag of Marbles"},{"floor":24.0,"key":"Iron Hammer"},{"floor":26.0,"key":"Onion Ring"},{"floor":26.0,"key":"Simple Rune"},{"floor":28.0,"key":"BreadOfAWashokuLover"},{"floor":37.0,"key":"Shuriken"},{"floor":37.0,"key":"Bronze Scales"},{"floor":41.0,"key":"hubris:CrystalStatue"},{"floor":42.0,"key":"ReplayFunnel"},{"floor":43.0,"key":"Regal Pillow"},{"floor":48.0,"key":"MealTicket"}],"event_choices":[{"damage_healed":0.0,"max_hp_gain":5.0,"max_hp_loss":0.0,"gold_gain":0.0,"event_name":"Big Fish","player_choice":"Donut","floor":3.0,"gold_loss":0.0,"damage_taken":0.0},{"damage_healed":0.0,"max_hp_gain":0.0,"max_hp_loss":0.0,"gold_gain":0.0,"event_name":"Upgrade Shrine","player_choice":"Upgraded","floor":4.0,"gold_loss":0.0,"damage_taken":0.0,"cards_upgraded":["NonDirectionalLaser"]},{"cards_removed":["AbsoluteMagnitude"],"damage_healed":40.0,"max_hp_gain":10.0,"max_hp_loss":0.0,"gold_gain":0.0,"event_name":"Bonfire Elementals","player_choice":"Offered Rare","floor":11.0,"gold_loss":0.0,"damage_taken":0.0},{"damage_healed":0.0,"max_hp_gain":0.0,"max_hp_loss":0.0,"gold_gain":99.0,"event_name":"Nest","player_choice":"Stole From Cult","floor":19.0,"gold_loss":0.0,"damage_taken":0.0},{"damage_healed":0.0,"max_hp_gain":0.0,"max_hp_loss":0.0,"gold_gain":0.0,"cards_transformed":["Strike_MRS"],"event_name":"Transmorgrifier","player_choice":"Transformed","floor":22.0,"gold_loss":0.0,"damage_taken":0.0,"cards_obtained":["DeepEcoloBomb"]},{"cards_removed":["Defend_MRS"],"damage_healed":0.0,"max_hp_gain":0.0,"max_hp_loss":0.0,"gold_gain":0.0,"event_name":"Beggar","player_choice":"Gave Gold","floor":30.0,"gold_loss":75.0,"damage_taken":0.0},{"damage_healed":0.0,"max_hp_gain":0.0,"max_hp_loss":0.0,"gold_gain":300.0,"event_name":"Wheel of Change","player_choice":"Gold","floor":39.0,"gold_loss":0.0,"damage_taken":0.0}],"is_beta":false,"boss_relics":[{"not_picked":["ChewingGum","Honey Jar"],"picked":"Replay:Grab Bag"},{"not_picked":["hubris:VirtuousBlindfold","hubris:CrackedHourglass"],"picked":"Coffee Dripper"},{"not_picked":["ReplayTheSpireMod:Onyx Gauntlets","Velvet Choker"],"picked":"Sozu"},{"not_picked":["Runic Pyramid","SlaversCollar"],"picked":"Calling Bell"},{"not_picked":["Astrolabe","hubris:BlackHole"],"picked":"hubris:HollowSoul"},{"not_picked":["Tiny House","Ring of Chaos"],"picked":"hubris:ScarierMask"}],"items_purged_floors":[2,21,44],"is_endless":false,"potions_floor_spawned":[5,12,14,16,20,24,31,38,41,45],"ascension_level":10}}