{"host":"w3q5ijqu8eoknil3","time":1610701599,"event":{"mods":["AchievementEnabler","BaseMod","Block Reminder","Colored Map","Colored Powertips","Curses Come First","Dark Map","Minty Spire (QoL Compilation)","Quick Restart","Relic Stats","StSLib","ojb\u0027s Better Paths Mod","ojb\u0027s Info Mod","slay the spire mod where everything is the same but ironclad has a cowboy hat"],"gold_per_floor":[114,134,134,146,146,178,178,209,209,228,16,91,91,91,91,91,91],"floor_reached":16,"language":"ENG","playtime":276,"items_purged":[],"score":205,"play_id":"e3dc0184-3a3c-4dca-ae54-56ea6837be0b","local_time":"20210115090639","is_ascension_mode":true,"campfire_choices":[{"data":"All Out Attack","floor":7,"key":"SMITH"},{"floor":15,"key":"REST"}],"circlet_count":0,"master_deck":["AscendersBane","Strike_G","Strike_G","Strike_G","Defend_G","Defend_G","Defend_G","Defend_G","Defend_G","Survivor","Neutralize","Riddle With Holes","All Out Attack+1","Eviscerate","Deadly Poison","Dash","Crippling Poison","Footwork+1","Expertise","Calculated Gamble"],"relics":["Ring of the Snake","NeowsBlessing","Dream Catcher","Frozen Egg 2","Lantern","Medical Kit","Golden Idol"],"acts_visited":["Exordium"],"potions_floor_usage":[6,6,16],"damage_taken":[{"damage":0,"enemies":"2 Louse","floor":1,"turns":1},{"damage":0,"enemies":"Cultist","floor":2,"turns":1},{"damage":0,"enemies":"Jaw Worm","floor":4,"turns":1},{"damage":3,"enemies":"Gremlin Nob","floor":6,"turns":3},{"damage":27,"enemies":"3 Sentries","floor":8,"turns":7},{"damage":8,"enemies":"Blue Slaver","floor":10,"turns":4},{"damage":28,"enemies":"Hexaghost","floor":16,"turns":9}],"seed_played":"5539232395072488094","potions_obtained":[{"floor":1,"key":"Fire Potion"},{"floor":2,"key":"Explosive Potion"},{"floor":10,"key":"Explosive Potion"}],"is_trial":false,"path_per_floor":["M","M","?","M","?","E","R","E","T","M","$","?","?","?","R","B"],"character_chosen":"THE_SILENT","items_purchased":["Medical Kit","Footwork+1"],"campfire_rested":1,"item_purchase_floors":[11,11],"current_hp_per_floor":[59,59,59,59,59,56,56,29,29,21,21,10,10,10,28,0,0],"gold":91,"neow_bonus":"THREE_ENEMY_KILL","is_daily":false,"chose_seed":false,"campfire_upgraded":1,"win_rate":0.0,"timestamp":1610701599,"path_taken":["M","M","?","?","?","E","R","E","T","M","$","?","?","?","R","BOSS"],"items_purchased_type":["Relic","Card"],"build_version":"2020-12-22","purchased_purges":0,"victory":false,"max_hp_per_floor":[66,66,66,66,66,66,66,66,66,66,66,66,66,60,60,60,60],"relic_stats":{"Dream Catcher":1,"counters":[7,26],"Golden Idol":0,"Medical Kit":[2],"obtain_stats":[{"Dream Catcher":6,"Lantern":9,"NeowsBlessing":0,"Golden Idol":14,"Frozen Egg 2":8,"Medical Kit":11,"Ring of the Snake":0},{"Dream Catcher":4,"Lantern":5,"NeowsBlessing":0,"Golden Idol":6,"Frozen Egg 2":5,"Medical Kit":6,"Ring of the Snake":0},{"Dream Catcher":6,"Lantern":13,"NeowsBlessing":0,"Golden Idol":17,"Frozen Egg 2":13,"Medical Kit":17,"Ring of the Snake":0}],"Ring of the Snake":[14]},"card_choices":[{"not_picked":["Blur","Concentrate"],"picked":"Riddle With Holes","floor":1},{"not_picked":["PiercingWail","Backflip"],"picked":"All Out Attack","floor":2},{"not_picked":["Flying Knee","Dagger Throw"],"picked":"Eviscerate","floor":4},{"not_picked":["Bane","Masterful Stab"],"picked":"Deadly Poison","floor":6},{"not_picked":["Dodge and Roll","Backflip"],"picked":"Dash","floor":8},{"not_picked":["Quick Slash","Dagger Spray"],"picked":"Crippling Poison","floor":10},{"not_picked":["Deflect","Underhanded Strike"],"picked":"Calculated Gamble","floor":15}],"player_experience":982575,"relics_obtained":[{"floor":6,"key":"Dream Catcher"},{"floor":8,"key":"Frozen Egg 2"},{"floor":9,"key":"Lantern"}],"event_choices":[{"cards_removed":["Strike_G"],"damage_healed":0,"gold_gain":0,"player_choice":"Purged","damage_taken":0,"max_hp_gain":0,"max_hp_loss":0,"event_name":"Purifier","floor":3,"gold_loss":0},{"damage_healed":0,"gold_gain":0,"player_choice":"Ignored","damage_taken":0,"max_hp_gain":0,"max_hp_loss":0,"event_name":"Liars Game","floor":5,"gold_loss":0},{"damage_healed":0,"gold_gain":75,"player_choice":"Gather Gold","damage_taken":11,"max_hp_gain":0,"max_hp_loss":0,"event_name":"World of Goop","floor":12,"gold_loss":0},{"damage_healed":0,"gold_gain":0,"cards_transformed":["Strike_G"],"player_choice":"Change","damage_taken":0,"max_hp_gain":0,"max_hp_loss":0,"event_name":"Living Wall","floor":13,"gold_loss":0,"cards_obtained":["Expertise"]},{"damage_healed":0,"gold_gain":0,"player_choice":"Lose Max HP","damage_taken":0,"relics_obtained":["Golden Idol"],"max_hp_gain":0,"max_hp_loss":6,"event_name":"Golden Idol","floor":14,"gold_loss":0}],"is_beta":false,"boss_relics":[],"items_purged_floors":[],"is_endless":false,"potions_floor_spawned":[1,2,10],"killed_by":"Hexaghost","ascension_level":18}}