{"host":"cv77zuuuekizn3ic","time":1610684327,"event":{"mods":["ATMod(°¢èªMod)","AchievementEnabler","BaseMod","Marisa£¨ìFÓê¡¡Ä§ÀíÉ³£©","Minty Spire (QoL Compilation)","StSLib","Waifu the Spire","everything is the same but u backflip on backflip","slay the spire mod where everything is the same but ironclad has a cowboy hat"],"gold_per_floor":[379,379,33,48,48,74,74,104,128,148,148,148,175,202,202,279,279,292,304,43,43,43,69,69,98,125,125,150,179,11,24,24,99,99,111,121,121,139,139,171,197,147,174,225,254,254,281,281,281,281,281,281,13,38,38],"floor_reached":56,"language":"ZHS","playtime":3210,"items_purged":["Regret","Strike_G","Strike_G","Strike_G"],"score":2875,"play_id":"a426ad64-4de5-4303-9615-14c7caf6ed03","local_time":"20210115121847","is_ascension_mode":true,"campfire_choices":[{"data":"AT_FamilyPortrait","floor":7.0,"key":"SMITH"},{"floor":12.0,"key":"REST"},{"floor":15.0,"key":"REST"},{"data":"AT_ShadowStep","floor":24.0,"key":"SMITH"},{"data":"Night Terror","floor":27.0,"key":"SMITH"},{"data":"Expertise","floor":32.0,"key":"SMITH"},{"floor":49.0,"key":"RECALL"},{"data":"Adrenaline","floor":52,"key":"SMITH"}],"circlet_count":0,"master_deck":["AscendersBane","Defend_G","Defend_G","Defend_G","Defend_G","Defend_G","Survivor","Neutralize","AT_FamilyPortrait+1","Skewer","Backflip","Footwork","Blade Dance","PiercingWail","Expertise+1","Accuracy","AT_TwilightShroud","Night Terror+1","Blur","AT_ShadowStep+1","AT_KneejerkReflex","Adrenaline+1","Madness","Madness","AT_ThistleTea","AT_FocusSwordFire+1"],"relics":["Ring of the Snake","AT_ATBox","Ancient Tea Set","Sling","Kunai","Art of War","Bronze Scales","WingedGreaves","Odd Mushroom","WristBlade","PreservedInsect","Smiling Mask","AT_Manta","Oddly Smooth Stone","Snake Skull","Omamori","Medical Kit","Busted Crown","Centennial Puzzle","AT_BladeRuinedKing","CatCart","Ornamental Fan","Lee\u0027s Waffle","FossilizedHelix"],"acts_visited":["Exordium","TheCity","TheBeyond","TheEnding"],"potions_floor_usage":[55,55,55,55],"damage_taken":[{"damage":1.0,"enemies":"2 Louse","floor":1.0,"turns":6.0},{"damage":0.0,"enemies":"Jaw Worm","floor":4.0,"turns":4.0},{"damage":14.0,"enemies":"Gremlin Nob","floor":6.0,"turns":3.0},{"damage":14.0,"enemies":"Lagavulin","floor":8.0,"turns":9.0},{"damage":2.0,"enemies":"Small Slimes","floor":10.0,"turns":4.0},{"damage":20.0,"enemies":"Gremlin Nob","floor":13.0,"turns":5.0},{"damage":4.0,"enemies":"The Mushroom Lair","floor":14.0,"turns":3.0},{"damage":18.0,"enemies":"Hexaghost","floor":16.0,"turns":13.0},{"damage":7.0,"enemies":"3 Byrds","floor":18.0,"turns":6.0},{"damage":8.0,"enemies":"2 Thieves","floor":19.0,"turns":5.0},{"damage":0.0,"enemies":"Gremlin Leader","floor":23.0,"turns":4.0},{"damage":4.0,"enemies":"Book of Stabbing","floor":25.0,"turns":5.0},{"damage":0.0,"enemies":"Slavers","floor":28.0,"turns":1.0},{"damage":0.0,"enemies":"Book of Stabbing","floor":29.0,"turns":2.0},{"damage":0.0,"enemies":"3 Cultists","floor":31.0,"turns":8.0},{"damage":0.0,"enemies":"Champ","floor":33.0,"turns":9.0},{"damage":0.0,"enemies":"Orb Walker","floor":35.0,"turns":2.0},{"damage":39.0,"enemies":"3 Shapes","floor":36.0,"turns":7.0},{"damage":4.0,"enemies":"Writhing Mass","floor":38.0,"turns":7.0},{"damage":0.0,"enemies":"Reptomancer","floor":40.0,"turns":7.0},{"damage":0.0,"enemies":"Nemesis","floor":41.0,"turns":9.0},{"damage":0.0,"enemies":"Orin","floor":44.0,"turns":4.0},{"damage":0.0,"enemies":"Giant Head","floor":45.0,"turns":2.0},{"damage":0.0,"enemies":"Nemesis","floor":47.0,"turns":3.0},{"damage":0.0,"enemies":"4 Shapes","floor":48.0,"turns":1.0},{"damage":0,"enemies":"Donu and Deca","floor":50,"turns":2},{"damage":0,"enemies":"Shield and Spear","floor":54,"turns":5},{"damage":42,"enemies":"The Heart","floor":55,"turns":6}],"seed_played":"3798790054799476249","potions_obtained":[{"floor":1.0,"key":"AttackPotion"},{"floor":6.0,"key":"BlessingOfTheForge"},{"floor":14.0,"key":"Swift Potion"},{"floor":16.0,"key":"Explosive Potion"},{"floor":19.0,"key":"Weak Potion"},{"floor":25.0,"key":"CunningPotion"},{"floor":29.0,"key":"Dexterity Potion"},{"floor":36.0,"key":"SmokeBomb"},{"floor":54,"key":"EntropicBrew"}],"is_trial":false,"path_per_floor":["M","?","$","M","?","E","R","E","T","M","?","R","E","?","R","B",null,"M","M","$","?","?","E","R","E","T","R","E","E","$","M","R","B",null,"M","M","?","M","?","E","E","$","T","?","E","?","E","M","R","B",null,"R","$","E","B",null],"character_chosen":"THE_SILENT","items_purchased":["Backflip","Footwork","Sling","PreservedInsect","Medical Kit","Lee\u0027s Waffle","SteroidPotion"],"campfire_rested":2,"item_purchase_floors":[3,3,3,20,30,53,53],"current_hp_per_floor":[43,43,43,43,36,22,22,8,8,6,6,25,5,1,20,2,50,43,35,35,35,35,35,35,38,38,38,38,38,38,66,66,66,66,66,27,27,23,11,11,11,11,11,11,11,11,11,11,11,11,52,52,73,73,31],"gold":38,"neow_bonus":"TWO_FIFTY_GOLD","is_daily":false,"chose_seed":false,"campfire_upgraded":5,"win_rate":0.0,"timestamp":1610684327,"path_taken":["M","?","$","M","?","E","R","E","T","M","?","R","E","?","R","BOSS","M","M","$","?","?","E","R","E","T","R","E","E","?","M","R","BOSS","M","M","?","M","?","E","E","$","T","?","E","?","E","M","R","BOSS","R","$","E","BOSS"],"items_purchased_type":["Card","Card","Relic","Relic","Relic","Relic","Potion"],"build_version":"2020-12-22","purchased_purges":4,"victory":true,"max_hp_per_floor":[66,66,66,66,66,66,66,66,66,66,66,66,66,66,66,66,66,66,66,66,66,66,66,66,66,66,66,66,66,66,66,66,66,66,66,66,66,66,66,66,66,66,66,66,66,66,66,66,66,66,66,66,73,73,73],"card_choices":[{"not_picked":["Bane","Dash"],"picked":"Skewer","floor":1.0},{"not_picked":["Backflip","Flying Knee"],"picked":"Blade Dance","floor":4.0},{"not_picked":["Quick Slash","PiercingWail","Flying Knee"],"picked":"SKIP","floor":6.0},{"not_picked":["Quick Slash","Flying Knee"],"picked":"PiercingWail","floor":6.0},{"not_picked":["Noxious Fumes","Dash"],"picked":"Expertise","floor":8.0},{"not_picked":["Cloak And Dagger","Underhanded Strike","Dodge and Roll"],"picked":"SKIP","floor":10.0},{"not_picked":["Terror","Dagger Spray"],"picked":"Accuracy","floor":13.0},{"not_picked":["Prepared","Crippling Poison"],"picked":"AT_TwilightShroud","floor":14.0},{"not_picked":["Adrenaline","Grand Finale"],"picked":"Night Terror","floor":16.0},{"not_picked":["Quick Slash","Leg Sweep"],"picked":"Blur","floor":18.0},{"not_picked":["Flying Knee","Flechettes+1"],"picked":"AT_ShadowStep","floor":19.0},{"not_picked":["Distraction","Glass Knife","A Thousand Cuts"],"picked":"SKIP","floor":23.0},{"not_picked":["Slice","Dodge and Roll","Caltrops"],"picked":"SKIP","floor":25.0},{"not_picked":["Slice","Bullet Time","Riddle With Holes"],"picked":"SKIP","floor":28.0},{"not_picked":["Deflect","Quick Slash","Blade Dance"],"picked":"SKIP","floor":29.0},{"not_picked":["Bane+1","Deadly Poison","Dodge and Roll"],"picked":"SKIP","floor":31.0},{"not_picked":["AT_MyraUnstableElement","Wraith Form v2"],"picked":"Adrenaline","floor":33.0},{"not_picked":["Bane"],"picked":"SKIP","floor":35.0},{"not_picked":["AT_WindFlip"],"picked":"SKIP","floor":36.0},{"not_picked":["Deflect"],"picked":"SKIP","floor":38.0},{"not_picked":["Deflect"],"picked":"SKIP","floor":40.0},{"not_picked":[],"picked":"AT_ThistleTea","floor":41.0},{"not_picked":["Grand Finale"],"picked":"SKIP","floor":45.0},{"not_picked":["Flechettes"],"picked":"SKIP","floor":47.0},{"not_picked":[],"picked":"AT_FocusSwordFire+1","floor":54}],"player_experience":891913,"relics_obtained":[{"floor":6.0,"key":"Kunai"},{"floor":8.0,"key":"Art of War"},{"floor":9.0,"key":"Bronze Scales"},{"floor":13.0,"key":"WingedGreaves"},{"floor":14.0,"key":"Odd Mushroom"},{"floor":23.0,"key":"Smiling Mask"},{"floor":25.0,"key":"AT_Manta"},{"floor":26.0,"key":"Oddly Smooth Stone"},{"floor":28.0,"key":"Snake Skull"},{"floor":29.0,"key":"Omamori"},{"floor":40.0,"key":"Centennial Puzzle"},{"floor":41.0,"key":"AT_BladeRuinedKing"},{"floor":44.0,"key":"CatCart"},{"floor":45.0,"key":"Ornamental Fan"},{"floor":54,"key":"FossilizedHelix"}],"event_choices":[{"damage_healed":0.0,"max_hp_gain":0.0,"max_hp_loss":0.0,"gold_gain":0.0,"event_name":"Big Fish","player_choice":"Box","floor":2.0,"gold_loss":0.0,"damage_taken":0.0,"relics_obtained":["Ancient Tea Set"],"cards_obtained":["Regret"]},{"cards_removed":["Strike_G"],"damage_healed":0.0,"max_hp_gain":0.0,"max_hp_loss":0.0,"gold_gain":0.0,"event_name":"Golden Wing","player_choice":"Card Removal","floor":5.0,"gold_loss":0.0,"damage_taken":7.0},{"damage_healed":0.0,"max_hp_gain":0.0,"max_hp_loss":0.0,"gold_gain":0.0,"event_name":"Dead Adventurer","player_choice":"Searched \u00270\u0027 times","floor":11.0,"gold_loss":0.0,"damage_taken":0.0},{"damage_healed":0.0,"max_hp_gain":0.0,"max_hp_loss":0.0,"gold_gain":0.0,"event_name":"Mushrooms","player_choice":"Fought Mushrooms","floor":14.0,"gold_loss":0.0,"damage_taken":0.0},{"damage_healed":0.0,"max_hp_gain":0.0,"max_hp_loss":0.0,"gold_gain":0.0,"event_name":"The Mausoleum","player_choice":"Ignored","floor":21.0,"gold_loss":0.0,"damage_taken":0.0},{"damage_healed":0.0,"max_hp_gain":0.0,"max_hp_loss":0.0,"gold_gain":0.0,"event_name":"The Library","player_choice":"Read","floor":22.0,"gold_loss":0.0,"damage_taken":0.0,"cards_obtained":["AT_KneejerkReflex"]},{"cards_removed":["Strike_G"],"damage_healed":0.0,"max_hp_gain":0.0,"max_hp_loss":0.0,"gold_gain":0.0,"event_name":"Falling","player_choice":"Removed Attack","floor":37.0,"gold_loss":0.0,"damage_taken":0.0},{"damage_healed":0.0,"max_hp_gain":0.0,"max_hp_loss":0.0,"gold_gain":0.0,"event_name":"Winding Halls","player_choice":"Embrace Madness","floor":39.0,"gold_loss":0.0,"damage_taken":12.0,"cards_obtained":["Madness","Madness"]},{"damage_healed":0.0,"max_hp_gain":0.0,"max_hp_loss":0.0,"gold_gain":0.0,"event_name":"OrinTheCat","player_choice":"Fight","floor":44.0,"gold_loss":0.0,"damage_taken":0.0},{"damage_healed":0.0,"max_hp_gain":0.0,"max_hp_loss":0.0,"gold_gain":0.0,"event_name":"Tomb of Lord Red Mask","player_choice":"Ignored","floor":46.0,"gold_loss":0.0,"damage_taken":0.0}],"is_beta":false,"boss_relics":[{"not_picked":["Runic Dome","SlaversCollar"],"picked":"WristBlade"},{"not_picked":["Astrolabe","Snecko Eye"],"picked":"Busted Crown"}],"items_purged_floors":[3,20,42,53],"is_endless":false,"potions_floor_spawned":[1,6,14,16,19,25,29,36,38,44,54],"ascension_level":18}}