{"host":"4kqumtn9vzgpomuw","time":1610724266,"event":{"mods":["AchievementEnabler","BaseMod","Colored Map","Minty Spire (QoL Compilation)","StSLib"],"gold_per_floor":[22222,20898,20911,20375,20386,20406,20406,20406,20406,20426,20396,20406,20406,20425,20425,20523,20523,20542,20561,20572,20671,20596,20596,20614,20634,20704,20724,20724,20391,20391,20406,20406,20507,20507,20527,20527,20540,20191,20211,20231,20231,20281,20359,19953,19985,20003,20021,19562,19562,19562],"floor_reached":51,"language":"KOR","playtime":4134,"items_purged":["Strike_R","Strike_R","Defend_R","Defend_R","Defend_R","Strike_R"],"score":950,"play_id":"06df60f7-eb2f-4665-899a-42e76f66487c","local_time":"20210116002426","is_ascension_mode":false,"campfire_choices":[{"data":"Barricade","floor":7,"key":"SMITH"},{"data":"Flame Barrier","floor":13,"key":"SMITH"},{"data":"Entrench","floor":15,"key":"SMITH"},{"data":"Armaments","floor":23,"key":"SMITH"},{"data":"Body Slam","floor":28,"key":"SMITH"},{"data":"Dark Embrace","floor":32,"key":"SMITH"},{"data":"Body Slam","floor":41,"key":"SMITH"},{"data":"Mayhem","floor":49,"key":"SMITH"}],"circlet_count":0,"master_deck":["Strike_R+1","Bash","Feel No Pain","Barricade+1","Mayhem+1","Blind","Ghostly Armor","Intimidate","Entrench+1","Warcry","Warcry","True Grit","Shrug It Off","Flame Barrier+1","Metallicize","Dark Embrace+1","Warcry","Armaments+1","Pummel+1","Iron Wave","Shrug It Off+1","Body Slam+1","Fire Breathing","Wraith Form v2","CurseOfTheBell","Heatsinks+1","Finesse","Body Slam+1","TalkToTheHand+1","Caltrops+1","Trip+1","Flash of Steel","FlurryOfBlows+1","Flame Barrier+1","Impervious"],"relics":["Burning Blood","NeowsBlessing","Medical Kit","Boot","Mummified Hand","Membership Card","Thread and Needle","Pen Nib","Eternal Feather","Mark of Pain","Girya","Bottled Tornado","PrismaticShard","Whetstone","Pear","Calling Bell","Bag of Marbles","TungstenRod","Self Forming Clay","Sling","Ancient Tea Set","Red Skull","Champion Belt","Sundial","Orrery","Orichalcum","Meat on the Bone","Bottled Lightning","Toolbox","PreservedInsect","Blood Vial"],"acts_visited":["Exordium","TheCity","TheBeyond"],"potions_floor_usage":[16,16,16,20,24],"damage_taken":[{"damage":0,"enemies":"Cultist","floor":1,"turns":1},{"damage":0,"enemies":"Small Slimes","floor":3,"turns":2},{"damage":0,"enemies":"2 Louse","floor":5,"turns":5},{"damage":5,"enemies":"Red Slaver","floor":6,"turns":7},{"damage":0,"enemies":"3 Louse","floor":10,"turns":8},{"damage":0,"enemies":"Looter","floor":11,"turns":4},{"damage":0,"enemies":"Red Slaver","floor":12,"turns":8},{"damage":0,"enemies":"Large Slime","floor":14,"turns":12},{"damage":0,"enemies":"Slime Boss","floor":16,"turns":30},{"damage":7,"enemies":"Spheric Guardian","floor":18,"turns":17},{"damage":1,"enemies":"Chosen","floor":19,"turns":10},{"damage":2,"enemies":"Shelled Parasite and Fungi","floor":20,"turns":12},{"damage":0,"enemies":"Sentry and Sphere","floor":24,"turns":14},{"damage":11,"enemies":"Centurion and Healer","floor":25,"turns":12},{"damage":0,"enemies":"3 Cultists","floor":27,"turns":11},{"damage":0,"enemies":"Chosen and Byrds","floor":31,"turns":5},{"damage":0,"enemies":"Automaton","floor":33,"turns":6},{"damage":10,"enemies":"Orb Walker","floor":35,"turns":5},{"damage":0,"enemies":"3 Shapes","floor":37,"turns":5},{"damage":0,"enemies":"Spire Growth","floor":39,"turns":7},{"damage":13,"enemies":"Maw","floor":40,"turns":6},{"damage":0,"enemies":"Mind Bloom Boss Battle","floor":42,"turns":4},{"damage":21,"enemies":"Reptomancer","floor":45,"turns":5},{"damage":0,"enemies":"Transient","floor":46,"turns":5},{"damage":0,"enemies":"4 Shapes","floor":47,"turns":5},{"damage":0,"enemies":"Time Eater","floor":50,"turns":9}],"seed_played":"-738339790798524533","potions_obtained":[{"floor":3,"key":"PowerPotion"},{"floor":14,"key":"Block Potion"},{"floor":18,"key":"Explosive Potion"},{"floor":20,"key":"Dexterity Potion"},{"floor":33,"key":"SkillPotion"},{"floor":37,"key":"SkillPotion"},{"floor":39,"key":"SpeedPotion"}],"is_trial":false,"path_per_floor":["M","$","M","$","M","M","R","?","T","M","M","M","R","M","R","B",null,"M","M","M","?","?","R","M","M","T","M","R","$","?","M","R","B",null,"M","?","M","$","M","M","R","?","T","$","E","M","M","$","R","B",null],"character_chosen":"IRONCLAD","items_purchased":["Barricade","Mayhem","Blind","Ghostly Armor","Intimidate","Medical Kit","Boot","Mummified Hand","EssenceOfSteel","Ancient Potion","Membership Card","Thread and Needle","Pen Nib","Entrench","Warcry","PrismaticShard","Whetstone","Pear","Sling","Ancient Tea Set","Red Skull","Finesse","Orrery","Orichalcum","Meat on the Bone","Flash of Steel","Toolbox","PreservedInsect","Blood Vial","Impervious","PowerPotion","Regen Potion"],"campfire_rested":0,"item_purchase_floors":[2,2,2,2,2,2,2,2,2,2,4,4,4,4,4,29,29,29,38,38,38,38,44,44,44,44,48,48,48,48,48,48],"current_hp_per_floor":[80,80,80,80,80,80,80,80,80,80,80,80,80,80,80,80,80,79,80,80,80,80,80,80,75,75,80,80,90,90,90,90,90,90,86,86,90,90,90,83,90,90,90,90,75,81,87,87,90,90],"gold":19562,"neow_bonus":"THREE_ENEMY_KILL","is_daily":false,"chose_seed":false,"campfire_upgraded":8,"win_rate":0.0,"timestamp":1610724266,"path_taken":["M","$","M","$","M","M","R","?","T","M","?","M","R","M","R","BOSS","M","?","M","?","?","R","?","M","T","M","R","$","?","M","R","BOSS","M","?","M","$","M","?","R","?","T","$","E","M","M","$","R","BOSS"],"items_purchased_type":["Card","Card","Card","Card","Card","Relic","Relic","Relic","Potion","Potion","Relic","Relic","Relic","Card","Card","Relic","Relic","Relic","Relic","Relic","Relic","Card","Relic","Relic","Relic","Card","Relic","Relic","Relic","Card","Potion","Potion"],"build_version":"2020-12-22","purchased_purges":6,"victory":true,"max_hp_per_floor":[80,80,80,80,80,80,80,80,80,80,80,80,80,80,80,80,80,80,80,80,80,80,80,80,80,80,80,80,90,90,90,90,90,90,90,90,90,90,90,90,90,90,90,90,90,90,90,90,90,90],"card_choices":[{"not_picked":["Twin Strike","Headbutt"],"picked":"Feel No Pain","floor":1},{"not_picked":["Twin Strike","Perfected Strike","Dropkick"],"picked":"SKIP","floor":3},{"not_picked":["Demon Form","Clothesline"],"picked":"Warcry","floor":5},{"not_picked":["Pummel","Infernal Blade","Perfected Strike"],"picked":"SKIP","floor":6},{"not_picked":["Blood for Blood","Sword Boomerang"],"picked":"Shrug It Off","floor":10},{"not_picked":["Intimidate","True Grit"],"picked":"Flame Barrier","floor":11},{"not_picked":["Body Slam","Rampage"],"picked":"Metallicize","floor":12},{"not_picked":["Disarm","Carnage"],"picked":"Dark Embrace","floor":14},{"not_picked":["Headbutt","Perfected Strike"],"picked":"Warcry","floor":18},{"not_picked":["Cleave+1","Sword Boomerang"],"picked":"Armaments","floor":19},{"not_picked":["Rupture","Perfected Strike+1"],"picked":"Pummel","floor":20},{"not_picked":["Thunderclap","Cleave"],"picked":"Iron Wave","floor":24},{"not_picked":["Corruption","Metallicize"],"picked":"Shrug It Off+1","floor":25},{"not_picked":["Armaments","Clash+1"],"picked":"Body Slam","floor":27},{"not_picked":["Stack+1","Bouncing Flask","Leg Sweep"],"picked":"SKIP","floor":31},{"not_picked":["Scrawl","HandOfGreed"],"picked":"Wraith Form v2","floor":33},{"not_picked":["Go for the Eyes","Outmaneuver","Sanctity"],"picked":"SKIP","floor":35},{"not_picked":["Thunderclap+1","EmptyMind"],"picked":"Heatsinks+1","floor":37},{"not_picked":["Protect","Underhanded Strike","FlyingSleeves"],"picked":"SKIP","floor":39},{"not_picked":["Bouncing Flask+1","Acrobatics"],"picked":"Body Slam","floor":40},{"not_picked":["EmptyBody","Rage+1"],"picked":"TalkToTheHand+1","floor":44},{"not_picked":["Dual Wield+1","Twin Strike+1"],"picked":"Caltrops+1","floor":44},{"not_picked":["Cleave","Panacea"],"picked":"Trip+1","floor":44},{"not_picked":["Underhanded Strike+1","Seeing Red"],"picked":"FlurryOfBlows+1","floor":45},{"not_picked":["Purity+1","BootSequence"],"picked":"Flame Barrier+1","floor":46},{"not_picked":["CutThroughFate","Streamline","CarveReality"],"picked":"SKIP","floor":47}],"player_experience":14060,"relics_obtained":[{"floor":9,"key":"Eternal Feather"},{"floor":26,"key":"Bottled Tornado"},{"floor":34,"key":"Bag of Marbles"},{"floor":34,"key":"TungstenRod"},{"floor":34,"key":"Self Forming Clay"},{"floor":42,"key":"Champion Belt"},{"floor":43,"key":"Sundial"},{"floor":45,"key":"Bottled Lightning"}],"event_choices":[{"damage_healed":0,"gold_gain":0,"cards_transformed":["Strike_R"],"player_choice":"Transformed","damage_taken":0,"max_hp_gain":0,"max_hp_loss":0,"event_name":"Transmorgrifier","floor":8,"gold_loss":0,"cards_obtained":["True Grit"]},{"damage_healed":0,"gold_gain":99,"player_choice":"Stole From Cult","damage_taken":0,"max_hp_gain":0,"max_hp_loss":0,"event_name":"Nest","floor":21,"gold_loss":0},{"damage_healed":0,"gold_gain":0,"player_choice":"Paid Gold","damage_taken":0,"relics_obtained":["Girya"],"max_hp_gain":0,"max_hp_loss":0,"event_name":"WeMeetAgain","floor":22,"gold_loss":75},{"damage_healed":0,"gold_gain":0,"player_choice":"Read","damage_taken":0,"max_hp_gain":0,"max_hp_loss":0,"event_name":"The Library","floor":30,"gold_loss":0,"cards_obtained":["Fire Breathing"]},{"cards_removed":["Defend_R"],"damage_healed":0,"gold_gain":0,"player_choice":"Purged","damage_taken":0,"max_hp_gain":0,"max_hp_loss":0,"event_name":"Purifier","floor":36,"gold_loss":0},{"damage_healed":0,"gold_gain":0,"player_choice":"Fight","damage_taken":0,"max_hp_gain":0,"max_hp_loss":0,"event_name":"MindBloom","floor":42,"gold_loss":0}],"is_beta":false,"boss_relics":[{"not_picked":["SacredBark","Busted Crown"],"picked":"Mark of Pain"},{"not_picked":["Tiny House","SlaversCollar"],"picked":"Calling Bell"}],"items_purged_floors":[2,4,29,38,44,48],"is_endless":false,"potions_floor_spawned":[3,6,12,14,18,20,33,37,39,42,45],"ascension_level":0}}