{"host":"w4b7hmige5bnqipq","time":1610688515,"event":{"mods":["2.2 Compatiblity","BaseMod","Colored Map","DeckTracker","Keyboard Shortcuts","Minty Spire (QoL Compilation)","Permanent Neow","Rare Cards Sparkle","SuperFastMode","everything is the same but u backflip on backflip","slay the spire mod where everything is the same but ironclad has a cowboy hat"],"gold_per_floor":[110,128,53,128,180,180,194,215,215,215,215,229,229,229,229,306,306,325,325,339,339,339],"floor_reached":21,"language":"KOR","playtime":775,"items_purged":["Strike_G"],"score":334,"play_id":"f15cd1a8-2132-462d-b40e-c2e43522d004","local_time":"20210115142835","is_ascension_mode":true,"campfire_choices":[{"data":"Neutralize","floor":6.0,"key":"SMITH"},{"data":"Skewer","floor":10.0,"key":"SMITH"},{"data":"Blade Dance","floor":13.0,"key":"SMITH"},{"floor":15.0,"key":"REST"}],"circlet_count":0,"master_deck":["AscendersBane","Survivor","Neutralize+1","Endless Agony","Dagger Throw+1","Acrobatics","Blade Dance+1","Calculated Gamble","Skewer+1","Burst","Unload","Bane","Venomology","Tools of the Trade","Deflect","Bane","Setup","Cloak And Dagger"],"relics":["Ring of the Snake","Boot","Odd Mushroom","The Courier","Shovel","Pandora\u0027s Box"],"acts_visited":["Exordium","TheCity"],"potions_floor_usage":[18,20,21,21],"damage_taken":[{"damage":0.0,"enemies":"Small Slimes","floor":1.0,"turns":3.0},{"damage":1.0,"enemies":"Jaw Worm","floor":2.0,"turns":3.0},{"damage":0.0,"enemies":"2 Louse","floor":7.0,"turns":2.0},{"damage":9.0,"enemies":"The Mushroom Lair","floor":8.0,"turns":4.0},{"damage":0.0,"enemies":"Large Slime","floor":12.0,"turns":4.0},{"damage":30.0,"enemies":"The Guardian","floor":16.0,"turns":16.0},{"damage":20,"enemies":"3 Byrds","floor":18,"turns":5},{"damage":16,"enemies":"Spheric Guardian","floor":20,"turns":4},{"damage":28,"enemies":"Masked Bandits","floor":21,"turns":3}],"seed_played":"-5324771693955467093","potions_obtained":[{"floor":2.0,"key":"LiquidMemories"},{"floor":12.0,"key":"GamblersBrew"},{"floor":16.0,"key":"Dexterity Potion"},{"floor":20,"key":"PowerPotion"}],"is_trial":false,"path_per_floor":["M","M","$","?","T","R","M","?","T","R","?","M","R","T","R","B",null,"M","?","M","?"],"character_chosen":"THE_SILENT","items_purchased":[],"campfire_rested":1,"item_purchase_floors":[],"current_hp_per_floor":[59,58,58,47,47,47,47,38,38,38,20,20,20,20,38,8,47,41,38,22,0,0],"gold":339,"neow_bonus":"TRANSFORM_TWO_CARDS","is_daily":false,"chose_seed":false,"campfire_upgraded":3,"win_rate":0.0,"timestamp":1610688515,"path_taken":["M","M","$","?","?","R","M","?","T","R","?","M","R","?","R","BOSS","M","?","?","?"],"items_purchased_type":[],"build_version":"2020-12-22","purchased_purges":1,"victory":false,"max_hp_per_floor":[60,60,60,60,60,60,60,60,60,60,60,60,60,60,60,60,60,60,60,60,60,60],"card_choices":[{"not_picked":["Blade Dance","Bane"],"picked":"Acrobatics","floor":1.0},{"not_picked":["Cloak And Dagger","Deflect"],"picked":"Blade Dance","floor":2.0},{"not_picked":["Prepared","Night Terror"],"picked":"Calculated Gamble","floor":7.0},{"not_picked":["Catalyst","Poisoned Stab"],"picked":"Skewer","floor":8.0},{"not_picked":["Slice","Dagger Throw","Acrobatics"],"picked":"SKIP","floor":12.0},{"not_picked":["Unload","Bullet Time"],"picked":"Burst","floor":16.0},{"not_picked":["Bane","Slice"],"picked":"Cloak And Dagger","floor":18},{"not_picked":["Endless Agony","Prepared","Dagger Throw"],"picked":"SKIP","floor":20}],"player_experience":492721,"relics_obtained":[{"floor":5.0,"key":"Boot"},{"floor":8.0,"key":"Odd Mushroom"},{"floor":9.0,"key":"The Courier"},{"floor":14.0,"key":"Shovel"}],"event_choices":[{"damage_healed":0.0,"max_hp_gain":0.0,"max_hp_loss":0.0,"gold_gain":75.0,"event_name":"World of Goop","player_choice":"Gather Gold","floor":4.0,"gold_loss":0.0,"damage_taken":11.0},{"damage_healed":0.0,"max_hp_gain":0.0,"max_hp_loss":0.0,"gold_gain":0.0,"event_name":"Mushrooms","player_choice":"Fought Mushrooms","floor":8.0,"gold_loss":0.0,"damage_taken":0.0},{"damage_healed":0.0,"max_hp_gain":0.0,"max_hp_loss":0.0,"gold_gain":0.0,"event_name":"Shining Light","player_choice":"Entered Light","floor":11.0,"gold_loss":0.0,"damage_taken":18.0,"cards_upgraded":["Dagger Throw","Defend_G"]},{"damage_healed":0,"gold_gain":0,"player_choice":"Bought 0 Potions","damage_taken":0,"max_hp_gain":0,"max_hp_loss":0,"event_name":"The Woman in Blue","floor":19,"gold_loss":0},{"damage_healed":0,"gold_gain":0,"player_choice":"Fought Bandits","damage_taken":0,"max_hp_gain":0,"max_hp_loss":0,"event_name":"Masked Bandits","floor":21,"gold_loss":0}],"is_beta":false,"boss_relics":[{"not_picked":["Ectoplasm","Coffee Dripper"],"picked":"Pandora\u0027s Box"}],"items_purged_floors":[3],"is_endless":false,"potions_floor_spawned":[2,12,16,20],"killed_by":"Masked Bandits","ascension_level":20}}