{"host":"dhlnk6yox2l1s6up","time":1610751659,"event":{"mods":["BaseMod","Colored Map","Highlight Path","Minty Spire (QoL Compilation)","Relic Stats","StSLib"],"gold_per_floor":[360,375,11,27,40,72,72,97,150,161,186,206,238,238,238,366,366,382,382,403,71,94,134,10,45,45,45,45,90,108,144,144,267,267,290,308,308,23,46,82,101,140,140,156,156,156,156,189,189,189,189,189,34,67,67],"floor_reached":56,"language":"ENG","playtime":4688,"items_purged":["Defend_R","Strike_R","Strike_R","Strike_R"],"score":1865,"play_id":"fa87146d-8662-4b2a-8965-49b341dbb2e6","local_time":"20210115170059","is_ascension_mode":true,"campfire_choices":[{"data":"Armaments","floor":7.0,"key":"SMITH"},{"data":"Dark Embrace","floor":15.0,"key":"SMITH"},{"data":"Immolate","floor":27.0,"key":"SMITH"},{"data":"Burning Pact","floor":32.0,"key":"SMITH"},{"floor":45,"key":"RECALL"},{"data":"Flame Barrier","floor":47,"key":"SMITH"},{"data":"Feel No Pain","floor":49,"key":"SMITH"},{"floor":52,"key":"REST"}],"circlet_count":0,"master_deck":["Strike_R","Defend_R","Defend_R","Defend_R","Bash","Shrug It Off","Rampage","Headbutt+1","Spot Weakness","Armaments+1","Burning Pact+1","Battle Trance","Intimidate","Dark Embrace+1","Intimidate","Fiend Fire+1","True Grit+1","Feel No Pain+1","Immolate+1","Sentinel","Power Through+1","Offering","Flame Barrier+1","Evolve+1","True Grit+1","Trip","Master of Strategy","Sentinel+1"],"relics":["Burning Blood","Orichalcum","Meat on the Bone","Darkstone Periapt","PreservedInsect","Smiling Mask","Mango","Golden Idol","Snecko Eye","Membership Card","Mercury Hourglass","Happy Flower","Potion Belt","Akabeko","Letter Opener","Whetstone","Centennial Puzzle","Mark of Pain","Bag of Marbles","Shuriken","Regal Pillow","MealTicket","Blood Vial","Incense Burner","Bottled Tornado"],"acts_visited":["Exordium","TheCity","TheBeyond","TheEnding"],"potions_floor_usage":[50,50,55,55,55],"damage_taken":[{"damage":6.0,"enemies":"Cultist","floor":1.0,"turns":4.0},{"damage":3.0,"enemies":"2 Louse","floor":2.0,"turns":4.0},{"damage":0.0,"enemies":"Jaw Worm","floor":4.0,"turns":3.0},{"damage":6.0,"enemies":"Blue Slaver","floor":5.0,"turns":4.0},{"damage":23.0,"enemies":"3 Sentries","floor":6.0,"turns":7.0},{"damage":7.0,"enemies":"Lagavulin","floor":8.0,"turns":6.0},{"damage":8.0,"enemies":"Looter","floor":10.0,"turns":3.0},{"damage":16.0,"enemies":"Gremlin Nob","floor":11.0,"turns":4.0},{"damage":0.0,"enemies":"Lots of Slimes","floor":12.0,"turns":2.0},{"damage":13.0,"enemies":"Lagavulin","floor":13.0,"turns":7.0},{"damage":36.0,"enemies":"The Guardian","floor":16.0,"turns":9.0},{"damage":1.0,"enemies":"Spheric Guardian","floor":18.0,"turns":3.0},{"damage":11.0,"enemies":"3 Byrds","floor":20.0,"turns":8.0},{"damage":12.0,"enemies":"Shelled Parasite and Fungi","floor":22.0,"turns":4.0},{"damage":24.0,"enemies":"Book of Stabbing","floor":23.0,"turns":4.0},{"damage":4.0,"enemies":"Slavers","floor":25.0,"turns":5.0},{"damage":9.0,"enemies":"Snake Plant","floor":30.0,"turns":2.0},{"damage":0.0,"enemies":"Gremlin Leader","floor":31.0,"turns":2.0},{"damage":19.0,"enemies":"Automaton","floor":33.0,"turns":7.0},{"damage":8.0,"enemies":"3 Darklings","floor":35.0,"turns":4.0},{"damage":0.0,"enemies":"Orb Walker","floor":36.0,"turns":2.0},{"damage":0.0,"enemies":"4 Shapes","floor":39.0,"turns":2.0},{"damage":6.0,"enemies":"Reptomancer","floor":40.0,"turns":4.0},{"damage":19,"enemies":"Writhing Mass","floor":41,"turns":4},{"damage":6,"enemies":"Nemesis","floor":42,"turns":3},{"damage":5,"enemies":"Spire Growth","floor":44,"turns":2},{"damage":0,"enemies":"Reptomancer","floor":48,"turns":1},{"damage":71,"enemies":"Awakened One","floor":50,"turns":14},{"damage":8,"enemies":"Shield and Spear","floor":54,"turns":9},{"damage":54,"enemies":"The Heart","floor":55,"turns":11}],"seed_played":"1999329557063824276","potions_obtained":[{"floor":4.0,"key":"Explosive Potion"},{"floor":5.0,"key":"Strength Potion"},{"floor":6.0,"key":"Dexterity Potion"},{"floor":8.0,"key":"Strength Potion"},{"floor":12.0,"key":"Fruit Juice"},{"floor":20.0,"key":"FearPotion"},{"floor":23.0,"key":"DistilledChaos"},{"floor":31.0,"key":"Dexterity Potion"},{"floor":35.0,"key":"ElixirPotion"},{"floor":36.0,"key":"SpeedPotion"}],"is_trial":false,"path_per_floor":["M","M","$","M","M","E","R","E","T","M","E","M","E","?","R","B",null,"M","?","M","$","M","E","$","E","T","R","?","T","M","E","R","B",null,"M","M","?","$","M","E","M","E","T","M","R","?","R","E","R","B",null,"R","$","E","B",null],"character_chosen":"IRONCLAD","items_purchased":["Headbutt","Spot Weakness","Orichalcum","BlessingOfTheForge","Membership Card","Mercury Hourglass","Potion Belt","Bag of Marbles","Shuriken","GamblersBrew","Incense Burner"],"campfire_rested":1,"item_purchase_floors":[3,3,3,3,21,21,24,38,38,38,53],"current_hp_per_floor":[51,54,54,60,60,43,43,54,54,52,54,60,67,67,67,49,78,83,83,83,83,77,59,59,61,61,61,61,61,58,64,64,63,85,83,89,89,89,92,92,79,79,79,80,80,70,70,76,76,25,75,92,92,90,56],"gold":67,"neow_bonus":"TWO_FIFTY_GOLD","is_daily":false,"chose_seed":false,"campfire_upgraded":6,"win_rate":0.0,"timestamp":1610751659,"path_taken":["M","?","$","M","M","E","R","E","T","M","E","M","E","?","R","BOSS","M","?","M","$","M","E","$","E","T","R","?","?","M","E","R","BOSS","M","M","?","$","?","E","M","E","T","M","R","?","R","E","R","BOSS","R","$","E","BOSS"],"items_purchased_type":["Card","Card","Relic","Potion","Relic","Relic","Relic","Relic","Relic","Potion","Relic"],"build_version":"2020-12-22","purchased_purges":4,"victory":true,"max_hp_per_floor":[80,80,80,80,80,80,80,80,80,80,80,80,94,87,87,87,87,87,87,92,92,92,92,92,92,92,92,92,92,92,92,92,92,92,92,92,92,92,92,92,92,92,92,92,92,92,92,92,92,92,92,92,92,92,92],"relic_stats":{"Darkstone Periapt":0,"Regal Pillow":0,"Happy Flower":[24],"counters":[30,144],"Golden Idol":190,"PreservedInsect":437,"Letter Opener":[233],"Whetstone":["Headbutt","Fiend Fire"],"Orichalcum":[126],"Smiling Mask":38,"Burning Blood":177,"Mercury Hourglass":[315],"Blood Vial":4,"Centennial Puzzle":[27],"Shuriken":[5],"Snecko Eye":[228,236,200,174],"MealTicket":0,"obtain_stats":[{"Darkstone Periapt":8,"Regal Pillow":40,"Mango":13,"Incense Burner":53,"Whetstone":29,"Bottled Tornado":54,"Smiling Mask":11,"Burning Blood":0,"Blood Vial":48,"Centennial Puzzle":31,"MealTicket":42,"Potion Belt":24,"Happy Flower":23,"Golden Idol":14,"PreservedInsect":9,"Letter Opener":26,"Orichalcum":3,"Akabeko":25,"Mercury Hourglass":21,"Shuriken":38,"Snecko Eye":17,"Mark of Pain":34,"Bag of Marbles":38,"Membership Card":21,"Meat on the Bone":6},{"Darkstone Periapt":6,"Regal Pillow":23,"Mango":10,"Incense Burner":28,"Whetstone":16,"Bottled Tornado":29,"Smiling Mask":8,"Burning Blood":0,"Blood Vial":27,"Centennial Puzzle":18,"MealTicket":25,"Potion Belt":15,"Happy Flower":15,"Golden Idol":10,"PreservedInsect":6,"Letter Opener":16,"Orichalcum":2,"Akabeko":16,"Mercury Hourglass":13,"Shuriken":21,"Snecko Eye":11,"Mark of Pain":19,"Bag of Marbles":21,"Membership Card":13,"Meat on the Bone":5},{"Darkstone Periapt":28,"Regal Pillow":100,"Mango":44,"Incense Burner":124,"Whetstone":77,"Bottled Tornado":133,"Smiling Mask":35,"Burning Blood":0,"Blood Vial":110,"Centennial Puzzle":81,"MealTicket":107,"Potion Belt":72,"Happy Flower":72,"Golden Idol":44,"PreservedInsect":28,"Letter Opener":77,"Orichalcum":8,"Akabeko":77,"Mercury Hourglass":64,"Shuriken":94,"Snecko Eye":53,"Mark of Pain":88,"Bag of Marbles":94,"Membership Card":64,"Meat on the Bone":22}],"Meat on the Bone":72},"card_choices":[{"not_picked":["Heavy Blade","Intimidate"],"picked":"Shrug It Off","floor":1.0},{"not_picked":["Metallicize","Flame Barrier"],"picked":"Rampage","floor":2.0},{"not_picked":["Pommel Strike","Headbutt"],"picked":"Armaments","floor":4.0},{"not_picked":["Clash","Rampage"],"picked":"Burning Pact","floor":5.0},{"not_picked":["Dark Embrace","Iron Wave"],"picked":"Battle Trance","floor":6.0},{"not_picked":["Pommel Strike","Clash"],"picked":"Intimidate","floor":8.0},{"not_picked":["Havoc","Thunderclap"],"picked":"Dark Embrace","floor":10.0},{"not_picked":["Cleave","Clash","Havoc"],"picked":"SKIP","floor":11.0},{"not_picked":["Intimidate","Wild Strike","Warcry"],"picked":"SKIP","floor":12.0},{"not_picked":["Wild Strike","Warcry"],"picked":"Intimidate","floor":12.0},{"not_picked":["Exhume","Inflame","Entrench"],"picked":"SKIP","floor":13.0},{"not_picked":["Bludgeon","Limit Break"],"picked":"Fiend Fire","floor":16.0},{"not_picked":["Clothesline","Pommel Strike+1"],"picked":"True Grit+1","floor":18.0},{"not_picked":["True Grit","Iron Wave","Infernal Blade+1"],"picked":"SKIP","floor":20.0},{"not_picked":["Whirlwind","True Grit","Armaments+1"],"picked":"SKIP","floor":22.0},{"not_picked":["Reckless Charge","Burning Pact"],"picked":"Immolate","floor":23.0},{"not_picked":["Dual Wield","Armaments"],"picked":"Sentinel","floor":25.0},{"not_picked":["Dual Wield","Heavy Blade","Iron Wave+1"],"picked":"SKIP","floor":30.0},{"not_picked":["Anger","Warcry"],"picked":"Power Through+1","floor":31.0},{"not_picked":["Fiend Fire","Juggernaut"],"picked":"Offering","floor":33.0},{"not_picked":["Power Through","Armaments"],"picked":"Flame Barrier","floor":35.0},{"not_picked":["Seeing Red+1","Rupture+1","Body Slam"],"picked":"SKIP","floor":36.0},{"not_picked":["Perfected Strike+1","Heavy Blade","Iron Wave"],"picked":"SKIP","floor":39.0},{"not_picked":["Infernal Blade","Sentinel+1"],"picked":"Evolve+1","floor":40.0},{"not_picked":["Wild Strike+1","Havoc","Clothesline+1"],"picked":"SKIP","floor":41},{"not_picked":["Warcry","Pummel+1","Clothesline+1"],"picked":"SKIP","floor":42},{"not_picked":["Perfected Strike+1","Sever Soul"],"picked":"True Grit+1","floor":44},{"not_picked":["PanicButton","Flash of Steel"],"picked":"Trip","floor":46},{"not_picked":["Dark Shackles","Enlightenment"],"picked":"Master of Strategy","floor":46},{"not_picked":["Wild Strike+1","Iron Wave","Warcry"],"picked":"SKIP","floor":48},{"not_picked":["Bloodletting","Warcry"],"picked":"Sentinel+1","floor":54}],"player_experience":5805941,"relics_obtained":[{"floor":6.0,"key":"Meat on the Bone"},{"floor":8.0,"key":"Darkstone Periapt"},{"floor":9.0,"key":"PreservedInsect"},{"floor":11.0,"key":"Smiling Mask"},{"floor":13.0,"key":"Mango"},{"floor":23.0,"key":"Happy Flower"},{"floor":25.0,"key":"Akabeko"},{"floor":26.0,"key":"Letter Opener"},{"floor":29.0,"key":"Whetstone"},{"floor":31.0,"key":"Centennial Puzzle"},{"floor":40.0,"key":"Regal Pillow"},{"floor":42,"key":"MealTicket"},{"floor":48,"key":"Blood Vial"},{"floor":54,"key":"Bottled Tornado"}],"event_choices":[{"damage_healed":0.0,"max_hp_gain":0.0,"max_hp_loss":7.0,"gold_gain":0.0,"event_name":"Golden Idol","player_choice":"Lose Max HP","floor":14.0,"gold_loss":0.0,"damage_taken":0.0,"relics_obtained":["Golden Idol"]},{"damage_healed":0.0,"max_hp_gain":0.0,"max_hp_loss":0.0,"gold_gain":0.0,"event_name":"The Library","player_choice":"Read","floor":19.0,"gold_loss":0.0,"damage_taken":0.0,"cards_obtained":["Feel No Pain"]},{"cards_removed":["Strike_R"],"damage_healed":0.0,"max_hp_gain":0.0,"max_hp_loss":0.0,"gold_gain":0.0,"event_name":"Bonfire Elementals","player_choice":"Offered Basic","floor":37.0,"gold_loss":0.0,"damage_taken":0.0},{"damage_healed":0,"gold_gain":0,"player_choice":"Memory 3","damage_taken":10,"max_hp_gain":0,"max_hp_loss":0,"event_name":"SensoryStone","floor":46,"gold_loss":0}],"is_beta":false,"boss_relics":[{"not_picked":["Calling Bell","Coffee Dripper"],"picked":"Snecko Eye"},{"not_picked":["Black Star","Astrolabe"],"picked":"Mark of Pain"}],"items_purged_floors":[3,21,24,38],"is_endless":false,"potions_floor_spawned":[4,5,6,8,12,20,23,31,35,36,39,41],"ascension_level":8}}