{"host":"8fuipfsvjht9cgcs","time":1610750740,"event":{"mods":["AchievementEnabler","BaseMod","Colored Map","Colored Powertips","DeckTracker","Friendly Minions","Kiyohime£¨?ýï£©","Marisa£¨Ùöéë¡¡Øª×âÞÞ£©","Minty Spire (QoL Compilation)","Prisma Mod","Replay The Spire","StSLib","SuperFastMode","The Cursed","The Gatherer"],"gold_per_floor":[119,194,207,207,207,241,254,267,145,145,145,145,145,145,177,196,196,296,296,314,314,674,321,331,351,351,382,382,392,423,153,164,180,180,281,281,293,106,122,168,168,168,168,199,199,199,213,58,74,105,105,105],"floor_reached":53,"language":"KOR","playtime":3378,"items_purged":["Strike_G","Amnesia","Strike_G","Strike_G"],"score":1002,"play_id":"517cb383-bdbf-474e-bd0b-22a7c01b9919","local_time":"20210116114540","is_ascension_mode":true,"campfire_choices":[{"data":"ReplayTheSpireMod:Scrap Shanks","floor":10.0,"key":"SMITH"},{"data":"Setup","floor":12.0,"key":"SMITH"},{"data":"Tools of the Trade","floor":14.0,"key":"SMITH"},{"floor":17.0,"key":"REST"},{"floor":26.0,"key":"REST"},{"floor":34.0,"key":"REST"},{"floor":42.0,"key":"REST"},{"data":"ReplayTheSpireMod:Scrap Shanks","floor":51,"key":"SMITH"}],"circlet_count":0,"master_deck":["Strike_G","Strike_G","Defend_G","Defend_G","Defend_G","Defend_G","Survivor","Neutralize","UpSweep","PrismaMod:IllyaCommonDefend","Tools of the Trade+1","Setup+1","PiercingWail","Dagger Throw","Prepared","ReplayTheSpireMod:Scrap Shanks+1","Acrobatics","Leg Sweep+1","Caltrops","Adrenaline","ReplayTheSpireMod:Tripwire","ReplayTheSpireMod:Trickstab","ReplayTheSpireMod:Scrap Shanks+1","ReplayTheSpireMod:Scrap Shanks+1","ReplayTheSpireMod:Scrap Shanks+1","Finisher+1","ReplayTheSpireMod:Scrap Shanks+1","Calculated Gamble+1","Acrobatics+1","Pain","Parasite"],"relics":["Ring of the Serpent","Thread and Needle","Anchor","Replay:Ringing Soul","HoveringKite","Ring of Misfortune","Ring of Panic","Iron Hammer","Replay:Wax Seal","Strawberry","DollysMirror","Byrd Skull","Counterbalance","Darkstone Periapt","WarpedTongs","Membership Card","Mercury Hourglass"],"acts_visited":["Exordium","TheCity","TheBeyond"],"potions_floor_usage":[52],"damage_taken":[{"damage":1.0,"enemies":"Small Slimes","floor":1.0,"turns":5.0},{"damage":4.0,"enemies":"Jaw Worm","floor":3.0,"turns":5.0},{"damage":8.0,"enemies":"Cultist","floor":7.0,"turns":6.0},{"damage":0.0,"enemies":"Looter","floor":8.0,"turns":4.0},{"damage":35.0,"enemies":"Replay:BlueRogue","floor":15.0,"turns":7.0},{"damage":0.0,"enemies":"3 Louse","floor":16.0,"turns":3.0},{"damage":13.0,"enemies":"The Guardian","floor":18.0,"turns":13.0},{"damage":11.0,"enemies":"Spheric Guardian","floor":20.0,"turns":4.0},{"damage":7.0,"enemies":"Shell Parasite","floor":24.0,"turns":6.0},{"damage":8.0,"enemies":"Centurion and Healer","floor":25.0,"turns":7.0},{"damage":5.0,"enemies":"Slavers","floor":27.0,"turns":5.0},{"damage":9.0,"enemies":"3 Cultists","floor":29.0,"turns":5.0},{"damage":12.0,"enemies":"Replay:Snechameleon","floor":30.0,"turns":5.0},{"damage":12.0,"enemies":"Cultist and Chosen","floor":32.0,"turns":5.0},{"damage":0.0,"enemies":"Chosen and Byrds","floor":33.0,"turns":7.0},{"damage":25.0,"enemies":"Champ","floor":35.0,"turns":8.0},{"damage":23.0,"enemies":"3 Shapes","floor":37.0,"turns":3.0},{"damage":12.0,"enemies":"Orb Walker","floor":39.0,"turns":6.0},{"damage":50.0,"enemies":"2 Orb Walkers","floor":40.0,"turns":4.0},{"damage":59.0,"enemies":"R_Hoarder","floor":44.0,"turns":8.0},{"damage":3.0,"enemies":"Writhing Mass","floor":47.0,"turns":6.0},{"damage":9,"enemies":"Transient","floor":49,"turns":5},{"damage":0,"enemies":"Giant Head","floor":50,"turns":4},{"damage":8,"enemies":"Replay:Hell Engine","floor":52,"turns":7}],"seed_played":"7237755877528413594","potions_obtained":[{"floor":1.0,"key":"Swift Potion"},{"floor":7.0,"key":"Languid Potion"},{"floor":16.0,"key":"SneckoOil"},{"floor":20.0,"key":"DistilledChaos"},{"floor":24.0,"key":"Strength Potion"},{"floor":29.0,"key":"Venom Potion"},{"floor":44.0,"key":"Fire Potion"}],"is_trial":false,"path_per_floor":["M","?","M","PTL","PTL","?","M","M","$","R","T","R","?","R","E","M","R","B",null,"M","?","?","$","M","M","R","E","T","M","E","$","M","M","R","B",null,"M","$","M","?","?","R","?","E","T","?","M","$","M","E","R","B",null],"character_chosen":"THE_SILENT","items_purchased":["Acrobatics","Iron Hammer","DollysMirror","ReplayTheSpireMod:Scrap Shanks","Membership Card"],"campfire_rested":4,"item_purchase_floors":[9,23,31,38,48],"current_hp_per_floor":[62,51,47,47,47,47,39,39,39,39,39,39,39,39,4,7,28,18,62,54,57,18,18,11,3,28,26,26,17,12,15,3,6,36,11,79,59,62,53,6,6,39,99,40,40,49,55,55,46,46,46,38],"gold":105,"neow_bonus":"THREE_RARE_CARDS","is_daily":false,"chose_seed":false,"campfire_upgraded":4,"win_rate":0.0,"timestamp":1610750740,"path_taken":["M","?","M","PTL","PTL","?","M","?","$","R","T","R","?","R","E","M","R","BOSS","M","?","?","$","M","M","R","E","T","?","E","$","M","M","R","BOSS","M","$","M","?","?","R","?","E","T","?","M","$","M","E","R","BOSS"],"items_purchased_type":["Card","Relic","Relic","Card","Relic"],"build_version":"2020-12-22","purchased_purges":4,"victory":true,"max_hp_per_floor":[70,70,70,70,70,70,70,70,70,70,70,70,70,70,70,73,73,76,76,79,82,85,85,85,85,85,88,88,88,95,98,98,101,101,101,101,104,107,110,113,113,113,99,99,99,108,117,117,117,117,117,117],"card_choices":[{"not_picked":["Doppelganger","Wraith Form v2"],"picked":"Tools of the Trade","floor":0.0},{"not_picked":["PiercingWail","ReplayTheSpireMod:Speed Training"],"picked":"Setup","floor":1.0},{"not_picked":["Concentrate","Outmaneuver"],"picked":"PiercingWail","floor":3.0},{"not_picked":["Deadly Poison","Slice"],"picked":"Dagger Throw","floor":6.0},{"not_picked":["Replay:Poison Smokescreen","Deflect"],"picked":"Prepared","floor":7.0},{"not_picked":["Tactician","Noxious Fumes"],"picked":"ReplayTheSpireMod:Scrap Shanks","floor":8.0},{"not_picked":["Bane","Quick Slash","Dagger Throw"],"picked":"SKIP","floor":15.0},{"not_picked":["Poisoned Stab","Poison Darts"],"picked":"Caltrops","floor":16.0},{"not_picked":["Grand Finale","Die Die Die"],"picked":"Adrenaline","floor":18.0},{"not_picked":["Backflip","Concentrate"],"picked":"ReplayTheSpireMod:Tripwire","floor":20.0},{"not_picked":["Deadly Poison","Deflect","Fluid Movement"],"picked":"SKIP","floor":24.0},{"not_picked":["Quick Slash+1","Hidden Blade","ReplayTheSpireMod:Shiv Toss"],"picked":"SKIP","floor":25.0},{"not_picked":["Prepared","Bouncing Flask"],"picked":"ReplayTheSpireMod:Scrap Shanks+1","floor":27.0},{"not_picked":["PiercingWail","Deflect","Blade Dance"],"picked":"SKIP","floor":29.0},{"not_picked":["Replay:Poison Smokescreen+1","Dagger Spray","Heel Hook"],"picked":"SKIP","floor":30.0},{"not_picked":["Venomology","Noxious Fumes+1","ReplayTheSpireMod:Speed Training+1"],"picked":"SKIP","floor":32.0},{"not_picked":["ReplayTheSpireMod:The Works","Hidden Blade+1"],"picked":"ReplayTheSpireMod:Scrap Shanks+1","floor":33.0},{"not_picked":["Hidden Blade","Slice"],"picked":"Finisher+1","floor":37.0},{"not_picked":["Escape Plan+1","Slice"],"picked":"Calculated Gamble+1","floor":39.0},{"not_picked":["PiercingWail+1","Cloak And Dagger+1"],"picked":"Acrobatics+1","floor":40.0},{"not_picked":["Flying Knee","Dodge and Roll+1","Flechettes"],"picked":"SKIP","floor":44.0},{"not_picked":["Slice","Quick Slash+1","Finisher"],"picked":"SKIP","floor":47.0},{"not_picked":["Die Die Die","Infinite Blades+1","ReplayTheSpireMod:Speed Training"],"picked":"SKIP","floor":49},{"not_picked":["Masterful Stab","Bane","Sucker Punch+1"],"picked":"SKIP","floor":50}],"player_experience":403377,"relics_obtained":[{"floor":6.0,"key":"Thread and Needle"},{"floor":11.0,"key":"Anchor"},{"floor":15.0,"key":"Replay:Ringing Soul"},{"floor":21.0,"key":"Ring of Misfortune"},{"floor":21.0,"key":"Ring of Panic"},{"floor":27.0,"key":"Replay:Wax Seal"},{"floor":30.0,"key":"Strawberry"},{"floor":40.0,"key":"Byrd Skull"},{"floor":44.0,"key":"Counterbalance"},{"floor":45.0,"key":"Darkstone Periapt"},{"floor":50,"key":"Mercury Hourglass"}],"event_choices":[{"damage_healed":0.0,"max_hp_gain":0.0,"max_hp_loss":0.0,"gold_gain":75.0,"event_name":"World of Goop","player_choice":"Gather Gold","floor":2.0,"gold_loss":0.0,"damage_taken":11.0},{"damage_healed":0.0,"max_hp_gain":0.0,"max_hp_loss":0.0,"gold_gain":360.0,"event_name":"Knowing Skull","player_choice":"CARD GOLD GOLD GOLD GOLD ","floor":22.0,"potions_obtained":[],"gold_loss":0.0,"damage_taken":42.0,"cards_obtained":["ReplayTheSpireMod:Trickstab"]},{"damage_healed":0.0,"max_hp_gain":0.0,"max_hp_loss":0.0,"gold_gain":0.0,"event_name":"Mysterious Sphere","player_choice":"Fight","floor":40.0,"gold_loss":0.0,"damage_taken":0.0},{"damage_healed":0.0,"max_hp_gain":0.0,"max_hp_loss":0.0,"gold_gain":0.0,"event_name":"Tomb of Lord Red Mask","player_choice":"Ignored","floor":41.0,"gold_loss":0.0,"damage_taken":0.0},{"damage_healed":99.0,"max_hp_gain":0.0,"max_hp_loss":14.0,"gold_gain":0.0,"event_name":"The Moai Head","player_choice":"Heal","floor":43.0,"gold_loss":0.0,"damage_taken":0.0},{"damage_healed":0.0,"max_hp_gain":0.0,"max_hp_loss":0.0,"gold_gain":0.0,"event_name":"Accursed Blacksmith","player_choice":"Rummage","floor":46.0,"gold_loss":0.0,"damage_taken":0.0,"relics_obtained":["WarpedTongs"],"cards_obtained":["Pain"]}],"is_beta":false,"boss_relics":[{"not_picked":["Tiny House","Philosopher\u0027s Stone"],"picked":"HoveringKite"},{"not_picked":["Fusion Hammer","Runic Pyramid"],"picked":"Ring of the Serpent"}],"items_purged_floors":[9,23,31,38],"is_endless":false,"potions_floor_spawned":[1,7,16,20,24,29,32,33,37,44,50],"ascension_level":9}}