{"host":"w4b7hmige5bnqipq","time":1610694790,"event":{"mods":["2.2 Compatiblity","BaseMod","Colored Map","DeckTracker","Keyboard Shortcuts","Minty Spire (QoL Compilation)","Permanent Neow","Rare Cards Sparkle","SuperFastMode","everything is the same but u backflip on backflip","slay the spire mod where everything is the same but ironclad has a cowboy hat"],"gold_per_floor":[113,38,52,66,82,82,100,100,100,100,112,112,182,198,198,198,198],"floor_reached":16,"language":"KOR","playtime":505,"items_purged":[],"score":192,"play_id":"a801435e-fa13-4b8b-af74-2ef6db627169","local_time":"20210115161310","is_ascension_mode":true,"campfire_choices":[{"data":"Underhanded Strike","floor":6.0,"key":"SMITH"},{"data":"Venomology","floor":8.0,"key":"SMITH"},{"data":"Dagger Throw","floor":12.0,"key":"SMITH"},{"data":"Neutralize","floor":15.0,"key":"SMITH"}],"circlet_count":0,"master_deck":["AscendersBane","Strike_G","Strike_G","Strike_G","Strike_G","Defend_G","Defend_G","Defend_G","Survivor","Neutralize+1","Calculated Gamble","Underhanded Strike+1","Prepared","Venomology+1","Dagger Throw+1","Escape Plan","Endless Agony"],"relics":["Ring of the Snake","Happy Flower","SsserpentHead"],"acts_visited":["Exordium"],"potions_floor_usage":[16],"damage_taken":[{"damage":3.0,"enemies":"Cultist","floor":1.0,"turns":5.0},{"damage":4.0,"enemies":"2 Louse","floor":3.0,"turns":6.0},{"damage":1.0,"enemies":"Small Slimes","floor":4.0,"turns":4.0},{"damage":0.0,"enemies":"3 Louse","floor":5.0,"turns":3.0},{"damage":8.0,"enemies":"Exordium Thugs","floor":7.0,"turns":6.0},{"damage":0.0,"enemies":"Gremlin Gang","floor":11.0,"turns":5.0},{"damage":0.0,"enemies":"3 Louse","floor":13.0,"turns":2.0},{"damage":0.0,"enemies":"2 Fungi Beasts","floor":14.0,"turns":2.0},{"damage":28,"enemies":"The Guardian","floor":16,"turns":10}],"seed_played":"-5676197431165589555","potions_obtained":[{"floor":4.0,"key":"AttackPotion"},{"floor":13.0,"key":"DistilledChaos"}],"is_trial":false,"path_per_floor":["M","?","M","M","M","R","M","R","T","?","M","R","M","M","R","B"],"character_chosen":"THE_SILENT","items_purchased":[],"campfire_rested":0,"item_purchase_floors":[],"current_hp_per_floor":[41,41,37,36,36,36,28,28,28,28,28,28,28,28,28,0,0],"gold":198,"neow_bonus":"REMOVE_TWO","is_daily":false,"chose_seed":false,"campfire_upgraded":4,"win_rate":0.0,"timestamp":1610694790,"path_taken":["M","?","M","M","M","R","M","R","T","?","M","R","?","M","R","BOSS"],"items_purchased_type":[],"build_version":"2020-12-22","purchased_purges":0,"victory":false,"max_hp_per_floor":[66,66,66,66,66,66,66,66,66,66,66,66,66,66,66,66,66],"card_choices":[{"not_picked":["Dodge and Roll","Poisoned Stab"],"picked":"Calculated Gamble","floor":1.0},{"not_picked":["Dodge and Roll","Dagger Throw"],"picked":"Underhanded Strike","floor":3.0},{"not_picked":["Dodge and Roll","Concentrate","Quick Slash"],"picked":"SKIP","floor":4.0},{"not_picked":["Outmaneuver","Setup"],"picked":"Prepared","floor":5.0},{"not_picked":["All Out Attack","Sucker Punch"],"picked":"Venomology","floor":7.0},{"not_picked":["Quick Slash","Blur"],"picked":"Dagger Throw","floor":11.0},{"not_picked":["Dodge and Roll","Deflect"],"picked":"Escape Plan","floor":13.0},{"not_picked":["Choke","Calculated Gamble"],"picked":"Endless Agony","floor":14.0}],"player_experience":495915,"relics_obtained":[{"floor":9.0,"key":"Happy Flower"}],"event_choices":[{"cards_removed":["Defend_G"],"damage_healed":0.0,"max_hp_gain":0.0,"max_hp_loss":0.0,"gold_gain":0.0,"event_name":"The Cleric","player_choice":"Card Removal","floor":2.0,"gold_loss":75.0,"damage_taken":0.0},{"damage_healed":0.0,"max_hp_gain":0.0,"max_hp_loss":0.0,"gold_gain":0.0,"event_name":"FaceTrader","player_choice":"Trade","floor":10.0,"gold_loss":0.0,"damage_taken":0.0,"relics_obtained":["SsserpentHead"]}],"is_beta":false,"boss_relics":[],"items_purged_floors":[],"is_endless":false,"potions_floor_spawned":[4,13],"killed_by":"The Guardian","ascension_level":20}}