{"host":"ixbvfs3so5a39bhe","time":1610707413,"event":{"mods":["BaseMod","Minty Spire (QoL Compilation)","Quick Restart","StSLib"],"gold_per_floor":[117,132,82,7,7,7,34,47,71,71,93,93,93],"floor_reached":12,"language":"ZHS","playtime":316,"items_purged":["Strike_R"],"score":118,"play_id":"00e56e0a-59da-4d8c-9408-005d401fee32","local_time":"20210115184333","is_ascension_mode":true,"campfire_choices":[{"floor":6,"key":"RECALL"},{"data":"Evolve","floor":10,"key":"SMITH"}],"circlet_count":0,"master_deck":["Strike_R","Strike_R","Defend_R","Defend_R","Defend_R","Defend_R","Bash","Evolve+1","Wild Strike"],"relics":["Burning Blood","NeowsBlessing","Ancient Tea Set","CeramicFish"],"acts_visited":["Exordium"],"potions_floor_usage":[11,12],"damage_taken":[{"damage":0,"enemies":"Small Slimes","floor":1,"turns":1},{"damage":0,"enemies":"2 Louse","floor":2,"turns":1},{"damage":0,"enemies":"Gremlin Nob","floor":7,"turns":1},{"damage":15,"enemies":"Jaw Worm","floor":8,"turns":5},{"damage":45,"enemies":"Exordium Thugs","floor":11,"turns":6},{"damage":35,"enemies":"Lagavulin","floor":12,"turns":4}],"seed_played":"-1337666579354223012","potions_obtained":[{"floor":1,"key":"SkillPotion"},{"floor":7,"key":"AttackPotion"},{"floor":8,"key":"Weak Potion"}],"is_trial":false,"path_per_floor":["M","M","?","$","?","R","E","M","T","R","M","E"],"character_chosen":"IRONCLAD","items_purchased":[],"campfire_rested":0,"item_purchase_floors":[],"current_hp_per_floor":[80,80,80,80,73,73,79,70,70,70,31,0,0],"gold":93,"neow_bonus":"THREE_ENEMY_KILL","is_daily":false,"chose_seed":false,"campfire_upgraded":1,"win_rate":0.0,"timestamp":1610707413,"path_taken":["M","M","?","$","?","R","E","M","T","R","M","E"],"items_purchased_type":[],"build_version":"2020-12-22","purchased_purges":1,"victory":false,"max_hp_per_floor":[80,80,80,80,80,80,80,80,80,80,80,80,80],"card_choices":[{"not_picked":["Havoc","Flame Barrier"],"picked":"Evolve","floor":1},{"not_picked":["Intimidate","Pommel Strike","Armaments"],"picked":"SKIP","floor":2},{"not_picked":["Limit Break","Anger","Spot Weakness"],"picked":"SKIP","floor":7},{"not_picked":["Havoc","Perfected Strike","Cleave"],"picked":"SKIP","floor":8},{"not_picked":["Havoc","Reckless Charge"],"picked":"Wild Strike","floor":11}],"player_experience":151624,"relics_obtained":[{"floor":7,"key":"Ancient Tea Set"},{"floor":9,"key":"CeramicFish"}],"event_choices":[{"cards_removed":["Strike_R"],"damage_healed":0,"gold_gain":0,"player_choice":"Card Removal","damage_taken":0,"max_hp_gain":0,"max_hp_loss":0,"event_name":"The Cleric","floor":3,"gold_loss":50},{"cards_removed":["Strike_R"],"damage_healed":0,"gold_gain":0,"player_choice":"Card Removal","damage_taken":7,"max_hp_gain":0,"max_hp_loss":0,"event_name":"Golden Wing","floor":5,"gold_loss":0}],"is_beta":false,"boss_relics":[],"items_purged_floors":[4],"is_endless":false,"potions_floor_spawned":[1,7,8],"killed_by":"Lagavulin","ascension_level":3}}