{"host":"q6ff4ns2kep02ti6","time":1610752951,"event":{"mods":["AchievementEnabler","BaseMod","Minty Spire (QoL Compilation)","Relic Stats","StSLib","Unceasing Turn Reminder"],"gold_per_floor":[112,123,139,156,167,242,267,267,294,329,345,345,362,393,393,496,496,510,510,529,444,461,487,487,503,503,532,545,558,592,120,120,226,226,245,273,285,85,109,148,148,188,214,264,303,31,49,0,0,0,0,0,0,37,37,37],"floor_reached":55,"language":"ENG","playtime":6100,"items_purged":["Strike_B","Strike_B","Defend_B"],"score":1250,"play_id":"e2aae0cb-d35a-4d87-892a-08f46c5c7e69","local_time":"20210116002231","is_ascension_mode":true,"campfire_choices":[{"data":"Barrage","floor":8,"key":"SMITH"},{"data":"Defragment","floor":15,"key":"SMITH"},{"data":"Defragment","floor":24,"key":"SMITH"},{"floor":32,"key":"REST"},{"data":"Seek","floor":41,"key":"SMITH"},{"floor":49,"key":"RECALL"},{"data":"Biased Cognition","floor":52,"key":"SMITH"}],"circlet_count":0,"master_deck":["Strike_B","Defend_B","Defend_B","Defend_B","Zap","Dualcast","Electrodynamics","Conserve Battery","Barrage+1","Coolheaded","Undo","BootSequence","Self Repair","Defragment+1","Seek+1","Defragment+1","Loop","Biased Cognition+1","Conserve Battery","Doom and Gloom+1","Echo Form","Ball Lightning+1","Coolheaded+1","Force Field+1","Hologram","White Noise+1","Tempest+1","Echo Form+1","Madness","Madness","Hologram+1"],"relics":["Cracked Core","Letter Opener","Nunchaku","Happy Flower","Runic Dome","Smiling Mask","Gremlin Horn","Peace Pipe","InkBottle","CeramicFish","Pear","SlaversCollar","DataDisk","PreservedInsect","Frozen Egg 2","Art of War","Prayer Wheel","Omamori","DollysMirror","Red Mask","Lantern"],"acts_visited":["Exordium","TheCity","TheBeyond","TheEnding"],"potions_floor_usage":[7,14,16,18,23,27,31,33,33,40,44,50,55],"damage_taken":[{"damage":0,"enemies":"Small Slimes","floor":1,"turns":3},{"damage":1,"enemies":"Cultist","floor":2,"turns":3},{"damage":2,"enemies":"2 Louse","floor":3,"turns":2},{"damage":10,"enemies":"Looter","floor":4,"turns":3},{"damage":7,"enemies":"2 Fungi Beasts","floor":5,"turns":2},{"damage":6,"enemies":"Gremlin Nob","floor":7,"turns":3},{"damage":3,"enemies":"3 Sentries","floor":10,"turns":3},{"damage":0,"enemies":"Exordium Thugs","floor":11,"turns":4},{"damage":5,"enemies":"Gremlin Gang","floor":13,"turns":2},{"damage":9,"enemies":"Lagavulin","floor":14,"turns":8},{"damage":0,"enemies":"The Guardian","floor":16,"turns":8},{"damage":1,"enemies":"2 Thieves","floor":18,"turns":3},{"damage":2,"enemies":"3 Byrds","floor":20,"turns":2},{"damage":21,"enemies":"Shelled Parasite and Fungi","floor":22,"turns":5},{"damage":15,"enemies":"Book of Stabbing","floor":23,"turns":6},{"damage":4,"enemies":"Centurion and Healer","floor":25,"turns":3},{"damage":37,"enemies":"Slavers","floor":27,"turns":5},{"damage":8,"enemies":"3 Cultists","floor":28,"turns":3},{"damage":16,"enemies":"Sentry and Sphere","floor":29,"turns":5},{"damage":11,"enemies":"Book of Stabbing","floor":30,"turns":5},{"damage":39,"enemies":"Collector","floor":33,"turns":8},{"damage":8,"enemies":"Orb Walker","floor":35,"turns":4},{"damage":37,"enemies":"3 Darklings","floor":36,"turns":5},{"damage":35,"enemies":"Writhing Mass","floor":37,"turns":7},{"damage":25,"enemies":"Spire Growth","floor":39,"turns":7},{"damage":0,"enemies":"Reptomancer","floor":40,"turns":4},{"damage":14,"enemies":"Giant Head","floor":42,"turns":7},{"damage":3,"enemies":"Mind Bloom Boss Battle","floor":44,"turns":7},{"damage":9,"enemies":"Reptomancer","floor":45,"turns":4},{"damage":28,"enemies":"Awakened One","floor":50,"turns":7},{"damage":53,"enemies":"Shield and Spear","floor":54,"turns":5},{"damage":72,"enemies":"The Heart","floor":55,"turns":2}],"seed_played":"-6326978400196678536","potions_obtained":[{"floor":2,"key":"Fire Potion"},{"floor":5,"key":"SpeedPotion"},{"floor":7,"key":"Swift Potion"},{"floor":10,"key":"Explosive Potion"},{"floor":14,"key":"Swift Potion"},{"floor":16,"key":"CultistPotion"},{"floor":18,"key":"ColorlessPotion"},{"floor":22,"key":"EssenceOfSteel"},{"floor":30,"key":"AttackPotion"},{"floor":35,"key":"LiquidMemories"},{"floor":37,"key":"SneckoOil"},{"floor":54,"key":"Energy Potion"}],"is_trial":false,"path_per_floor":["M","M","M","M","M","?","E","R","T","E","M","?","M","E","R","B",null,"M","?","M","?","M","E","R","M","T","E","M","M","E","$","R","B",null,"M","M","M","$","M","E","R","E","T","?","E","$","?","?","R","B",null,"R","$","E","B"],"character_chosen":"DEFECT","items_purchased":["Fruit Juice","DuplicationPotion","Pear","DataDisk","DollysMirror","Regen Potion"],"campfire_rested":1,"item_purchase_floors":[31,31,31,38,46,46],"current_hp_per_floor":[68,67,65,55,48,37,31,31,31,28,35,35,30,28,28,35,65,71,71,75,75,61,53,53,56,56,26,25,16,12,27,54,22,73,72,49,28,28,17,31,31,31,31,42,33,33,22,22,22,23,73,73,73,20,0,0],"gold":37,"neow_bonus":"ONE_RANDOM_RARE_CARD","is_daily":false,"chose_seed":false,"campfire_upgraded":5,"win_rate":0.0,"timestamp":1610752951,"path_taken":["M","M","M","M","M","?","E","R","T","E","M","?","M","E","R","BOSS","M","?","M","?","M","E","R","M","T","E","M","M","E","$","R","BOSS","M","M","M","$","M","E","R","E","T","?","E","$","?","?","R","BOSS","R","$","E","BOSS"],"items_purchased_type":["Potion","Potion","Relic","Relic","Relic","Potion"],"build_version":"2020-12-22","purchased_purges":3,"victory":false,"max_hp_per_floor":[75,75,75,75,75,75,75,75,75,75,75,75,75,75,75,75,75,75,75,75,75,75,75,75,75,75,75,75,75,75,90,90,90,90,90,90,90,90,90,90,90,90,90,90,90,90,90,90,90,90,90,90,90,90,90,90],"relic_stats":{"Happy Flower":[37],"Gremlin Horn":[19,19],"counters":[32,144],"CeramicFish":99,"PreservedInsect":250,"Letter Opener":[393],"Smiling Mask":150,"Peace Pipe":0,"Nunchaku":[8],"Prayer Wheel":0,"Art of War":[8],"obtain_stats":[{"Lantern":54,"Pear":31,"Happy Flower":14,"Gremlin Horn":23,"CeramicFish":30,"PreservedInsect":40,"Omamori":45,"Letter Opener":7,"Frozen Egg 2":42,"Smiling Mask":21,"Peace Pipe":26,"Runic Dome":17,"SlaversCollar":34,"Nunchaku":10,"DataDisk":38,"DollysMirror":46,"Prayer Wheel":44,"Art of War":43,"Red Mask":48,"Cracked Core":0,"InkBottle":27},{"Lantern":31,"Pear":20,"Happy Flower":10,"Gremlin Horn":15,"CeramicFish":20,"PreservedInsect":26,"Omamori":29,"Letter Opener":6,"Frozen Egg 2":27,"Smiling Mask":13,"Peace Pipe":16,"Runic Dome":11,"SlaversCollar":21,"Nunchaku":7,"DataDisk":24,"DollysMirror":29,"Prayer Wheel":28,"Art of War":27,"Red Mask":29,"Cracked Core":0,"InkBottle":17},{"Lantern":142,"Pear":78,"Happy Flower":33,"Gremlin Horn":57,"CeramicFish":78,"PreservedInsect":113,"Omamori":131,"Letter Opener":16,"Frozen Egg 2":120,"Smiling Mask":46,"Peace Pipe":60,"Runic Dome":41,"SlaversCollar":86,"Nunchaku":19,"DataDisk":102,"DollysMirror":131,"Prayer Wheel":127,"Art of War":120,"Red Mask":131,"Cracked Core":0,"InkBottle":65}],"InkBottle":[38]},"card_choices":[{"not_picked":["Hologram","Beam Cell"],"picked":"Conserve Battery","floor":1},{"not_picked":["Steam","Auto Shields","Leap"],"picked":"SKIP","floor":2},{"not_picked":["Reinforced Body","Turbo"],"picked":"Barrage","floor":3},{"not_picked":["Recycle","Storm"],"picked":"Coolheaded","floor":4},{"not_picked":["Go for the Eyes","Electrodynamics"],"picked":"Undo","floor":5},{"not_picked":["Redo","Sweeping Beam"],"picked":"BootSequence","floor":7},{"not_picked":["Leap","Stack"],"picked":"Self Repair","floor":10},{"not_picked":["Stack","Ball Lightning","Fusion"],"picked":"SKIP","floor":11},{"not_picked":["Barrage","Lockon"],"picked":"Defragment","floor":13},{"not_picked":["Go for the Eyes","Coolheaded","Gash"],"picked":"SKIP","floor":14},{"not_picked":["Buffer","Reboot"],"picked":"Seek","floor":16},{"not_picked":["Stack","Rebound","Steam Power"],"picked":"SKIP","floor":18},{"not_picked":["Compile Driver","Storm","Aggregate"],"picked":"SKIP","floor":20},{"not_picked":["Storm","BootSequence","Heatsinks"],"picked":"SKIP","floor":22},{"not_picked":["Rip and Tear","Coolheaded","Stack"],"picked":"SKIP","floor":23},{"not_picked":["Cold Snap","Scrape+1"],"picked":"Loop","floor":25},{"not_picked":["Sunder+1","Barrage"],"picked":"Biased Cognition","floor":27},{"not_picked":["Steam","Cold Snap"],"picked":"Conserve Battery","floor":28},{"not_picked":["Heatsinks","Leap"],"picked":"Doom and Gloom+1","floor":29},{"not_picked":["Rip and Tear","Reprogram","Heatsinks"],"picked":"SKIP","floor":30},{"not_picked":["Electrodynamics","Machine Learning"],"picked":"Echo Form","floor":33},{"not_picked":["Barrage","Double Energy+1"],"picked":"Ball Lightning+1","floor":35},{"not_picked":["Recycle","Beam Cell+1"],"picked":"Coolheaded+1","floor":36},{"not_picked":["Cold Snap+1","Hello World+1","Compile Driver"],"picked":"SKIP","floor":37},{"not_picked":["Blizzard+1","Streamline+1"],"picked":"Force Field+1","floor":39},{"not_picked":["Cold Snap+1","Rainbow"],"picked":"Hologram","floor":40},{"not_picked":["Auto Shields+1","Stack"],"picked":"White Noise+1","floor":42},{"not_picked":["Compile Driver","Rip and Tear"],"picked":"Tempest+1","floor":45},{"not_picked":["Fusion","Storm+1"],"picked":"Hologram+1","floor":54}],"player_experience":950533,"relics_obtained":[{"floor":7,"key":"Letter Opener"},{"floor":10,"key":"Nunchaku"},{"floor":14,"key":"Happy Flower"},{"floor":23,"key":"Gremlin Horn"},{"floor":26,"key":"Peace Pipe"},{"floor":27,"key":"InkBottle"},{"floor":30,"key":"CeramicFish"},{"floor":40,"key":"PreservedInsect"},{"floor":42,"key":"Frozen Egg 2"},{"floor":43,"key":"Art of War"},{"floor":44,"key":"Prayer Wheel"},{"floor":45,"key":"Omamori"},{"floor":54,"key":"Lantern"}],"event_choices":[{"damage_healed":0,"gold_gain":75,"player_choice":"Gather Gold","damage_taken":11,"max_hp_gain":0,"max_hp_loss":0,"event_name":"World of Goop","floor":6,"gold_loss":0},{"cards_removed":["Strike_B"],"damage_healed":0,"gold_gain":0,"player_choice":"Offered Basic","damage_taken":0,"max_hp_gain":0,"max_hp_loss":0,"event_name":"Bonfire Elementals","floor":12,"gold_loss":0},{"damage_healed":0,"gold_gain":0,"player_choice":"Read","damage_taken":0,"max_hp_gain":0,"max_hp_loss":0,"event_name":"The Library","floor":19,"gold_loss":0,"cards_obtained":["Defragment"]},{"damage_healed":0,"gold_gain":0,"player_choice":"Obtained Relic","damage_taken":0,"relics_obtained":["Smiling Mask"],"max_hp_gain":0,"max_hp_loss":0,"event_name":"Addict","floor":21,"gold_loss":85},{"damage_healed":0,"gold_gain":0,"player_choice":"Fight","damage_taken":0,"max_hp_gain":0,"max_hp_loss":0,"event_name":"MindBloom","floor":44,"gold_loss":0},{"damage_healed":0,"gold_gain":0,"player_choice":"Embrace Madness","damage_taken":11,"max_hp_gain":0,"max_hp_loss":0,"event_name":"Winding Halls","floor":47,"gold_loss":0,"cards_obtained":["Madness","Madness"]},{"damage_healed":0,"gold_gain":0,"player_choice":"Paid","damage_taken":0,"relics_obtained":["Red Mask"],"max_hp_gain":0,"max_hp_loss":0,"event_name":"Tomb of Lord Red Mask","floor":48,"gold_loss":49}],"is_beta":false,"boss_relics":[{"not_picked":["SacredBark","Pandora\u0027s Box"],"picked":"Runic Dome"},{"not_picked":["Coffee Dripper","Fusion Hammer"],"picked":"SlaversCollar"}],"items_purged_floors":[31,38,46],"is_endless":false,"potions_floor_spawned":[2,5,7,10,14,16,18,22,30,35,37,54],"killed_by":"The Heart","ascension_level":7}}