{"host":"ekyl8r8j8fco3zlk","time":1610728163,"event":{"mods":["ATMod(阿瑾Mod)","Act Like it!","Arknights The Spire","BaseMod","CapriCore","Decade(王小明)","Friendly Minions","Gensokyo","Lobotomy","LobotomyExtend","Marisa（F雨　魔理沙）","Minty Spire (QoL Compilation)","READ ME - Guardian Mod","Rare Cards Sparkle","Reimu（博丽灵梦）","StSLib","The Alterego","The Immortal","The Jungle","Waifu the Spire","WarShipGirlsR/战舰少女R mod","【遗物卡牌】REMEMod"],"gold_per_floor":[112,112,287,287,362,362,115,123,123,123,123,117,17,31,31,128,128,143,157,173,173,133,133,133],"floor_reached":23,"language":"ZHS","playtime":791,"items_purged":["Doubt","Poor:ReiMu"],"score":262,"play_id":"5fe57b7e-9b78-4da9-9c62-3294339fc4e8","local_time":"20210116002923","is_ascension_mode":false,"campfire_choices":[{"data":"AT_OneInchPunch","floor":6,"key":"SMITH"},{"data":"Eruption","floor":10,"key":"SMITH"},{"data":"Halt","floor":15,"key":"SMITH"}],"circlet_count":0,"master_deck":["Strike_P","Strike_P","Strike_P","Strike_P","Defend_P","Defend_P","Defend_P","Defend_P","Eruption+1","Vigilance","AT_FamilyPortrait+1","After Image","AT_DivineConfetti","Halt+1","Protect","Pray","SashWhip","AT_OneInchPunch+1","REME_Repentance","Meditate","DeusExMachina","AT_IrregularMenstruation","Necronomicurse"],"relics":["PureWater","AT_ATBox","REME_ComplimentaryCards","LetterFromLob","YidongShenshe:ReiMu","PreservedInsect","Shovel","AT_SilvercatRing","Busted Crown","Necronomicon","ZunR:ReiMu"],"acts_visited":["Exordium","TheCity"],"potions_floor_usage":[14,20,23,23],"damage_taken":[{"damage":0,"enemies":"Jaw Worm","floor":1,"turns":1},{"damage":10,"enemies":"3 Sentries","floor":8,"turns":4},{"damage":0,"enemies":"Small Slimes","floor":12,"turns":3},{"damage":5,"enemies":"2 Louse","floor":14,"turns":4},{"damage":0,"enemies":"Slime Boss","floor":16,"turns":5},{"damage":3,"enemies":"Spheric Guardian","floor":18,"turns":3},{"damage":6,"enemies":"Chosen","floor":19,"turns":4},{"damage":17,"enemies":"Shelled Parasite and Fungi","floor":20,"turns":6},{"damage":38,"enemies":"Slavers","floor":23,"turns":3}],"seed_played":"-1056279443236313347","potions_obtained":[{"floor":1,"key":"SteroidPotion"},{"floor":12,"key":"SkillPotion"},{"floor":14,"key":"Fruit Juice"},{"floor":20,"key":"SteroidPotion"}],"is_trial":false,"path_per_floor":["M","?","?","?","?","R","$","E","T","R","E","M","$","M","R","B",null,"M","M","M","?","?","E"],"character_chosen":"WATCHER","items_purchased":["PreservedInsect","REME_Repentance"],"campfire_rested":0,"item_purchase_floors":[7,7],"current_hp_per_floor":[72,72,72,72,61,61,61,51,51,51,51,51,51,51,51,51,77,74,68,51,35,35,0,0],"gold":133,"neow_bonus":"UPGRADE_CARD","is_daily":false,"chose_seed":false,"campfire_upgraded":3,"win_rate":0.0,"timestamp":1610728163,"path_taken":["M","?","?","?","?","R","$","E","T","R","E","?","$","M","R","BOSS","M","M","?","?","?","E"],"items_purchased_type":["Relic","Card"],"build_version":"2020-12-22","purchased_purges":2,"victory":false,"max_hp_per_floor":[72,72,72,72,72,72,72,72,72,72,72,72,72,77,77,77,77,77,77,77,77,77,77,77],"card_choices":[{"not_picked":["Crescendo","CutThroughFate"],"picked":"AT_DivineConfetti","floor":1},{"not_picked":["FlyingSleeves","TalkToTheHand"],"picked":"Meditate","floor":8},{"not_picked":["WheelKick","BowlingBash"],"picked":"DeusExMachina","floor":12},{"not_picked":["PathToVictory","FlyingSleeves","JustLucky"],"picked":"SKIP","floor":14},{"not_picked":["Ragnarok","REME_CRH"],"picked":"AT_IrregularMenstruation","floor":16},{"not_picked":["WindmillStrike"],"picked":"SKIP","floor":18},{"not_picked":["CutThroughFate"],"picked":"SKIP","floor":19},{"not_picked":["Halt"],"picked":"SKIP","floor":20}],"player_experience":666210,"relics_obtained":[{"floor":1,"key":"LetterFromLob"},{"floor":8,"key":"Shovel"},{"floor":9,"key":"AT_SilvercatRing"},{"floor":21,"key":"Necronomicon"}],"event_choices":[{"damage_healed":0,"gold_gain":175,"player_choice":"AGREE","damage_taken":0,"max_hp_gain":0,"max_hp_loss":0,"event_name":"Liars Game","floor":3,"gold_loss":0,"cards_obtained":["Doubt"]},{"damage_healed":0,"gold_gain":0,"player_choice":"带走神社","damage_taken":0,"relics_obtained":["YidongShenshe:ReiMu"],"max_hp_gain":0,"max_hp_loss":0,"event_name":"yidonshenshe","floor":4,"gold_loss":0,"cards_obtained":["Poor:ReiMu"]},{"damage_healed":0,"gold_gain":75,"player_choice":"Gather Gold","damage_taken":11,"max_hp_gain":0,"max_hp_loss":0,"event_name":"World of Goop","floor":5,"gold_loss":0},{"damage_healed":0,"gold_gain":0,"player_choice":"Obtained Book","damage_taken":16,"max_hp_gain":0,"max_hp_loss":0,"event_name":"Cursed Tome","floor":21,"gold_loss":0},{"damage_healed":0,"gold_gain":0,"player_choice":"购买神酒","damage_taken":0,"relics_obtained":["ZunR:ReiMu"],"max_hp_gain":0,"max_hp_loss":0,"event_name":"ZunEvent","floor":22,"gold_loss":40}],"is_beta":false,"boss_relics":[{"not_picked":["REME_DuelDisc","Runic Pyramid"],"picked":"Busted Crown"}],"items_purged_floors":[7,13],"is_endless":false,"potions_floor_spawned":[1,12,14,20],"killed_by":"Slavers","ascension_level":0}}