{"host":"ct28ocsd8g8yr2ah","time":1610736587,"event":{"mods":["BaseMod","Better Third Choice","Hermit","KinomotoSakuraMod(????)","Koishi","Marisa????????","Minty Spire (QoL Compilation)","Reimu??????","Remilia??????","StSLib","The Animator","The Gatherer","The Servant 0.9.4","Waifu the Spire"],"gold_per_floor":[116,127,157,14,14,14,46,75,157,199,216,216,67,91,91,194,194,176,51,64,64,64,64,75,92,92,92,92,103,103,103,103,201,201,219,38,50,50,64,64,84,96,96,96,123,123,123,123],"floor_reached":47,"language":"RUS","playtime":2668,"items_purged":["animator:Strike","animator:Strike","animator:Strike"],"score":467,"play_id":"adcc1f1a-e8c2-41e5-b1cd-eed3c6c25e72","local_time":"20210115234947","is_ascension_mode":false,"campfire_choices":[{"data":"animator:Yuuichirou","floor":6,"key":"SMITH"},{"floor":12,"key":"REST"},{"floor":15,"key":"REST"},{"data":"animator:FeridBathory","floor":23,"key":"SMITH"},{"floor":28,"key":"REST"},{"floor":30,"key":"REST"},{"data":"EndlessPower","floor":32,"key":"SMITH"},{"floor":40,"key":"REST"},{"floor":44,"key":"REST"}],"circlet_count":0,"master_deck":["animator:Strike_MadokaMagica","animator:Defend_MadokaMagica","animator:Defend","animator:Defend","animator:Defend","animator:IrohaTamaki","animator:YuiTsuruno","animator:IrohaTamaki","animator:YunYun+1","animator:Yuuichirou+1","animator:SuzuneAmano","animator:SayakaMiki","animator:FeridBathory+1","animator:Ain","animator:YunYun","animator:Mikaela","animator:Mitsuba","animator:Eve","Wrath_TH","EndlessPower+1","animator:Kyubey","animator:IchigoKurosaki","animator:Yuuichirou"],"relics":["animator:LivingPicture","animator:TheMissingPiece","NeowsBlessing","Nunchaku","Ornamental Fan","Bottled Tornado","Philosopher\u0027s Stone","Strawberry","animator:OldCoffin","SacredBark","Blue Candle","Eternal Feather"],"acts_visited":["Exordium","TheCity","TheBeyond"],"potions_floor_usage":[11,11,16,39,42],"damage_taken":[{"damage":0,"enemies":"Jaw Worm","floor":1,"turns":1},{"damage":0,"enemies":"Cultist","floor":2,"turns":1},{"damage":0,"enemies":"Small Slimes","floor":3,"turns":1},{"damage":3,"enemies":"2 Fungi Beasts","floor":7,"turns":3},{"damage":14,"enemies":"Gremlin Nob","floor":8,"turns":4},{"damage":23,"enemies":"3 Sentries","floor":10,"turns":8},{"damage":14,"enemies":"Lots of Slimes","floor":11,"turns":3},{"damage":2,"enemies":"Blue Slaver","floor":14,"turns":4},{"damage":2,"enemies":"Slime Boss","floor":16,"turns":8},{"damage":27,"enemies":"2 Thieves","floor":18,"turns":4},{"damage":0,"enemies":"Spheric Guardian","floor":20,"turns":3},{"damage":1,"enemies":"Snecko","floor":24,"turns":7},{"damage":14,"enemies":"3 Cultists","floor":25,"turns":5},{"damage":4,"enemies":"Cultist and Chosen","floor":29,"turns":5},{"damage":18,"enemies":"Champ","floor":33,"turns":9},{"damage":7,"enemies":"3 Darklings","floor":35,"turns":6},{"damage":27,"enemies":"Orb Walker","floor":37,"turns":4},{"damage":16,"enemies":"Maw","floor":39,"turns":6},{"damage":28,"enemies":"3 Darklings","floor":41,"turns":7},{"damage":23,"enemies":"Sphere and 2 Shapes","floor":42,"turns":4},{"damage":58,"enemies":"Nemesis","floor":45,"turns":5},{"damage":12,"enemies":"Transient","floor":47,"turns":4}],"seed_played":"-2014639787986777110","potions_obtained":[{"floor":8,"key":"Swift Potion"},{"floor":10,"key":"Weak Potion"},{"floor":11,"key":"SpeedPotion"},{"floor":16,"key":"SpeedPotion"},{"floor":24,"key":"CultistPotion"},{"floor":33,"key":"DistilledChaos"},{"floor":39,"key":"Energy Potion"}],"is_trial":false,"path_per_floor":["M","M","M","$","?","R","M","E","T","E","M","R","$","M","R","B",null,"M","$","M","$","T","R","M","M","T","?","R","M","R","?","R","B",null,"M","$","M","$","M","R","M","M","T","R","E","?","M"],"character_chosen":"THE_ANIMATOR","items_purchased":["animator:SuzuneAmano","animator:Mikaela","animator:IchigoKurosaki","FairyPotion"],"campfire_rested":6,"item_purchase_floors":[4,13,36,36],"current_hp_per_floor":[66,66,66,66,66,66,63,50,50,27,13,33,33,31,51,50,68,41,41,41,41,48,48,47,33,33,33,55,51,73,73,73,56,76,69,69,42,42,26,48,20,45,45,67,9,9,0,0],"gold":123,"neow_bonus":"THREE_ENEMY_KILL","is_daily":false,"chose_seed":false,"campfire_upgraded":3,"win_rate":0.0,"timestamp":1610736587,"path_taken":["M","M","M","$","?","R","M","E","T","E","?","R","$","M","R","BOSS","M","?","?","$","?","R","M","M","T","?","R","M","R","?","R","BOSS","M","$","M","$","M","R","M","M","T","R","E","?","M"],"items_purchased_type":["Card","Card","Card","Potion"],"build_version":"2020-12-22","purchased_purges":3,"victory":false,"max_hp_per_floor":[66,66,66,66,66,66,66,67,67,67,67,67,67,67,67,68,68,68,68,68,68,75,75,75,75,75,75,75,75,75,75,75,76,76,76,76,76,76,76,76,76,76,76,76,76,76,76,76],"card_choices":[{"not_picked":["animator:OrikoMikuni","animator:PandorasActor"],"picked":"animator:IrohaTamaki","floor":1},{"not_picked":["animator:Lancer","animator:Hans"],"picked":"animator:YunYun","floor":2},{"not_picked":["animator:Viivi","animator:AcuraTooru"],"picked":"animator:Yuuichirou","floor":3},{"not_picked":["animator:SuzuneAmano","animator:KyokoSakura"],"picked":"animator:SayakaMiki","floor":7},{"not_picked":["animator:Elsword","animator:Raven"],"picked":"animator:FeridBathory","floor":8},{"not_picked":["animator:Yoichi","animator:YuiTsuruno"],"picked":"animator:Ain","floor":10},{"not_picked":["animator:Illya","animator:ShinjiMatou"],"picked":"animator:YunYun","floor":11},{"not_picked":["animator:Shinoa","animator:HiiragiShinya"],"picked":"animator:Mitsuba","floor":14},{"not_picked":["animator:AcuraShin","animator:Wiz"],"picked":"animator:Eve","floor":16},{"not_picked":["animator:IrohaTamaki","animator:Cocytus","animator:Aqua"],"picked":"SKIP","floor":18},{"not_picked":["animator:YachiyoNanami+1","animator:Illya","animator:Entoma"],"picked":"SKIP","floor":20},{"not_picked":["animator:Evileye","animator:SuzuneAmano","animator:Berserker+1"],"picked":"SKIP","floor":24},{"not_picked":["animator:YachiyoNanami","animator:Shalltear","animator:Sebas+1"],"picked":"SKIP","floor":29},{"not_picked":["animator:Guren","animator:ChaikaTrabant"],"picked":"animator:Kyubey","floor":33},{"not_picked":["animator:SuzuneAmano+1","animator:MamiTomoe+1","animator:Entoma"],"picked":"SKIP","floor":35},{"not_picked":["animator:Mitsuba","animator:Shinoa","animator:Caster"],"picked":"SKIP","floor":37},{"not_picked":["animator:Mikaela","animator:Yoichi"],"picked":"animator:Yuuichirou","floor":39},{"not_picked":["animator:Demiurge+1","animator:CrowleyEusford","animator:Ciel"],"picked":"SKIP","floor":41},{"not_picked":["animator:Kazuma","animator:Chung","animator:Lancer+1"],"picked":"SKIP","floor":42},{"not_picked":["animator:AcuraShin","animator:IrohaTamaki+1","animator:Kazuma+1"],"picked":"SKIP","floor":45}],"player_experience":538971,"relics_obtained":[{"floor":8,"key":"Nunchaku"},{"floor":9,"key":"Ornamental Fan"},{"floor":10,"key":"Bottled Tornado"},{"floor":22,"key":"Strawberry"},{"floor":26,"key":"animator:OldCoffin"},{"floor":43,"key":"Blue Candle"},{"floor":45,"key":"Eternal Feather"}],"event_choices":[{"damage_healed":0,"gold_gain":0,"player_choice":"Forge","damage_taken":0,"max_hp_gain":0,"max_hp_loss":0,"event_name":"Accursed Blacksmith","floor":5,"gold_loss":0,"cards_upgraded":["animator:YunYun"]},{"damage_healed":0,"gold_gain":0,"player_choice":"Ignored","damage_taken":0,"max_hp_gain":0,"max_hp_loss":0,"event_name":"Vampires","floor":27,"gold_loss":0},{"damage_healed":0,"gold_gain":0,"player_choice":"0 cards matched","damage_taken":0,"max_hp_gain":0,"max_hp_loss":0,"event_name":"Match and Keep!","floor":46,"gold_loss":0,"cards_obtained":[]}],"is_beta":false,"boss_relics":[{"not_picked":["RedLine:ReiMu","animator:CursedBlade"],"picked":"Philosopher\u0027s Stone"},{"not_picked":["Velvet Choker","animator:VividPicture"],"picked":"SacredBark"}],"items_purged_floors":[4,13,19],"is_endless":false,"potions_floor_spawned":[8,10,11,16,24,33,35,39,41],"killed_by":"Transient","ascension_level":0}}