{"host":"udyc8f81k2jocuhg","time":1610732818,"event":{"mods":["2.2 Compatiblity","BaseMod","Better Third Choice","Colored Powertips","Conspire","Custom Start","GifTheSpireLib","Hermit","Minty Spire (QoL Compilation)","Permanent Neow","Quick Restart","Relic Filter","Relic Stats","Replay The Spire","Shop Mod","Spikes Relics","StSLib","Stuff the Spire"],"gold_per_floor":[111,124,137,154,154,154,154,154],"floor_reached":7,"language":"ENG","playtime":323,"items_purged":[],"score":82,"play_id":"14a76776-e59c-43c3-ae42-c8210718d786","local_time":"20210115184658","is_ascension_mode":true,"campfire_choices":[{"data":"ReplayTheSpireMod:Fabricate Wheel","floor":6,"key":"SMITH"}],"circlet_count":0,"master_deck":["AscendersBane","Strike_B","Defend_B","Defend_B","Defend_B","Defend_B","Zap","Dualcast","Defragment+1","Compile Driver+1","Turbo+1","StuffTheSpire:Coldhearted","Undo","FIFO Queue","Streamline","ReplayTheSpireMod:Fabricate Wheel+1","Coolheaded","Zap"],"relics":["Astrolabe"],"acts_visited":["Exordium"],"potions_floor_usage":[7],"damage_taken":[{"damage":9.0,"enemies":"Small Slimes","floor":1.0,"turns":4.0},{"damage":0.0,"enemies":"Cultist","floor":2.0,"turns":5.0},{"damage":0.0,"enemies":"2 Louse","floor":3.0,"turns":4.0},{"damage":50.0,"enemies":"Exordium Thugs","floor":4.0,"turns":7.0},{"damage":42,"enemies":"Gremlin Nob","floor":7,"turns":3}],"seed_played":"-5886918649054381427","potions_obtained":[{"floor":1.0,"key":"Adrenaline Potion"}],"is_trial":false,"path_per_floor":["M","M","M","M","?","R","E"],"character_chosen":"DEFECT","items_purchased":[],"campfire_rested":0,"item_purchase_floors":[],"current_hp_per_floor":[55,55,55,5,5,5,0,0],"gold":154,"neow_bonus":"BOSS_RELIC","is_daily":false,"chose_seed":false,"campfire_upgraded":1,"win_rate":0.0,"timestamp":1610732818,"path_taken":["M","M","M","M","?","R","E"],"items_purchased_type":[],"build_version":"2020-12-22","purchased_purges":0,"victory":false,"max_hp_per_floor":[71,71,71,71,71,71,71,71],"relic_stats":{"counters":[5,23],"Astrolabe":["Defragment","Compile Driver","Turbo"],"obtain_stats":[{"Astrolabe":0,"Cracked Core":0},{"Astrolabe":0,"Cracked Core":0},{"Astrolabe":0,"Cracked Core":0}]},"card_choices":[{"not_picked":["Sweeping Beam","Gash"],"picked":"StuffTheSpire:Coldhearted","floor":1.0},{"not_picked":["Fusion","Beam Cell"],"picked":"Undo","floor":2.0},{"not_picked":["Stack","Auto Shields"],"picked":"FIFO Queue","floor":3.0},{"not_picked":["Gash","ReplayTheSpireMod:Dual Polarity"],"picked":"Streamline","floor":4.0}],"player_experience":2000035,"relics_obtained":[],"event_choices":[{"damage_healed":0,"gold_gain":0,"player_choice":"3 cards matched","damage_taken":0,"max_hp_gain":0,"max_hp_loss":0,"event_name":"Match and Keep!","floor":5,"gold_loss":0,"cards_obtained":["ReplayTheSpireMod:Fabricate Wheel","Coolheaded","Zap"]}],"is_beta":false,"boss_relics":[],"items_purged_floors":[],"is_endless":false,"potions_floor_spawned":[1],"killed_by":"Gremlin Nob","ascension_level":18}}