{"host":"ecaj4hn004xnnrw9","time":1610718297,"event":{"mods":["AchievementEnabler","BaseMod","Better Third Choice","Card Forge","Hermit","Hubris","Infinite Spire","Jorbs\u0027s Wanderer Trilogy","Minty Spire (QoL Compilation)","Quick Restart","Relic Stats","Shop Mod","StSLib","The Construct","The Jungle","The Runesmith"],"gold_per_floor":[112,112,122,122,122,122,122,122,149,149,183,183,183,183,183,284,284,303,323,323,248,260,289,289,323,349,374,374,374,391,391,391,486,486,496,496,514,530,630,656,656,674,699,599,631,642,642,642,642,642,642,642,194,225,225],"floor_reached":56,"language":"ENG","playtime":780,"items_purged":["infinitespire:Collect+1","hubris:Rewind+1"],"score":2372,"play_id":"a65b5be1-c622-41b8-ba59-4c8b7e5c2b2a","local_time":"20210115134457","is_ascension_mode":true,"campfire_choices":[{"floor":10,"key":"REST"},{"floor":15,"key":"RECALL"},{"floor":28,"key":"REST"},{"data":"hubris:InfiniteBlow+50","floor":32,"key":"SMITH"},{"data":"hubris:Rewind","floor":41,"key":"SMITH"},{"data":"hubris:InfiniteBlow+51","floor":49,"key":"SMITH"},{"data":"hubris:InfiniteBlow+52","floor":52,"key":"SMITH"}],"circlet_count":0,"master_deck":["infinitespire:Collect+1","hubris:InfiniteBlow+51","infinitespire:FutureSight+1","hubris:InfiniteBlow+51","hubris:InfiniteBlow+51","hubris:InfiniteBlow+53","infinitespire:Collect+1","infinitespire:TheBestDefense+1","infinitespire:FutureSight+1"],"relics":["PureWater","Hammer of Thor","Seething Fire","Anvil of the Gods","Philosopher\u0027s Stone","Oddly Smooth Stone","Nunchaku","infinitespire:Cupcake","hubris:MysteriousPyramids","hubris:BundleOfHerbs","Vajra","TungstenRod","infinitespire:Lychee Nut","hubris:HerbalPaste","Anchor"],"acts_visited":["Exordium","TheCity","TheBeyond","TheEnding"],"potions_floor_usage":[55],"damage_taken":[{"damage":0,"enemies":"Small Slimes","floor":1,"turns":1},{"damage":0,"enemies":"Jaw Worm","floor":3,"turns":1},{"damage":0,"enemies":"Cultist","floor":4,"turns":1},{"damage":0,"enemies":"2 Fungi Beasts","floor":5,"turns":1},{"damage":0,"enemies":"Gremlin Nob","floor":6,"turns":1},{"damage":0,"enemies":"Looter","floor":8,"turns":1},{"damage":0,"enemies":"3 Sentries","floor":11,"turns":1},{"damage":0,"enemies":"Exordium Thugs","floor":13,"turns":1},{"damage":0,"enemies":"2 Fungi Beasts","floor":14,"turns":1},{"damage":0,"enemies":"Hexaghost","floor":16,"turns":1},{"damage":0,"enemies":"Chosen","floor":18,"turns":1},{"damage":0,"enemies":"Shell Parasite","floor":19,"turns":1},{"damage":0,"enemies":"Shelled Parasite and Fungi","floor":22,"turns":1},{"damage":0,"enemies":"Nightmare","floor":23,"turns":1},{"damage":0,"enemies":"Gremlin Leader","floor":25,"turns":1},{"damage":0,"enemies":"Book of Stabbing","floor":27,"turns":1},{"damage":0,"enemies":"Snake Plant","floor":30,"turns":1},{"damage":0,"enemies":"Collector","floor":33,"turns":1},{"damage":0,"enemies":"3 Shapes","floor":35,"turns":1},{"damage":0,"enemies":"Orb Walker","floor":37,"turns":1},{"damage":0,"enemies":"Spire Growth","floor":38,"turns":1},{"damage":0,"enemies":"Reptomancer","floor":40,"turns":1},{"damage":0,"enemies":"Sphere and 2 Shapes","floor":42,"turns":1},{"damage":0,"enemies":"Giant Head","floor":45,"turns":1},{"damage":0,"enemies":"Maw","floor":46,"turns":1},{"damage":2,"enemies":"infinitespire:MassOfShapes","floor":50,"turns":1},{"damage":0,"enemies":"Shield and Spear","floor":54,"turns":1},{"damage":50,"enemies":"The Heart","floor":55,"turns":4}],"seed_played":"6666231805670404660","potions_obtained":[{"floor":0,"key":"SteroidPotion"},{"floor":0,"key":"FearPotion"},{"floor":0,"key":"Weak Potion"}],"is_trial":false,"path_per_floor":["M","?","M","M","M","E","?","M","T","R","E","?","M","M","R","B",null,"M","M","?","$","M","NM","?","E","T","E","R","$","M","?","R","B",null,"M","AVR","M","M","?","E","R","M","T","$","E","M","?","$","R","B",null,"R","$","E","B",null],"character_chosen":"WATCHER","items_purchased":["infinitespire:Lychee Nut","hubris:HerbalPaste"],"campfire_rested":2,"item_purchase_floors":[53,53],"current_hp_per_floor":[65,65,65,65,65,65,65,65,65,72,72,72,72,72,72,72,72,72,72,72,72,72,72,59,59,59,59,77,77,77,77,77,77,77,77,77,77,77,77,77,77,77,77,77,77,77,77,77,77,75,77,77,57,57,11],"gold":225,"neow_bonus":"THREE_SMALL_POTIONS","is_daily":false,"chose_seed":false,"campfire_upgraded":4,"win_rate":0.0,"timestamp":1610718297,"path_taken":["M","?","M","M","M","E","?","M","T","R","E","?","?","M","R","BOSS","M","M","?","$","?","NM","?","E","T","E","R","$","M","?","R","BOSS","M","AVR","M","M","?","E","R","M","T","?","E","M","?","$","R","BOSS","R","$","E","BOSS"],"items_purchased_type":["Relic","Relic"],"build_version":"2020-12-22","purchased_purges":2,"victory":true,"max_hp_per_floor":[72,72,72,72,72,72,72,72,72,72,72,72,72,72,72,72,72,72,72,72,72,72,72,77,77,77,77,77,77,77,77,77,77,77,77,77,77,77,77,77,77,77,77,77,77,77,77,77,77,77,77,77,57,57,57],"relic_stats":{"Nunchaku":[2],"counters":[28,31],"obtain_stats":[{"Oddly Smooth Stone":23,"Vajra":43,"Hammer of Thor":0,"Seething Fire":0,"hubris:MysteriousPyramids":36,"Nunchaku":25,"Anchor":54,"hubris:HerbalPaste":53,"Anvil of the Gods":0,"infinitespire:Lychee Nut":53,"Philosopher\u0027s Stone":17,"hubris:BundleOfHerbs":40,"PureWater":0,"TungstenRod":45,"infinitespire:Cupcake":34},{"Oddly Smooth Stone":14,"Vajra":23,"Hammer of Thor":0,"Seething Fire":0,"hubris:MysteriousPyramids":19,"Nunchaku":15,"Anchor":27,"hubris:HerbalPaste":26,"Anvil of the Gods":0,"infinitespire:Lychee Nut":26,"Philosopher\u0027s Stone":10,"hubris:BundleOfHerbs":22,"PureWater":0,"TungstenRod":24,"infinitespire:Cupcake":18},{"Oddly Smooth Stone":14,"Vajra":23,"Hammer of Thor":0,"Seething Fire":0,"hubris:MysteriousPyramids":19,"Nunchaku":15,"Anchor":27,"hubris:HerbalPaste":26,"Anvil of the Gods":0,"infinitespire:Lychee Nut":26,"Philosopher\u0027s Stone":10,"hubris:BundleOfHerbs":22,"PureWater":0,"TungstenRod":24,"infinitespire:Cupcake":18}],"TungstenRod":23},"card_choices":[{"not_picked":["Prostrate","Tantrum","MentalFortress"],"picked":"SKIP","floor":1},{"not_picked":["CutThroughFate","FollowUp","CrushJoints"],"picked":"SKIP","floor":3},{"not_picked":["Evaluate","WaveOfTheHand","CarveReality"],"picked":"SKIP","floor":4},{"not_picked":["Wallop","EmptyMind","LessonLearned"],"picked":"SKIP","floor":5},{"not_picked":["Protect","Omniscience","EmptyBody"],"picked":"SKIP","floor":6},{"not_picked":["Perseverance","EmptyBody","CutThroughFate"],"picked":"SKIP","floor":8},{"not_picked":["Consecrate","LikeWater","DeceiveReality"],"picked":"SKIP","floor":11},{"not_picked":["PathToVictory","Crescendo","Swivel"],"picked":"SKIP","floor":13},{"not_picked":["CrushJoints","FearNoEvil","FlurryOfBlows"],"picked":"SKIP","floor":14},{"not_picked":["FlurryOfBlows","Perseverance","ThirdEye"],"picked":"SKIP","floor":18},{"not_picked":["WindmillStrike+1","Adaptation","FlurryOfBlows"],"picked":"SKIP","floor":19},{"not_picked":["Adaptation","Fasting2","ThirdEye"],"picked":"SKIP","floor":22},{"not_picked":["Crescendo+1","MentalFortress","CrushJoints"],"picked":"SKIP","floor":23},{"not_picked":["EmptyBody","FlurryOfBlows","Tantrum"],"picked":"SKIP","floor":25},{"not_picked":["CutThroughFate","Adaptation+1","Halt"],"picked":"SKIP","floor":27},{"not_picked":["Adaptation","TalkToTheHand+1","Swivel"],"picked":"SKIP","floor":30},{"not_picked":["Consecrate","Crescendo","FollowUp+1"],"picked":"SKIP","floor":35},{"not_picked":["Evaluate+1","Pray+1","Halt"],"picked":"SKIP","floor":37},{"not_picked":["Wireheading+1","Perseverance","FollowUp"],"picked":"SKIP","floor":38},{"not_picked":["Adaptation","Weave","FlyingSleeves+1"],"picked":"SKIP","floor":40},{"not_picked":["WaveOfTheHand+1","Meditate","Prostrate"],"picked":"SKIP","floor":42},{"not_picked":["DeceiveReality","Evaluate","DeusExMachina"],"picked":"SKIP","floor":45},{"not_picked":["Protect+1","JustLucky","FlurryOfBlows+1"],"picked":"SKIP","floor":46},{"not_picked":["ReachHeaven","Collect","BowlingBash+1"],"picked":"SKIP","floor":54}],"player_experience":354698,"relics_obtained":[{"floor":23,"key":"Oddly Smooth Stone"},{"floor":25,"key":"Nunchaku"},{"floor":40,"key":"hubris:BundleOfHerbs"},{"floor":43,"key":"Vajra"},{"floor":45,"key":"TungstenRod"},{"floor":54,"key":"Anchor"}],"event_choices":[{"damage_healed":0,"gold_gain":0,"player_choice":"LEAVE","damage_taken":0,"max_hp_gain":0,"max_hp_loss":0,"event_name":"betterThird:BetterScrap","floor":2,"gold_loss":0,"cards_obtained":["Demon Form"]},{"damage_healed":0,"gold_gain":0,"player_choice":"Leave","damage_taken":0,"max_hp_gain":0,"max_hp_loss":0,"event_name":"The Cleric","floor":7,"gold_loss":0},{"damage_healed":0,"gold_gain":0,"player_choice":"Copied","damage_taken":0,"max_hp_gain":0,"max_hp_loss":0,"event_name":"Duplicator","floor":20,"gold_loss":0,"cards_obtained":["infinitespire:Collect"]},{"damage_healed":0,"gold_gain":0,"player_choice":"Shed Blood","damage_taken":18,"max_hp_gain":5,"max_hp_loss":0,"event_name":"Forgotten Altar","floor":24,"gold_loss":0},{"damage_healed":0,"gold_gain":100,"player_choice":"Pray","damage_taken":0,"max_hp_gain":0,"max_hp_loss":0,"event_name":"Golden Shrine","floor":39,"gold_loss":0},{"damage_healed":0,"gold_gain":0,"player_choice":"Bought 0 Potions","damage_taken":0,"max_hp_gain":0,"max_hp_loss":0,"event_name":"The Woman in Blue","floor":47,"gold_loss":0}],"is_beta":false,"boss_relics":[{"not_picked":["Runesmith:UraniumAnvil","Sozu"],"picked":"Philosopher\u0027s Stone"},{"not_picked":["Calling Bell","hubris:RunicObelisk"],"picked":"infinitespire:Cupcake"}],"items_purged_floors":[21,44],"is_endless":false,"potions_floor_spawned":[4,6,8,11,14,16,22,23,25,30,33,37,38,45,46],"ascension_level":9}}