{"host":"kwvcf9gzgu4x9g41","time":1610672268,"event":{"mods":["AchievementEnabler","AlwaysNeverKeys","BaseMod","BetterRewards","Block Reminder","Colored Map","Colored Powertips","Custom Start","Highlight Path","Keyboard Shortcuts","Minty Spire (QoL Compilation)","Permanent Neow","Rare Cards Sparkle","Relic Stats","Spicy Shops","StSLib","The Cursed","The Servant 0.9.4"],"gold_per_floor":[116,216,228,6,24,24,24,24,24,24,24,44,72,88,88,191,191,173,173,186,117,117,117],"floor_reached":22,"language":"ENG","playtime":1850,"items_purged":["Strike_G","Strike_G"],"score":402,"play_id":"776222f9-02e0-4c6e-a8a7-cbc4d5d3e41c","local_time":"20210114185748","is_ascension_mode":true,"campfire_choices":[{"data":"Prepared","floor":6,"key":"SMITH"},{"data":"Footwork","floor":8,"key":"SMITH"},{"data":"Poisoned Stab","floor":10,"key":"SMITH"},{"data":"Blur","floor":15,"key":"SMITH"}],"circlet_count":0,"master_deck":["Strike_G","Strike_G","Strike_G","Defend_G","Defend_G","Defend_G","Defend_G","Defend_G","Survivor","Neutralize","Footwork+1","Accuracy+1","Poisoned Stab","Bouncing Flask","Poisoned Stab+1","Infinite Blades+1","Prepared+1","Footwork+1","Deadly Poison","Backflip","Blur+1","Blade Dance","After Image+1","Infinite Blades+1","Accuracy+1"],"relics":["Ring of the Snake","Letter Opener","Frozen Egg 2","Toy Ornithopter","Shuriken","Meat on the Bone","Strawberry","Black Star"],"acts_visited":["Exordium","TheCity"],"potions_floor_usage":[20],"damage_taken":[{"damage":4,"enemies":"Small Slimes","floor":1,"turns":4},{"damage":0,"enemies":"Cultist","floor":3,"turns":3},{"damage":1,"enemies":"2 Louse","floor":5,"turns":5},{"damage":1,"enemies":"Exordium Thugs","floor":12,"turns":4},{"damage":0,"enemies":"Lagavulin","floor":13,"turns":6},{"damage":3,"enemies":"3 Louse","floor":14,"turns":4},{"damage":1,"enemies":"Slime Boss","floor":16,"turns":8},{"damage":11,"enemies":"2 Thieves","floor":18,"turns":4},{"damage":20,"enemies":"3 Byrds","floor":20,"turns":4},{"damage":60,"enemies":"3 Cultists","floor":22,"turns":6}],"seed_played":"2174240281288232681","potions_obtained":[{"floor":3,"key":"SkillPotion"},{"floor":5,"key":"DistilledChaos"},{"floor":14,"key":"Ancient Potion"},{"floor":16,"key":"SteroidPotion"},{"floor":20,"key":"Strength Potion"}],"is_trial":false,"path_per_floor":["M","?","M","$","M","R","?","R","T","R","$","M","E","M","R","B",null,"M","$","M","$","M"],"character_chosen":"THE_SILENT","items_purchased":["Footwork","Letter Opener","Frozen Egg 2","Accuracy+1","Poisoned Stab","Bouncing Flask","Poisoned Stab","Toy Ornithopter","Footwork+1","Accuracy+1"],"campfire_rested":0,"item_purchase_floors":[0,0,0,0,0,0,0,4,4,21],"current_hp_per_floor":[59,59,59,59,58,58,58,58,58,58,58,57,64,61,61,60,73,62,62,47,47,0,0],"gold":117,"neow_bonus":"","is_daily":false,"chose_seed":false,"campfire_upgraded":4,"win_rate":0.0,"timestamp":1610672268,"path_taken":["M","?","?","$","M","R","?","R","T","R","?","M","E","M","R","BOSS","M","$","M","$","M"],"items_purchased_type":["Card","Relic","Relic","Card","Card","Card","Card","Relic","Card","Card"],"build_version":"2020-12-22","purchased_purges":2,"victory":false,"max_hp_per_floor":[70,70,70,70,70,70,70,70,70,70,70,70,77,77,77,77,77,77,77,77,77,77,77],"relic_stats":{"counters":[53,160],"Shuriken":[22],"Black Star":0,"Letter Opener":[53],"obtain_stats":[{"TwistedFunnel":0,"Ice Cream":20,"CeramicFish":40,"Whetstone":44,"Sling":36,"Old Coin":29,"Blood Vial":0,"HornCleat":23,"Strawberry":13,"MealTicket":8,"Kunai":25,"Toxic Egg 2":44,"Pear":27,"Happy Flower":26,"Oddly Smooth Stone":31,"Eternal Feather":42,"Pen Nib":41,"Letter Opener":0,"War Paint":29,"Question Card":42,"OrangePellets":0,"Shuriken":7,"Bird Faced Urn":0,"Bronze Scales":9,"Molten Egg 2":30,"Black Star":0,"Meat on the Bone":6,"Darkstone Periapt":27,"Lantern":23,"Regal Pillow":25,"Singing Bowl":12,"SacredBark":0,"Mango":53,"Snake Skull":0,"Bag of Preparation":0,"Juzu Bracelet":10,"Incense Burner":12,"Cursed Key":17,"Ancient Tea Set":36,"Burning Blood":0,"Dream Catcher":10,"Tough Bandages":31,"WristBlade":0,"Ninja Scroll":0,"Gambling Chip":46,"Ring of the Snake":0,"Runic Pyramid":17,"Potion Belt":0,"The Specimen":0,"Golden Idol":13,"PreservedInsect":36,"Orichalcum":9,"Frozen Egg 2":40,"White Beast Statue":0,"Mercury Hourglass":54,"Anchor":13,"CaptainsWheel":30,"Busted Crown":34,"Bag of Marbles":25,"Toy Ornithopter":0,"TungstenRod":8,"FossilizedHelix":23},{"TwistedFunnel":0,"Ice Cream":8,"CeramicFish":16,"Whetstone":19,"Sling":15,"Old Coin":12,"Blood Vial":0,"HornCleat":32,"Strawberry":48,"MealTicket":3,"Kunai":10,"Toxic Egg 2":19,"Pear":11,"Happy Flower":33,"Oddly Smooth Stone":13,"Eternal Feather":18,"Pen Nib":17,"Letter Opener":43,"War Paint":12,"Question Card":18,"OrangePellets":0,"Shuriken":46,"Bird Faced Urn":0,"Bronze Scales":27,"Molten Egg 2":12,"Black Star":0,"Meat on the Bone":25,"Darkstone Periapt":11,"Lantern":9,"Regal Pillow":33,"Singing Bowl":5,"SacredBark":0,"Mango":41,"Snake Skull":0,"Bag of Preparation":0,"Juzu Bracelet":4,"Incense Burner":5,"Cursed Key":7,"Ancient Tea Set":15,"Burning Blood":0,"Dream Catcher":4,"Tough Bandages":13,"WristBlade":0,"Ninja Scroll":0,"Gambling Chip":20,"Ring of the Snake":0,"Runic Pyramid":28,"Potion Belt":0,"The Specimen":0,"Golden Idol":27,"PreservedInsect":15,"Orichalcum":3,"Frozen Egg 2":16,"White Beast Statue":0,"Mercury Hourglass":42,"Anchor":5,"CaptainsWheel":34,"Busted Crown":14,"Bag of Marbles":10,"Toy Ornithopter":0,"TungstenRod":3,"FossilizedHelix":9},{"TwistedFunnel":0,"Ice Cream":12,"CeramicFish":20,"Whetstone":23,"Sling":19,"Old Coin":16,"Blood Vial":0,"HornCleat":68,"Strawberry":134,"MealTicket":3,"Kunai":14,"Toxic Egg 2":23,"Pear":15,"Happy Flower":71,"Oddly Smooth Stone":17,"Eternal Feather":22,"Pen Nib":21,"Letter Opener":112,"War Paint":16,"Question Card":22,"OrangePellets":0,"Shuriken":124,"Bird Faced Urn":0,"Bronze Scales":48,"Molten Egg 2":16,"Black Star":0,"Meat on the Bone":42,"Darkstone Periapt":15,"Lantern":13,"Regal Pillow":71,"Singing Bowl":6,"SacredBark":0,"Mango":102,"Snake Skull":0,"Bag of Preparation":0,"Juzu Bracelet":5,"Incense Burner":6,"Cursed Key":10,"Ancient Tea Set":19,"Burning Blood":0,"Dream Catcher":5,"Tough Bandages":17,"WristBlade":0,"Ninja Scroll":0,"Gambling Chip":24,"Ring of the Snake":0,"Runic Pyramid":53,"Potion Belt":0,"The Specimen":0,"Golden Idol":48,"PreservedInsect":19,"Orichalcum":3,"Frozen Egg 2":20,"White Beast Statue":0,"Mercury Hourglass":107,"Anchor":6,"CaptainsWheel":74,"Busted Crown":18,"Bag of Marbles":14,"Toy Ornithopter":0,"TungstenRod":3,"FossilizedHelix":13}],"Toy Ornithopter":5,"Ring of the Snake":[106],"Meat on the Bone":48},"card_choices":[{"not_picked":["Dagger Throw","Bane"],"picked":"Infinite Blades+1","floor":1},{"not_picked":["Expertise","Bane"],"picked":"Prepared","floor":3},{"not_picked":["Outmaneuver","Backstab"],"picked":"Deadly Poison","floor":5},{"not_picked":["Tactician","Crippling Poison"],"picked":"Backflip","floor":12},{"not_picked":["Skewer","Doppelganger"],"picked":"Blur","floor":13},{"not_picked":["Bouncing Flask","Skewer"],"picked":"Blade Dance","floor":14},{"not_picked":["A Thousand Cuts+1","Glass Knife"],"picked":"After Image+1","floor":16},{"not_picked":["Slice","Caltrops+1"],"picked":"Infinite Blades+1","floor":18},{"not_picked":["Distraction","Endless Agony+1","Expertise+1"],"picked":"SKIP","floor":20}],"player_experience":352517,"relics_obtained":[{"floor":9,"key":"Meat on the Bone"},{"floor":13,"key":"Strawberry"}],"event_choices":[{"damage_healed":0,"gold_gain":100,"player_choice":"Pray","damage_taken":0,"max_hp_gain":0,"max_hp_loss":0,"event_name":"Golden Shrine","floor":2,"gold_loss":0},{"damage_healed":0,"gold_gain":0,"player_choice":"Gave Potion","damage_taken":0,"relics_obtained":["Shuriken"],"max_hp_gain":0,"max_hp_loss":0,"event_name":"WeMeetAgain","floor":7,"gold_loss":0}],"is_beta":false,"boss_relics":[{"not_picked":["Tiny House","Calling Bell"],"picked":"Black Star"}],"items_purged_floors":[0,0],"is_endless":false,"potions_floor_spawned":[3,5,14,16,18,20],"killed_by":"3 Cultists","ascension_level":6}}