{"host":"sv70n8tirfk0oiuf","time":1610703340,"event":{"mods":["Act Like it!","BaseMod","Chen","Gensokyo","Marisa£®ÏF”Í°°ƒß¿Ì…≥£©","Minty Spire (QoL Compilation)","Reimu£®≤©¿ˆ¡È√Œ£©","Remilia£®¿Ÿ√◊¿Ú—«£©","StSLib","The Administrix","The Servant 0.9.4","Yakumo Yukari mod","noobMod"],"gold_per_floor":[114,125,145,220,233,268,268,282,331,351,376,387,399,98,98,199,199,214,226,245,245,245,280,280,128,181,181,193,193,220,236,236,335,335,347,363,382,382,393,419,449,496,558,620,661,673,39,52,52,52,52,52,19,44,44],"floor_reached":56,"language":"ZHS","playtime":4010,"items_purged":["Parasite"],"score":1468,"play_id":"471b9e7a-7b7c-4982-adec-bda4c21c39d0","local_time":"20210115173540","is_ascension_mode":false,"campfire_choices":[{"floor":15,"key":"RECALL"},{"data":"Chen:Nimbleness","floor":27,"key":"SMITH"},{"data":"Chen:FlankingStrike","floor":29,"key":"SMITH"},{"floor":32,"key":"REST"},{"data":"Madness","floor":46,"key":"SMITH"},{"data":"Chen:Frivolous","floor":49,"key":"SMITH"},{"data":"Chen:MisdirectSwipe","floor":52,"key":"SMITH"}],"circlet_count":0,"master_deck":["Chen:Strike","Chen:Strike","Chen:Strike","Chen:Defend","Chen:Defend","Chen:Defend","Chen:Defend","Chen:PounceTurnTail","Chen:GlitterPoke+1","Chen:Mixup","Chen:ResistTemptation","Chen:Sidestep","Chen:Instinct","Chen:Sidestep","Chen:Barrier+1","Chen:Sidestep","Chen:RecklessLeap","Chen:Mixup","Chen:SelfConfidence","Chen:Nimbleness+1","Chen:Shot","Chen:EvasiveFireShift","Chen:MisdirectSwipe+1","Chen:FlankingStrike+1","Chen:Spray","Chen:Catseye","Chen:Sneak","Chen:Tear","Chen:Catseye+1","Chen:PhoenixEgg","CurseOfTheBell","Chen:Tear+1","Chen:UnstableBoundary+1","Chen:FollowUp+1","Chen:Barrier+1","Chen:Panic+1","Madness","Madness+1","Chen:PhoenixEgg","Chen:RecklessLeap+1","Chen:Afterimages","Chen:EvasiveFireShift","Chen:Spray","Chen:FollowUp","Chen:MisdirectSwipe+1","Chen:Deceitful+1","Chen:BlueOniRedOni","Chen:Salvo","Chen:Frivolous+1","The Bomb","Parasite","Chen:Tear+1","Chen:Shot+1","Chen:Frivolous","Chen:StudySharpen"],"relics":["Chen:Catnip","ice","Art of War","Akabeko","Matryoshka","Toolbox","Nunchaku","Black Star","Happy Flower","MealTicket","StoneCalendar","Lantern","Potion Belt","Pen Nib","PureWhite:ReiMu","Calling Bell","Tiny Chest","HornCleat","Prayer Wheel","MawBank","Bag of Marbles","Blue Candle","Blood Vial","War Paint","Strawberry","Incense Burner","Anchor","Dead Branch","Bronze Scales","Mercury Hourglass","Mastiff:ReiMu"],"acts_visited":["Exordium","TheCity","TheBeyond","TheEnding"],"potions_floor_usage":[19,30,40,50],"damage_taken":[{"damage":5,"enemies":"2 Louse","floor":1,"turns":3},{"damage":8,"enemies":"Jaw Worm","floor":2,"turns":4},{"damage":0,"enemies":"Cultist","floor":3,"turns":3},{"damage":9,"enemies":"2 Fungi Beasts","floor":5,"turns":4},{"damage":59,"enemies":"3 Sentries","floor":6,"turns":15},{"damage":0,"enemies":"Looter","floor":8,"turns":2},{"damage":0,"enemies":"3 Louse","floor":10,"turns":3},{"damage":4,"enemies":"Gremlin Nob","floor":11,"turns":3},{"damage":10,"enemies":"Exordium Wildlife","floor":12,"turns":4},{"damage":0,"enemies":"Lots of Slimes","floor":13,"turns":4},{"damage":8,"enemies":"Hexaghost","floor":16,"turns":9},{"damage":0,"enemies":"Chosen","floor":18,"turns":4},{"damage":14,"enemies":"2 Thieves","floor":19,"turns":3},{"damage":14,"enemies":"Centurion and Healer","floor":20,"turns":4},{"damage":27,"enemies":"Book of Stabbing","floor":23,"turns":4},{"damage":15,"enemies":"Snake Plant","floor":28,"turns":3},{"damage":13,"enemies":"Slavers","floor":30,"turns":5},{"damage":11,"enemies":"Shelled Parasite and Fungi","floor":31,"turns":3},{"damage":0,"enemies":"Collector","floor":33,"turns":6},{"damage":10,"enemies":"3 Shapes","floor":35,"turns":4},{"damage":19,"enemies":"3 Darklings","floor":36,"turns":4},{"damage":4,"enemies":"Writhing Mass","floor":37,"turns":5},{"damage":12,"enemies":"Spire Growth","floor":39,"turns":4},{"damage":7,"enemies":"Giant Head","floor":40,"turns":6},{"damage":0,"enemies":"Jaw Worm Horde","floor":41,"turns":3},{"damage":19,"enemies":"Nemesis","floor":42,"turns":5},{"damage":2,"enemies":"Mind Bloom Boss Battle","floor":44,"turns":4},{"damage":19,"enemies":"Reptomancer","floor":45,"turns":6},{"damage":1,"enemies":"Writhing Mass","floor":48,"turns":4},{"damage":58,"enemies":"Awakened One","floor":50,"turns":10},{"damage":47,"enemies":"Shield and Spear","floor":54,"turns":7},{"damage":107,"enemies":"The Heart","floor":55,"turns":6}],"seed_played":"-1565650482488057411","potions_obtained":[{"floor":3,"key":"DuplicationPotion"},{"floor":5,"key":"DuplicationPotion"},{"floor":8,"key":"CultistPotion"},{"floor":19,"key":"BlessingOfTheForge"},{"floor":23,"key":"ColorlessPotion"},{"floor":30,"key":"BlessingOfTheForge"},{"floor":31,"key":"Regen Potion"},{"floor":36,"key":"Block Potion"},{"floor":41,"key":"AttackPotion"},{"floor":44,"key":"SkillPotion"},{"floor":45,"key":"Regen Potion"},{"floor":54,"key":"SteroidPotion"}],"is_trial":false,"path_per_floor":["M","M","M","?","M","E","?","M","T","M","E","M","M","$","R","B",null,"M","M","M","?","?","E","?","$","T","R","M","R","E","M","R","B",null,"M","M","M","?","M","E","M","E","T","?","E","R","$","M","R","B",null,"R","$","E","B",null],"character_chosen":"CHEN","items_purchased":["Toolbox","Nunchaku","Lantern","Bronze Scales","Chen:BlueOniRedOni","Chen:Salvo","Chen:Frivolous","The Bomb","Chen:Frivolous"],"campfire_rested":1,"item_purchase_floors":[14,14,25,47,47,47,47,47,53],"current_hp_per_floor":[72,64,64,53,44,59,59,59,59,59,55,45,45,45,45,37,106,106,92,78,78,78,51,25,40,40,40,25,25,12,1,43,43,145,135,116,112,92,80,88,88,69,76,76,59,59,74,75,75,33,213,213,213,166,61],"gold":44,"neow_bonus":"TEN_PERCENT_HP_BONUS","is_daily":false,"chose_seed":false,"campfire_upgraded":5,"win_rate":0.0,"timestamp":1610703340,"path_taken":["M","M","M","?","M","E","?","M","T","?","E","M","M","$","R","BOSS","M","M","M","?","?","E","?","$","T","R","M","R","E","?","R","BOSS","M","?","M","?","M","E","M","E","T","?","E","R","$","M","R","BOSS","R","$","E","BOSS"],"items_purchased_type":["Relic","Relic","Relic","Relic","Card","Card","Card","Card","Card"],"build_version":"2020-12-22","purchased_purges":1,"victory":true,"max_hp_per_floor":[77,77,77,77,77,83,83,84,84,86,87,90,93,93,93,106,106,108,111,115,115,115,123,128,128,128,128,134,134,139,142,142,145,145,152,159,163,163,165,169,172,178,185,186,193,193,190,194,194,213,213,213,213,229,294],"card_choices":[{"not_picked":["Chen:CatPunch","Chen:Tear"],"picked":"Chen:Mixup","floor":1},{"not_picked":["Chen:Recuperate","Chen:PhoenixEgg"],"picked":"Chen:ResistTemptation","floor":2},{"not_picked":["Chen:Spray","Chen:Knockout"],"picked":"Chen:Sidestep","floor":3},{"not_picked":["Chen:SelfControl","Chen:ResistTemptation"],"picked":"Chen:Instinct","floor":5},{"not_picked":["Chen:SelfControl","Chen:Flit"],"picked":"Chen:Sidestep","floor":6},{"not_picked":["Chen:Scratch","Chen:Adaptability"],"picked":"Chen:Barrier","floor":8},{"not_picked":["Chen:Stability","Chen:CatPunch"],"picked":"Chen:Sidestep","floor":10},{"not_picked":["Chen:CatPunch","Chen:Barrier"],"picked":"Chen:RecklessLeap","floor":11},{"not_picked":["Chen:PentagramFlight","Chen:UpperHand"],"picked":"Chen:Mixup","floor":12},{"not_picked":["Chen:Sweep","Chen:Salvo"],"picked":"Chen:SelfConfidence","floor":13},{"not_picked":["Chen:WhateverWorks","Chen:Kimontonkou"],"picked":"Chen:Nimbleness","floor":16},{"not_picked":["Chen:ResistTemptation","Chen:Sidestep"],"picked":"Chen:Shot","floor":18},{"not_picked":["Chen:ResistTemptation","Chen:Instinct"],"picked":"Chen:EvasiveFireShift","floor":19},{"not_picked":["Chen:Copycat","Chen:Excitement"],"picked":"Chen:MisdirectSwipe","floor":20},{"not_picked":["Chen:EmergencyEscape","Chen:CatPunch"],"picked":"Chen:Catseye","floor":23},{"not_picked":["Chen:Excitement","Chen:GuardCounter+1"],"picked":"Chen:Sneak","floor":28},{"not_picked":["Chen:Excitement","Chen:EmergencyEscape"],"picked":"Chen:Tear","floor":30},{"not_picked":["Chen:Tear","Chen:Scratch+1"],"picked":"Chen:Catseye+1","floor":31},{"not_picked":["Chen:WhateverWorks","Chen:Stability"],"picked":"Chen:PhoenixEgg","floor":33},{"not_picked":["Chen:Fadeout+1","Chen:EvasiveFireShift+1"],"picked":"Chen:Tear+1","floor":35},{"not_picked":["Chen:Shot","Chen:Honk+1"],"picked":"Chen:UnstableBoundary+1","floor":35},{"not_picked":["Chen:Sweep","Chen:Barrier"],"picked":"Chen:FollowUp+1","floor":36},{"not_picked":["Chen:Adaptability","Chen:Fadeout"],"picked":"Chen:Barrier+1","floor":36},{"not_picked":["Chen:Scratch+1","Chen:TauntHiss+1"],"picked":"Chen:Panic+1","floor":37},{"not_picked":["Chen:MisdirectSwipe","Chen:UnstableBoundary+1","Chen:BlueOniRedOni+1"],"picked":"SKIP","floor":37},{"not_picked":["Chen:Scratch+1","Chen:TauntHiss+1"],"picked":"Chen:PhoenixEgg","floor":39},{"not_picked":["Chen:SelfConfidence+1","Chen:Sweep+1"],"picked":"Chen:RecklessLeap+1","floor":39},{"not_picked":["Chen:ResistTemptation","Chen:Panic+1"],"picked":"Chen:Afterimages","floor":40},{"not_picked":["Chen:TauntHiss+1","Chen:Scratch"],"picked":"Chen:EvasiveFireShift","floor":41},{"not_picked":["Chen:SelfConfidence+1","Chen:Tear+1"],"picked":"Chen:Spray","floor":41},{"not_picked":["Chen:SelfControl+1","Chen:Sidestep+1"],"picked":"Chen:FollowUp","floor":42},{"not_picked":["Chen:Catseye+1","Chen:Exploit"],"picked":"Chen:MisdirectSwipe+1","floor":44},{"not_picked":["Chen:CurlUp","Chen:CatPunch+1"],"picked":"Chen:Deceitful+1","floor":45},{"not_picked":["Chen:CatPunch","Chen:RecklessLeap"],"picked":"Chen:Tear+1","floor":48},{"not_picked":["Chen:RecklessLeap","Chen:Instinct+1"],"picked":"Chen:Shot+1","floor":48},{"not_picked":["Chen:Sweep","Chen:Panic"],"picked":"Chen:StudySharpen","floor":54}],"player_experience":359125,"relics_obtained":[{"floor":6,"key":"Art of War"},{"floor":9,"key":"Akabeko"},{"floor":11,"key":"Matryoshka"},{"floor":23,"key":"MealTicket"},{"floor":23,"key":"StoneCalendar"},{"floor":26,"key":"Potion Belt"},{"floor":30,"key":"Pen Nib"},{"floor":30,"key":"PureWhite:ReiMu"},{"floor":34,"key":"Tiny Chest"},{"floor":34,"key":"HornCleat"},{"floor":34,"key":"Prayer Wheel"},{"floor":40,"key":"MawBank"},{"floor":40,"key":"Bag of Marbles"},{"floor":42,"key":"Blue Candle"},{"floor":42,"key":"Blood Vial"},{"floor":43,"key":"War Paint"},{"floor":43,"key":"Strawberry"},{"floor":44,"key":"Incense Burner"},{"floor":45,"key":"Anchor"},{"floor":45,"key":"Dead Branch"},{"floor":54,"key":"Mercury Hourglass"},{"floor":54,"key":"Mastiff:ReiMu"}],"event_choices":[{"damage_healed":0,"gold_gain":75,"player_choice":"Gather Gold","damage_taken":11,"max_hp_gain":0,"max_hp_loss":0,"event_name":"World of Goop","floor":4,"gold_loss":0},{"damage_healed":0,"gold_gain":0,"player_choice":"Ignored","damage_taken":0,"max_hp_gain":0,"max_hp_loss":0,"event_name":"NoteForYourself","floor":7,"gold_loss":0},{"damage_healed":0,"gold_gain":0,"cards_transformed":["Chen:Strike","Chen:Strike"],"player_choice":"Became Test Subject","damage_taken":0,"max_hp_gain":0,"max_hp_loss":0,"event_name":"Drug Dealer","floor":21,"gold_loss":0,"cards_obtained":["Chen:FlankingStrike","Chen:Spray"]},{"damage_healed":0,"gold_gain":0,"player_choice":"Opened","damage_taken":0,"relics_obtained":["Happy Flower"],"max_hp_gain":0,"max_hp_loss":0,"event_name":"The Mausoleum","floor":22,"gold_loss":0},{"damage_healed":0,"gold_gain":0,"player_choice":"Shed Blood","damage_taken":31,"max_hp_gain":5,"max_hp_loss":0,"event_name":"Forgotten Altar","floor":24,"gold_loss":0},{"damage_healed":0,"gold_gain":0,"player_choice":"Embrace Madness","damage_taken":20,"max_hp_gain":0,"max_hp_loss":0,"event_name":"Winding Halls","floor":38,"gold_loss":0,"cards_obtained":["Madness","Madness"]},{"damage_healed":0,"gold_gain":0,"player_choice":"Fight","damage_taken":0,"max_hp_gain":0,"max_hp_loss":0,"event_name":"MindBloom","floor":44,"gold_loss":0}],"is_beta":false,"boss_relics":[{"not_picked":["Tiny House","RedLine:ReiMu"],"picked":"Black Star"},{"not_picked":["Busted Crown","Pandora\u0027s Box"],"picked":"Calling Bell"}],"items_purged_floors":[47],"is_endless":false,"potions_floor_spawned":[3,5,8,11,19,23,30,31,36,41,44,45,48,54],"ascension_level":0}}