{"host":"dm4yvegl9um2tlqd","time":1610728490,"event":{"mods":["2.2 Compatiblity","AchievementEnabler","BaseMod","Colored Map","DeckTracker","Highlight Path","KOR Keyword Fix","Keyboard Shortcuts","Minty Spire (QoL Compilation)","Permanent Neow","Quick Restart","Random Character Button","StSLib","SuperFastMode","everything is the same but u backflip on backflip"],"gold_per_floor":[118,135,24,41,57,57,57,57,57,57,83,100,116,128,128,227,227,243,133,153,166,166,194,194,227,227,238,238,270,74,86,86,86,86],"floor_reached":33,"language":"KOR","playtime":1436,"items_purged":["Strike_B","Loop"],"score":413,"play_id":"bbb471fd-0006-42a7-9929-5bf373bb4f02","local_time":"20210116013450","is_ascension_mode":true,"campfire_choices":[{"data":"Beam Cell","floor":6.0,"key":"SMITH"},{"data":"Sunder","floor":8.0,"key":"SMITH"},{"data":"Skim","floor":10.0,"key":"SMITH"},{"data":"Turbo","floor":15,"key":"SMITH"},{"data":"Echo Form","floor":24,"key":"SMITH"},{"floor":28,"key":"REST"},{"floor":32,"key":"REST"}],"circlet_count":0,"master_deck":["Zap+1","Dualcast","Gash","Skim+1","Sunder+1","Beam Cell+1","Sweeping Beam","BootSequence","Genetic Algorithm","Turbo+1","Gash","Buffer","Cold Snap","Chill","Buffer","Turbo","Echo Form+1","Barrage","Compile Driver+1","All For One","Reprogram+1","Go for the Eyes+1","Hologram+1","Reprogram+1","Leap"],"relics":["Cracked Core","Gremlin Horn","Cables","The Courier","Pandora\u0027s Box","Enchiridion","Omamori","Peace Pipe","Torii","Juzu Bracelet","DollysMirror"],"acts_visited":["Exordium","TheCity"],"potions_floor_usage":[18,27],"damage_taken":[{"damage":6.0,"enemies":"Cultist","floor":1.0,"turns":3.0},{"damage":7.0,"enemies":"Jaw Worm","floor":2.0,"turns":2.0},{"damage":0.0,"enemies":"2 Louse","floor":4.0,"turns":1.0},{"damage":0.0,"enemies":"Exordium Wildlife","floor":5.0,"turns":2.0},{"damage":0.0,"enemies":"Gremlin Nob","floor":11.0,"turns":2.0},{"damage":0,"enemies":"2 Fungi Beasts","floor":12,"turns":2},{"damage":0,"enemies":"3 Louse","floor":13,"turns":2},{"damage":0,"enemies":"Exordium Thugs","floor":14,"turns":2},{"damage":25,"enemies":"Slime Boss","floor":16,"turns":7},{"damage":5,"enemies":"2 Thieves","floor":18,"turns":4},{"damage":0,"enemies":"Chosen","floor":20,"turns":3},{"damage":2,"enemies":"3 Cultists","floor":21,"turns":4},{"damage":0,"enemies":"Gremlin Leader","floor":23,"turns":4},{"damage":23,"enemies":"Book of Stabbing","floor":25,"turns":5},{"damage":11,"enemies":"Sentry and Sphere","floor":27,"turns":3},{"damage":10,"enemies":"Slavers","floor":29,"turns":4},{"damage":7,"enemies":"Chosen and Byrds","floor":31,"turns":3},{"damage":57,"enemies":"Champ","floor":33,"turns":9}],"seed_played":"6031292791322329333","potions_obtained":[{"floor":2.0,"key":"SpeedPotion"},{"floor":4.0,"key":"LiquidMemories"},{"floor":13,"key":"GamblersBrew"},{"floor":14,"key":"SteroidPotion"},{"floor":18,"key":"Dexterity Potion"},{"floor":29,"key":"Explosive Potion"}],"is_trial":false,"path_per_floor":["M","M","$","M","M","R","?","R","T","R","E","M","M","M","R","B",null,"M","$","M","M","?","E","R","E","T","M","R","E","$","M","R","B"],"character_chosen":"DEFECT","items_purchased":["Sunder","All For One","DollysMirror"],"campfire_rested":2,"item_purchase_floors":[3,19,30],"current_hp_per_floor":[69,62,62,62,62,62,62,62,62,62,62,62,62,62,62,37,75,70,70,70,68,52,52,52,29,29,18,40,30,30,23,45,0,0],"gold":86,"neow_bonus":"UPGRADE_CARD","is_daily":false,"chose_seed":false,"campfire_upgraded":5,"win_rate":0.0,"timestamp":1610728490,"path_taken":["M","?","$","M","M","R","?","R","T","R","E","M","M","M","R","BOSS","M","?","?","M","?","E","R","E","T","M","R","E","$","M","R","BOSS"],"items_purchased_type":["Card","Card","Relic"],"build_version":"2020-12-22","purchased_purges":2,"victory":false,"max_hp_per_floor":[75,75,75,75,75,75,75,75,75,75,75,75,75,75,75,75,75,75,75,75,75,75,75,75,75,75,75,75,75,75,75,75,75,75],"card_choices":[{"not_picked":["Barrage","Ball Lightning"],"picked":"Gash","floor":1.0},{"not_picked":["Ball Lightning","Redo"],"picked":"Skim","floor":2.0},{"not_picked":["Reinforced Body","Streamline"],"picked":"Beam Cell","floor":4.0},{"not_picked":["Ball Lightning","Go for the Eyes"],"picked":"Sweeping Beam","floor":5.0},{"not_picked":["Conserve Battery","Core Surge"],"picked":"BootSequence","floor":11},{"not_picked":["Redo","Turbo"],"picked":"Genetic Algorithm","floor":12},{"not_picked":["Auto Shields","Go for the Eyes"],"picked":"Turbo","floor":13},{"not_picked":["Streamline","Auto Shields"],"picked":"Gash","floor":14},{"not_picked":["Multi-Cast","Core Surge"],"picked":"Buffer","floor":16},{"not_picked":["Ball Lightning","Rebound"],"picked":"Compile Driver+1","floor":18},{"not_picked":["Stack","Barrage","Hello World"],"picked":"SKIP","floor":20},{"not_picked":["Stack","Turbo"],"picked":"Reprogram+1","floor":21},{"not_picked":["Machine Learning","Cold Snap","Doom and Gloom"],"picked":"SKIP","floor":23},{"not_picked":["Fusion+1","Hologram"],"picked":"Go for the Eyes+1","floor":25},{"not_picked":["Compile Driver+1","Fusion"],"picked":"Hologram+1","floor":27},{"not_picked":["Go for the Eyes","Defragment","Redo"],"picked":"SKIP","floor":29},{"not_picked":["Heatsinks","Ball Lightning"],"picked":"Leap","floor":31}],"player_experience":47715,"relics_obtained":[{"floor":7.0,"key":"Gremlin Horn"},{"floor":9.0,"key":"Cables"},{"floor":11,"key":"The Courier"},{"floor":22,"key":"Enchiridion"},{"floor":23,"key":"Omamori"},{"floor":25,"key":"Peace Pipe"},{"floor":26,"key":"Torii"},{"floor":29,"key":"Juzu Bracelet"}],"event_choices":[{"damage_healed":0.0,"max_hp_gain":0.0,"max_hp_loss":0.0,"gold_gain":0.0,"event_name":"Wheel of Change","player_choice":"Relic","floor":7.0,"gold_loss":0.0,"damage_taken":0.0},{"damage_healed":0,"gold_gain":0,"player_choice":"Obtained Book","damage_taken":16,"max_hp_gain":0,"max_hp_loss":0,"event_name":"Cursed Tome","floor":22,"gold_loss":0}],"is_beta":false,"boss_relics":[{"not_picked":["Snecko Eye","Runic Dome"],"picked":"Pandora\u0027s Box"}],"items_purged_floors":[3,30],"is_endless":false,"potions_floor_spawned":[2,4,13,14,18,21,29,31],"killed_by":"Champ","ascension_level":3}}