{"host":"w3q5ijqu8eoknil3","time":1610699299,"event":{"mods":["AchievementEnabler","BaseMod","Block Reminder","Colored Powertips","Curses Come First","Minty Spire (QoL Compilation)","Quick Restart","Relic Stats","StSLib","ojb\u0027s Better Paths Mod","ojb\u0027s Info Mod","slay the spire mod where everything is the same but ironclad has a cowboy hat"],"gold_per_floor":[116,126,137,154,169,169,169],"floor_reached":6,"language":"ENG","playtime":235,"items_purged":[],"score":76,"play_id":"64a9a0e4-64f8-472a-bca3-4527d709aa84","local_time":"20210115082819","is_ascension_mode":true,"campfire_choices":[],"circlet_count":0,"master_deck":["AscendersBane","Strike_G","Strike_G","Strike_G","Strike_G","Strike_G","Defend_G","Defend_G","Defend_G","Defend_G","Defend_G","Survivor","Neutralize","Bullet Time","Skewer","Calculated Gamble","Poisoned Stab","Poisoned Stab","Outmaneuver"],"relics":["Ring of the Snake"],"acts_visited":["Exordium"],"potions_floor_usage":[6,6],"damage_taken":[{"damage":2,"enemies":"2 Louse","floor":1,"turns":4},{"damage":11,"enemies":"Small Slimes","floor":2,"turns":5},{"damage":3,"enemies":"Cultist","floor":3,"turns":4},{"damage":3,"enemies":"Looter","floor":4,"turns":4},{"damage":1,"enemies":"Blue Slaver","floor":5,"turns":2},{"damage":25,"enemies":"Lagavulin","floor":6,"turns":7}],"seed_played":"-472135942336291934","potions_obtained":[{"floor":1,"key":"Strength Potion"},{"floor":4,"key":"Explosive Potion"}],"is_trial":false,"path_per_floor":["M","M","M","M","M","E"],"character_chosen":"THE_SILENT","items_purchased":[],"campfire_rested":0,"item_purchase_floors":[],"current_hp_per_floor":[42,31,28,25,24,0,0],"gold":169,"neow_bonus":"THREE_RARE_CARDS","is_daily":false,"chose_seed":false,"campfire_upgraded":0,"win_rate":0.0,"timestamp":1610699299,"path_taken":["M","M","M","M","M","E"],"items_purchased_type":[],"build_version":"2020-12-22","purchased_purges":0,"victory":false,"max_hp_per_floor":[66,66,66,66,66,66,66],"relic_stats":{"counters":[6,26],"obtain_stats":[{"Ring of the Snake":0},{"Ring of the Snake":0},{"Ring of the Snake":0}],"Ring of the Snake":[12]},"card_choices":[{"not_picked":["A Thousand Cuts","Doppelganger"],"picked":"Bullet Time","floor":0},{"not_picked":["Backflip","Bane"],"picked":"Skewer","floor":1},{"not_picked":["Slice","Acrobatics"],"picked":"Calculated Gamble","floor":2},{"not_picked":["Cloak And Dagger","Dodge and Roll"],"picked":"Poisoned Stab","floor":3},{"not_picked":["Endless Agony","Deflect"],"picked":"Poisoned Stab","floor":4},{"not_picked":["Endless Agony","Dagger Throw"],"picked":"Outmaneuver","floor":5}],"player_experience":982340,"relics_obtained":[],"event_choices":[],"is_beta":false,"boss_relics":[],"items_purged_floors":[],"is_endless":false,"potions_floor_spawned":[1,4],"killed_by":"Lagavulin","ascension_level":18}}