{"host":"7rmsgc3rayi00cdt","time":1610728589,"event":{"mods":["BaseMod","Minty Spire (QoL Compilation)"],"gold_per_floor":[363,373,153,173,8,43,43,43,43,43,8,26,55,71,71,71,71],"floor_reached":16,"language":"ENG","playtime":608,"items_purged":[],"score":180,"play_id":"b1762468-6673-4b84-a3b7-ec6f5333a83a","local_time":"20210115163629","is_ascension_mode":true,"campfire_choices":[{"floor":7,"key":"REST"},{"floor":15,"key":"REST"}],"circlet_count":0,"master_deck":["AscendersBane","Strike_B","Strike_B","Strike_B","Strike_B","Defend_B","Defend_B","Defend_B","Defend_B","Zap","Dualcast","Chill","Blizzard","Coolheaded","Chill","Tempest+1","Skim+1","Defragment","Leap+1"],"relics":["Cracked Core","Lantern","Omamori","Toxic Egg 2","Shuriken","Odd Mushroom"],"acts_visited":["Exordium"],"potions_floor_usage":[6,14],"damage_taken":[{"damage":1,"enemies":"Cultist","floor":1,"turns":3},{"damage":0,"enemies":"2 Louse","floor":2,"turns":3},{"damage":4,"enemies":"Small Slimes","floor":4,"turns":4},{"damage":28,"enemies":"Lagavulin","floor":6,"turns":9},{"damage":7,"enemies":"Blue Slaver","floor":12,"turns":4},{"damage":10,"enemies":"The Mushroom Lair","floor":13,"turns":4},{"damage":18,"enemies":"Exordium Thugs","floor":14,"turns":3},{"damage":38,"enemies":"Hexaghost","floor":16,"turns":9}],"seed_played":"-5663044046316711965","potions_obtained":[{"floor":2,"key":"Strength Potion"},{"floor":6,"key":"Fire Potion"},{"floor":13,"key":"ColorlessPotion"}],"is_trial":false,"path_per_floor":["M","M","$","M","$","E","R","$","T","$","?","M","?","M","R","B"],"character_chosen":"DEFECT","items_purchased":["Coolheaded","Lantern","Omamori"],"campfire_rested":2,"item_purchase_floors":[3,3,5],"current_hp_per_floor":[45,45,45,41,41,13,34,34,34,34,51,44,34,16,37,0,0],"gold":71,"neow_bonus":"TWO_FIFTY_GOLD","is_daily":false,"chose_seed":false,"campfire_upgraded":0,"win_rate":0.0,"timestamp":1610728589,"path_taken":["M","M","$","M","?","E","R","$","T","?","?","M","?","?","R","BOSS"],"items_purchased_type":["Card","Relic","Relic"],"build_version":"2020-12-22","purchased_purges":0,"victory":false,"max_hp_per_floor":[71,71,71,71,71,71,71,71,71,71,71,71,71,71,71,71,71],"card_choices":[{"not_picked":["Stack","Blizzard"],"picked":"Chill","floor":1},{"not_picked":["Stack","Steam"],"picked":"Blizzard","floor":2},{"not_picked":["Heatsinks","Beam Cell"],"picked":"Chill","floor":4},{"not_picked":["Turbo+1","Beam Cell"],"picked":"Tempest+1","floor":6},{"not_picked":["White Noise+1","Conserve Battery+1"],"picked":"Skim+1","floor":12},{"not_picked":["Heatsinks","Scrape"],"picked":"Defragment","floor":13},{"not_picked":["Capacitor","Darkness+1"],"picked":"Leap+1","floor":14}],"player_experience":766933,"relics_obtained":[{"floor":6,"key":"Toxic Egg 2"},{"floor":9,"key":"Shuriken"},{"floor":13,"key":"Odd Mushroom"}],"event_choices":[{"damage_healed":17,"gold_gain":0,"player_choice":"Healed","damage_taken":0,"max_hp_gain":0,"max_hp_loss":0,"event_name":"The Cleric","floor":11,"gold_loss":35},{"damage_healed":0,"gold_gain":0,"player_choice":"Fought Mushrooms","damage_taken":0,"max_hp_gain":0,"max_hp_loss":0,"event_name":"Mushrooms","floor":13,"gold_loss":0}],"is_beta":false,"boss_relics":[],"items_purged_floors":[],"is_endless":false,"potions_floor_spawned":[2,6,13],"killed_by":"Hexaghost","ascension_level":16}}