{"host":"d7v3kvhe79blqf0r","time":1610698764,"event":{"mods":["ATMod(°¢èªMod)","Act Like it!","BaseMod","CapriCore","Dota2Spire","Downfall","Gensokyo","Koishi","Lobotomy","LobotomyExtend","Marisa£¨ìFÓê¡¡Ä§ÀíÉ³£©","Minty Spire (QoL Compilation)","MostiFishMod","Quick Restart","Replay The Spire","RumiaBox-Â¶Ã×æ«µÄÉñÃØºÐ×Ó","StSLib","The Alterego","The Immortal","UnlockEverythingMod","WarShipGirlsR/Õ½½¢ÉÙÅ®R mod","Yakumo Yukari mod","Youmu£¨»êÆÇÑýÃÎ£©","Yuyuko","¡¾ÒÅÎï¿¨ÅÆ¡¿REMEMod"],"gold_per_floor":[113,113,113,132,145,177,177,204,204,231,19,35,51,51,51,155,155,167,182,196,96,107,107,126,126,126,155,155,173,48,63,63,161,161,177,194,41,41,52,52,52,66,66,93,13,46,111,126,126,126,126,126,76,106,106],"floor_reached":56,"language":"ZHS","playtime":4829,"items_purged":["alterego_mod:Strike","alterego_mod:Strike","alterego_mod:Strike"],"score":1504,"play_id":"c840a1b7-6bf5-45f0-bc15-09e9fe8c7327","local_time":"20210115161924","is_ascension_mode":false,"campfire_choices":[{"data":"alterego_mod:DiscoLights","floor":7,"key":"SMITH"},{"data":"alterego_mod:ChallengeComplete","floor":15,"key":"SMITH"},{"data":"alterego_mod:BrynhildrRomantia","floor":23,"key":"SMITH"},{"data":"alterego_mod:Birthday","floor":28,"key":"SMITH"},{"data":"alterego_mod:BigMeatyClaws","floor":32,"key":"SMITH"},{"floor":41,"key":"RECALL"},{"data":"alterego_mod:Venus","floor":49,"key":"SMITH"},{"data":"alterego_mod:TrickOrTreatment","floor":52,"key":"SMITH"}],"circlet_count":0,"master_deck":["alterego_mod:Strike","alterego_mod:Defend","alterego_mod:Defend","alterego_mod:Defend","alterego_mod:Impale","alterego_mod:BigMeatyClaws+1","alterego_mod:BrynhildrsRune","TreasureHunter","AT_Dispersion+1","Regret","alterego_mod:Cooking","alterego_mod:DiscoLights+1","alterego_mod:BusterCard","alterego_mod:SideboobHour","alterego_mod:DiscoLights","alterego_mod:Nekomimi","alterego_mod:TrickOrTreatment+1","alterego_mod:IndependentAction","alterego_mod:ChallengeComplete+1","alterego_mod:BrynhildrRomantia+1","alterego_mod:ChallengeComplete+1","alterego_mod:Jiggle+1","alterego_mod:Cooking+1","alterego_mod:Birthday+1","alterego_mod:Smother+1","alterego_mod:SakuraPetals","alterego_mod:IdEs","alterego_mod:ClassAdvantage","Wraith","Parasite","alterego_mod:Cooking+1","alterego_mod:Venus+1","alterego_mod:Cooking","alterego_mod:SakuraPetals+1","alterego_mod:Punishment"],"relics":["alterego_mod:MasochisticConstitution","AT_ATBox","REME_ComplimentaryCards","DaveBox","SynthV","SynthV:TestCard","AddBug","SecretRecord","SecretRecord","SecretRecord","SecretRecord","SecretRecord","SecretRecord","SecretRecord","SecretRecord"],"acts_visited":["Exordium","TheCity","TheBeyond","TheEnding"],"potions_floor_usage":[13,16,16,16,18,29,33,50,50,54],"damage_taken":[{"damage":0,"enemies":"Cultist","floor":1,"turns":3},{"damage":5,"enemies":"2 Louse","floor":4,"turns":3},{"damage":0,"enemies":"Jaw Worm","floor":5,"turns":4},{"damage":0,"enemies":"Lagavulin","floor":6,"turns":6},{"damage":16,"enemies":"Gremlin Nob","floor":8,"turns":5},{"damage":19,"enemies":"3 Sentries","floor":10,"turns":10},{"damage":15,"enemies":"Lots of Slimes","floor":12,"turns":6},{"damage":7,"enemies":"Blue Slaver","floor":13,"turns":5},{"damage":8,"enemies":"Slime Boss","floor":16,"turns":8},{"damage":15,"enemies":"Shell Parasite","floor":18,"turns":3},{"damage":0,"enemies":"Spheric Guardian","floor":19,"turns":6},{"damage":19,"enemies":"Snake Plant","floor":20,"turns":5},{"damage":6,"enemies":"Cultist and Chosen","floor":22,"turns":13},{"damage":2,"enemies":"3 Cultists","floor":24,"turns":6},{"damage":12,"enemies":"Gremlin Leader","floor":27,"turns":10},{"damage":2,"enemies":"Snake Plant","floor":29,"turns":5},{"damage":7,"enemies":"Cultist and Chosen","floor":31,"turns":4},{"damage":0,"enemies":"Collector","floor":33,"turns":8},{"damage":3,"enemies":"Orb Walker","floor":35,"turns":4},{"damage":43,"enemies":"3 Darklings","floor":36,"turns":7},{"damage":29,"enemies":"Writhing Mass","floor":39,"turns":4},{"damage":0,"enemies":"R_Hoarder","floor":40,"turns":1},{"damage":8,"enemies":"Maw","floor":42,"turns":9},{"damage":8,"enemies":"Giant Head","floor":44,"turns":8},{"damage":30,"enemies":"Nemesis","floor":46,"turns":6},{"damage":28,"enemies":"Jaw Worm Horde","floor":48,"turns":3},{"damage":8,"enemies":"Awakened One","floor":50,"turns":11},{"damage":86,"enemies":"Shield and Spear","floor":54,"turns":4},{"damage":69,"enemies":"The Heart","floor":55,"turns":8}],"seed_played":"7776288980746773981","potions_obtained":[{"floor":4,"key":"Dexterity Potion"},{"floor":5,"key":"Toxic Potion"},{"floor":10,"key":"SpeedPotion"},{"floor":12,"key":"PowerPotion"},{"floor":13,"key":"Dota2Spire:Clarity"},{"floor":18,"key":"REME_GoldPotion"},{"floor":22,"key":"Weak Potion"},{"floor":27,"key":"FearPotion"},{"floor":33,"key":"Weak Potion"},{"floor":42,"key":"PowerPotion"},{"floor":44,"key":"AttackPotion"}],"is_trial":false,"path_per_floor":["M","T","?","M","M","E","R","E","T","E","$","M","M","?","R","B",null,"M","M","M","$","M","R","M","?","T","E","R","M","$","M","R","B",null,"M","M","$","?","M","E","R","M","T","E","$","E","?","M","R","B",null,"R","$","E","B",null],"character_chosen":"The_Alterego","items_purchased":["alterego_mod:TrickOrTreatment","alterego_mod:ClassAdvantage","alterego_mod:Venus","alterego_mod:Punishment"],"campfire_rested":0,"item_purchase_floors":[11,37,45,53],"current_hp_per_floor":[70,70,70,69,71,71,71,69,69,73,73,65,66,59,59,59,76,69,76,72,72,79,79,89,89,89,90,90,91,91,92,92,92,92,93,104,104,104,102,102,102,105,105,121,121,103,55,76,76,137,137,137,137,87,78],"gold":106,"neow_bonus":"UPGRADE_CARD","is_daily":false,"chose_seed":false,"campfire_upgraded":7,"win_rate":0.0,"timestamp":1610698764,"path_taken":["M","?","?","?","M","E","R","E","T","E","$","M","M","?","R","BOSS","M","?","M","$","M","R","M","?","T","E","R","M","$","M","R","BOSS","M","M","$","?","M","E","R","M","T","E","$","E","?","M","R","BOSS","R","$","E","BOSS"],"items_purchased_type":["Card","Card","Card","Card"],"build_version":"2020-12-22","purchased_purges":3,"victory":true,"max_hp_per_floor":[70,70,70,71,71,71,71,72,72,73,73,74,75,75,75,76,76,77,77,78,78,79,79,89,89,89,90,90,91,91,92,92,92,92,93,105,105,105,106,106,106,107,107,121,121,122,122,123,123,137,137,137,137,138,139],"card_choices":[{"not_picked":["alterego_mod:Clones","alterego_mod:HighServant"],"picked":"alterego_mod:Cooking","floor":1},{"not_picked":["alterego_mod:Jiggle","alterego_mod:SakuraFive","alterego_mod:Undulate","alterego_mod:Rip"],"picked":"alterego_mod:DiscoLights","floor":4},{"not_picked":["alterego_mod:Skirt","alterego_mod:Rip","alterego_mod:Cycle","alterego_mod:HighServant"],"picked":"alterego_mod:BusterCard","floor":5},{"not_picked":["alterego_mod:Punishment","alterego_mod:PresenceConcealment","alterego_mod:Support","alterego_mod:SakuraLabyrinth"],"picked":"alterego_mod:SideboobHour","floor":6},{"not_picked":["alterego_mod:BustOut","alterego_mod:Complex","alterego_mod:Maid","alterego_mod:DeftHands"],"picked":"alterego_mod:DiscoLights","floor":8},{"not_picked":["alterego_mod:Undulate","alterego_mod:BiFurious","alterego_mod:DestructionOfProperty","alterego_mod:Rip"],"picked":"alterego_mod:Nekomimi","floor":10},{"not_picked":["alterego_mod:TrashNCrash","alterego_mod:Clap","alterego_mod:Birthday","alterego_mod:SakuraFive"],"picked":"alterego_mod:IndependentAction","floor":12},{"not_picked":["alterego_mod:Venus","alterego_mod:Birthday","alterego_mod:Bunnysuit","alterego_mod:DeftHands"],"picked":"alterego_mod:ChallengeComplete","floor":13},{"not_picked":["alterego_mod:IdEs","alterego_mod:PainIsPleasure","alterego_mod:Antipathy","alterego_mod:Alter"],"picked":"alterego_mod:BrynhildrRomantia","floor":16},{"not_picked":["alterego_mod:Maid","alterego_mod:DiscoLights+1","alterego_mod:Stockings","alterego_mod:BiFurious"],"picked":"alterego_mod:ChallengeComplete+1","floor":18},{"not_picked":["alterego_mod:RocketPunch","alterego_mod:Swimsuit+1","alterego_mod:Bunnysuit","alterego_mod:Complex+1","alterego_mod:Maid"],"picked":"SKIP","floor":19},{"not_picked":["alterego_mod:Skirt","alterego_mod:Rip+1","alterego_mod:Swimsuit+1","alterego_mod:Undulate"],"picked":"alterego_mod:Jiggle+1","floor":20},{"not_picked":["alterego_mod:BiFurious+1","alterego_mod:TrashNCrash","alterego_mod:Undulate","alterego_mod:Santa"],"picked":"alterego_mod:Cooking+1","floor":22},{"not_picked":["alterego_mod:Maid","alterego_mod:1TonWallop","alterego_mod:Mirror","alterego_mod:Undulate"],"picked":"alterego_mod:Birthday","floor":24},{"not_picked":["alterego_mod:MagicResistance","alterego_mod:Swimsuit","alterego_mod:GachaTicket","alterego_mod:Birthday","alterego_mod:BreastValley"],"picked":"SKIP","floor":27},{"not_picked":["alterego_mod:Palingenesis","alterego_mod:DiscoLights+1","alterego_mod:Cycle+1","alterego_mod:Clap"],"picked":"alterego_mod:Smother+1","floor":29},{"not_picked":["alterego_mod:Pet","alterego_mod:1TonWallop","alterego_mod:HighServant+1","alterego_mod:Belle"],"picked":"alterego_mod:SakuraPetals","floor":31},{"not_picked":["alterego_mod:BrynhildrRomantia","alterego_mod:Palingenesis","alterego_mod:Antipathy","alterego_mod:Rake"],"picked":"alterego_mod:IdEs","floor":33},{"not_picked":["alterego_mod:GoddessCore+1","alterego_mod:1TonWallop","alterego_mod:Support","alterego_mod:Swimsuit+1","alterego_mod:TrashNCrash+1"],"picked":"SKIP","floor":35},{"not_picked":["alterego_mod:Punishment","alterego_mod:Cycle","alterego_mod:Lingerie+1","alterego_mod:BreastValley+1","alterego_mod:Bunnysuit"],"picked":"SKIP","floor":36},{"not_picked":["alterego_mod:PerceptionDisorder","alterego_mod:Skirt","alterego_mod:Complex","alterego_mod:Swimsuit","alterego_mod:SakuraLabyrinth"],"picked":"SKIP","floor":39},{"not_picked":["alterego_mod:Birthday","alterego_mod:Table","alterego_mod:HighServant","alterego_mod:PresenceConcealment+1"],"picked":"alterego_mod:Cooking+1","floor":42},{"not_picked":["alterego_mod:ChallengeComplete","alterego_mod:TrashNCrash","alterego_mod:DeftHands","alterego_mod:Clones","alterego_mod:Rip"],"picked":"SKIP","floor":44},{"not_picked":["alterego_mod:BeGentle","alterego_mod:BiFurious","alterego_mod:HighServant","alterego_mod:Skirt","alterego_mod:SuperDuperMasochism+1"],"picked":"SKIP","floor":46},{"not_picked":["alterego_mod:Cycle+1","alterego_mod:Maid","alterego_mod:BiFurious","alterego_mod:DiscoLights+1"],"picked":"alterego_mod:Cooking","floor":47},{"not_picked":["alterego_mod:Belts+1","alterego_mod:Cushion+1","alterego_mod:Cycle+1","alterego_mod:1TonWallop"],"picked":"alterego_mod:SakuraPetals+1","floor":47},{"not_picked":["alterego_mod:1TonWallop","alterego_mod:TrashNCrash+1","alterego_mod:SakuraFive+1","alterego_mod:Valentines+1","alterego_mod:BeGentle+1"],"picked":"SKIP","floor":48},{"not_picked":["alterego_mod:Complex","alterego_mod:SideboobHour","alterego_mod:Swimsuit+1","alterego_mod:Pet","alterego_mod:Stockings+1"],"picked":"SKIP","floor":54}],"player_experience":85790,"relics_obtained":[{"floor":1,"key":"SynthV:TestCard"},{"floor":1,"key":"AddBug"},{"floor":1,"key":"LetterFromLob"},{"floor":2,"key":"Regal Pillow"},{"floor":4,"key":"SecretRecord"},{"floor":4,"key":"LetterFromLob"},{"floor":5,"key":"LetterFromLob"},{"floor":6,"key":"SecretRecord"},{"floor":6,"key":"Divine Protection"},{"floor":6,"key":"LetterFromLob"},{"floor":8,"key":"ThornShield"},{"floor":9,"key":"MoreBug"},{"floor":10,"key":"Replay:Rubber Ducky"},{"floor":10,"key":"Happy Flower"},{"floor":10,"key":"LetterFromLob"},{"floor":12,"key":"SecretRecord"},{"floor":12,"key":"LetterFromLob"},{"floor":13,"key":"LetterFromLob"},{"floor":16,"key":"Shovel"},{"floor":16,"key":"LetterFromLob"},{"floor":18,"key":"LetterFromLob"},{"floor":19,"key":"LetterFromLob"},{"floor":20,"key":"LetterFromLob"},{"floor":22,"key":"SecretRecord"},{"floor":22,"key":"LetterFromLob"},{"floor":26,"key":"Snack Pack"},{"floor":27,"key":"ZombieArmy"},{"floor":27,"key":"LetterFromLob"},{"floor":29,"key":"LetterFromLob"},{"floor":31,"key":"SecretRecord"},{"floor":31,"key":"LetterFromLob"},{"floor":33,"key":"SecretRecord"},{"floor":33,"key":"LetterFromLob"},{"floor":35,"key":"LetterFromLob"},{"floor":36,"key":"LetterFromLob"},{"floor":39,"key":"LetterFromLob"},{"floor":42,"key":"SecretRecord"},{"floor":42,"key":"LetterFromLob"},{"floor":44,"key":"Grinning Jar"},{"floor":44,"key":"LetterFromLob"},{"floor":46,"key":"MagicDraw2"},{"floor":46,"key":"LetterFromLob"},{"floor":47,"key":"AT_BladeRuinedKing"},{"floor":48,"key":"LetterFromLob"},{"floor":54,"key":"Dota2Spire:PhaseBoots"},{"floor":54,"key":"LetterFromLob"}],"event_choices":[{"damage_healed":0,"gold_gain":0,"player_choice":"Bought 0 Potions","damage_taken":0,"max_hp_gain":0,"max_hp_loss":0,"event_name":"The Woman in Blue","floor":3,"gold_loss":0},{"damage_healed":0,"gold_gain":0,"player_choice":"Damaged","damage_taken":7,"max_hp_gain":0,"max_hp_loss":0,"event_name":"Wheel of Change","floor":14,"gold_loss":0},{"cards_removed":["alterego_mod:Defend"],"damage_healed":0,"gold_gain":0,"player_choice":"Elegance","damage_taken":0,"max_hp_gain":0,"max_hp_loss":0,"event_name":"Back to Basics","floor":25,"gold_loss":0},{"damage_healed":0,"gold_gain":0,"player_choice":"Ignored","damage_taken":0,"max_hp_gain":0,"max_hp_loss":0,"event_name":"OrinTheCat","floor":38,"gold_loss":0}],"is_beta":false,"boss_relics":[{"not_picked":["OneHitWonderSystem","REME_ChargedStone"],"picked":"Runic Pyramid"},{"not_picked":["Coffee Dripper","Busted Crown"],"picked":"Dota2Spire:RefresherOrb"}],"items_purged_floors":[11,21,30],"is_endless":false,"potions_floor_spawned":[4,5,10,12,13,18,22,27,33,40,42,44,46,48],"ascension_level":0}}