{"host":"3rixevx6n8b56xaj","time":1610728587,"event":{"mods":["2.2 Compatiblity","AchievementEnabler","Arknights The Spire","BaseMod","Colored Map","DeckTracker","Friendly Minions","Minty Spire (QoL Compilation)","Poor People Problems","StSLib","SuperFastMode"],"gold_per_floor":[363,249,249,260,10,10,28,28,81,81,81,112,112,142,142,238,238,258,292,312,331,331,362,362,14,14,24,44,73,87,107,107,210,210,223,98,111,127,82,116,132,166,189,224,239,251,301,319,319,319],"floor_reached":51,"language":"KOR","playtime":2041,"items_purged":["Strike_G","Strike_G","Strike_G"],"score":964,"play_id":"48d7da1d-c479-4416-a30b-019cfb2b60dc","local_time":"20210116013627","is_ascension_mode":false,"campfire_choices":[{"data":"Footwork","floor":6,"key":"SMITH"},{"data":"Neutralize","floor":10,"key":"SMITH"},{"data":"Crippling Poison","floor":13,"key":"SMITH"},{"data":"Blade Dance","floor":15,"key":"SMITH"},{"data":"Storm of Steel","floor":24,"key":"SMITH"},{"data":"Blur","floor":32,"key":"SMITH"},{"floor":49,"key":"DIG"}],"circlet_count":0,"master_deck":["Defend_G","Defend_G","Defend_G","Survivor","Neutralize+1","Footwork+1","Infinite Blades","Dagger Throw","Crippling Poison+1","Blade Dance+1","After Image","Venomology+1","After Image+1","Cloak And Dagger+1","Poisoned Stab","Underhanded Strike","Tactician+1","Blur+1","Accuracy+1","Storm of Steel+1","Escape Plan+1","Flying Knee","Acrobatics+1","Deflect+1","Tools of the Trade","Acrobatics+1","Backstab","Prepared+1","Cloak And Dagger+1","Blade Dance+1","PiercingWail+1","Malaise+1","Leg Sweep+1","Finisher","Backflip+1","Reflex+1"],"relics":["Ring of the Snake","Eternal Feather","Prayer Wheel","White Beast Statue","Pear","Red Mask","Nloth\u0027s Gift","Mummified Hand","Kunai","Toxic Egg 2","Mercury Hourglass","WristBlade","PreservedInsect","StoneCalendar","Ancient Tea Set","Shovel","StrikeDummy"],"acts_visited":["Exordium","TheCity","TheBeyond"],"potions_floor_usage":[12,16,19,19,19,20,21,23,27,27,28,29,29,30,30,31,31,33,35,37,38,38,40,40,41,42,44,45,45,46,46,47,48,48,50,50],"damage_taken":[{"damage":0,"enemies":"2 Louse","floor":1,"turns":3},{"damage":0,"enemies":"Cultist","floor":4,"turns":4},{"damage":1,"enemies":"Small Slimes","floor":7,"turns":4},{"damage":11,"enemies":"3 Sentries","floor":12,"turns":7},{"damage":8,"enemies":"Lagavulin","floor":14,"turns":8},{"damage":24,"enemies":"Slime Boss","floor":16,"turns":12},{"damage":3,"enemies":"2 Thieves","floor":18,"turns":4},{"damage":9,"enemies":"Masked Bandits","floor":19,"turns":4},{"damage":1,"enemies":"Spheric Guardian","floor":20,"turns":4},{"damage":6,"enemies":"Snecko","floor":21,"turns":6},{"damage":5,"enemies":"Slavers","floor":23,"turns":5},{"damage":0,"enemies":"Centurion and Healer","floor":27,"turns":4},{"damage":9,"enemies":"Snake Plant","floor":28,"turns":4},{"damage":0,"enemies":"Book of Stabbing","floor":29,"turns":4},{"damage":0,"enemies":"3 Cultists","floor":30,"turns":4},{"damage":0,"enemies":"Snecko","floor":31,"turns":4},{"damage":0,"enemies":"Collector","floor":33,"turns":7},{"damage":0,"enemies":"3 Darklings","floor":35,"turns":3},{"damage":0,"enemies":"3 Shapes","floor":37,"turns":2},{"damage":0,"enemies":"Transient","floor":38,"turns":5},{"damage":0,"enemies":"Giant Head","floor":40,"turns":4},{"damage":0,"enemies":"Sphere and 2 Shapes","floor":41,"turns":3},{"damage":0,"enemies":"Nemesis","floor":42,"turns":5},{"damage":1,"enemies":"Giant Head","floor":44,"turns":5},{"damage":0,"enemies":"4 Shapes","floor":45,"turns":3},{"damage":0,"enemies":"Spire Growth","floor":46,"turns":3},{"damage":0,"enemies":"Mind Bloom Boss Battle","floor":47,"turns":2},{"damage":0,"enemies":"Sphere and 2 Shapes","floor":48,"turns":3},{"damage":64,"enemies":"Time Eater","floor":50,"turns":12}],"seed_played":"3170466371943072282","potions_obtained":[{"floor":1,"key":"Strength Potion"},{"floor":14,"key":"BlessingOfTheForge"},{"floor":16,"key":"SmokeBomb"},{"floor":18,"key":"ColorlessPotion"},{"floor":19,"key":"PowerPotion"},{"floor":20,"key":"Block Potion"},{"floor":21,"key":"Dexterity Potion"},{"floor":23,"key":"DistilledChaos"},{"floor":27,"key":"Poison Potion"},{"floor":28,"key":"Poison Potion"},{"floor":29,"key":"CunningPotion"},{"floor":30,"key":"EssenceOfSteel"},{"floor":31,"key":"Swift Potion"},{"floor":35,"key":"SpeedPotion"},{"floor":37,"key":"Dexterity Potion"},{"floor":38,"key":"Dexterity Potion"},{"floor":40,"key":"Block Potion"},{"floor":41,"key":"GhostInAJar"},{"floor":44,"key":"SteroidPotion"},{"floor":45,"key":"FearPotion"},{"floor":46,"key":"AttackPotion"},{"floor":47,"key":"Explosive Potion"},{"floor":48,"key":"SteroidPotion"}],"is_trial":false,"path_per_floor":["M","$","?","M","$","R","M","?","T","R","?","E","R","E","R","B",null,"M","?","M","M","?","E","R","$","T","M","M","E","M","M","R","B",null,"M","$","M","M","$","E","M","E","T","E","M","M","?","M","R","B",null],"character_chosen":"THE_SILENT","items_purchased":["Infinite Blades","Eternal Feather","Kunai","PiercingWail+1"],"campfire_rested":0,"item_purchase_floors":[2,5,25,39],"current_hp_per_floor":[49,49,49,49,49,55,54,54,54,60,35,24,30,32,41,17,80,77,68,67,61,61,56,68,68,68,68,59,59,59,59,74,74,80,80,80,80,80,80,80,80,80,80,79,79,79,79,79,80,16],"gold":319,"neow_bonus":"TWO_FIFTY_GOLD","is_daily":false,"chose_seed":false,"campfire_upgraded":6,"win_rate":0.0,"timestamp":1610728587,"path_taken":["M","$","?","?","$","R","M","?","T","R","?","E","R","E","R","BOSS","M","?","M","M","?","E","R","$","T","?","M","E","M","M","R","BOSS","M","$","M","M","$","E","M","E","T","E","M","M","?","M","R","BOSS"],"items_purchased_type":["Card","Relic","Relic","Card"],"build_version":"2020-12-22","purchased_purges":3,"victory":true,"max_hp_per_floor":[70,70,70,70,70,70,70,70,70,70,70,70,70,80,80,80,80,80,80,80,80,80,80,80,80,80,80,80,80,80,80,80,80,80,80,80,80,80,80,80,80,80,80,80,80,80,80,80,80,80],"card_choices":[{"not_picked":["Escape Plan","Acrobatics"],"picked":"Footwork","floor":1},{"not_picked":["Bane","Predator"],"picked":"Dagger Throw","floor":4},{"not_picked":["Dodge and Roll","Concentrate","Prepared"],"picked":"SKIP","floor":7},{"not_picked":["PiercingWail","Outmaneuver"],"picked":"Crippling Poison","floor":12},{"not_picked":["Escape Plan","Dash"],"picked":"Blade Dance","floor":14},{"not_picked":["Wraith Form v2","Night Terror"],"picked":"After Image","floor":16},{"not_picked":["Distraction+1","Acrobatics"],"picked":"Poisoned Stab","floor":18},{"not_picked":["Prepared","Escape Plan","Bouncing Flask"],"picked":"SKIP","floor":18},{"not_picked":["Blade Dance","Outmaneuver+1"],"picked":"Underhanded Strike","floor":19},{"not_picked":["Outmaneuver","Sucker Punch+1"],"picked":"Tactician+1","floor":20},{"not_picked":["Setup","Heel Hook+1"],"picked":"Blur","floor":20},{"not_picked":["Blade Dance","Bane+1"],"picked":"Accuracy+1","floor":21},{"not_picked":["Setup","Cloak And Dagger"],"picked":"Storm of Steel","floor":21},{"not_picked":["Bouncing Flask","Footwork"],"picked":"Escape Plan+1","floor":23},{"not_picked":["Poisoned Stab","Grand Finale"],"picked":"Flying Knee","floor":27},{"not_picked":["Catalyst+1","Deflect+1"],"picked":"Acrobatics+1","floor":27},{"not_picked":["Dodge and Roll+1","Setup+1"],"picked":"Deflect+1","floor":28},{"not_picked":["Deflect+1","PiercingWail+1"],"picked":"Tools of the Trade","floor":28},{"not_picked":["Doppelganger+1","Dagger Spray","Footwork"],"picked":"SKIP","floor":29},{"not_picked":["Deflect+1","Sucker Punch"],"picked":"Acrobatics+1","floor":30},{"not_picked":["Acrobatics+1","Eviscerate"],"picked":"Backstab","floor":30},{"not_picked":["All Out Attack","Bane"],"picked":"Prepared+1","floor":31},{"not_picked":["Grand Finale","Crippling Poison+1","Setup+1"],"picked":"SKIP","floor":31},{"not_picked":["Dagger Throw","Slice+1"],"picked":"Cloak And Dagger+1","floor":35},{"not_picked":["After Image","Dash","Eviscerate+1"],"picked":"SKIP","floor":35},{"not_picked":["Dagger Throw+1","Choke","Endless Agony"],"picked":"SKIP","floor":37},{"not_picked":["Deflect+1","Deadly Poison+1","Caltrops+1"],"picked":"SKIP","floor":37},{"not_picked":["Acrobatics+1","Bane+1"],"picked":"Blade Dance+1","floor":38},{"not_picked":["Deflect+1","Corpse Explosion+1","Riddle With Holes"],"picked":"SKIP","floor":38},{"not_picked":["Quick Slash","Envenom"],"picked":"Malaise+1","floor":40},{"not_picked":["Flying Knee","Dagger Spray"],"picked":"Leg Sweep+1","floor":41},{"not_picked":["Corpse Explosion+1","Quick Slash+1","Flying Knee"],"picked":"SKIP","floor":41},{"not_picked":["Deflect+1","Sucker Punch+1","Blur+1"],"picked":"SKIP","floor":42},{"not_picked":["Calculated Gamble+1","Deadly Poison+1"],"picked":"Finisher","floor":44},{"not_picked":["Flechettes","Sucker Punch"],"picked":"Backflip+1","floor":45},{"not_picked":["Doppelganger+1","Outmaneuver+1","Riddle With Holes"],"picked":"SKIP","floor":45},{"not_picked":["Bane","Riddle With Holes+1","Cloak And Dagger+1"],"picked":"SKIP","floor":46},{"not_picked":["Deadly Poison+1","Sucker Punch+1","Acrobatics+1"],"picked":"SKIP","floor":46},{"not_picked":["Blade Dance+1","Prepared+1"],"picked":"Reflex+1","floor":48},{"not_picked":["Backstab","Slice+1","Heel Hook+1"],"picked":"SKIP","floor":48}],"player_experience":617383,"relics_obtained":[{"floor":12,"key":"White Beast Statue"},{"floor":14,"key":"Pear"},{"floor":19,"key":"Red Mask"},{"floor":23,"key":"Mummified Hand"},{"floor":26,"key":"Toxic Egg 2"},{"floor":29,"key":"Mercury Hourglass"},{"floor":40,"key":"PreservedInsect"},{"floor":42,"key":"StoneCalendar"},{"floor":43,"key":"Ancient Tea Set"},{"floor":44,"key":"Shovel"},{"floor":49,"key":"StrikeDummy"}],"event_choices":[{"cards_removed":["Defend_G"],"damage_healed":0,"gold_gain":0,"player_choice":"Purged","damage_taken":0,"max_hp_gain":0,"max_hp_loss":0,"event_name":"Purifier","floor":3,"gold_loss":0},{"damage_healed":0,"gold_gain":0,"player_choice":"Ignored","damage_taken":0,"max_hp_gain":0,"max_hp_loss":0,"event_name":"Liars Game","floor":8,"gold_loss":0},{"damage_healed":0,"gold_gain":0,"player_choice":"Success","damage_taken":25,"relics_obtained":["Prayer Wheel"],"max_hp_gain":0,"max_hp_loss":0,"event_name":"Scrap Ooze","floor":11,"gold_loss":0},{"damage_healed":0,"gold_gain":0,"player_choice":"Fought Bandits","damage_taken":0,"max_hp_gain":0,"max_hp_loss":0,"event_name":"Masked Bandits","floor":19,"gold_loss":0},{"damage_healed":0,"gold_gain":0,"player_choice":"Traded Relic","damage_taken":0,"relics_obtained":["Nloth\u0027s Gift"],"max_hp_gain":0,"max_hp_loss":0,"event_name":"N\u0027loth","floor":22,"relics_lost":["Astrolabe"],"gold_loss":0},{"damage_healed":0,"gold_gain":0,"player_choice":"Fight","damage_taken":0,"max_hp_gain":0,"max_hp_loss":0,"event_name":"MindBloom","floor":47,"gold_loss":0}],"is_beta":false,"boss_relics":[{"not_picked":["HoveringKite","Tiny House"],"picked":"Astrolabe"},{"not_picked":["Pandora\u0027s Box","Cursed Key"],"picked":"WristBlade"}],"items_purged_floors":[2,25,36],"is_endless":false,"potions_floor_spawned":[1,14,16,18,19,20,21,23,27,28,29,30,31,33,35,37,38,40,41,42,44,45,46,47,48],"ascension_level":0}}