{"host":"g2yp6paluzgljz05","time":1610698652,"event":{"mods":["BaseMod","Bestiary","Colored Powertips","DeckTracker","Highlight Path","Minty Spire (QoL Compilation)","Quick Restart"],"gold_per_floor":[113,113,113,129,0,0,27,27,75,107,107,126,138,108,108,203,203,158,158,158,158,158,158,158,158,158,158,158,73,73,73,73,73,73],"floor_reached":33,"language":"ENG","playtime":1657,"items_purged":["Strike_R"],"score":425,"play_id":"8a77d21e-bb0a-4bb6-97f8-00cd7acf679a","local_time":"20210115191732","is_ascension_mode":true,"campfire_choices":[{"data":"Bash","floor":6.0,"key":"SMITH"},{"data":"Rage","floor":8.0,"key":"SMITH"},{"data":"Pommel Strike","floor":11.0,"key":"SMITH"},{"data":"Headbutt","floor":15.0,"key":"SMITH"},{"data":"Berserk","floor":24,"key":"SMITH"},{"floor":28,"key":"REST"},{"floor":30,"key":"REST"},{"floor":32,"key":"REST"}],"circlet_count":0,"master_deck":["Strike_R","Strike_R","Strike_R","Defend_R","Defend_R","Defend_R","Defend_R","Bash+1","Headbutt","Pommel Strike+1","Rage+1","Headbutt+1","Shrug It Off","Berserk+1","Inflame"],"relics":["Burning Blood","NeowsBlessing","Bag of Preparation","Bottled Flame","Vajra","MealTicket","Ectoplasm","Magic Flower","Sundial","Pantograph","Toy Ornithopter","Omamori","MawBank"],"acts_visited":["Exordium","TheCity"],"potions_floor_usage":[23,25,31,33],"damage_taken":[{"damage":0.0,"enemies":"Small Slimes","floor":1.0,"turns":1.0},{"damage":0.0,"enemies":"Jaw Worm","floor":4.0,"turns":1.0},{"damage":0.0,"enemies":"3 Sentries","floor":7.0,"turns":1.0},{"damage":40.0,"enemies":"Lagavulin","floor":10.0,"turns":4.0},{"damage":0.0,"enemies":"Cultist","floor":12.0,"turns":2.0},{"damage":1.0,"enemies":"Red Slaver","floor":13.0,"turns":3.0},{"damage":34.0,"enemies":"Slime Boss","floor":16.0,"turns":10.0},{"damage":7.0,"enemies":"2 Thieves","floor":18.0,"turns":3.0},{"damage":0,"enemies":"Spheric Guardian","floor":19,"turns":3},{"damage":7,"enemies":"Snecko","floor":20,"turns":3},{"damage":44,"enemies":"Book of Stabbing","floor":23,"turns":5},{"damage":48,"enemies":"Slavers","floor":25,"turns":4},{"damage":41,"enemies":"Book of Stabbing","floor":27,"turns":4},{"damage":26,"enemies":"Gremlin Leader","floor":31,"turns":5},{"damage":109,"enemies":"Collector","floor":33,"turns":6}],"seed_played":"-1181517728928479875","potions_obtained":[{"floor":1.0,"key":"Swift Potion"},{"floor":14.0,"key":"Explosive Potion"},{"floor":14.0,"key":"FairyPotion"},{"floor":16.0,"key":"LiquidBronze"},{"floor":20,"key":"Block Potion"},{"floor":23,"key":"DistilledChaos"},{"floor":31,"key":"CultistPotion"}],"is_trial":false,"path_per_floor":["M","?","T","M","$","R","E","R","T","E","R","M","M","?","R","B",null,"M","M","M","?","T","E","R","E","T","E","R","?","R","E","R","B"],"character_chosen":"IRONCLAD","items_purchased":["Pommel Strike"],"campfire_rested":3,"item_purchase_floors":[5],"current_hp_per_floor":[80,73,73,79,79,79,80,80,80,46,46,52,57,57,57,29,80,79,80,79,79,79,44,44,45,45,13,37,37,61,52,76,0,0],"gold":73,"neow_bonus":"THREE_ENEMY_KILL","is_daily":false,"chose_seed":false,"campfire_upgraded":5,"win_rate":0.0,"timestamp":1610698652,"path_taken":["M","?","?","?","?","R","E","R","T","E","R","M","M","?","R","BOSS","M","?","M","?","?","E","R","E","T","E","R","?","R","E","R","BOSS"],"items_purchased_type":["Card"],"build_version":"2020-12-22","purchased_purges":1,"victory":false,"max_hp_per_floor":[80,80,80,80,80,80,80,80,80,80,80,80,80,80,80,80,80,80,80,80,80,80,80,80,80,80,80,80,80,80,80,80,80,80],"card_choices":[{"not_picked":["Havoc","Cleave"],"picked":"Headbutt","floor":1.0},{"not_picked":["Sentinel","Armaments","Power Through"],"picked":"SKIP","floor":4.0},{"not_picked":["Intimidate","Sword Boomerang"],"picked":"Rage","floor":7.0},{"not_picked":["Pummel","Spot Weakness"],"picked":"Headbutt","floor":10.0},{"not_picked":["Armaments","Body Slam"],"picked":"Shrug It Off","floor":12.0},{"not_picked":["Seeing Red","Twin Strike","Wild Strike"],"picked":"SKIP","floor":13.0},{"not_picked":["Barricade","Exhume"],"picked":"Berserk","floor":16.0},{"not_picked":["Wild Strike","Ghostly Armor","Battle Trance"],"picked":"SKIP","floor":18},{"not_picked":["Heavy Blade","Dual Wield","Disarm"],"picked":"SKIP","floor":19},{"not_picked":["Hemokinesis","Burning Pact","Flame Barrier+1"],"picked":"SKIP","floor":20},{"not_picked":["Rampage","Clothesline","Immolate"],"picked":"SKIP","floor":23},{"not_picked":["Clash","Sword Boomerang"],"picked":"Inflame","floor":25},{"not_picked":["Armaments+1","Disarm+1","Whirlwind"],"picked":"SKIP","floor":27},{"not_picked":["Armaments","Anger","Dual Wield+1"],"picked":"SKIP","floor":31}],"player_experience":196759,"relics_obtained":[{"floor":3.0,"key":"Bag of Preparation"},{"floor":7.0,"key":"Bottled Flame"},{"floor":9.0,"key":"Vajra"},{"floor":10.0,"key":"MealTicket"},{"floor":22,"key":"Magic Flower"},{"floor":23,"key":"Sundial"},{"floor":25,"key":"Pantograph"},{"floor":27,"key":"Toy Ornithopter"},{"floor":31,"key":"MawBank"}],"event_choices":[{"cards_removed":["Strike_R"],"damage_healed":0.0,"max_hp_gain":0.0,"max_hp_loss":0.0,"gold_gain":0.0,"event_name":"Golden Wing","player_choice":"Card Removal","floor":2.0,"gold_loss":0.0,"damage_taken":7.0},{"damage_healed":0.0,"max_hp_gain":0.0,"max_hp_loss":0.0,"gold_gain":0.0,"event_name":"The Woman in Blue","player_choice":"Bought 2 Potions","floor":14.0,"gold_loss":0.0,"damage_taken":0.0},{"damage_healed":0,"gold_gain":99,"player_choice":"Stole From Cult","damage_taken":0,"max_hp_gain":0,"max_hp_loss":0,"event_name":"Nest","floor":21,"gold_loss":0},{"damage_healed":0,"gold_gain":0,"player_choice":"Obtained Relic","damage_taken":0,"relics_obtained":["Omamori"],"max_hp_gain":0,"max_hp_loss":0,"event_name":"Addict","floor":29,"gold_loss":85}],"is_beta":false,"boss_relics":[{"not_picked":["Mark of Pain","Calling Bell"],"picked":"Ectoplasm"}],"items_purged_floors":[5],"is_endless":false,"potions_floor_spawned":[1,16,20,23,31],"killed_by":"Collector","ascension_level":4}}