{"host":"vje6bedaj0fhalec","time":1610707939,"event":{"mods":["Act Like it!","BaseMod","Minty Spire (QoL Compilation)","Quick Restart","StSLib"],"gold_per_floor":[118,5,5,19,119,146,146,157,157,173,173,191,217,272,272,369,369,389,389,389,406,156,156,156],"floor_reached":23,"language":"ZHS","playtime":1579,"items_purged":["Defend_B","Defend_B"],"score":256,"play_id":"ccc2c80c-bf74-4b99-ab2a-ec43aef460a0","local_time":"20210115185219","is_ascension_mode":true,"campfire_choices":[{"data":"Genetic Algorithm","floor":7,"key":"SMITH"},{"data":"Coolheaded","floor":11,"key":"SMITH"},{"data":"Chaos","floor":15,"key":"SMITH"}],"circlet_count":0,"master_deck":["Strike_B","Strike_B","Defend_B","Zap","Dualcast","Gash","Self Repair","Genetic Algorithm+1","Go for the Eyes","Chill","Coolheaded+1","Chaos+1","Beam Cell","Darkness","Seek","Fusion+1","Ball Lightning","Sweeping Beam","Capacitor","Conserve Battery","Chill","Loop"],"relics":["FrozenCore","NeowsBlessing","Bottled Lightning","White Beast Statue","Art of War","Singing Bowl"],"acts_visited":["Exordium","TheCity"],"potions_floor_usage":[12,13,13,13,18,21,23,23,23,23],"damage_taken":[{"damage":0,"enemies":"Small Slimes","floor":1,"turns":1},{"damage":0,"enemies":"2 Louse","floor":4,"turns":1},{"damage":0,"enemies":"Lagavulin","floor":6,"turns":2},{"damage":1,"enemies":"Cultist","floor":8,"turns":3},{"damage":3,"enemies":"Blue Slaver","floor":10,"turns":3},{"damage":5,"enemies":"Large Slime","floor":12,"turns":5},{"damage":18,"enemies":"Gremlin Nob","floor":13,"turns":4},{"damage":6,"enemies":"3 Sentries","floor":14,"turns":7},{"damage":24,"enemies":"Slime Boss","floor":16,"turns":10},{"damage":4,"enemies":"Spheric Guardian","floor":18,"turns":5},{"damage":32,"enemies":"3 Byrds","floor":21,"turns":5},{"damage":39,"enemies":"Slavers","floor":23,"turns":7}],"seed_played":"-1758780710155235373","potions_obtained":[{"floor":6,"key":"SkillPotion"},{"floor":8,"key":"EssenceOfSteel"},{"floor":10,"key":"Weak Potion"},{"floor":12,"key":"BlessingOfTheForge"},{"floor":13,"key":"GamblersBrew"},{"floor":14,"key":"Block Potion"},{"floor":16,"key":"EntropicBrew"},{"floor":18,"key":"AttackPotion"},{"floor":21,"key":"Weak Potion"}],"is_trial":false,"path_per_floor":["M","$","?","M","?","E","R","M","T","M","R","M","E","?","R","B",null,"M","?","?","M","$","E"],"character_chosen":"DEFECT","items_purchased":["Self Repair","Chill","Loop"],"campfire_rested":0,"item_purchase_floors":[2,22,22],"current_hp_per_floor":[75,75,68,68,68,75,75,74,74,75,75,75,67,68,68,51,75,75,75,75,50,50,18,18],"gold":156,"neow_bonus":"THREE_ENEMY_KILL","is_daily":false,"chose_seed":false,"campfire_upgraded":3,"win_rate":0.0,"timestamp":1610707939,"path_taken":["M","$","?","M","?","E","R","M","T","?","R","M","E","?","R","BOSS","M","?","?","M","$","E"],"items_purchased_type":["Card","Card","Card"],"build_version":"2020-12-22","purchased_purges":2,"victory":false,"max_hp_per_floor":[75,75,75,75,75,75,75,75,75,75,75,75,75,75,75,75,75,75,75,75,75,75,75,75],"card_choices":[{"not_picked":["Stack","Barrage"],"picked":"Gash","floor":1},{"not_picked":["Sweeping Beam","Cold Snap"],"picked":"Genetic Algorithm","floor":4},{"not_picked":["Steam Power","Heatsinks"],"picked":"Go for the Eyes","floor":6},{"not_picked":["Ball Lightning","Streamline"],"picked":"Chill","floor":8},{"not_picked":["Aggregate","Barrage"],"picked":"Coolheaded","floor":10},{"not_picked":["Go for the Eyes","Consume"],"picked":"Chaos","floor":12},{"not_picked":["Rebound","Thunder Strike"],"picked":"Beam Cell","floor":13},{"not_picked":["Cold Snap","Compile Driver"],"picked":"Darkness","floor":14},{"not_picked":["Buffer","Machine Learning"],"picked":"Seek","floor":16},{"not_picked":["White Noise+1","Stack"],"picked":"Fusion+1","floor":18},{"not_picked":["Barrage","Fusion"],"picked":"Conserve Battery","floor":21},{"not_picked":["Tempest","Heatsinks","Streamline"],"picked":"SKIP","floor":23}],"player_experience":108514,"relics_obtained":[{"floor":6,"key":"Bottled Lightning"},{"floor":9,"key":"White Beast Statue"},{"floor":13,"key":"Art of War"},{"floor":14,"key":"Singing Bowl"}],"event_choices":[{"cards_removed":["Defend_B"],"damage_healed":0,"gold_gain":0,"player_choice":"Card Removal","damage_taken":7,"max_hp_gain":0,"max_hp_loss":0,"event_name":"Golden Wing","floor":3,"gold_loss":0},{"damage_healed":0,"gold_gain":100,"player_choice":"Pray","damage_taken":0,"max_hp_gain":0,"max_hp_loss":0,"event_name":"Golden Shrine","floor":5,"gold_loss":0},{"damage_healed":0,"gold_gain":30,"player_choice":"Searched \u00272\u0027 times","damage_taken":0,"max_hp_gain":0,"max_hp_loss":0,"event_name":"Dead Adventurer","floor":14,"gold_loss":0},{"damage_healed":0,"gold_gain":0,"cards_transformed":["Strike_B","Strike_B"],"player_choice":"Became Test Subject","damage_taken":0,"max_hp_gain":0,"max_hp_loss":0,"event_name":"Drug Dealer","floor":19,"gold_loss":0,"cards_obtained":["Ball Lightning","Sweeping Beam"]},{"damage_healed":0,"gold_gain":0,"player_choice":"Read","damage_taken":0,"max_hp_gain":0,"max_hp_loss":0,"event_name":"The Library","floor":20,"gold_loss":0,"cards_obtained":["Capacitor"]}],"is_beta":false,"boss_relics":[{"not_picked":["Runic Pyramid","SacredBark"],"picked":"FrozenCore"}],"items_purged_floors":[2,22],"is_endless":false,"potions_floor_spawned":[6,8,10,12,13,14,16,18,21,23],"killed_by":"Slavers","ascension_level":1}}