{"host":"sav7uxregyirlf69","time":1610712489,"event":{"mods":["AchievementEnabler","BaseMod","Colored Map","DeckTracker","Keyboard Shortcuts","Minty Spire (QoL Compilation)","READ ME - Guardian Mod","StSLib","SuperFastMode"],"gold_per_floor":[111,111,186,186,186,229,229,265,292,311,193,211,28,42,42,136,136,161,180,105,105,105,105,105],"floor_reached":23,"language":"KOR","playtime":367,"items_purged":["Strike_B","Strike_B"],"score":494,"play_id":"67ae12d3-7749-46e8-aa04-ff3d397aa279","local_time":"20210115210809","is_ascension_mode":true,"campfire_choices":[{"data":"Chaos","floor":7,"key":"SMITH"},{"floor":15,"key":"REST"}],"circlet_count":0,"master_deck":["AscendersBane","Defend_B","Defend_B+1","Defend_B","Zap","Dualcast","Gash","Chaos+1","Self Repair","Streamline","Skim","Coolheaded","Capacitor","Undo","Meteor Strike","Recycle"],"relics":["Cracked Core","NeowsBlessing","Golden Idol","Bronze Scales","Ancient Tea Set","Regal Pillow","Coffee Dripper"],"acts_visited":["Exordium","TheCity"],"potions_floor_usage":[14,14,16,23],"damage_taken":[{"damage":0,"enemies":"2 Louse","floor":1,"turns":1},{"damage":0,"enemies":"Lagavulin","floor":6,"turns":1},{"damage":0,"enemies":"3 Sentries","floor":8,"turns":1},{"damage":3,"enemies":"Small Slimes","floor":10,"turns":3},{"damage":2,"enemies":"Jaw Worm","floor":12,"turns":3},{"damage":31,"enemies":"Exordium Thugs","floor":14,"turns":5},{"damage":35,"enemies":"Slime Boss","floor":16,"turns":13},{"damage":4,"enemies":"3 Byrds","floor":18,"turns":3},{"damage":12,"enemies":"Chosen","floor":19,"turns":5},{"damage":45,"enemies":"Slavers","floor":23,"turns":3}],"seed_played":"8943355205208830491","potions_obtained":[{"floor":1,"key":"SkillPotion"},{"floor":8,"key":"AttackPotion"},{"floor":14,"key":"SkillPotion"},{"floor":19,"key":"Weak Potion"}],"is_trial":false,"path_per_floor":["M","?","?","?","?","E","R","E","T","M","$","M","$","M","R","B",null,"M","M","?","?","?","E"],"character_chosen":"DEFECT","items_purchased":["Skim","Capacitor"],"campfire_rested":1,"item_purchase_floors":[11,13],"current_hp_per_floor":[64,43,32,32,25,25,25,25,25,29,29,34,34,10,44,16,52,48,43,43,43,43,0,0],"gold":105,"neow_bonus":"THREE_ENEMY_KILL","is_daily":false,"chose_seed":false,"campfire_upgraded":1,"win_rate":0.0,"timestamp":1610712489,"path_taken":["M","?","?","?","?","E","R","E","T","M","?","M","$","M","R","BOSS","M","M","?","?","?","E"],"items_purchased_type":["Card","Card"],"build_version":"2020-12-22","purchased_purges":2,"victory":false,"max_hp_per_floor":[71,71,71,64,64,64,64,64,64,64,64,64,64,64,64,64,64,64,64,64,64,64,64,64],"card_choices":[{"not_picked":["Fusion","Beam Cell"],"picked":"Gash","floor":1},{"not_picked":["Amplify","Barrage"],"picked":"Chaos","floor":6},{"not_picked":["Rip and Tear","White Noise"],"picked":"Self Repair","floor":8},{"not_picked":["Genetic Algorithm","Barrage"],"picked":"Streamline","floor":10},{"not_picked":["Steam","Stack"],"picked":"Coolheaded","floor":12},{"not_picked":["Turbo","Hologram"],"picked":"Undo","floor":14},{"not_picked":["Biased Cognition","Multi-Cast"],"picked":"Meteor Strike","floor":16},{"not_picked":["Beam Cell","Cold Snap","Leap"],"picked":"SKIP","floor":18},{"not_picked":["Fusion","Cold Snap"],"picked":"Recycle","floor":19}],"player_experience":1283453,"relics_obtained":[{"floor":6,"key":"Bronze Scales"},{"floor":8,"key":"Ancient Tea Set"},{"floor":9,"key":"Regal Pillow"}],"event_choices":[{"damage_healed":0,"gold_gain":0,"player_choice":"Entered Light","damage_taken":21,"max_hp_gain":0,"max_hp_loss":0,"event_name":"Shining Light","floor":2,"gold_loss":0,"cards_upgraded":["Defend_B","Strike_B"]},{"damage_healed":0,"gold_gain":75,"player_choice":"Gather Gold","damage_taken":11,"max_hp_gain":0,"max_hp_loss":0,"event_name":"World of Goop","floor":3,"gold_loss":0},{"damage_healed":0,"gold_gain":0,"player_choice":"Lose Max HP","damage_taken":0,"relics_obtained":["Golden Idol"],"max_hp_gain":0,"max_hp_loss":7,"event_name":"Golden Idol","floor":4,"gold_loss":0},{"cards_removed":["Strike_B"],"damage_healed":0,"gold_gain":0,"player_choice":"Card Removal","damage_taken":7,"max_hp_gain":0,"max_hp_loss":0,"event_name":"Golden Wing","floor":5,"gold_loss":0},{"cards_removed":["Defend_B"],"damage_healed":0,"gold_gain":0,"player_choice":"Gave Gold","damage_taken":0,"max_hp_gain":0,"max_hp_loss":0,"event_name":"Beggar","floor":20,"gold_loss":75},{"cards_removed":["Strike_B"],"damage_healed":0,"gold_gain":0,"player_choice":"Elegance","damage_taken":0,"max_hp_gain":0,"max_hp_loss":0,"event_name":"Back to Basics","floor":21,"gold_loss":0},{"damage_healed":0,"gold_gain":0,"player_choice":"Ignored","damage_taken":0,"max_hp_gain":0,"max_hp_loss":0,"event_name":"The Mausoleum","floor":22,"gold_loss":0}],"is_beta":false,"boss_relics":[{"not_picked":["Runic Dome","Tiny House"],"picked":"Coffee Dripper"}],"items_purged_floors":[11,13],"is_endless":false,"potions_floor_spawned":[1,8,12,14,19],"killed_by":"Slavers","ascension_level":20}}