{"host":"i1h39d0gfh5c6uxl","time":1610711098,"event":{"mods":["AchievementEnabler","BaseMod","Colored Map","Colored Powertips","Highlight Path","Minty Spire (QoL Compilation)"],"gold_per_floor":[118,132,132,132,152,182,158,158,158,29,40,58,86,86,86,184,184,195,195,195,207,207,241,241,141,141,141,154,154,170,190,190,190,190],"floor_reached":33,"language":"ENG","playtime":1073,"items_purged":["Strike_P","Strike_P"],"score":350,"play_id":"9b974ed6-bd39-43ac-9050-7c818a9fbfcb","local_time":"20210115194458","is_ascension_mode":false,"campfire_choices":[{"data":"SashWhip","floor":8.0,"key":"SMITH"},{"data":"CarveReality","floor":15.0,"key":"SMITH"},{"floor":24.0,"key":"REST"},{"data":"ConjureBlade","floor":27.0,"key":"SMITH"},{"floor":32.0,"key":"REST"}],"circlet_count":0,"master_deck":["Strike_P","Strike_P","Defend_P","Defend_P","Defend_P","Defend_P","Eruption+1","Vigilance","SashWhip+1","ReachHeaven","EmptyBody","BowlingBash","CarveReality+1","ConjureBlade+1","Conclude","FearNoEvil+1","CutThroughFate+1","Scrawl"],"relics":["Cursed Key"],"acts_visited":["Exordium","TheCity"],"potions_floor_usage":[33,33],"damage_taken":[{"damage":6.0,"enemies":"Jaw Worm","floor":1.0,"turns":4.0},{"damage":0.0,"enemies":"2 Louse","floor":2.0,"turns":3.0},{"damage":0.0,"enemies":"Small Slimes","floor":5.0,"turns":1.0},{"damage":9.0,"enemies":"3 Sentries","floor":6.0,"turns":5.0},{"damage":0.0,"enemies":"Blue Slaver","floor":11.0,"turns":2.0},{"damage":0.0,"enemies":"2 Fungi Beasts","floor":12.0,"turns":2.0},{"damage":0.0,"enemies":"Gremlin Nob","floor":13.0,"turns":3.0},{"damage":0.0,"enemies":"Slime Boss","floor":16.0,"turns":5.0},{"damage":8.0,"enemies":"2 Thieves","floor":18.0,"turns":2.0},{"damage":3.0,"enemies":"Shell Parasite","floor":21.0,"turns":3.0},{"damage":41.0,"enemies":"Slavers","floor":23.0,"turns":6.0},{"damage":0.0,"enemies":"Snecko","floor":28.0,"turns":3.0},{"damage":20.0,"enemies":"Shelled Parasite and Fungi","floor":30.0,"turns":5.0},{"damage":0.0,"enemies":"Snake Plant","floor":31.0,"turns":2.0},{"damage":69,"enemies":"Champ","floor":33,"turns":8}],"seed_played":"-2521172521921651846","potions_obtained":[{"floor":11.0,"key":"LiquidBronze"},{"floor":12.0,"key":"Explosive Potion"},{"floor":13.0,"key":"Explosive Potion"},{"floor":16.0,"key":"Block Potion"},{"floor":30.0,"key":"StancePotion"},{"floor":31.0,"key":"Fire Potion"}],"is_trial":false,"path_per_floor":["M","M","?","?","M","E","?","R","T","$","M","M","E","?","R","B",null,"M","?","?","M","?","E","R","$","T","R","M","T","M","M","R","B"],"character_chosen":"WATCHER","items_purchased":["EmptyBody"],"campfire_rested":2,"item_purchase_floors":[10],"current_hp_per_floor":[66,66,66,66,66,57,57,57,57,57,57,57,57,62,62,62,77,69,69,69,66,66,25,48,48,48,48,48,48,28,28,51,0,0],"gold":190,"neow_bonus":"BOSS_RELIC","is_daily":false,"chose_seed":false,"campfire_upgraded":3,"win_rate":0.0,"timestamp":1610711098,"path_taken":["M","M","?","?","M","E","?","R","T","$","M","M","E","?","R","BOSS","M","?","?","M","?","E","R","$","T","R","?","?","?","M","R","BOSS"],"items_purchased_type":["Card"],"build_version":"2020-12-22","purchased_purges":2,"victory":false,"max_hp_per_floor":[72,72,72,72,72,72,72,72,72,72,72,72,72,77,77,77,77,77,77,77,77,77,77,77,77,77,77,77,77,77,77,77,77,77],"card_choices":[{"not_picked":["Crescendo","CrushJoints"],"picked":"SashWhip","floor":1.0},{"not_picked":["Protect","CutThroughFate"],"picked":"ReachHeaven","floor":2.0},{"not_picked":["Collect","Pray","TalkToTheHand"],"picked":"SKIP","floor":5.0},{"not_picked":["SandsOfTime","DeceiveReality","SignatureMove"],"picked":"SKIP","floor":6.0},{"not_picked":["Consecrate","Worship"],"picked":"BowlingBash","floor":11.0},{"not_picked":["ThirdEye","Adaptation","FollowUp"],"picked":"SKIP","floor":12.0},{"not_picked":["Halt","ThirdEye"],"picked":"CarveReality","floor":13.0},{"not_picked":["DeusExMachina","DevaForm"],"picked":"ConjureBlade","floor":16.0},{"not_picked":["Sanctity","Swivel","EmptyBody"],"picked":"SKIP","floor":18.0},{"not_picked":["Evaluate","SashWhip"],"picked":"FearNoEvil+1","floor":21.0},{"not_picked":["ForeignInfluence+1","WaveOfTheHand+1"],"picked":"CutThroughFate+1","floor":23.0},{"not_picked":["FlyingSleeves","MentalFortress","Collect"],"picked":"SKIP","floor":28.0},{"not_picked":["ClearTheMind","Adaptation","Prostrate+1"],"picked":"SKIP","floor":30.0},{"not_picked":["FlurryOfBlows","Consecrate"],"picked":"Scrawl","floor":31.0}],"player_experience":1373331,"relics_obtained":[],"event_choices":[{"damage_healed":0.0,"max_hp_gain":0.0,"max_hp_loss":0.0,"gold_gain":0.0,"event_name":"Golden Idol","player_choice":"Ignored","floor":3.0,"gold_loss":0.0,"damage_taken":0.0},{"damage_healed":0.0,"max_hp_gain":0.0,"max_hp_loss":0.0,"gold_gain":0.0,"event_name":"Living Wall","player_choice":"Grow","floor":4.0,"gold_loss":0.0,"damage_taken":0.0,"cards_upgraded":["Eruption"]},{"damage_healed":0.0,"max_hp_gain":0.0,"max_hp_loss":0.0,"gold_gain":0.0,"event_name":"World of Goop","player_choice":"Left Gold","floor":7.0,"gold_loss":24.0,"damage_taken":0.0},{"damage_healed":0.0,"max_hp_gain":5.0,"max_hp_loss":0.0,"gold_gain":0.0,"event_name":"Big Fish","player_choice":"Donut","floor":14.0,"gold_loss":0.0,"damage_taken":0.0},{"damage_healed":0.0,"max_hp_gain":0.0,"max_hp_loss":0.0,"gold_gain":0.0,"event_name":"Ghosts","player_choice":"Ignored","floor":19.0,"gold_loss":0.0,"damage_taken":0.0},{"damage_healed":0.0,"max_hp_gain":0.0,"max_hp_loss":0.0,"gold_gain":0.0,"event_name":"The Library","player_choice":"Read","floor":20.0,"gold_loss":0.0,"damage_taken":0.0,"cards_obtained":["Conclude"]},{"damage_healed":0.0,"max_hp_gain":0.0,"max_hp_loss":0.0,"gold_gain":0.0,"event_name":"FaceTrader","player_choice":"Leave","floor":22.0,"gold_loss":0.0,"damage_taken":0.0}],"is_beta":false,"boss_relics":[{"not_picked":["Empty Cage","Fusion Hammer","Busted Crown"]}],"items_purged_floors":[10,25],"is_endless":false,"potions_floor_spawned":[11,12,13,16,30,31],"killed_by":"Champ","ascension_level":0}}