{"host":"vrsxkkch9ccrec7k","time":1610685115,"event":{"mods":["Act Like it!","BaseMod","Bestiary","Better Sensory Stone","Better Third Choice","Better Vampires","Downfall","Minty Spire (QoL Compilation)","Permanent Neow","Relic Stats","Spicy Shops","StSLib"],"gold_per_floor":[0,16,16,166,183,213,236,236,255,267,192,266,300,315,332,429,429,279,294,307,62,162,162,186,208,252,289,319,331,377,91,106,207,207,207,222,222,232,5,37,37,37,37,366,386,419,719,732,746,746,746,771,27,27,27],"floor_reached":56,"language":"ENG","playtime":6617,"items_purged":["Slimebound:Icky","champ:Strike","champ:Strike","champ:FanOfKnives"],"score":2698,"play_id":"916fb619-71f7-4aad-ad38-a7fa426bf53b","local_time":"20210114233155","is_ascension_mode":true,"campfire_choices":[{"data":"champ:Taunt","floor":1.0,"key":"SMITH"},{"floor":8.0,"key":"RECALL"},{"data":"champ:Control","floor":11.0,"key":"SMITH"},{"data":"champ:Strike","floor":18.0,"key":"PURGE"},{"data":"champ:SwordThrow","floor":23.0,"key":"SMITH"},{"data":"champ:EndlessRage","floor":29.0,"key":"SMITH"},{"data":"champ:PerfectForm","floor":35.0,"key":"SMITH"},{"data":"champ:Strike","floor":43.0,"key":"PURGE"},{"data":"champ:PerfectForm","floor":47.0,"key":"SMITH"},{"data":"champ:SwordSigil","floor":54.0,"key":"SMITH"}],"circlet_count":0,"master_deck":["champ:Defend+1","champ:Defend+1","champ:Defend","champ:Execute","champ:Taunt+1","champ:Duel+1","champ:DeathBlow+1","champ:DefensiveStyle+1","champ:Control+1","champ:EndlessRage+1","champ:Backstep","champ:ArenaPreparation","champ:SwordThrow+1","champ:StanceDance+1","champ:BringItOn","champ:Lariat+1","champ:BringItOn+1","champ:SwordSigil+1","champ:PerfectForm+1","champ:PerfectForm+1","champ:IronFortress","champ:CheapShot","champ:SwordSigil+1","Master of Strategy","expansioncontent:DecasProtection+1","champ:RapidStrikes+1","champ:ArenaPreparation+1","champ:Backstep+1","champ:ArenaPreparation","champ:RapidStrikes+1"],"relics":["champ:ChampionCrown","Oddly Smooth Stone","Whetstone","downfall:HeartBlessingRed","Peace Pipe","Black Star","downfall:HeartBlessingGreen","downfall:HeartBlessingBlue","Bronze Scales","downfall:GremlinWheel","MawBank","Toy Ornithopter","TungstenRod","Red Mask","Anchor","Pen Nib","champ:DefensiveTrainingManual","Coffee Dripper","champ:Barbells","Girya","InkBottle","Calipers","Old Coin","Ornamental Fan","Prayer Wheel","Nunchaku","Blood Vial","War Paint","champ:SpectersHand","Centennial Puzzle","HandDrill"],"acts_visited":["Exordium","TheCity","TheBeyond","TheEnding"],"potions_floor_usage":[],"damage_taken":[{"damage":10.0,"enemies":"Jaw Worm","floor":2.0,"turns":5.0},{"damage":1.0,"enemies":"Small Slimes","floor":5.0,"turns":3.0},{"damage":50.0,"enemies":"Lagavulin","floor":6.0,"turns":7.0},{"damage":0.0,"enemies":"Cultist","floor":9.0,"turns":3.0},{"damage":19.0,"enemies":"Red Slaver","floor":10.0,"turns":4.0},{"damage":52.0,"enemies":"Gremlin Nob","floor":13.0,"turns":3.0},{"damage":28.0,"enemies":"Large Slime","floor":14.0,"turns":4.0},{"damage":5.0,"enemies":"3 Louse","floor":15.0,"turns":4.0},{"damage":37.0,"enemies":"downfall:Watcher","floor":16.0,"turns":8.0},{"damage":29.0,"enemies":"3 Byrds","floor":19.0,"turns":5.0},{"damage":31.0,"enemies":"Shell Parasite","floor":20.0,"turns":5.0},{"damage":41.0,"enemies":"downfall:FleeingMerchant","floor":21.0,"turns":4.0},{"damage":37.0,"enemies":"downfall:FleeingMerchant","floor":22.0,"turns":3.0},{"damage":10.0,"enemies":"Snake Plant","floor":25.0,"turns":4.0},{"damage":14.0,"enemies":"Book of Stabbing","floor":26.0,"turns":5.0},{"damage":8.0,"enemies":"Masked Bandits","floor":27.0,"turns":4.0},{"damage":38.0,"enemies":"3 Cultists","floor":28.0,"turns":3.0},{"damage":64.0,"enemies":"Gremlin Leader","floor":30.0,"turns":6.0},{"damage":30.0,"enemies":"downfall:FleeingMerchant","floor":31.0,"turns":4.0},{"damage":37.0,"enemies":"Cultist and Chosen","floor":32.0,"turns":5.0},{"damage":51.0,"enemies":"downfall:Silent","floor":33.0,"turns":6.0},{"damage":18.0,"enemies":"Orb Walker","floor":36.0,"turns":2.0},{"damage":38.0,"enemies":"3 Darklings","floor":38.0,"turns":3.0},{"damage":16.0,"enemies":"downfall:FleeingMerchant","floor":39.0,"turns":3.0},{"damage":57.0,"enemies":"Reptomancer","floor":40.0,"turns":6.0},{"damage":50.0,"enemies":"Nemesis","floor":44.0,"turns":7.0},{"damage":22.0,"enemies":"4 Shapes","floor":45.0,"turns":6.0},{"damage":82.0,"enemies":"Reptomancer","floor":46.0,"turns":7.0},{"damage":56.0,"enemies":"Transient","floor":48.0,"turns":5.0},{"damage":46.0,"enemies":"3 Darklings","floor":49.0,"turns":4.0},{"damage":80.0,"enemies":"downfall:Defect","floor":50.0,"turns":11.0},{"damage":68.0,"enemies":"downfall:CharBossMerchant","floor":52.0,"turns":5.0},{"damage":208,"enemies":"downfall:NeowBoss","floor":55,"turns":26}],"seed_played":"-8062346105652270155","potions_obtained":[{"floor":6.0,"key":"SkillPotion"},{"floor":10.0,"key":"DistilledChaos"},{"floor":15.0,"key":"Swift Potion"},{"floor":16.0,"key":"Guardian:BlockOnCardUsePotion"},{"floor":19.0,"key":"sneckomod:MuddlingPotion"},{"floor":22.0,"key":"DuplicationPotion"},{"floor":32.0,"key":"Swift Potion"},{"floor":40.0,"key":"sneckomod:MuddlingPotion"},{"floor":46.0,"key":"champ:OpenerPotion"},{"floor":48.0,"key":"DistilledChaos"}],"is_trial":false,"path_per_floor":["R","M","?","?","M","E","T","R","M","M","R","T","E","M","M","B",null,"R","M","M","$","?","R","T","M","E","?","M","R","E","$","M","B",null,"R","M","?","M","$","E","T","?","R","E","M","E","R","M","M","B",null,"E","$","R","B",null],"character_chosen":"THE_CHAMP","items_purchased":["Bronze Scales","champ:DefensiveTrainingManual","champ:IronFortress","champ:SwordSigil","Master of Strategy","champ:Barbells","DuplicationPotion","champ:SpectersHand","Centennial Puzzle","HandDrill","BlessingOfTheForge"],"campfire_rested":0,"item_purchase_floors":[21,31,31,39,39,39,39,53,53,53,53],"current_hp_per_floor":[99,99,99,99,98,78,78,78,78,74,74,74,56,56,56,55,95,105,99,94,94,81,81,81,81,78,81,98,98,104,117,118,118,118,118,118,118,118,118,118,118,114,114,118,118,118,118,118,118,118,118,118,118,118,118],"gold":27,"neow_bonus":"TWENTY_PERCENT_HP_BONUS","is_daily":false,"chose_seed":false,"campfire_upgraded":7,"win_rate":0.0,"timestamp":1610685115,"path_taken":["R","M","?","?","M","E","T","R","M","M","R","?","E","M","M","BOSS","R","M","M","$","?","R","T","?","E","?","M","R","E","$","M","BOSS","R","M","?","M","$","E","T","?","R","E","M","E","R","M","M","BOSS","E","$","R","BOSS"],"items_purchased_type":["Relic","Relic","Card","Card","Card","Relic","Potion","Relic","Relic","Relic","Potion"],"build_version":"2020-12-22","purchased_purges":4,"victory":true,"max_hp_per_floor":[108,108,108,108,108,108,108,108,108,108,108,108,108,108,108,108,108,118,118,118,118,118,118,118,118,118,118,118,118,118,118,118,118,118,118,118,118,118,118,118,118,118,118,118,118,118,118,118,118,118,118,118,118,118,118],"relic_stats":{"counters":[33,180],"Pen Nib":[11],"Whetstone":["champ:DeathBlow","champ:Duel"],"War Paint":["champ:Defend","champ:Defend"],"MawBank":84,"Peace Pipe":2,"Blood Vial":0,"Nunchaku":[4],"Centennial Puzzle":[3],"Ornamental Fan":[28],"Bronze Scales":[322],"Prayer Wheel":2,"Black Star":6,"HandDrill":[24],"obtain_stats":[{"Calipers":41,"champ:ChampionCrown":0,"downfall:HeartBlessingGreen":18,"Whetstone":7,"Old Coin":44,"Blood Vial":52,"Nunchaku":46,"Centennial Puzzle":53,"downfall:GremlinWheel":22,"downfall:HeartBlessingBlue":18,"champ:DefensiveTrainingManual":31,"Prayer Wheel":46,"Red Mask":27,"HandDrill":53,"InkBottle":40,"champ:Barbells":39,"Girya":40,"downfall:HeartBlessingRed":11,"Oddly Smooth Stone":6,"Pen Nib":30,"War Paint":52,"MawBank":24,"Peace Pipe":13,"Anchor":30,"Ornamental Fan":44,"Bronze Scales":21,"Black Star":17,"Coffee Dripper":34,"Toy Ornithopter":26,"TungstenRod":26,"champ:SpectersHand":53},{"Calipers":25,"champ:ChampionCrown":0,"downfall:HeartBlessingGreen":9,"Whetstone":3,"Old Coin":26,"Blood Vial":32,"Nunchaku":28,"Centennial Puzzle":32,"downfall:GremlinWheel":13,"downfall:HeartBlessingBlue":9,"champ:DefensiveTrainingManual":19,"Prayer Wheel":28,"Red Mask":16,"HandDrill":32,"InkBottle":25,"champ:Barbells":24,"Girya":25,"downfall:HeartBlessingRed":5,"Oddly Smooth Stone":3,"Pen Nib":18,"War Paint":32,"MawBank":13,"Peace Pipe":6,"Anchor":18,"Ornamental Fan":26,"Bronze Scales":12,"Black Star":9,"Coffee Dripper":21,"Toy Ornithopter":15,"TungstenRod":15,"champ:SpectersHand":32},{"Calipers":109,"champ:ChampionCrown":0,"downfall:HeartBlessingGreen":41,"Whetstone":15,"Old Coin":116,"Blood Vial":154,"Nunchaku":129,"Centennial Puzzle":154,"downfall:GremlinWheel":58,"downfall:HeartBlessingBlue":41,"champ:DefensiveTrainingManual":84,"Prayer Wheel":129,"Red Mask":71,"HandDrill":154,"InkBottle":109,"champ:Barbells":103,"Girya":109,"downfall:HeartBlessingRed":22,"Oddly Smooth Stone":15,"Pen Nib":80,"War Paint":154,"MawBank":58,"Peace Pipe":25,"Anchor":80,"Ornamental Fan":116,"Bronze Scales":55,"Black Star":41,"Coffee Dripper":95,"Toy Ornithopter":67,"TungstenRod":67,"champ:SpectersHand":154}],"Toy Ornithopter":20,"TungstenRod":389,"InkBottle":[33]},"card_choices":[{"not_picked":["champ:Encircle","champ:GladiatorsShout"],"picked":"champ:Duel","floor":2.0},{"not_picked":["champ:GladiatorsShout","champ:FightOn"],"picked":"champ:DeathBlow","floor":5.0},{"not_picked":["champ:DefensiveShout","champ:Haymaker"],"picked":"champ:DefensiveStyle","floor":6.0},{"not_picked":["champ:GladiatorsShout","champ:FightOn"],"picked":"champ:Control","floor":9.0},{"not_picked":["champ:BerserkersShout","champ:AdrenalArmor"],"picked":"champ:FanOfKnives","floor":10.0},{"not_picked":["champ:Haymaker","champ:GladiatorsShout"],"picked":"champ:EndlessRage","floor":13.0},{"not_picked":["champ:FocusedDefense","champ:EndlessRage"],"picked":"champ:Backstep","floor":14.0},{"not_picked":["champ:BerserkerStyle","champ:DeathBlow"],"picked":"champ:ArenaPreparation","floor":15.0},{"not_picked":["champ:HeavySlash","champ:Devastate"],"picked":"champ:SwordThrow","floor":16.0},{"not_picked":["champ:Control","champ:Shatter"],"picked":"champ:StanceDance+1","floor":19.0},{"not_picked":["champ:DefensiveShout","champ:Haymaker"],"picked":"champ:BringItOn","floor":20.0},{"not_picked":["champ:AdrenalArmor","champ:EnGarde"],"picked":"champ:Lariat+1","floor":21.0},{"not_picked":["champ:BladeFlurry","champ:Encircle","champ:TornadoPunch"],"picked":"SKIP","floor":25.0},{"not_picked":["champ:IgnorePain","champ:Aggression+1"],"picked":"champ:BringItOn+1","floor":26.0},{"not_picked":["champ:GladiatorsShout+1","champ:DefensiveShout"],"picked":"champ:SwordSigil+1","floor":27.0},{"not_picked":["champ:RageSigil","champ:SwordSigil+1"],"picked":"champ:PerfectForm","floor":28.0},{"not_picked":["champ:Riposte+1","champ:BerserkersShout"],"picked":"champ:PerfectForm","floor":30.0},{"not_picked":["champ:PerfectedStrike+1","champ:GutPunch","champ:RageSigil"],"picked":"SKIP","floor":31.0},{"not_picked":["champ:BerserkersShout+1","champ:Improvising","champ:Riposte"],"picked":"SKIP","floor":32.0},{"not_picked":["champ:IgnorePain","champ:EnchantShield"],"picked":"champ:CheapShot","floor":33.0},{"not_picked":["champ:GladiatorsShout+1","champ:FightOn","champ:ShieldSigil"],"picked":"SKIP","floor":36.0},{"not_picked":["champ:FanOfKnives","champ:GladiatorsShout","champ:Haymaker+1"],"picked":"SKIP","floor":38.0},{"not_picked":["champ:Aggression+1","champ:PerfectedStrike","champ:AdrenalArmor"],"picked":"SKIP","floor":39.0},{"not_picked":["champ:EnragedBash","champ:BringItOn+1","champ:GladiatorStyle"],"picked":"SKIP","floor":40.0},{"not_picked":["expansioncontent:TimeRipple","expansioncontent:GoopSpray"],"picked":"expansioncontent:DecasProtection","floor":42.0},{"not_picked":["champ:FalseCounter","champ:FocusedGladiator+1","champ:SkillfulDodge"],"picked":"SKIP","floor":44.0},{"not_picked":["champ:FlashCut+1","champ:FocusedDefense"],"picked":"champ:RapidStrikes+1","floor":45.0},{"not_picked":["champ:FlashCut","champ:RecklessLeap+1"],"picked":"champ:ArenaPreparation","floor":46.0},{"not_picked":["champ:DefensiveShout","champ:BringItOn+1"],"picked":"champ:Backstep+1","floor":48.0},{"not_picked":["champ:ShieldSigil","champ:DeathBlow+1","champ:GutPunch"],"picked":"SKIP","floor":48.0},{"not_picked":["champ:GutPunch+1","champ:DefensiveStyle"],"picked":"champ:ArenaPreparation","floor":49.0},{"not_picked":["champ:EndlessRage","champ:FanOfKnives+1"],"picked":"champ:RapidStrikes+1","floor":49.0},{"not_picked":["champ:FlashCut","champ:IronFortress+1","champ:TornadoPunch"],"picked":"SKIP","floor":52.0}],"player_experience":1537669,"relics_obtained":[{"floor":6.0,"key":"Oddly Smooth Stone"},{"floor":7.0,"key":"Whetstone"},{"floor":13.0,"key":"Peace Pipe"},{"floor":22.0,"key":"downfall:GremlinWheel"},{"floor":24.0,"key":"MawBank"},{"floor":26.0,"key":"Toy Ornithopter"},{"floor":26.0,"key":"TungstenRod"},{"floor":27.0,"key":"Red Mask"},{"floor":30.0,"key":"Anchor"},{"floor":30.0,"key":"Pen Nib"},{"floor":40.0,"key":"Girya"},{"floor":40.0,"key":"InkBottle"},{"floor":41.0,"key":"Calipers"},{"floor":44.0,"key":"Old Coin"},{"floor":44.0,"key":"Ornamental Fan"},{"floor":46.0,"key":"Prayer Wheel"},{"floor":46.0,"key":"Nunchaku"},{"floor":52.0,"key":"Blood Vial"},{"floor":52.0,"key":"War Paint"}],"event_choices":[{"damage_healed":0.0,"max_hp_gain":0.0,"max_hp_loss":0.0,"gold_gain":1.0,"event_name":"betterStone:BetterStone","player_choice":"1","floor":3.0,"gold_loss":0.0,"damage_taken":0.0},{"damage_healed":0.0,"max_hp_gain":0.0,"max_hp_loss":0.0,"gold_gain":0.0,"event_name":"Masked Bandits","player_choice":"Fought Bandits","floor":27.0,"gold_loss":0.0,"damage_taken":0.0},{"cards_removed":["champ:Defend"],"damage_healed":0.0,"max_hp_gain":0.0,"max_hp_loss":0.0,"gold_gain":0.0,"event_name":"Falling","player_choice":"Removed Skill","floor":37.0,"gold_loss":0.0,"damage_taken":0.0},{"damage_healed":0.0,"max_hp_gain":0.0,"max_hp_loss":0.0,"gold_gain":300.0,"event_name":"Wheel of Change","player_choice":"Gold","floor":47.0,"gold_loss":0.0,"damage_taken":0.0}],"is_beta":false,"boss_relics":[{"not_picked":["champ:PowerArmor","Busted Crown"],"picked":"Black Star"},{"not_picked":["SacredBark","Tiny House"],"picked":"Coffee Dripper"}],"items_purged_floors":[21,31,39,53],"is_endless":false,"potions_floor_spawned":[6,10,15,16,19,22,27,32,40,46,48],"ascension_level":6}}