{"host":"684z1xpuwaoqmmh1","time":1610733479,"event":{"mods":["Bard","BaseMod","Downfall","Hermit","Jorbs\u0027s Wanderer Trilogy","Marisa????????","Minty Spire (QoL Compilation)","Robot Space Explorer","Shade Mod","StSLib","The Bug Knight","The Cursed","The Hayseed","The Hierophant","The Marked","The Mystic","The Runesmith","The Senshi","The Spell Scribe"],"gold_per_floor":[119,133,150,100,100,130,130,164,164,180,180,210,210,230,230,325,325,337,353,372,0,10,42,42,42,42,74,74,99,178,190,190,190,190],"floor_reached":33,"language":"ENG","playtime":1584,"items_purged":["RobotSpaceExplorer:Strike"],"score":498,"play_id":"1ed60660-970a-4b2b-b53b-def4438bd873","local_time":"20210115195759","is_ascension_mode":true,"campfire_choices":[{"data":"expansioncontent:DonusPower","floor":7.0,"key":"SMITH"},{"data":"RobotSpaceExplorer:Asteroid","floor":13.0,"key":"SMITH"},{"data":"RobotSpaceExplorer:FreezingShield","floor":15.0,"key":"SMITH"},{"data":"RobotSpaceExplorer:PowerCollector","floor":28.0,"key":"SMITH"},{"data":"RobotSpaceExplorer:MiniBoosters","floor":32,"key":"SMITH"}],"circlet_count":0,"master_deck":["RobotSpaceExplorer:Strike","RobotSpaceExplorer:Strike","RobotSpaceExplorer:Defend+1","RobotSpaceExplorer:Defend","RobotSpaceExplorer:Defend","RobotSpaceExplorer:Defend+1","RobotSpaceExplorer:Scan","RobotSpaceExplorer:MiniLasers","expansioncontent:DonusPower+1","RobotSpaceExplorer:PowerCollector+1","RobotSpaceExplorer:MiniDrones","RobotSpaceExplorer:RigExplosive","RobotSpaceExplorer:Asteroid+1","RobotSpaceExplorer:MiniDrones","expansioncontent:HyperBeam","RobotSpaceExplorer:FreezingShield+1","RobotSpaceExplorer:Reload","RobotSpaceExplorer:ChargingLaser","RobotSpaceExplorer:SurgingShield","RobotSpaceExplorer:ScrapMissile+1","RobotSpaceExplorer:Discharger","RobotSpaceExplorer:MiniBoosters+1","RobotSpaceExplorer:PlasmaMissile+1","RobotSpaceExplorer:MiniBoosters+1","RobotSpaceExplorer:TurboDodge+1","RobotSpaceExplorer:Arsenal","RobotSpaceExplorer:PlasmaMissile+1"],"relics":["RobotSpaceExplorer:RoboCore","Art of War","Sundial","Strawberry","Anchor","Runic Pyramid","Pear","Frozen Egg 2","Enchiridion","Gremlin Horn","White Beast Statue","sneckomod:BlankCard","Meat on the Bone"],"acts_visited":["Exordium","TheCity"],"potions_floor_usage":[31,33,33],"damage_taken":[{"damage":0.0,"enemies":"Small Slimes","floor":1.0,"turns":3.0},{"damage":1.0,"enemies":"Cultist","floor":2.0,"turns":4.0},{"damage":0.0,"enemies":"Jaw Worm","floor":3.0,"turns":3.0},{"damage":0.0,"enemies":"HollowMod:MossKnight","floor":6.0,"turns":9.0},{"damage":8.0,"enemies":"Gremlin Nob","floor":8.0,"turns":3.0},{"damage":3.0,"enemies":"Looter","floor":10.0,"turns":3.0},{"damage":18.0,"enemies":"HollowMod:MossKnight","floor":12.0,"turns":6.0},{"damage":0.0,"enemies":"Blue Slaver","floor":14.0,"turns":2.0},{"damage":22.0,"enemies":"Hexaghost","floor":16.0,"turns":11.0},{"damage":0.0,"enemies":"Spheric Guardian","floor":18.0,"turns":2.0},{"damage":1.0,"enemies":"3 Byrds","floor":19.0,"turns":6.0},{"damage":13.0,"enemies":"Cultist and Chosen","floor":20.0,"turns":5.0},{"damage":13.0,"enemies":"3 Cultists","floor":22.0,"turns":6.0},{"damage":3.0,"enemies":"Gremlin Leader","floor":23.0,"turns":5.0},{"damage":7.0,"enemies":"HollowMod:Nosk","floor":27.0,"turns":6.0},{"damage":17.0,"enemies":"Book of Stabbing","floor":29.0,"turns":4.0},{"damage":0,"enemies":"Shelled Parasite and Fungi","floor":31,"turns":4},{"damage":47,"enemies":"Automaton","floor":33,"turns":6}],"seed_played":"1772606574427270637","potions_obtained":[{"floor":2.0,"key":"AttackPotion"},{"floor":3.0,"key":"SpeedPotion"},{"floor":10.0,"key":"AttackPotion"},{"floor":12.0,"key":"Swift Potion"},{"floor":16.0,"key":"ColorlessPotion"},{"floor":18.0,"key":"Block Potion"},{"floor":20.0,"key":"CultistPotion"},{"floor":22.0,"key":"Regen Potion"},{"floor":27.0,"key":"Fire Potion"},{"floor":29.0,"key":"EssenceOfSteel"},{"floor":31,"key":"PowerPotion"}],"is_trial":false,"path_per_floor":["M","M","M","?","?","E","R","E","T","M","?","E","R","M","R","B",null,"M","M","M","$","M","E","?","?","T","E","R","E","T","M","R","B"],"character_chosen":"RobotSpaceExplorer","items_purchased":["RobotSpaceExplorer:MiniBoosters","Pear"],"campfire_rested":0,"item_purchase_floors":[21,21],"current_hp_per_floor":[68,67,67,67,52,52,52,44,51,48,48,30,30,30,30,8,64,64,63,50,60,47,59,59,43,43,36,36,19,19,31,31,0,0],"gold":190,"neow_bonus":"RANDOM_COLORLESS","is_daily":false,"chose_seed":false,"campfire_upgraded":5,"win_rate":0.0,"timestamp":1610733479,"path_taken":["M","M","M","?","?","E","R","E","T","M","?","E","R","M","R","BOSS","M","M","?","$","M","E","?","?","T","E","R","E","?","M","R","BOSS"],"items_purchased_type":["Card","Relic"],"build_version":"2020-12-22","purchased_purges":1,"victory":false,"max_hp_per_floor":[75,75,75,75,75,75,75,75,82,82,82,82,82,82,82,82,82,82,82,82,92,92,92,92,92,92,92,92,92,92,92,92,92,92],"card_choices":[{"not_picked":["PanicButton","Blind"],"picked":"expansioncontent:DonusPower","floor":0.0},{"not_picked":["RobotSpaceExplorer:Electroshield","RobotSpaceExplorer:Pulsar"],"picked":"RobotSpaceExplorer:PowerCollector","floor":1.0},{"not_picked":["RobotSpaceExplorer:Ammunition","RobotSpaceExplorer:GlueSpray"],"picked":"RobotSpaceExplorer:MiniDrones","floor":2.0},{"not_picked":["RobotSpaceExplorer:MakeshiftVolley","RobotSpaceExplorer:Discharger"],"picked":"RobotSpaceExplorer:RigExplosive","floor":3.0},{"not_picked":["RobotSpaceExplorer:Electroshield","RobotSpaceExplorer:ShovelStrike"],"picked":"RobotSpaceExplorer:Asteroid","floor":6.0},{"not_picked":["RobotSpaceExplorer:ShovelStrike","RobotSpaceExplorer:StunGrenade"],"picked":"RobotSpaceExplorer:MiniDrones","floor":8.0},{"not_picked":["RobotSpaceExplorer:MetalStrike","RobotSpaceExplorer:ShovelStrike","RobotSpaceExplorer:JunkDive"],"picked":"SKIP","floor":10.0},{"not_picked":["RobotSpaceExplorer:GearShield","RobotSpaceExplorer:DoubleBlock"],"picked":"RobotSpaceExplorer:FreezingShield","floor":12.0},{"not_picked":["RobotSpaceExplorer:Ammunition","RobotSpaceExplorer:ShovelStrike"],"picked":"RobotSpaceExplorer:Reload","floor":14.0},{"not_picked":["RobotSpaceExplorer:Scanner","RobotSpaceExplorer:Multitool"],"picked":"RobotSpaceExplorer:ChargingLaser","floor":16.0},{"not_picked":["RobotSpaceExplorer:Counterblock+1","RobotSpaceExplorer:ShockKick"],"picked":"RobotSpaceExplorer:SurgingShield","floor":18.0},{"not_picked":["RobotSpaceExplorer:FrostMissile","RobotSpaceExplorer:ScrapShield+1"],"picked":"RobotSpaceExplorer:ScrapMissile+1","floor":19.0},{"not_picked":["RobotSpaceExplorer:ShockKick+1","RobotSpaceExplorer:SlimeMissile"],"picked":"RobotSpaceExplorer:Discharger","floor":20.0},{"not_picked":["RobotSpaceExplorer:StunGrenade+1","RobotSpaceExplorer:MetalStrike"],"picked":"RobotSpaceExplorer:PlasmaMissile+1","floor":22.0},{"not_picked":["RobotSpaceExplorer:SurgingShield","RobotSpaceExplorer:Calculate","RobotSpaceExplorer:JunkDive"],"picked":"SKIP","floor":23.0},{"not_picked":["RobotSpaceExplorer:SelfCleaning","RobotSpaceExplorer:Calculate"],"picked":"RobotSpaceExplorer:TurboDodge+1","floor":27.0},{"not_picked":["RobotSpaceExplorer:ScrapShield","RobotSpaceExplorer:MakeshiftVolley"],"picked":"RobotSpaceExplorer:Arsenal","floor":29.0},{"not_picked":["RobotSpaceExplorer:SwiftStep","RobotSpaceExplorer:Probe"],"picked":"RobotSpaceExplorer:PlasmaMissile+1","floor":31}],"player_experience":2826934,"relics_obtained":[{"floor":6.0,"key":"Art of War"},{"floor":8.0,"key":"Sundial"},{"floor":9.0,"key":"Strawberry"},{"floor":12.0,"key":"Anchor"},{"floor":23.0,"key":"Frozen Egg 2"},{"floor":25.0,"key":"Enchiridion"},{"floor":26.0,"key":"Gremlin Horn"},{"floor":27.0,"key":"White Beast Statue"},{"floor":29.0,"key":"sneckomod:BlankCard"},{"floor":30.0,"key":"Meat on the Bone"}],"event_choices":[{"cards_removed":["RobotSpaceExplorer:Strike"],"damage_healed":0.0,"max_hp_gain":0.0,"max_hp_loss":0.0,"gold_gain":0.0,"event_name":"The Cleric","player_choice":"Card Removal","floor":4.0,"gold_loss":50.0,"damage_taken":0.0},{"damage_healed":0.0,"max_hp_gain":0.0,"max_hp_loss":0.0,"gold_gain":0.0,"event_name":"Shining Light","player_choice":"Entered Light","floor":5.0,"gold_loss":0.0,"damage_taken":15.0,"cards_upgraded":["RobotSpaceExplorer:Defend","RobotSpaceExplorer:Defend"]},{"damage_healed":0.0,"max_hp_gain":0.0,"max_hp_loss":0.0,"gold_gain":0.0,"event_name":"Match and Keep!","player_choice":"1 cards matched","floor":11.0,"gold_loss":0.0,"damage_taken":0.0,"cards_obtained":["expansioncontent:HyperBeam"]},{"damage_healed":0.0,"max_hp_gain":0.0,"max_hp_loss":0.0,"gold_gain":0.0,"event_name":"The Library","player_choice":"Read","floor":24.0,"gold_loss":0.0,"damage_taken":0.0,"cards_obtained":["RobotSpaceExplorer:MiniBoosters"]},{"damage_healed":0.0,"max_hp_gain":0.0,"max_hp_loss":0.0,"gold_gain":0.0,"event_name":"Cursed Tome","player_choice":"Obtained Book","floor":25.0,"gold_loss":0.0,"damage_taken":16.0}],"is_beta":false,"boss_relics":[{"not_picked":["Coffee Dripper","Pandora\u0027s Box"],"picked":"Runic Pyramid"}],"items_purged_floors":[21],"is_endless":false,"potions_floor_spawned":[2,3,10,12,16,18,20,22,27,29,31],"killed_by":"Automaton","ascension_level":7}}