{"host":"y89x8uui45kcjy42","time":1610684017,"event":{"mods":["2.2 Compatiblity","BaseMod","CapriCore","Colored Map","Colored Powertips","Custom Start","Friendly Minions","Keyboard Shortcuts","Minty Spire (QoL Compilation)","Relic Stats","Slay the Relics Exporter","StSLib","SuperFastMode","Uncapped"],"gold_per_floor":[111,166,166,166,176,176,176,95,95,95,120,120,131,151,151,225,225,244,244,244,159,159,188,188,206,206,219,219,99,130,162,162,240,240,255,255,174,221,246,246,271,305,305,305,319,319,319,338,338,338,338],"floor_reached":50,"language":"KOR","playtime":1853,"items_purged":["Survivor+1"],"score":1650,"play_id":"26c03a7f-42d8-4071-8693-9efc73c8e42a","local_time":"20210115131337","is_ascension_mode":true,"campfire_choices":[{"data":"Dash","floor":6.0,"key":"SMITH"},{"data":"Reflex","floor":7.0,"key":"SMITH"},{"data":"Survivor","floor":10.0,"key":"SMITH"},{"data":"Tactician","floor":12.0,"key":"SMITH"},{"data":"Acrobatics","floor":15.0,"key":"SMITH"},{"floor":24.0,"key":"RECALL"},{"data":"Acrobatics","floor":28.0,"key":"SMITH"},{"data":"Caltrops","floor":32.0,"key":"SMITH"},{"data":"Madness","floor":47.0,"key":"SMITH"},{"data":"Adrenaline","floor":49.0,"key":"SMITH"}],"circlet_count":0,"master_deck":["Neutralize+1","Reprogram+1","Devotion+1","Worship+1","Dash+1","Reflex+1","Tactician+1","Acrobatics+1","Bite+1","Acrobatics+1","Caltrops+1","Madness","Madness+1","Adrenaline+1","PiercingWail+1"],"relics":["Ring of the Serpent","Paper Crane","Paper Frog","CloakClasp","HoveringKite","Ginger","Turnip","Odd Mushroom","Tingsha","Tough Bandages","Damaru","Kunai","Shuriken","Oddly Smooth Stone","Vajra","Membership Card","TungstenRod","Medical Kit","Coffee Dripper","Omamori","Necronomicon","Prayer Wheel","Potion Belt","Dream Catcher","Omamori","HandDrill","Akabeko","SlaversCollar","Bronze Scales","Tough Bandages","StoneCalendar","Potion Belt","WingedGreaves","The Courier","Blue Candle"],"acts_visited":["Exordium","TheCity","TheBeyond"],"potions_floor_usage":[],"damage_taken":[{"damage":0.0,"enemies":"2 Louse","floor":1.0,"turns":2.0},{"damage":0.0,"enemies":"Small Slimes","floor":5.0,"turns":3.0},{"damage":17.0,"enemies":"3 Sentries","floor":11.0,"turns":9.0},{"damage":0.0,"enemies":"Cultist","floor":13.0,"turns":3.0},{"damage":0.0,"enemies":"Blue Slaver","floor":14.0,"turns":2.0},{"damage":0.0,"enemies":"The Guardian","floor":16.0,"turns":4.0},{"damage":1.0,"enemies":"Shell Parasite","floor":18.0,"turns":2.0},{"damage":0.0,"enemies":"Gremlin Leader","floor":23.0,"turns":3.0},{"damage":0.0,"enemies":"2 Thieves","floor":25.0,"turns":2.0},{"damage":0.0,"enemies":"3 Cultists","floor":27.0,"turns":2.0},{"damage":0.0,"enemies":"Slavers","floor":30.0,"turns":1.0},{"damage":2.0,"enemies":"Gremlin Leader","floor":31.0,"turns":2.0},{"damage":0.0,"enemies":"Automaton","floor":33.0,"turns":3.0},{"damage":0.0,"enemies":"3 Darklings","floor":35.0,"turns":2.0},{"damage":4.0,"enemies":"2 Orb Walkers","floor":38.0,"turns":3.0},{"damage":0.0,"enemies":"Mind Bloom Boss Battle","floor":39.0,"turns":1.0},{"damage":0.0,"enemies":"Nemesis","floor":41.0,"turns":3.0},{"damage":0.0,"enemies":"Giant Head","floor":42.0,"turns":1.0},{"damage":0.0,"enemies":"3 Shapes","floor":45.0,"turns":2.0},{"damage":4.0,"enemies":"3 Darklings","floor":48.0,"turns":3.0},{"damage":0,"enemies":"Awakened One","floor":50,"turns":1}],"seed_played":"-5051132388217359528","potions_obtained":[{"floor":1.0,"key":"FairyPotion"},{"floor":11.0,"key":"ColorlessPotion"},{"floor":13.0,"key":"CultistPotion"},{"floor":22.0,"key":"Fire Potion"},{"floor":22.0,"key":"CultistPotion"},{"floor":23.0,"key":"CunningPotion"},{"floor":33.0,"key":"Swift Potion"},{"floor":41.0,"key":"Energy Potion"},{"floor":42.0,"key":"DuplicationPotion"}],"is_trial":false,"path_per_floor":["M","?","$","?","M","R","R","$","T","R","E","R","M","M","R","B",null,"M","?","?","?","?","E","R","M","T","M","R","$","E","E","R","B",null,"M","?","$","?","?","R","E","E","T","$","M","?","R","M","R","B"],"character_chosen":"THE_SILENT","items_purchased":["Medical Kit","HandDrill","Bronze Scales"],"campfire_rested":0,"item_purchase_floors":[8,29,37],"current_hp_per_floor":[80,80,80,80,80,80,80,80,80,80,63,63,63,63,63,63,76,75,58,58,58,58,58,58,58,58,64,64,64,67,68,68,74,79,80,80,80,79,80,80,80,80,80,80,80,67,67,75,75,75,75],"gold":338,"neow_bonus":"TEN_PERCENT_HP_BONUS","is_daily":false,"chose_seed":false,"campfire_upgraded":9,"win_rate":0.0,"timestamp":1610684017,"path_taken":["M","?","$","?","M","R","R","$","T","R","E","R","?","M","R","BOSS","M","?","?","?","?","E","R","M","T","?","R","$","E","E","R","BOSS","M","?","$","?","?","R","E","E","T","$","M","?","R","?","R","BOSS"],"items_purchased_type":["Relic","Relic","Relic"],"build_version":"2020-12-22","purchased_purges":1,"victory":false,"max_hp_per_floor":[80,80,80,80,80,80,80,80,80,80,80,80,80,80,80,80,80,80,80,80,80,80,80,80,80,80,80,80,80,80,80,80,80,80,80,80,80,80,80,80,80,80,80,80,80,80,80,80,80,80,80],"relic_stats":{"counters":[21,54],"Blue Candle":[0],"HoveringKite":[30],"Tingsha":[246],"StoneCalendar":[0],"CloakClasp":[85],"Ginger":[2],"Medical Kit":[26],"Tough Bandages":[369],"Dream Catcher":0,"Shuriken":[27],"Bronze Scales":[28],"Prayer Wheel":5,"Turnip":[2],"Necronomicon":[22],"HandDrill":[6],"Kunai":[27],"obtain_stats":[{"HoveringKite":0,"Vajra":0,"StoneCalendar":39,"CloakClasp":0,"Ginger":0,"Tough Bandages":0,"Dream Catcher":23,"HornCleat":0,"Prayer Wheel":21,"WingedGreaves":6,"Necronomicon":19,"HandDrill":29,"Kunai":0,"Ring of the Snake":0,"Paper Frog":0,"Potion Belt":22,"Lee\u0027s Waffle":0,"Blue Candle":43,"Damaru":0,"Oddly Smooth Stone":0,"Tingsha":0,"The Courier":42,"Omamori":19,"Paper Crane":0,"Odd Mushroom":0,"Medical Kit":8,"Akabeko":31,"SlaversCollar":34,"Shuriken":0,"Bronze Scales":37,"HolyWater":0,"Turnip":0,"Coffee Dripper":17,"Membership Card":2,"Ring of the Serpent":0,"TungstenRod":5},{"HoveringKite":0,"Vajra":0,"StoneCalendar":16,"CloakClasp":0,"Ginger":0,"Tough Bandages":0,"Dream Catcher":8,"HornCleat":0,"Prayer Wheel":7,"WingedGreaves":2,"Necronomicon":7,"HandDrill":10,"Kunai":0,"Ring of the Snake":0,"Paper Frog":0,"Potion Belt":7,"Lee\u0027s Waffle":0,"Blue Candle":18,"Damaru":0,"Oddly Smooth Stone":0,"Tingsha":0,"The Courier":18,"Omamori":7,"Paper Crane":0,"Odd Mushroom":0,"Medical Kit":2,"Akabeko":12,"SlaversCollar":13,"Shuriken":0,"Bronze Scales":14,"HolyWater":0,"Turnip":0,"Coffee Dripper":6,"Membership Card":1,"Ring of the Serpent":0,"TungstenRod":2},{"HoveringKite":0,"Vajra":0,"StoneCalendar":44,"CloakClasp":0,"Ginger":0,"Tough Bandages":0,"Dream Catcher":28,"HornCleat":0,"Prayer Wheel":25,"WingedGreaves":5,"Necronomicon":25,"HandDrill":32,"Kunai":0,"Ring of the Snake":0,"Paper Frog":0,"Potion Belt":25,"Lee\u0027s Waffle":0,"Blue Candle":48,"Damaru":0,"Oddly Smooth Stone":0,"Tingsha":0,"The Courier":48,"Omamori":25,"Paper Crane":0,"Odd Mushroom":0,"Medical Kit":5,"Akabeko":35,"SlaversCollar":38,"Shuriken":0,"Bronze Scales":40,"HolyWater":0,"Turnip":0,"Coffee Dripper":23,"Membership Card":2,"Ring of the Serpent":0,"TungstenRod":5}],"TungstenRod":11},"card_choices":[{"not_picked":["Calculated Gamble","Poisoned Stab"],"picked":"Dash","floor":1.0},{"not_picked":["Outmaneuver","Slice"],"picked":"Reflex","floor":5.0},{"not_picked":["Deadly Poison","Underhanded Strike"],"picked":"Tactician","floor":11.0},{"not_picked":["Prepared","Underhanded Strike"],"picked":"Acrobatics","floor":13.0},{"not_picked":["Outmaneuver","Slice","Doppelganger"],"picked":"SKIP","floor":14.0},{"not_picked":["Escape Plan","Catalyst","Cloak And Dagger"],"picked":"SKIP","floor":18.0},{"not_picked":["Poisoned Stab","Dodge and Roll"],"picked":"Acrobatics","floor":23.0},{"not_picked":["Terror","Skewer","Leg Sweep"],"picked":"SKIP","floor":25.0},{"not_picked":["Prepared","Underhanded Strike","Blade Dance"],"picked":"SKIP","floor":25.0},{"not_picked":["Backflip","Acrobatics","Deadly Poison"],"picked":"SKIP","floor":27.0},{"not_picked":["Dodge and Roll","Glass Knife","Slice"],"picked":"SKIP","floor":27.0},{"not_picked":["Prepared","Outmaneuver","Crippling Poison"],"picked":"SKIP","floor":30.0},{"not_picked":["Prepared","Outmaneuver","Crippling Poison"],"picked":"SKIP","floor":30.0},{"not_picked":["Noxious Fumes","Bouncing Flask"],"picked":"Caltrops","floor":31.0},{"not_picked":["Acrobatics+1","Slice+1","Outmaneuver"],"picked":"SKIP","floor":35.0},{"not_picked":["Finisher","Bouncing Flask","Reflex"],"picked":"SKIP","floor":35.0},{"not_picked":["Prepared","Slice","Outmaneuver"],"picked":"SKIP","floor":41.0},{"not_picked":["Flechettes","Predator","Sucker Punch"],"picked":"SKIP","floor":42.0},{"not_picked":["Flying Knee","Underhanded Strike","Backflip"],"picked":"SKIP","floor":45.0},{"not_picked":["Outmaneuver","Dodge and Roll","Underhanded Strike"],"picked":"SKIP","floor":45.0},{"not_picked":["Outmaneuver","Endless Agony"],"picked":"Adrenaline","floor":48.0},{"not_picked":["Poisoned Stab","Outmaneuver"],"picked":"PiercingWail+1","floor":48.0}],"player_experience":608696,"relics_obtained":[{"floor":11.0,"key":"Tingsha"},{"floor":19.0,"key":"Necronomicon"},{"floor":23.0,"key":"Dream Catcher"},{"floor":26.0,"key":"Omamori"},{"floor":31.0,"key":"Akabeko"},{"floor":38.0,"key":"Tough Bandages"},{"floor":39.0,"key":"StoneCalendar"},{"floor":41.0,"key":"Potion Belt"},{"floor":42.0,"key":"The Courier"},{"floor":43.0,"key":"Blue Candle"}],"event_choices":[{"damage_healed":0.0,"max_hp_gain":0.0,"max_hp_loss":0.0,"gold_gain":55.0,"event_name":"Golden Wing","player_choice":"Gained Gold","floor":2.0,"gold_loss":0.0,"damage_taken":0.0},{"damage_healed":0.0,"max_hp_gain":0.0,"max_hp_loss":0.0,"gold_gain":0.0,"event_name":"Accursed Blacksmith","player_choice":"Forge","floor":4.0,"gold_loss":0.0,"damage_taken":0.0,"cards_upgraded":["Neutralize"]},{"damage_healed":0.0,"max_hp_gain":0.0,"max_hp_loss":0.0,"gold_gain":0.0,"event_name":"Cursed Tome","player_choice":"Obtained Book","floor":19.0,"gold_loss":0.0,"damage_taken":21.0},{"damage_healed":0.0,"max_hp_gain":0.0,"max_hp_loss":0.0,"gold_gain":0.0,"event_name":"Vampires","player_choice":"Ignored","floor":20.0,"gold_loss":0.0,"damage_taken":0.0},{"damage_healed":0.0,"max_hp_gain":0.0,"max_hp_loss":0.0,"gold_gain":0.0,"event_name":"Addict","player_choice":"Obtained Relic","floor":21.0,"gold_loss":85.0,"damage_taken":0.0,"relics_obtained":["Prayer Wheel"]},{"damage_healed":0.0,"max_hp_gain":0.0,"max_hp_loss":0.0,"gold_gain":0.0,"event_name":"Lab","player_choice":"Got Potions","floor":22.0,"gold_loss":0.0,"damage_taken":0.0},{"damage_healed":0.0,"max_hp_gain":0.0,"max_hp_loss":0.0,"gold_gain":0.0,"event_name":"SensoryStone","player_choice":"Memory 1","floor":36.0,"gold_loss":0.0,"damage_taken":0.0},{"damage_healed":0.0,"max_hp_gain":0.0,"max_hp_loss":0.0,"gold_gain":0.0,"event_name":"Mysterious Sphere","player_choice":"Fight","floor":38.0,"gold_loss":0.0,"damage_taken":0.0},{"damage_healed":0.0,"max_hp_gain":0.0,"max_hp_loss":0.0,"gold_gain":0.0,"event_name":"MindBloom","player_choice":"Fight","floor":39.0,"gold_loss":0.0,"damage_taken":0.0},{"damage_healed":0.0,"max_hp_gain":0.0,"max_hp_loss":0.0,"gold_gain":0.0,"event_name":"Winding Halls","player_choice":"Embrace Madness","floor":46.0,"gold_loss":0.0,"damage_taken":14.0,"cards_obtained":["Madness","Madness"]}],"is_beta":false,"boss_relics":[{"not_picked":["Calling Bell","SacredBark"],"picked":"Coffee Dripper"},{"not_picked":["Philosopher\u0027s Stone","Empty Cage"],"picked":"SlaversCollar"}],"items_purged_floors":[29],"is_endless":false,"potions_floor_spawned":[1,11,13,14,23,30,31,33,39,41,42],"killed_by":"Awakened One","ascension_level":20}}