{"host":"vex7walpoxzv48nx","time":1610716640,"event":{"mods":["BaseMod","Minty Spire (QoL Compilation)","Permanent Neow","Quick Restart","Relic Stats"],"gold_per_floor":[119,44,119,138,2,29,29,39,39,39,54,82,97,23,23,126,126,66,66],"floor_reached":18,"language":"ENG","playtime":1722,"items_purged":["Regret","Defend_P"],"score":205,"play_id":"b90a1e37-b3da-4f49-b3c7-a764f6b11c0b","local_time":"20210115141720","is_ascension_mode":true,"campfire_choices":[{"data":"Eruption","floor":10.0,"key":"SMITH"},{"data":"Vigilance","floor":15.0,"key":"SMITH"}],"circlet_count":0,"master_deck":["Strike_P","Strike_P","Strike_P","Strike_P","Defend_P","Defend_P","Defend_P","Eruption+1","Vigilance+1","DeusExMachina","CutThroughFate","FlyingSleeves","Meditate","FlurryOfBlows","Wallop","BowlingBash","Wallop","Scrawl","Tantrum","Wireheading","Blasphemy"],"relics":["PureWater","Incense Burner","TungstenRod","MealTicket","Fusion Hammer"],"acts_visited":["Exordium","TheCity"],"potions_floor_usage":[],"damage_taken":[{"damage":12.0,"enemies":"Jaw Worm","floor":1.0,"turns":4.0},{"damage":0.0,"enemies":"Small Slimes","floor":4.0,"turns":3.0},{"damage":13.0,"enemies":"Lagavulin","floor":6.0,"turns":4.0},{"damage":1.0,"enemies":"Cultist","floor":8.0,"turns":3.0},{"damage":0.0,"enemies":"Lots of Slimes","floor":11.0,"turns":7.0},{"damage":0.0,"enemies":"Gremlin Nob","floor":12.0,"turns":2.0},{"damage":4.0,"enemies":"Looter","floor":13.0,"turns":2.0},{"damage":8.0,"enemies":"The Guardian","floor":16.0,"turns":9.0},{"damage":2,"enemies":"2 Thieves","floor":18,"turns":3}],"seed_played":"-6364766000546498019","potions_obtained":[{"floor":4.0,"key":"StancePotion"},{"floor":12.0,"key":"Strength Potion"}],"is_trial":false,"path_per_floor":["M","$","?","M","$","E","?","M","T","R","M","E","M","$","R","B",null,"M"],"character_chosen":"WATCHER","items_purchased":["Meditate","Wireheading"],"campfire_rested":0,"item_purchase_floors":[5,14],"current_hp_per_floor":[60,60,49,49,49,36,36,35,35,35,35,35,31,46,46,38,72,70,70],"gold":66,"neow_bonus":"THREE_RARE_CARDS","is_daily":false,"chose_seed":false,"campfire_upgraded":2,"win_rate":0.0,"timestamp":1610716640,"path_taken":["M","$","?","M","$","E","?","M","T","R","?","E","M","?","R","BOSS","M"],"items_purchased_type":["Card","Card"],"build_version":"2020-12-22","purchased_purges":2,"victory":false,"max_hp_per_floor":[72,72,72,72,72,72,72,72,72,72,72,72,72,72,72,72,72,72,72],"relic_stats":{"counters":[9,37],"MealTicket":15,"obtain_stats":[{"MealTicket":12,"Fusion Hammer":17,"Incense Burner":6,"PureWater":0,"TungstenRod":9},{"MealTicket":6,"Fusion Hammer":8,"Incense Burner":3,"PureWater":0,"TungstenRod":4},{"MealTicket":23,"Fusion Hammer":34,"Incense Burner":11,"PureWater":0,"TungstenRod":14}],"TungstenRod":7},"card_choices":[{"not_picked":["Establishment","Judgement"],"picked":"DeusExMachina","floor":0.0},{"not_picked":["Consecrate","SashWhip"],"picked":"CutThroughFate","floor":1.0},{"not_picked":["Weave","Consecrate"],"picked":"FlyingSleeves","floor":4.0},{"not_picked":["InnerPeace","CrushJoints"],"picked":"FlurryOfBlows","floor":6.0},{"not_picked":["CrushJoints","Consecrate"],"picked":"BowlingBash","floor":8.0},{"not_picked":["MentalFortress","ThirdEye"],"picked":"Wallop","floor":11.0},{"not_picked":["Evaluate","Collect"],"picked":"Scrawl","floor":12.0},{"not_picked":["WheelKick","DeceiveReality"],"picked":"Tantrum","floor":13.0},{"not_picked":["Scrawl","Ragnarok"],"picked":"Blasphemy","floor":16.0}],"player_experience":141328,"relics_obtained":[{"floor":6.0,"key":"Incense Burner"},{"floor":9.0,"key":"TungstenRod"},{"floor":12.0,"key":"MealTicket"}],"event_choices":[{"damage_healed":0.0,"max_hp_gain":0.0,"max_hp_loss":0.0,"gold_gain":75.0,"event_name":"World of Goop","player_choice":"Gather Gold","floor":3.0,"gold_loss":0.0,"damage_taken":11.0},{"damage_healed":0.0,"max_hp_gain":0.0,"max_hp_loss":0.0,"gold_gain":0.0,"event_name":"Match and Keep!","player_choice":"1 cards matched","floor":7.0,"gold_loss":0.0,"damage_taken":0.0,"cards_obtained":["Wallop"]}],"is_beta":false,"boss_relics":[{"not_picked":["SacredBark","Ectoplasm"],"picked":"Fusion Hammer"}],"items_purged_floors":[2,5],"is_endless":false,"potions_floor_spawned":[4,12],"killed_by":"2 Thieves","ascension_level":1}}