{"host":"fworv1gvvajf3x0f","time":1610713690,"event":{"mods":["AchievementEnabler","Aspiration","BaseMod","Better Match","Better Note","Better Sensory Stone","Better Vampires","Colored Map","Colored Powertips","Displayed Cursed Tome","Good Game Mod","Highlight Path","Infinite Spire","Minty Spire (QoL Compilation)","Poor People Problems","Relic Stats","Replay The Spire","StSLib"],"gold_per_floor":[115,125,2,2,2,2,2,2,25,58,58,92,103,129,129,231,231,245,259,259,7,7,7],"floor_reached":22,"language":"ZHS","playtime":2177,"items_purged":[],"score":288,"play_id":"300ae5e8-bf26-4954-915d-d1dd37f277ad","local_time":"20210115202810","is_ascension_mode":true,"campfire_choices":[{"data":"Apotheosis","floor":6,"key":"SMITH"},{"data":"Master of Strategy","floor":8,"key":"SMITH"},{"floor":11,"key":"RECALL"},{"data":"Defend_G","floor":15,"key":"PURGE"}],"circlet_count":0,"master_deck":["Strike_G","Strike_G","Strike_G","Strike_G","Strike_G","Defend_G","Defend_G","Defend_G","Defend_G","Survivor","Neutralize","Apotheosis+1","Catalyst","Backflip","Master of Strategy+1","Replay:Parry","Transmutation","Tactician","Prepared","Acrobatics","Grand Finale","Burst","CommonCold","Unload","Setup","Reflex","PiercingWail"],"relics":["REME:ComplimentaryCards","NeowsBlessing","ReplayTheSpireMod:ShopPack","Sizzling Blood","Potion Belt","PreservedInsect","Incense Burner","Omamori","Replay:Ancient Bell","Anchor","Snack Pack","infinitespire:Lychee Nut","aspiration:HiddenCompartment","infinitespire:PuzzleCube"],"acts_visited":["Exordium","TheCity"],"potions_floor_usage":[13,14,16,22],"damage_taken":[{"damage":0,"enemies":"Cultist","floor":1,"turns":1},{"damage":0,"enemies":"Small Slimes","floor":2,"turns":1},{"damage":0,"enemies":"Gremlin Nob","floor":10,"turns":1},{"damage":0,"enemies":"Lagavulin","floor":12,"turns":7},{"damage":8,"enemies":"Jaw Worm","floor":13,"turns":5},{"damage":18,"enemies":"Gremlin Nob","floor":14,"turns":4},{"damage":34,"enemies":"The Guardian","floor":16,"turns":7},{"damage":4,"enemies":"Chosen","floor":18,"turns":7},{"damage":20,"enemies":"Spheric Guardian","floor":19,"turns":5},{"damage":55,"enemies":"Cultist and Chosen","floor":22,"turns":7}],"seed_played":"5972422182035037476","potions_obtained":[{"floor":10,"key":"Block Potion"},{"floor":13,"key":"Weak Potion"},{"floor":14,"key":"ColorlessPotion"},{"floor":16,"key":"Adrenaline Potion"},{"floor":19,"key":"LifebloodPotion"}],"is_trial":false,"path_per_floor":["M","M","$","T","?","R","$","R","T","E","R","E","M","E","R_BF","B",null,"M","M","?","$","M"],"character_chosen":"THE_SILENT","items_purchased":["ReplayTheSpireMod:ShopPack","infinitespire:PuzzleCube","Reflex","PiercingWail"],"campfire_rested":0,"item_purchase_floors":[3,21,21,21],"current_hp_per_floor":[70,70,70,70,74,74,74,74,74,74,74,74,70,56,56,26,55,55,40,40,40,0,0],"gold":7,"neow_bonus":"THREE_ENEMY_KILL","is_daily":false,"chose_seed":false,"campfire_upgraded":2,"win_rate":0.0,"timestamp":1610713690,"path_taken":["M","?","$","?","?","R","?","R","T","E","R","E","M","E","R_BF","BOSS","M","M","?","?","M"],"items_purchased_type":["Relic","Relic","Card","Card"],"build_version":"2020-12-22","purchased_purges":0,"victory":false,"max_hp_per_floor":[70,70,70,70,74,74,74,74,74,74,74,74,74,74,74,74,55,55,55,55,55,55,55],"relic_stats":{"counters":[10,45],"PreservedInsect":50,"obtain_stats":[{"Potion Belt":9,"NeowsBlessing":0,"PreservedInsect":10,"Sizzling Blood":5,"Incense Burner":12,"Omamori":14,"Replay:Ancient Bell":17,"aspiration:HiddenCompartment":20,"REME:ComplimentaryCards":0,"Anchor":17,"infinitespire:Lychee Nut":17,"Snack Pack":17,"infinitespire:PuzzleCube":21,"Ring of the Snake":0,"ReplayTheSpireMod:ShopPack":3},{"Potion Belt":2,"NeowsBlessing":0,"PreservedInsect":3,"Sizzling Blood":2,"Incense Burner":4,"Omamori":6,"Replay:Ancient Bell":7,"aspiration:HiddenCompartment":9,"REME:ComplimentaryCards":0,"Anchor":7,"infinitespire:Lychee Nut":7,"Snack Pack":7,"infinitespire:PuzzleCube":9,"Ring of the Snake":0,"ReplayTheSpireMod:ShopPack":2},{"Potion Belt":2,"NeowsBlessing":0,"PreservedInsect":3,"Sizzling Blood":2,"Incense Burner":10,"Omamori":19,"Replay:Ancient Bell":26,"aspiration:HiddenCompartment":38,"REME:ComplimentaryCards":0,"Anchor":26,"infinitespire:Lychee Nut":26,"Snack Pack":26,"infinitespire:PuzzleCube":38,"Ring of the Snake":0,"ReplayTheSpireMod:ShopPack":2}]},"card_choices":[{"not_picked":["Quick Slash","Sucker Punch"],"picked":"Catalyst","floor":1},{"not_picked":["Endless Agony","Flying Knee"],"picked":"Backflip","floor":2},{"not_picked":["Violence","Secret Technique"],"picked":"Master of Strategy","floor":3},{"not_picked":["Replay:Bootleg Shield Generator","Swift Strike"],"picked":"Replay:Parry","floor":3},{"not_picked":["Dramatic Entrance","Enlightenment"],"picked":"Transmutation","floor":3},{"not_picked":["Setup","Prepared"],"picked":"Tactician","floor":10},{"not_picked":["Quick Slash","Leg Sweep"],"picked":"Prepared","floor":12},{"not_picked":["Backflip","Dagger Spray"],"picked":"Acrobatics","floor":13},{"not_picked":["Flying Knee","Deflect"],"picked":"Grand Finale","floor":14},{"not_picked":["Storm of Steel","Bullet Time"],"picked":"Burst","floor":16},{"not_picked":["Shame","AbeCurse"],"picked":"Languid","floor":17},{"not_picked":["Injury","ReplayTheSpireMod:Faulty Equipment"],"picked":"Hallucinations","floor":17},{"not_picked":["Replay:Hysterical Blindness","ReplayTheSpireMod:Restless Dread"],"picked":"CommonCold","floor":17},{"not_picked":["Deflect","Draining Mist"],"picked":"Unload","floor":18},{"not_picked":["Flying Knee","Hidden Blade"],"picked":"Setup","floor":19}],"player_experience":214521,"relics_obtained":[{"floor":9,"key":"Potion Belt"},{"floor":10,"key":"PreservedInsect"},{"floor":12,"key":"Incense Burner"},{"floor":14,"key":"Omamori"}],"event_choices":[{"damage_healed":0,"gold_gain":0,"player_choice":"Gave Potion","damage_taken":0,"relics_obtained":["aspiration:HiddenCompartment"],"max_hp_gain":0,"max_hp_loss":0,"event_name":"WeMeetAgain","floor":20,"gold_loss":0}],"is_beta":false,"boss_relics":[{"not_picked":["Runic Dome","aspiration:SecretTechniqueScroll"],"picked":"Replay:Ancient Bell"},{"not_picked":["Dream Catcher","Replay:Rubber Ducky"],"picked":"Anchor"},{"not_picked":["infinitespire:Eraser","Blue Candle"],"picked":"Snack Pack"},{"not_picked":["Du-Vu Doll","Durian"],"picked":"infinitespire:Lychee Nut"}],"items_purged_floors":[],"is_endless":false,"potions_floor_spawned":[10,13,14,16,19],"killed_by":"Cultist and Chosen","ascension_level":3}}