{"host":"9u9ci7gr6x9ja244","time":1610700252,"event":{"mods":["BaseMod","Downfall","Minty Spire (QoL Compilation)","StSLib"],"gold_per_floor":[349,364,439,469,483,172,172,188,188,202,202,202,202,251,273,273,273,273],"floor_reached":16,"language":"ZHS","playtime":666,"items_purged":[],"score":90,"play_id":"44e0891d-4d47-4134-bc83-3a26bb935e48","local_time":"20210115164412","is_ascension_mode":false,"campfire_choices":[{"data":"Slimebound:Split","floor":1,"key":"SMITH"},{"floor":9,"key":"DIG"},{"floor":11,"key":"DIG"},{"floor":13,"key":"DIG"}],"circlet_count":0,"master_deck":["Slimebound:Strike_Slimebound","Slimebound:Strike_Slimebound","Slimebound:Tackle","Slimebound:Defend_Slimebound","Slimebound:Defend_Slimebound","Slimebound:Defend_Slimebound","Slimebound:Defend_Slimebound","Slimebound:Split+1","Slimebound:CorrosiveSpit","Slimebound:SplitBruiser","Slimebound:Repurpose","Slimebound:Gluttony","Slimebound:LeechEnergy","Slimebound:ProtectTheBoss","Slimebound:LeechingTouch","Slimebound:Gluttony"],"relics":["Slimebound:AbsorbEndCombat","Shovel","Incense Burner","Smiling Mask","Gremlin Horn","Orichalcum","CeramicFish"],"acts_visited":["Exordium"],"potions_floor_usage":[],"damage_taken":[{"damage":15,"enemies":"2 Louse","floor":2,"turns":3},{"damage":12,"enemies":"Small Slimes","floor":5,"turns":3},{"damage":12,"enemies":"downfall:FleeingMerchant","floor":6,"turns":4},{"damage":12,"enemies":"Cultist","floor":8,"turns":3},{"damage":8,"enemies":"3 Louse","floor":10,"turns":4},{"damage":21,"enemies":"Blue Slaver","floor":15,"turns":3},{"damage":65,"enemies":"downfall:Defect","floor":16,"turns":5}],"seed_played":"-4563404570214328687","potions_obtained":[{"floor":8,"key":"Ancient Potion"}],"is_trial":false,"path_per_floor":["R","M","?","?","M","$","T","M","R","M","R","?","R","T","M","B"],"character_chosen":"SLIMEBOUND","items_purchased":["Shovel"],"campfire_rested":0,"item_purchase_floors":[6],"current_hp_per_floor":[54,51,51,51,54,54,54,54,54,54,54,54,54,54,47,0,0,0],"gold":273,"neow_bonus":"TWO_FIFTY_GOLD","is_daily":false,"chose_seed":false,"campfire_upgraded":1,"win_rate":0.0,"timestamp":1610700252,"path_taken":["R","M","?","?","M","$","T","M","R","M","R","?","R","?","M","BOSS"],"items_purchased_type":["Relic"],"build_version":"2020-12-22","purchased_purges":0,"victory":false,"max_hp_per_floor":[54,54,54,54,54,54,54,54,54,54,54,54,54,54,54,54,54,54],"card_choices":[{"not_picked":["Slimebound:FinishingTackle","Slimebound:ServeAndProtect"],"picked":"Slimebound:SplitBruiser","floor":2},{"not_picked":["Slimebound:Schlurp","Slimebound:FinishingTackle"],"picked":"Slimebound:Repurpose","floor":5},{"not_picked":["Slimebound:LevelUp","Slimebound:ForwardTackle"],"picked":"Slimebound:Gluttony","floor":6},{"not_picked":["Slimebound:Teamwork","Slimebound:PressTheAttack"],"picked":"Slimebound:LeechEnergy","floor":8},{"not_picked":["Slimebound:ServeAndProtect","Slimebound:ForwardTackle"],"picked":"Slimebound:ProtectTheBoss","floor":10},{"not_picked":["Slimebound:LeechEnergy","Slimebound:Prepare"],"picked":"Slimebound:Gluttony","floor":15}],"player_experience":245269,"relics_obtained":[{"floor":7,"key":"Incense Burner"},{"floor":9,"key":"Smiling Mask"},{"floor":11,"key":"Gremlin Horn"},{"floor":13,"key":"Orichalcum"},{"floor":14,"key":"CeramicFish"}],"event_choices":[{"damage_healed":0,"gold_gain":0,"cards_transformed":["Slimebound:Strike_Slimebound"],"player_choice":"Change","damage_taken":0,"max_hp_gain":0,"max_hp_loss":0,"event_name":"Living Wall","floor":12,"gold_loss":0,"cards_obtained":["Slimebound:LeechingTouch"]}],"is_beta":false,"boss_relics":[],"items_purged_floors":[],"is_endless":false,"potions_floor_spawned":[8],"killed_by":"downfall:Defect","ascension_level":0}}