{"host":"dwyzfvnzfcqffr30","time":1610713524,"event":{"mods":["2.2 Compatiblity","Act Like it!","BaseMod","Beaked The Cultist","Better Altar","Better Match","Better Note","Better Sensory Stone","Better Skull","Better Third Choice","Clockwork Mod","Colored Map","Colored Powertips","Conspire","Downfall","Elementarium","GifTheSpireLib","Halation","Hermit","Hubris","Infinite Spire","Ironclad Rager","Jedi Mod","Menagerie","Mimic Mod","Minty Spire (QoL Compilation)","Permanent Neow","Random Character Button","Replay The Spire","Spicy Shops","Spikes Relics","StSLib","Stuff the Spire","The Construct","The Disciple","The Druid","The Marked","TheFirefly","Trackpad","Wandering Minibosses","vexMod"],"gold_per_floor":[113,124,124,141,66,66,76,120,120,145,110,110,110,138,138,251,251,271,271,300,311,245,279,279,291,330,97,106,106,122,151,151,248,248,264,278,292,311,320,353,369,369,400,417,443,443,454,483,483,483,483],"floor_reached":50,"language":"ENG","playtime":3451,"items_purged":["theMarked:SoldierOfQuellstein+1","theMarked:Strike+1","theMarked:Strike+1","theMarked:Defend+1"],"score":705,"play_id":"93318981-05bf-4941-b6bd-a3d04bac9078","local_time":"20210115042524","is_ascension_mode":true,"campfire_choices":[{"floor":6,"key":"RECALL"},{"data":"theMarked:BanishingStrike+1","floor":13,"key":"SMITH"},{"floor":15,"key":"REST"},{"floor":24,"key":"REST"},{"floor":29,"key":"REST"},{"data":"theMarked:Challenge+1","floor":32,"key":"SMITH"},{"floor":42,"key":"REST"},{"floor":49,"key":"REST"}],"circlet_count":0,"master_deck":["beaked:MaddeningMurmurs+1","theMarked:Strike+1","theMarked:Strike+1","theMarked:Strike+1","theMarked:Defend+1","theMarked:Defend+1","theMarked:Defend+1","PlatinumSkin+1","Apotheosis+1","MasterReality+1","theMarked:AttractMetal+1","theMarked:ElectricStrings+1","theMarked:BanishingStrike+2","theMarked:Frustration+1","theMarked:Challenge+2","theMarked:Indomitable+1","theMarked:ResourceFulStrike+1","theMarked:Vacuum+1","theMarked:Overthink+1","theMarked:BanishingStrike+1","theMarked:HeritageOfTheMarked+1","theMarked:WardOff+1","infinitespire:Execution+1","infinitespire:UltimateForm+1","theMarked:BanishingWave+1"],"relics":["theMarked:ArtifactOfAir","Bottled Tornado","conspire:InfiniteJournal","Quantum Egg","Frozen Egg 2","Molten Egg 2","Toxic Egg 2","hubris:Towel","CeramicFish","construct:RocketBooster","GiantMaggot","Orichalcum","jedi:crownofsimplicity","jedi:HeartOfTheCards","StuffTheSpire:EmeraldSignet","StuffTheSpire:PointBlank","conspire:SlowCooker","Replay:Accelerometer","Busted Crown","ReplayTheSpireMod:TigerMarble","MiniBlackHole","vexMod:CardConverter","SuspiciousGoo","ReplayTheSpireMod:TigerMarble"],"acts_visited":["Exordium","TheCity","TheBeyond"],"potions_floor_usage":[8,10,23,23,33,41,45,48],"damage_taken":[{"damage":0,"enemies":"2 Louse","floor":1,"turns":4},{"damage":4,"enemies":"Small Slimes","floor":2,"turns":3},{"damage":0,"enemies":"conspire:RoseBush","floor":4,"turns":3},{"damage":0,"enemies":"2 Fungi Beasts","floor":7,"turns":3},{"damage":22,"enemies":"Gremlin Nob","floor":8,"turns":5},{"damage":3,"enemies":"Replay:BlueRogue","floor":10,"turns":4},{"damage":15,"enemies":"Lagavulin","floor":14,"turns":6},{"damage":34,"enemies":"The Guardian","floor":16,"turns":7},{"damage":1,"enemies":"Spheric Guardian","floor":18,"turns":3},{"damage":6,"enemies":"conspire:FuzzyDice","floor":20,"turns":6},{"damage":12,"enemies":"Sentry and Sphere","floor":21,"turns":5},{"damage":6,"enemies":"conspire:SneckoGhost","floor":23,"turns":6},{"damage":18,"enemies":"Snake Plant","floor":25,"turns":3},{"damage":0,"enemies":"3 Cultists","floor":26,"turns":5},{"damage":5,"enemies":"3 Cultists","floor":30,"turns":5},{"damage":32,"enemies":"Slavers","floor":31,"turns":6},{"damage":12,"enemies":"conspire:MysteriousRune","floor":33,"turns":6},{"damage":29,"enemies":"3 Shapes","floor":35,"turns":3},{"damage":16,"enemies":"3 Darklings","floor":36,"turns":4},{"damage":34,"enemies":"Transient","floor":37,"turns":5},{"damage":0,"enemies":"Spire Growth","floor":38,"turns":4},{"damage":12,"enemies":"Nemesis","floor":40,"turns":7},{"damage":7,"enemies":"4 Shapes","floor":41,"turns":3},{"damage":8,"enemies":"Maw","floor":43,"turns":4},{"damage":18,"enemies":"Maw","floor":44,"turns":5},{"damage":6,"enemies":"beaked:SuperParasite","floor":45,"turns":5},{"damage":0,"enemies":"Sphere and 2 Shapes","floor":47,"turns":3},{"damage":3,"enemies":"Spire Growth","floor":48,"turns":3},{"damage":38,"enemies":"Donu and Deca","floor":50,"turns":3}],"seed_played":"-8127711624179224985","potions_obtained":[{"floor":2,"key":"infinitespire:BlackPotion"},{"floor":4,"key":"FairyPotion"},{"floor":7,"key":"conspire:TimeTravelPotion"},{"floor":14,"key":"jedi:tentaclejuice"},{"floor":16,"key":"champ:CounterPotion"},{"floor":31,"key":"Adrenaline Potion"},{"floor":35,"key":"Strength Potion"},{"floor":37,"key":"theMarked:ChargePotion"},{"floor":44,"key":"jedi:holywater"},{"floor":45,"key":"Languid Potion"}],"is_trial":false,"path_per_floor":["M","M","?","M","$","R","M","E","T","E","?","T","R","E","R","B",null,"M","?","M","M","?","E","R","M","MIM","$","AVR","R","M","E","R_BF","B",null,"M","M","M","M","AVR","E","M","R","MIM","M","E","?","M","M","R","B"],"character_chosen":"THE_DEFAULT","items_purchased":["theMarked:HeritageOfTheMarked+1","theMarked:WardOff+1"],"campfire_rested":5,"item_purchase_floors":[27,27],"current_hp_per_floor":[70,66,66,66,66,66,66,49,49,46,63,63,63,48,69,35,61,60,70,64,52,52,46,67,49,49,49,49,70,65,37,37,29,60,31,17,25,27,27,19,12,33,27,13,11,11,11,12,33,0,0],"gold":483,"neow_bonus":"RANDOM_COLORLESS","is_daily":false,"chose_seed":false,"campfire_upgraded":2,"win_rate":0.0,"timestamp":1610713524,"path_taken":["M","M","?","M","$","R","M","E","T","E","?","?","R","E","R","BOSS","M","?","M","M","?","E","R","M","MIM","?","AVR","R","?","E","R_BF","BOSS","M","?","?","M","AVR","E","M","R","MIM","M","E","?","M","M","R","BOSS"],"items_purchased_type":["Card","Card"],"build_version":"2020-12-22","purchased_purges":4,"victory":false,"max_hp_per_floor":[70,70,70,70,70,70,70,70,70,70,70,70,70,70,70,70,70,70,70,70,70,70,70,70,70,70,70,70,70,70,70,70,70,70,70,70,70,70,70,70,70,70,70,70,70,70,70,72,72,72,72],"card_choices":[{"not_picked":["Deep Breath","expansioncontent:TimeRipple"],"picked":"PlatinumSkin","floor":0},{"not_picked":["theMarked:EmpowerWeapon+1","theMarked:BanishingWave+1"],"picked":"theMarked:AttractMetal+1","floor":1},{"not_picked":["theMarked:HeightenedSenses+1","theMarked:Improvise+1"],"picked":"theMarked:ElectricStrings+1","floor":2},{"not_picked":["theMarked:Snap+1","theMarked:WardOff+1","theMarked:ResourceFulStrike+1"],"picked":"SKIP","floor":4},{"not_picked":["theMarked:RepellingDischarge+1","theMarked:HeightenedSenses+1"],"picked":"theMarked:BanishingStrike+1","floor":7},{"not_picked":["theMarked:CreepingChasm+1","theMarked:Improvise+1"],"picked":"theMarked:Frustration+1","floor":8},{"not_picked":["theMarked:TwofoldDefense+1","theMarked:SoldierForm+1","theMarked:ElectricStrings+1"],"picked":"SKIP","floor":10},{"not_picked":["theMarked:GodGivenPower+1","theMarked:Reabsorb+1","theMarked:MuscleMemory+1"],"picked":"SKIP","floor":14},{"not_picked":["theMarked:MagicAdept+1","theMarked:UnarmedFury+1"],"picked":"theMarked:Challenge+1","floor":16},{"not_picked":["theMarked:KeepCalmAndFightOn+1","theMarked:TunnelVision+1"],"picked":"theMarked:Indomitable+1","floor":18},{"not_picked":["theMarked:SwordAndMagic+1","theMarked:Aftermath+1"],"picked":"theMarked:ResourceFulStrike+1","floor":20},{"not_picked":["theMarked:HeightenedSenses+1","theMarked:RepellingDischarge+1","theMarked:SwordAndMagic+1"],"picked":"SKIP","floor":21},{"not_picked":["theMarked:ThrowWeapon+1","theMarked:Snap+1"],"picked":"theMarked:Vacuum+1","floor":22},{"not_picked":["theMarked:Panic+1","theMarked:Seal+1"],"picked":"theMarked:Overthink+1","floor":23},{"not_picked":["theMarked:ChainLightning+1","theMarked:TwofoldDefense+1","theMarked:WastefulDefense+1"],"picked":"SKIP","floor":25},{"not_picked":["theMarked:Standoff+1","theMarked:SwordAndMagic+1"],"picked":"theMarked:BanishingStrike+1","floor":26},{"not_picked":["theMarked:HeightenedSenses+1","theMarked:SwordAndMagic+1","theMarked:RepellingDischarge+1"],"picked":"SKIP","floor":30},{"not_picked":["theMarked:AttractMetal+1","theMarked:TwofoldDefense+1","theMarked:SoldierForm+1"],"picked":"SKIP","floor":31},{"not_picked":["theMarked:ShockingTouch+1"],"picked":"SKIP","floor":35},{"not_picked":["theMarked:Standoff+1"],"picked":"SKIP","floor":36},{"not_picked":["theMarked:AttractMetal+1"],"picked":"SKIP","floor":37},{"not_picked":["theMarked:BanishingStrike+1"],"picked":"SKIP","floor":38},{"not_picked":["theMarked:Indomitable+1"],"picked":"SKIP","floor":40},{"not_picked":["theMarked:Overcharge+1"],"picked":"SKIP","floor":41},{"not_picked":["theMarked:TakeCover+1"],"picked":"SKIP","floor":44},{"not_picked":["theMarked:ChainLightning+1"],"picked":"SKIP","floor":45},{"not_picked":["theMarked:ChainLightning+1"],"picked":"SKIP","floor":47},{"not_picked":[],"picked":"theMarked:BanishingWave+1","floor":48}],"player_experience":2809357,"relics_obtained":[{"floor":8,"key":"CeramicFish"},{"floor":10,"key":"construct:RocketBooster"},{"floor":12,"key":"GiantMaggot"},{"floor":14,"key":"Orichalcum"},{"floor":23,"key":"jedi:crownofsimplicity"},{"floor":26,"key":"jedi:HeartOfTheCards"},{"floor":26,"key":"StuffTheSpire:EmeraldSignet"},{"floor":31,"key":"Replay:Accelerometer"},{"floor":40,"key":"MiniBlackHole"},{"floor":43,"key":"vexMod:CardConverter"},{"floor":43,"key":"SuspiciousGoo"},{"floor":45,"key":"ReplayTheSpireMod:TigerMarble"}],"event_choices":[{"damage_healed":0,"gold_gain":0,"player_choice":"Simplicity","damage_taken":0,"max_hp_gain":0,"max_hp_loss":9,"event_name":"betterThird:BetterWriting","floor":0,"gold_loss":0},{"damage_healed":17,"gold_gain":0,"player_choice":"Healed","damage_taken":0,"max_hp_gain":0,"max_hp_loss":0,"event_name":"The Cleric","floor":11,"gold_loss":35},{"damage_healed":23,"gold_gain":0,"player_choice":"Heal","damage_taken":0,"max_hp_gain":0,"max_hp_loss":0,"event_name":"The Library","floor":19,"gold_loss":0},{"damage_healed":0,"gold_gain":0,"player_choice":"2","damage_taken":0,"max_hp_gain":0,"max_hp_loss":0,"event_name":"betterMatch:BetterMatch","floor":22,"gold_loss":0,"cards_obtained":["betterMatch:RareCard"]}],"is_beta":false,"boss_relics":[{"not_picked":["vexMod:EndlessSickness","Replay:Drink Me","StuffTheSpire:RunicConfusion"]},{"not_picked":["Ring of Chaos","jedi:battlestandard"],"picked":"Busted Crown"}],"items_purged_floors":[5,27,27,28],"is_endless":false,"potions_floor_spawned":[2,4,7,14,16,21,30,31,35,37,44,45,47],"killed_by":"Donu and Deca","ascension_level":5}}