{"host":"l60rmjjsfi0fipmi","time":1610745270,"event":{"mods":["BaseMod","Colored Map","DeckTracker","Highlight Path","Minty Spire (QoL Compilation)","StSLib","The Cursed"],"gold_per_floor":[114,133,133,4,18,18,44,44,44,44,57,34,34,58,58,182,182,201,219,15,15,35,35,74,74,101,116,129,129,154,168,168,287,287,302,321,321,321,94,94,107,107,107],"floor_reached":42,"language":"ENG","playtime":2629,"items_purged":["Strike_R","Strike_R"],"score":462,"play_id":"ce22adaa-c6f0-4f8c-a504-0c8be3c3d642","local_time":"20210115161430","is_ascension_mode":true,"campfire_choices":[{"data":"Cleave","floor":6,"key":"SMITH"},{"data":"True Grit","floor":8,"key":"SMITH"},{"data":"Battle Trance","floor":10,"key":"SMITH"},{"data":"Clothesline","floor":15,"key":"SMITH"},{"floor":23,"key":"REST"},{"floor":25,"key":"REST"},{"floor":29,"key":"REST"},{"floor":32,"key":"REST"},{"floor":40,"key":"REST"}],"circlet_count":0,"master_deck":["Strike_R","Strike_R","Strike_R","Defend_R","Defend_R","Defend_R","Defend_R","Bash+1","Battle Trance+1","Anger","Cleave+1","Evolve","True Grit+1","Ghostly Armor","Wild Strike","Clothesline+1","Injury","Blood for Blood","Exhume","Metallicize+1","Reckless Charge","Fire Breathing","Reckless Charge","Pommel Strike+1","Double Tap","Armaments","Seeing Red","Anger+1","Rage","Madness","Madness","Metallicize+1","Spot Weakness"],"relics":["Black Blood","Ornamental Fan","Happy Flower","Golden Idol","SlaversCollar","Charon\u0027s Ashes","Vajra"],"acts_visited":["Exordium","TheCity","TheBeyond"],"potions_floor_usage":[16,16,22,27,30,31,33,33,41,42],"damage_taken":[{"damage":5,"enemies":"Cultist","floor":1,"turns":4},{"damage":0,"enemies":"Small Slimes","floor":2,"turns":3},{"damage":7,"enemies":"Jaw Worm","floor":5,"turns":3},{"damage":28,"enemies":"Gremlin Nob","floor":7,"turns":4},{"damage":1,"enemies":"Looter","floor":11,"turns":3},{"damage":12,"enemies":"Gremlin Gang","floor":14,"turns":5},{"damage":43,"enemies":"The Guardian","floor":16,"turns":12},{"damage":50,"enemies":"Spheric Guardian","floor":18,"turns":7},{"damage":7,"enemies":"Chosen","floor":19,"turns":6},{"damage":24,"enemies":"3 Cultists","floor":22,"turns":6},{"damage":34,"enemies":"Book of Stabbing","floor":24,"turns":6},{"damage":17,"enemies":"Centurion and Healer","floor":27,"turns":6},{"damage":21,"enemies":"Shelled Parasite and Fungi","floor":28,"turns":6},{"damage":10,"enemies":"Snake Plant","floor":30,"turns":4},{"damage":11,"enemies":"Sentry and Sphere","floor":31,"turns":5},{"damage":48,"enemies":"Champ","floor":33,"turns":13},{"damage":36,"enemies":"3 Darklings","floor":35,"turns":5},{"damage":20,"enemies":"Orb Walker","floor":36,"turns":5},{"damage":49,"enemies":"Maw","floor":41,"turns":9},{"damage":35,"enemies":"Sphere and 2 Shapes","floor":42,"turns":2}],"seed_played":"667173945733801927","potions_obtained":[{"floor":2,"key":"PowerPotion"},{"floor":11,"key":"Strength Potion"},{"floor":14,"key":"SteroidPotion"},{"floor":22,"key":"Explosive Potion"},{"floor":24,"key":"AttackPotion"},{"floor":28,"key":"SkillPotion"},{"floor":31,"key":"DuplicationPotion"},{"floor":33,"key":"SteroidPotion"},{"floor":36,"key":"PowerPotion"}],"is_trial":false,"path_per_floor":["M","M","?","$","M","R","E","R","T","R","M","$","?","M","R","B",null,"M","M","$","?","M","R","E","R","T","M","M","R","M","M","R","B",null,"M","M","?","?","$","R","M","M"],"character_chosen":"IRONCLAD","items_purchased":["Cleave","Evolve","Clothesline","Fire Breathing","Block Potion","Spot Weakness","ColorlessPotion"],"campfire_rested":5,"item_purchase_floors":[4,4,12,20,20,39,39],"current_hp_per_floor":[80,80,80,80,79,79,57,57,57,57,62,62,62,56,56,19,80,36,35,35,35,17,41,13,37,37,26,11,35,31,26,50,8,80,56,48,38,38,38,62,25,0,0],"gold":107,"neow_bonus":"UPGRADE_CARD","is_daily":false,"chose_seed":false,"campfire_upgraded":4,"win_rate":0.0,"timestamp":1610745270,"path_taken":["M","M","?","$","M","R","E","R","T","R","M","$","?","M","R","BOSS","M","M","$","?","M","R","E","R","T","M","M","R","M","M","R","BOSS","M","M","?","?","$","R","M","?"],"items_purchased_type":["Card","Card","Card","Card","Potion","Card","Potion"],"build_version":"2020-12-22","purchased_purges":2,"victory":false,"max_hp_per_floor":[80,80,80,80,80,80,80,80,80,80,80,80,80,80,80,80,80,80,80,80,80,80,80,80,80,80,80,80,80,80,80,80,80,80,80,80,80,80,80,80,80,80,80],"card_choices":[{"not_picked":["Havoc","Dark Embrace"],"picked":"Battle Trance","floor":1},{"not_picked":["Sentinel","Dropkick"],"picked":"Anger","floor":2},{"not_picked":["Sword Boomerang","Perfected Strike"],"picked":"True Grit","floor":5},{"not_picked":["Sword Boomerang","Clash"],"picked":"Ghostly Armor","floor":7},{"not_picked":["Pommel Strike","Blood for Blood"],"picked":"Wild Strike","floor":11},{"not_picked":["Second Wind","Body Slam"],"picked":"Blood for Blood","floor":14},{"not_picked":["Barricade","Brutality"],"picked":"Exhume","floor":16},{"not_picked":["Seeing Red","Perfected Strike"],"picked":"Metallicize+1","floor":18},{"not_picked":["Iron Wave+1","Pummel"],"picked":"Reckless Charge","floor":19},{"not_picked":["Shrug It Off","Rampage"],"picked":"Reckless Charge","floor":22},{"not_picked":["Body Slam","Brutality","Wild Strike"],"picked":"SKIP","floor":24},{"not_picked":["Dual Wield","Perfected Strike+1"],"picked":"Pommel Strike+1","floor":27},{"not_picked":["Havoc","Iron Wave"],"picked":"Double Tap","floor":28},{"not_picked":["Carnage","True Grit"],"picked":"Armaments","floor":30},{"not_picked":["Twin Strike","Armaments"],"picked":"Seeing Red","floor":31},{"not_picked":["Sever Soul","Twin Strike"],"picked":"Anger+1","floor":35},{"not_picked":["Feel No Pain","Perfected Strike"],"picked":"Rage","floor":36},{"not_picked":["Warcry+1","Heavy Blade+1","Sword Boomerang+1"],"picked":"SKIP","floor":41}],"player_experience":406268,"relics_obtained":[{"floor":7,"key":"Ornamental Fan"},{"floor":9,"key":"Happy Flower"},{"floor":24,"key":"Charon\u0027s Ashes"},{"floor":26,"key":"Vajra"}],"event_choices":[{"damage_healed":0,"gold_gain":0,"player_choice":"Ignored","damage_taken":0,"max_hp_gain":0,"max_hp_loss":0,"event_name":"Liars Game","floor":3,"gold_loss":0},{"damage_healed":0,"gold_gain":0,"player_choice":"Take Wound","damage_taken":0,"relics_obtained":["Golden Idol"],"max_hp_gain":0,"max_hp_loss":0,"event_name":"Golden Idol","floor":13,"gold_loss":0,"cards_obtained":["Injury"]},{"damage_healed":0,"gold_gain":0,"player_choice":"Ignored","damage_taken":0,"max_hp_gain":0,"max_hp_loss":0,"event_name":"The Mausoleum","floor":21,"gold_loss":0},{"damage_healed":0,"gold_gain":0,"player_choice":"Embrace Madness","damage_taken":10,"max_hp_gain":0,"max_hp_loss":0,"event_name":"Winding Halls","floor":37,"gold_loss":0,"cards_obtained":["Madness","Madness"]},{"damage_healed":0,"gold_gain":0,"player_choice":"Copied","damage_taken":0,"max_hp_gain":0,"max_hp_loss":0,"event_name":"Duplicator","floor":38,"gold_loss":0,"cards_obtained":["Metallicize"]}],"is_beta":false,"boss_relics":[{"not_picked":["Velvet Choker","Runic Pyramid"],"picked":"SlaversCollar"},{"not_picked":["Cursed Key","Runic Dome"],"picked":"Black Blood"}],"items_purged_floors":[20,39],"is_endless":false,"potions_floor_spawned":[2,11,14,22,24,28,31,33,36],"killed_by":"Sphere and 2 Shapes","ascension_level":2}}