{"host":"4evnc443c98ww2zl","time":1610675270,"event":{"mods":["BaseMod","Better Third Choice","Hermit","Koishi","Luminous","Minty Spire (QoL Compilation)","Remilia??????","Robot Space Explorer","StSLib","The Administrix","The Bug Knight","The Cursed","TheSwordswoman"],"gold_per_floor":[119,130,145,110,124,154,184,202,229,29,62,62,89,114,114,217,217,227,227,76,76,76,104,104,137,437,451,476,529,556,585,597,709,721,746,758,784,796,509,542,542,568,568,587,587,611,640,673,673,673],"floor_reached":51,"language":"ENG","playtime":5066,"items_purged":[],"score":959,"play_id":"9c07e349-b61c-4e29-ae26-dbb6f4675abe","local_time":"20210114194750","daily_mods":["SealedDeck","Diverse","Colorless Cards","Heirloom","DeadlyEvents","Elite Swarm"],"is_ascension_mode":false,"campfire_choices":[{"floor":12,"key":"RECALL"},{"floor":15,"key":"REST"},{"data":"hermit:Adapt","floor":24,"key":"SMITH"},{"floor":32,"key":"REST"},{"data":"AdministrixMod:FaithfulFlames","floor":41,"key":"SMITH"},{"data":"Burst","floor":45,"key":"SMITH"},{"data":"Worship","floor":49,"key":"SMITH"}],"circlet_count":0,"master_deck":["ScarletImprint","Dagger Throw","AdministrixMod:CrackingPangu","AdministrixMod:RegentEdict+1","NightLord","NightLord","RobotSpaceExplorer:Counterblock","Koishi:SubterraneanRose","RobotSpaceExplorer:StunGrenade","Pommel Strike+1","TheCursedMod:SmokeScreen","PathToVictory","hermit:Vantage","Worship+1","Luminous:Lania_Blessing_Luminous","Burst+1","Luminous:Light_Glare","RedRainbow","Glass Knife","Venomology","Reaper","TheCursedMod:ShockAndAwe","Twin Strike+1","PathToVictory","Gluttony_TH","hermit:Adapt+1","Koishi:Ego","RobotSpaceExplorer:StunGrenade","AdministrixMod:FaithfulFlames+1","TheCursedMod:CursedBlade","Koishi:SpiritedAway+1","TheCursedMod:CollectTribute","MillenniumVampire+1","Madness","Madness","Spot Weakness","VampireKiss","Reaper","BombardNight+1","Luminous:Erosion_Luminous"],"relics":["Koishi:ImaginaryFriend","Koishi:EchoesOfADeadGirl","Art of War","Question Card","Whetstone","Nunchaku","Blood Vial","Tiny Chest","Centennial Puzzle","SlaversCollar","ClockworkSouvenir","HollowMod:LifeEnderRelic","Unceasing Top","Old Coin","Bronze Scales","MawBank","Coffee Dripper","AntiCross","Torii","Bag of Preparation","Molten Egg 2","Potion Belt","FossilizedHelix","MealTicket"],"acts_visited":["Exordium","TheCity","TheBeyond"],"potions_floor_usage":[7,8,14,16,16,23,23,27,30,30,33,35,37,37,37,42,44,48,48,48,50],"damage_taken":[{"damage":0,"enemies":"Cultist","floor":1,"turns":3},{"damage":0,"enemies":"Small Slimes","floor":2,"turns":2},{"damage":8,"enemies":"Jaw Worm","floor":3,"turns":3},{"damage":7,"enemies":"Exordium Thugs","floor":5,"turns":5},{"damage":10,"enemies":"HollowMod:MossKnight","floor":6,"turns":6},{"damage":24,"enemies":"Lagavulin","floor":7,"turns":6},{"damage":3,"enemies":"Looter","floor":8,"turns":2},{"damage":7,"enemies":"HollowMod:MossKnight","floor":11,"turns":5},{"damage":9,"enemies":"Gremlin Nob","floor":13,"turns":4},{"damage":14,"enemies":"HollowMod:MossKnight","floor":14,"turns":6},{"damage":24,"enemies":"The Guardian","floor":16,"turns":9},{"damage":0,"enemies":"Chosen","floor":18,"turns":3},{"damage":20,"enemies":"Slavers","floor":23,"turns":4},{"damage":0,"enemies":"HollowMod:Nosk","floor":25,"turns":6},{"damage":15,"enemies":"Shell Parasite","floor":27,"turns":2},{"damage":29,"enemies":"Gremlin Leader","floor":28,"turns":5},{"damage":20,"enemies":"Centurion and Healer","floor":30,"turns":5},{"damage":19,"enemies":"Sentry and Sphere","floor":31,"turns":5},{"damage":21,"enemies":"Automaton","floor":33,"turns":8},{"damage":25,"enemies":"3 Darklings","floor":35,"turns":4},{"damage":7,"enemies":"Orb Walker","floor":37,"turns":4},{"damage":22,"enemies":"HollowMod:StalkingDevout","floor":40,"turns":4},{"damage":11,"enemies":"Giant Head","floor":42,"turns":6},{"damage":11,"enemies":"Sphere and 2 Shapes","floor":44,"turns":3},{"damage":50,"enemies":"Nemesis","floor":47,"turns":3},{"damage":19,"enemies":"Reptomancer","floor":48,"turns":4},{"damage":14,"enemies":"Time Eater","floor":50,"turns":7}],"seed_played":"-2637883677873913863","potions_obtained":[{"floor":6,"key":"AttackPotion"},{"floor":7,"key":"Fire Potion"},{"floor":11,"key":"FearPotion"},{"floor":13,"key":"SteroidPotion"},{"floor":16,"key":"Fire Potion"},{"floor":18,"key":"FearPotion"},{"floor":23,"key":"Fruit Juice"},{"floor":31,"key":"LiquidMemories"},{"floor":40,"key":"Strength Potion"},{"floor":42,"key":"ColorlessPotion"}],"is_trial":true,"path_per_floor":["M","M","M","?","M","E","E","M","T","$","E","R","E","E","R","B",null,"M","?","$","?","T","E","R","E","T","M","E","T","M","M","R","B",null,"M","?","M","?","$","E","R","E","T","M","R","T","E","E","R","B",null],"character_chosen":"KOISHI","items_purchased":["Nunchaku","RedRainbow","ClockworkSouvenir","AntiCross","VampireKiss"],"campfire_rested":2,"item_purchase_floors":[10,10,20,39,39],"current_hp_per_floor":[60,60,52,60,53,43,29,26,26,26,29,29,22,20,38,31,60,60,60,60,75,75,68,68,75,75,62,45,45,39,22,46,42,80,58,48,64,64,64,63,63,78,78,69,69,69,21,34,34,36],"gold":673,"neow_bonus":"","is_daily":false,"chose_seed":false,"campfire_upgraded":4,"win_rate":0.0,"timestamp":1610675270,"path_taken":["M","?","M","?","M","E","?","?","T","?","E","R","?","E","R","BOSS","M","?","$","?","?","E","R","E","T","M","E","?","M","M","R","BOSS","M","?","?","?","$","E","R","E","T","M","R","?","?","E","R","BOSS"],"items_purchased_type":["Relic","Card","Relic","Relic","Card"],"build_version":"2020-12-22","purchased_purges":0,"victory":true,"max_hp_per_floor":[60,60,60,60,60,60,60,60,60,60,60,60,60,60,60,60,60,60,60,60,75,75,80,80,80,80,80,80,80,80,80,80,80,80,80,80,80,80,80,80,80,80,80,80,80,80,80,80,80,80],"card_choices":[{"not_picked":["Flying Knee","AdministrixMod:DiversionaryTactic"],"picked":"TheCursedMod:SmokeScreen","floor":1},{"not_picked":["Koishi:ParalyzingFear","RobotSpaceExplorer:DoubleFind"],"picked":"PathToVictory","floor":2},{"not_picked":["Luminous:Blinding_Pillar_Luminous","Jack Of All Trades"],"picked":"hermit:Vantage","floor":3},{"not_picked":["Acrobatics","Hologram"],"picked":"Worship","floor":5},{"not_picked":["ScarletCoffin","AdministrixMod:LuminaryPath"],"picked":"Luminous:Lania_Blessing_Luminous","floor":6},{"not_picked":["Luminous:Date_of_Light_Luminous","AdministrixMod:LuminaryPath"],"picked":"Burst","floor":7},{"not_picked":["HollowMod:FastStrike","Koishi:ReflexRadar","AdministrixMod:QuietConspiracy"],"picked":"Luminous:Light_Glare","floor":8},{"not_picked":["Fiend Fire","Luminous:Balance_Aether_Conduit","Phantasmal Killer"],"picked":"Glass Knife","floor":11},{"not_picked":["hermit:OverwhelmingPower","blazmod:NaturesBeauty","Buffer"],"picked":"Venomology","floor":13},{"not_picked":["TheCursedMod:ParallelWorld","Thinking Ahead","HandOfGreed"],"picked":"Reaper","floor":14},{"not_picked":["AdministrixMod:HopeInTheDark","Vault","Luminous:Balance_Aether_Conduit"],"picked":"TheCursedMod:ShockAndAwe","floor":16},{"not_picked":["HollowMod:SoulStrike","HollowMod:CornifersMapStart","Koishi:PhantomStrike"],"picked":"Twin Strike+1","floor":18},{"not_picked":["Koishi:GrowingPain","LessonLearned","hermit:Gambit"],"picked":"hermit:Adapt","floor":23},{"not_picked":["Venomology","TheCursedMod:ForbiddenAlchemy","Amplify"],"picked":"Koishi:Ego","floor":25},{"not_picked":["EmptyFist","Accuracy","Vengeance"],"picked":"RobotSpaceExplorer:StunGrenade","floor":27},{"not_picked":["TricksterDevil","Luminous:Arcane_Rage_Luminous","Magnetism"],"picked":"AdministrixMod:FaithfulFlames","floor":28},{"not_picked":["AdministrixMod:PlateOfAntiquity","hermit:Vantage+1","Luminous:Dark_Pressure_Void"],"picked":"TheCursedMod:CursedBlade","floor":30},{"not_picked":["WheelKick","RobotSpaceExplorer:ImprovisedAttack","Choke"],"picked":"Koishi:SpiritedAway+1","floor":31},{"not_picked":["hermit:BlackWind","AdministrixMod:HaveItAll","TheCursedMod:DemonicPact"],"picked":"TheCursedMod:CollectTribute","floor":33},{"not_picked":["Storm","RobotSpaceExplorer:Calculate+1","Barrage+1"],"picked":"MillenniumVampire+1","floor":35},{"not_picked":["Reprogram+1","hermit:GhostlyPresence","hermit:Feint+1"],"picked":"Spot Weakness","floor":37},{"not_picked":["HollowMod:PureVessel","Immolate","Koishi:PerfectMindControl"],"picked":"Reaper","floor":40},{"not_picked":["blazmod:HoumatsuMugenKochouji","blazmod:ButterflyBlade","HollowMod:NewInfectedGuardian","HollowMod:AwokenDreamNail"],"picked":"SKIP","floor":42},{"not_picked":["HollowMod:SharpenedShadows","HollowMod:WraithStrike+1","VampireClaw+1"],"picked":"BombardNight+1","floor":44},{"not_picked":["Impervious","ConjureBlade","Envenom","hermit:Gambit"],"picked":"SKIP","floor":47},{"not_picked":["Phantasmal Killer","Rainbow","Fission"],"picked":"Luminous:Erosion_Luminous","floor":48}],"player_experience":1075200,"relics_obtained":[{"floor":6,"key":"Art of War"},{"floor":7,"key":"Question Card"},{"floor":9,"key":"Whetstone"},{"floor":11,"key":"Blood Vial"},{"floor":13,"key":"Tiny Chest"},{"floor":14,"key":"Centennial Puzzle"},{"floor":23,"key":"HollowMod:LifeEnderRelic"},{"floor":25,"key":"Unceasing Top"},{"floor":26,"key":"Old Coin"},{"floor":28,"key":"Bronze Scales"},{"floor":29,"key":"MawBank"},{"floor":40,"key":"Torii"},{"floor":42,"key":"Bag of Preparation"},{"floor":43,"key":"Molten Egg 2"},{"floor":46,"key":"Potion Belt"},{"floor":47,"key":"FossilizedHelix"},{"floor":48,"key":"MealTicket"}],"event_choices":[{"damage_healed":15,"gold_gain":0,"player_choice":"Healed","damage_taken":0,"max_hp_gain":0,"max_hp_loss":0,"event_name":"The Cleric","floor":4,"gold_loss":35},{"damage_healed":0,"gold_gain":0,"player_choice":"Read","damage_taken":0,"max_hp_gain":0,"max_hp_loss":0,"event_name":"The Library","floor":19,"gold_loss":0,"cards_obtained":["PathToVictory"]},{"damage_healed":0,"gold_gain":0,"player_choice":"Embrace Madness","damage_taken":10,"max_hp_gain":0,"max_hp_loss":0,"event_name":"Winding Halls","floor":36,"gold_loss":0,"cards_obtained":["Madness","Madness"]}],"is_beta":false,"boss_relics":[{"not_picked":["Philosopher\u0027s Stone","Runic Pyramid"],"picked":"SlaversCollar"},{"not_picked":["Black Star","Koishi:ColorfulDays"],"picked":"Coffee Dripper"}],"items_purged_floors":[],"is_endless":false,"potions_floor_spawned":[6,7,11,13,16,18,23,31,35,40,42],"ascension_level":0}}