{"host":"kda2p2afd6bvz6qo","time":1610751077,"event":{"mods":["BaseMod","Colored Map","Minty Spire (QoL Compilation)","Relic Stats"],"gold_per_floor":[117,131,3,13,31,61,79,79,106,12,12,12,29,61,61,135,135,155,169,8,8,8,8],"floor_reached":22,"language":"ENG","playtime":1114,"items_purged":["Strike_G"],"score":382,"play_id":"3857a97b-7c3f-4901-8536-034961515d47","local_time":"20210115225117","is_ascension_mode":true,"campfire_choices":[{"floor":8.0,"key":"REST"},{"floor":12,"key":"REST"},{"data":"Skewer","floor":15,"key":"SMITH"}],"circlet_count":0,"master_deck":["AscendersBane","Survivor","Neutralize","Expertise","Deadly Poison","Skewer+1","Caltrops","Quick Slash","Backstab","Catalyst","All Out Attack","Terror","Doppelganger","Doppelganger","Cloak And Dagger","Eviscerate","Infinite Blades","Blur","Underhanded Strike","Dagger Throw","Reflex","Heel Hook","Outmaneuver","Dash","Leg Sweep","Ghostly","Ghostly","Ghostly"],"relics":["Sozu","Smiling Mask","Anchor","Ancient Tea Set","Pandora\u0027s Box","HandDrill"],"acts_visited":["Exordium","TheCity"],"potions_floor_usage":[],"damage_taken":[{"damage":0.0,"enemies":"2 Louse","floor":1.0,"turns":3.0},{"damage":0.0,"enemies":"Cultist","floor":2.0,"turns":4.0},{"damage":7.0,"enemies":"Jaw Worm","floor":4.0,"turns":3.0},{"damage":1.0,"enemies":"Looter","floor":5.0,"turns":4.0},{"damage":32.0,"enemies":"3 Sentries","floor":6.0,"turns":8.0},{"damage":11.0,"enemies":"3 Louse","floor":7.0,"turns":4.0},{"damage":0,"enemies":"Exordium Wildlife","floor":13,"turns":3},{"damage":17,"enemies":"Lagavulin","floor":14,"turns":6},{"damage":20,"enemies":"Slime Boss","floor":16,"turns":7},{"damage":23,"enemies":"2 Thieves","floor":18,"turns":4},{"damage":23,"enemies":"Shell Parasite","floor":19,"turns":5},{"damage":17,"enemies":"Snecko","floor":22,"turns":3}],"seed_played":"369004866794544915","potions_obtained":[],"is_trial":false,"path_per_floor":["M","M","$","M","M","E","M","R","T","$","?","R","M","E","R","B",null,"M","M","$","?","M"],"character_chosen":"THE_SILENT","items_purchased":["Skewer","Caltrops","Terror","HandDrill"],"campfire_rested":2,"item_purchase_floors":[3,3,10,20],"current_hp_per_floor":[59,59,59,52,51,19,8,27,27,27,27,46,46,29,29,9,52,29,6,6,6,0,0],"gold":8,"neow_bonus":"BOSS_RELIC","is_daily":false,"chose_seed":false,"campfire_upgraded":1,"win_rate":0.0,"timestamp":1610751077,"path_taken":["M","M","$","M","M","E","M","R","T","$","?","R","?","E","R","BOSS","M","M","$","?","M"],"items_purchased_type":["Card","Card","Card","Relic"],"build_version":"2020-12-22","purchased_purges":1,"victory":false,"max_hp_per_floor":[66,66,66,66,66,66,66,66,66,66,66,66,66,66,66,66,66,66,66,66,33,33,33],"relic_stats":{"Sozu":3,"counters":[12,54],"Pandora\u0027s Box":["Cloak And Dagger","Eviscerate","Infinite Blades","Blur","Underhanded Strike","Dagger Throw","Reflex","Heel Hook","Outmaneuver"],"HandDrill":[0],"Smiling Mask":25,"obtain_stats":[{"Sozu":0,"Anchor":9,"Pandora\u0027s Box":17,"HandDrill":20,"Smiling Mask":6,"Ancient Tea Set":14,"Ring of the Snake":0},{"Sozu":0,"Anchor":6,"Pandora\u0027s Box":9,"HandDrill":11,"Smiling Mask":5,"Ancient Tea Set":8,"Ring of the Snake":0},{"Sozu":0,"Anchor":26,"Pandora\u0027s Box":42,"HandDrill":51,"Smiling Mask":22,"Ancient Tea Set":35,"Ring of the Snake":0}]},"card_choices":[{"not_picked":["Acrobatics","Infinite Blades"],"picked":"Expertise","floor":1.0},{"not_picked":["Slice","Blade Dance"],"picked":"Deadly Poison","floor":2.0},{"not_picked":["PiercingWail","Escape Plan"],"picked":"Quick Slash","floor":4.0},{"not_picked":["Bane","Underhanded Strike"],"picked":"Backstab","floor":5.0},{"not_picked":["All Out Attack","Dagger Throw"],"picked":"Catalyst","floor":6.0},{"not_picked":["Outmaneuver","Blade Dance"],"picked":"All Out Attack","floor":7.0},{"not_picked":["All Out Attack","Flechettes","Slice"],"picked":"SKIP","floor":13},{"not_picked":["Distraction","Deflect","Escape Plan"],"picked":"SKIP","floor":14},{"not_picked":["Bullet Time","Glass Knife"],"picked":"Doppelganger","floor":16},{"not_picked":["Cloak And Dagger","Quick Slash"],"picked":"Dash","floor":18},{"not_picked":["Masterful Stab","Terror"],"picked":"Leg Sweep","floor":19}],"player_experience":124972,"relics_obtained":[{"floor":6.0,"key":"Smiling Mask"},{"floor":9.0,"key":"Anchor"},{"floor":14,"key":"Ancient Tea Set"}],"event_choices":[{"damage_healed":0,"gold_gain":0,"player_choice":"1 cards matched","damage_taken":0,"max_hp_gain":0,"max_hp_loss":0,"event_name":"Match and Keep!","floor":11,"gold_loss":0,"cards_obtained":["Doppelganger"]},{"damage_healed":0,"gold_gain":0,"player_choice":"Became a Ghost","damage_taken":0,"max_hp_gain":0,"max_hp_loss":33,"event_name":"Ghosts","floor":21,"gold_loss":0,"cards_obtained":["Ghostly","Ghostly","Ghostly"]}],"is_beta":false,"boss_relics":[{"not_picked":["Fusion Hammer","WristBlade"],"picked":"Pandora\u0027s Box"}],"items_purged_floors":[10],"is_endless":false,"potions_floor_spawned":[1,2,7,13,18],"killed_by":"Snecko","ascension_level":19}}