{"host":"19t2eyow02s954g8","time":1610701568,"event":{"mods":["BaseMod","Colored Map","DeckTracker","Minty Spire (QoL Compilation)","StSLib","SuperFastMode"],"gold_per_floor":[118,118,134,134,134,134,165,165,165,192,192,117,117,131,131,208,208,221,115,115,131,147,147,165,165,165,191,241,241,241],"floor_reached":29,"language":"KOR","playtime":991,"items_purged":["Strike_G"],"score":528,"play_id":"9155a890-e939-4370-98ba-6faa50be35b5","local_time":"20210115180608","is_ascension_mode":true,"campfire_choices":[{"data":"Cloak And Dagger","floor":6.0,"key":"SMITH"},{"data":"Deadly Poison","floor":8.0,"key":"SMITH"},{"floor":11.0,"key":"DIG"},{"floor":15,"key":"DIG"},{"floor":23,"key":"DIG"},{"floor":25,"key":"DIG"}],"circlet_count":0,"master_deck":["AscendersBane","Strike_G+1","Defend_G","Defend_G+1","Defend_G","Defend_G","Survivor","Neutralize+1","Dagger Throw","Cloak And Dagger+1","Deadly Poison+1","Poisoned Stab","Venomology","Malaise+1","Accuracy+1","Glass Knife+1","Footwork","Acrobatics","Malaise"],"relics":["Ring of the Snake","NeowsBlessing","Gambling Chip","Shovel","Odd Mushroom","Pantograph","The Specimen","Astrolabe","Bronze Scales","Mercury Hourglass","Nunchaku"],"acts_visited":["Exordium","TheCity"],"potions_floor_usage":[16,22,27,27,27],"damage_taken":[{"damage":0.0,"enemies":"Jaw Worm","floor":1.0,"turns":1.0},{"damage":0.0,"enemies":"Cultist","floor":3.0,"turns":1.0},{"damage":0.0,"enemies":"Gremlin Nob","floor":7.0,"turns":1.0},{"damage":5.0,"enemies":"The Mushroom Lair","floor":10.0,"turns":5.0},{"damage":0,"enemies":"Small Slimes","floor":14,"turns":2},{"damage":18,"enemies":"The Guardian","floor":16,"turns":9},{"damage":3,"enemies":"Shell Parasite","floor":18,"turns":7},{"damage":7,"enemies":"Chosen","floor":21,"turns":5},{"damage":3,"enemies":"Snecko","floor":22,"turns":5},{"damage":10,"enemies":"3 Cultists","floor":24,"turns":6},{"damage":33,"enemies":"Slavers","floor":27,"turns":4},{"damage":4,"enemies":"Shelled Parasite and Fungi","floor":29,"turns":1}],"seed_played":"-5467008240599769200","potions_obtained":[{"floor":1.0,"key":"SpeedPotion"},{"floor":14,"key":"Poison Potion"},{"floor":20,"key":"FearPotion"},{"floor":24,"key":"CultistPotion"}],"is_trial":false,"path_per_floor":["M","?","M","?","?","R","E","R","T","?","R","$","?","M","R","B",null,"M","$","?","M","M","R","M","R","T","E","?","M"],"character_chosen":"THE_SILENT","items_purchased":["GhostInAJar"],"campfire_rested":0,"item_purchase_floors":[19],"current_hp_per_floor":[59,59,59,39,32,32,32,32,32,27,27,27,27,27,27,34,58,55,55,55,48,45,45,35,35,35,2,2,0,0],"gold":241,"neow_bonus":"THREE_ENEMY_KILL","is_daily":false,"chose_seed":false,"campfire_upgraded":2,"win_rate":0.0,"timestamp":1610701568,"path_taken":["M","?","?","?","?","R","E","R","T","?","R","?","?","M","R","BOSS","M","$","?","M","M","R","?","R","T","E","?","M"],"items_purchased_type":["Potion"],"build_version":"2020-12-22","purchased_purges":1,"victory":false,"max_hp_per_floor":[66,66,66,66,66,66,66,66,66,66,66,66,66,66,66,66,66,66,66,66,66,66,66,66,66,66,66,66,66,66],"card_choices":[{"not_picked":["Predator","Deflect"],"picked":"Dagger Throw","floor":1.0},{"not_picked":["Underhanded Strike","Setup"],"picked":"Cloak And Dagger","floor":3.0},{"not_picked":["Flechettes","Choke"],"picked":"Deadly Poison","floor":7.0},{"not_picked":["Unload","Bane"],"picked":"Poisoned Stab","floor":10.0},{"not_picked":["Deadly Poison","Prepared","Underhanded Strike"],"picked":"SKIP","floor":14},{"not_picked":["Night Terror","Doppelganger"],"picked":"Venomology","floor":16},{"not_picked":["Dodge and Roll","Poisoned Stab"],"picked":"Footwork","floor":18},{"not_picked":["Poisoned Stab","Dagger Throw","Riddle With Holes"],"picked":"SKIP","floor":21},{"not_picked":["Slice","Dagger Spray+1"],"picked":"Acrobatics","floor":22},{"not_picked":["Dodge and Roll","Deadly Poison","Poisoned Stab"],"picked":"SKIP","floor":24},{"not_picked":["Deflect","Choke"],"picked":"Malaise","floor":27}],"player_experience":4271081,"relics_obtained":[{"floor":7.0,"key":"Gambling Chip"},{"floor":9.0,"key":"Shovel"},{"floor":10.0,"key":"Odd Mushroom"},{"floor":11.0,"key":"Pantograph"},{"floor":15,"key":"The Specimen"},{"floor":23,"key":"Bronze Scales"},{"floor":25,"key":"Mercury Hourglass"},{"floor":27,"key":"Nunchaku"}],"event_choices":[{"damage_healed":0.0,"max_hp_gain":0.0,"max_hp_loss":0.0,"gold_gain":0.0,"event_name":"Upgrade Shrine","player_choice":"Upgraded","floor":2.0,"gold_loss":0.0,"damage_taken":0.0,"cards_upgraded":["Neutralize"]},{"damage_healed":0.0,"max_hp_gain":0.0,"max_hp_loss":0.0,"gold_gain":0.0,"event_name":"Shining Light","player_choice":"Entered Light","floor":4.0,"gold_loss":0.0,"damage_taken":20.0,"cards_upgraded":["Strike_G","Defend_G"]},{"cards_removed":["Strike_G"],"damage_healed":0.0,"max_hp_gain":0.0,"max_hp_loss":0.0,"gold_gain":0.0,"event_name":"Golden Wing","player_choice":"Card Removal","floor":5.0,"gold_loss":0.0,"damage_taken":7.0},{"damage_healed":0.0,"max_hp_gain":0.0,"max_hp_loss":0.0,"gold_gain":0.0,"event_name":"Mushrooms","player_choice":"Fought Mushrooms","floor":10.0,"gold_loss":0.0,"damage_taken":0.0},{"damage_healed":0,"gold_gain":0,"player_choice":"Fled","damage_taken":0,"max_hp_gain":0,"max_hp_loss":0,"event_name":"Scrap Ooze","floor":13,"gold_loss":0},{"damage_healed":0,"gold_gain":0,"player_choice":"Got Potions","damage_taken":0,"max_hp_gain":0,"max_hp_loss":0,"event_name":"Lab","floor":20,"gold_loss":0},{"damage_healed":0,"gold_gain":50,"player_choice":"Stole From Cult","damage_taken":0,"max_hp_gain":0,"max_hp_loss":0,"event_name":"Nest","floor":28,"gold_loss":0}],"is_beta":false,"boss_relics":[{"not_picked":["SlaversCollar","Empty Cage"],"picked":"Astrolabe"}],"items_purged_floors":[12],"is_endless":false,"potions_floor_spawned":[1,14,24],"killed_by":"Shelled Parasite and Fungi","ascension_level":20}}