{"host":"q0qnzbgdx8oqogg9","time":1610690545,"event":{"mods":["BaseMod","Minty Spire (QoL Compilation)","Slay-I","StSLib"],"gold_per_floor":[115,134,149,169,189,221,296,296,296],"floor_reached":8,"language":"ENG","playtime":233,"items_purged":[],"score":81,"play_id":"3031d5e6-312a-4076-8012-d11689f6d17e","local_time":"20210115010225","is_ascension_mode":true,"campfire_choices":[],"circlet_count":0,"master_deck":["Strike_R","Strike_R","Strike_R","Strike_R","Strike_R","Defend_R","Defend_R","Defend_R","Defend_R","Bash","Carnage","Reaper","Headbutt","Cleave"],"relics":["Sozu","Frozen Egg 2"],"acts_visited":["Exordium"],"potions_floor_usage":[],"damage_taken":[{"damage":7,"enemies":"Small Slimes","floor":1,"turns":3},{"damage":12,"enemies":"Jaw Worm","floor":2,"turns":3},{"damage":0,"enemies":"Cultist","floor":3,"turns":2},{"damage":17,"enemies":"Exordium Wildlife","floor":4,"turns":4},{"damage":1,"enemies":"2 Fungi Beasts","floor":5,"turns":3},{"damage":30,"enemies":"3 Sentries","floor":6,"turns":6},{"damage":10,"enemies":"Gremlin Nob","floor":8,"turns":2}],"seed_played":"-7676901019104984789","potions_obtained":[],"is_trial":false,"path_per_floor":["M","M","M","M","M","E","?","E"],"character_chosen":"IRONCLAD","items_purchased":[],"campfire_rested":0,"item_purchase_floors":[],"current_hp_per_floor":[65,53,53,36,41,15,4,0,0],"gold":296,"neow_bonus":"BOSS_RELIC","is_daily":false,"chose_seed":false,"campfire_upgraded":0,"win_rate":0.0,"timestamp":1610690545,"path_taken":["M","M","M","M","M","E","?","E"],"items_purchased_type":[],"build_version":"2020-12-22","purchased_purges":0,"victory":false,"max_hp_per_floor":[80,80,80,80,80,80,80,80,80],"card_choices":[{"not_picked":["Wild Strike","Infernal Blade","Second Wind"],"picked":"SKIP","floor":1},{"not_picked":["Pummel","Thunderclap"],"picked":"Carnage","floor":2},{"not_picked":["Havoc","Entrench","Sword Boomerang"],"picked":"SKIP","floor":3},{"not_picked":["Body Slam","Blood for Blood"],"picked":"Reaper","floor":4},{"not_picked":["Iron Wave","Havoc"],"picked":"Headbutt","floor":5},{"not_picked":["Dark Embrace+1","Iron Wave"],"picked":"Cleave","floor":6}],"player_experience":220424,"relics_obtained":[{"floor":6,"key":"Frozen Egg 2"}],"event_choices":[{"damage_healed":0,"gold_gain":75,"player_choice":"Gather Gold","damage_taken":11,"max_hp_gain":0,"max_hp_loss":0,"event_name":"World of Goop","floor":7,"gold_loss":0}],"is_beta":false,"boss_relics":[],"items_purged_floors":[],"is_endless":false,"potions_floor_spawned":[2,3,4,5],"killed_by":"Gremlin Nob","ascension_level":7}}