{"host":"kdt6w7ix8lwe69i9","time":1610725032,"event":{"mods":["100% Spire Juice","Bartender","BaseMod","ChefMod","Downfall","Evolution","Fiend Mod","Jorbs\u0027s Wanderer Trilogy","Minty Spire (QoL Compilation)","Reimu（博丽灵梦）","Robot Space Explorer","Shade Mod","StSLib","The Caster","The Cursed","The Disciple","The Dragon Tamer","The Druid","The Fake Hero","The Forsaken","The Gatherer","The Marked","TheBandit","TheSwordswoman"],"gold_per_floor":[519,532,547,562,562,562,522,522,546,566,66,39,57,73,73,73,73],"floor_reached":16,"language":"ENG","playtime":2717,"items_purged":[],"score":121,"play_id":"18154c7a-76ae-4abe-9396-87b0f3c8098a","local_time":"20210115103712","is_ascension_mode":false,"campfire_choices":[{"data":"luka_mod:Meditation","floor":6,"key":"SMITH"},{"data":"luka_mod:Edging","floor":8,"key":"SMITH"},{"data":"luka_mod:Undine","floor":15,"key":"SMITH"}],"circlet_count":0,"master_deck":["luka_mod:GuardedStrike","luka_mod:GuardedStrike","luka_mod:GuardedStrike","luka_mod:GuardedStrike","luka_mod:StrikeLukaFive","luka_mod:StrikeLukaSix","luka_mod:Salt","luka_mod:Guard","luka_mod:Wait","luka_mod:Edging+1","luka_mod:FlailWildly","luka_mod:Meditation+1","luka_mod:Surrender","luka_mod:AlicesGuard","luka_mod:NeverSurrender","luka_mod:StrikeLuka","luka_mod:Intense","luka_mod:Undine+1","luka_mod:StrikeLuka","luka_mod:StrikeLuka","luka_mod:BladeOfRagingFire","luka_mod:Request"],"relics":["luka_mod:KeepsakeRing","EVO:Axolotl","Pen Nib","PaintedHorse:ReiMu","Bag of Preparation","Thread and Needle","Protect_Vest"],"acts_visited":["Exordium"],"potions_floor_usage":[4],"damage_taken":[{"damage":17,"enemies":"Cultist","floor":1,"turns":6},{"damage":9,"enemies":"Small Slimes","floor":2,"turns":5},{"damage":10,"enemies":"2 Louse","floor":3,"turns":4},{"damage":13,"enemies":"2 Fungi Beasts","floor":4,"turns":5},{"damage":4,"enemies":"3 Louse","floor":10,"turns":4},{"damage":0,"enemies":"Exordium Thugs","floor":12,"turns":5},{"damage":12,"enemies":"Lots of Slimes","floor":13,"turns":9},{"damage":0,"enemies":"Blue Slaver","floor":14,"turns":4},{"damage":53,"enemies":"Slime Boss","floor":16,"turns":12}],"seed_played":"2501271180059638292","potions_obtained":[{"floor":1,"key":"FairyPotion"},{"floor":2,"key":"Explosive Potion"}],"is_trial":false,"path_per_floor":["M","M","M","M","?","R","?","R","T","M","$","M","M","M","R","B"],"character_chosen":"LUKA_CLASS","items_purchased":["Thread and Needle","luka_mod:StrikeLuka","Protect_Vest"],"campfire_rested":0,"item_purchase_floors":[11,11,11],"current_hp_per_floor":[23,14,4,12,12,12,12,12,12,28,28,23,3,25,25,0,0],"gold":73,"neow_bonus":"RANDOM_COMMON_RELIC","is_daily":false,"chose_seed":false,"campfire_upgraded":3,"win_rate":0.0,"timestamp":1610725032,"path_taken":["M","?","M","M","?","R","?","R","T","M","$","M","M","M","R","BOSS"],"items_purchased_type":["Relic","Card","Relic"],"build_version":"2020-12-22","purchased_purges":0,"victory":false,"max_hp_per_floor":[40,40,40,40,40,40,40,40,40,40,40,42,44,46,46,46,46],"card_choices":[{"not_picked":["luka_mod:PeacePreach","luka_mod:SereneDemonSword"],"picked":"luka_mod:AlicesGuard","floor":1},{"not_picked":["luka_mod:IliasesJudgement","luka_mod:Feel"],"picked":"luka_mod:NeverSurrender","floor":2},{"not_picked":["luka_mod:Request","luka_mod:HeavenlyDemonRevival"],"picked":"luka_mod:StrikeLuka","floor":3},{"not_picked":["luka_mod:GuardedStrike","luka_mod:Request"],"picked":"luka_mod:Intense","floor":4},{"not_picked":["luka_mod:Request","luka_mod:ThunderThrust"],"picked":"luka_mod:Undine","floor":10},{"not_picked":["luka_mod:BegIlias","luka_mod:HeroicStrike"],"picked":"luka_mod:StrikeLuka","floor":12},{"not_picked":["luka_mod:DemonSkullBeheading","luka_mod:NoDebuffs"],"picked":"luka_mod:BladeOfRagingFire","floor":13},{"not_picked":["luka_mod:IliasesJudgement","luka_mod:FlashKill"],"picked":"luka_mod:Request","floor":14}],"player_experience":1823905,"relics_obtained":[{"floor":9,"key":"Bag of Preparation"}],"event_choices":[{"damage_healed":0,"gold_gain":0,"player_choice":"Ignored","damage_taken":0,"max_hp_gain":0,"max_hp_loss":0,"event_name":"Golden Wing","floor":5,"gold_loss":0},{"damage_healed":0,"gold_gain":0,"player_choice":"Donate","damage_taken":0,"relics_obtained":["PaintedHorse:ReiMu"],"max_hp_gain":0,"max_hp_loss":0,"event_name":"yidonshenshe","floor":7,"gold_loss":40}],"is_beta":false,"boss_relics":[],"items_purged_floors":[],"is_endless":false,"potions_floor_spawned":[1,2],"killed_by":"Slime Boss","ascension_level":0}}