{"host":"2gugywxuw0nvjb3h","time":1610691418,"event":{"mods":["AchievementEnabler","Arknights The Spire","BaseMod","Better Altar","Better Match","Better Note","Better Sensory Stone","Better Skull","Better Third Choice","BetterRewards","Colored Map","Colored Powertips","Curses Come First","Evolution","GifTheSpireLib","Hermit","Key Reminder","Marisa????????","Minty Spire (QoL Compilation)","Rare Cards Sparkle","Relic Sorter","Replay The Spire","Shade Mod","Spicy Shops","StSLib","The Animator","The Cursed","The Disciple","The Marked","The Senshi","The Servant 0.9.4"],"gold_per_floor":[124,141,157,187,198,224,235,235,235,245,278,278,278,304,304,304,304],"floor_reached":16,"language":"ENG","playtime":1844,"items_purged":[],"score":114,"play_id":"793be59a-6343-492e-a312-bebe0a0ca79b","local_time":"20210114231658","is_ascension_mode":false,"campfire_choices":[{"floor":8,"key":"RECALL"},{"floor":12,"key":"REST"},{"data":"animator:DolaSchwi","floor":15,"key":"SMITH"}],"circlet_count":0,"master_deck":["animator:Strike_Konosuba","animator:Defend_Konosuba","animator:Strike","animator:Strike","animator:Strike","animator:Defend","animator:Defend","animator:Defend","animator:Kazuma","animator:Aqua","animator:Fredrika+1","animator:PandorasActor","animator:YunYun","animator:YunYun","animator:DolaStephanie","animator:Shalltear","animator:AcuraTooru","animator:Megumin+3","animator:Spearman","animator:Yuuichirou","animator:DolaSchwi+1","animator:YunYun","animator:Witch","Injury","animator:Millim"],"relics":["animator:LivingPicture","animator:TheMissingPiece","EVO:Axolotl","Replay:Wax Seal","ReplayFunnel","Mummified Hand","Quantum Egg","Replay:Baseball","Orichalcum","Golden Idol","Odd Mushroom"],"acts_visited":["Exordium"],"potions_floor_usage":[3,5,5],"damage_taken":[{"damage":0,"enemies":"Jaw Worm","floor":1,"turns":4},{"damage":0,"enemies":"Small Slimes","floor":2,"turns":2},{"damage":0,"enemies":"Cultist","floor":3,"turns":6},{"damage":0,"enemies":"Exordium Wildlife","floor":4,"turns":3},{"damage":0,"enemies":"Looter","floor":5,"turns":2},{"damage":25,"enemies":"3 Sentries","floor":6,"turns":5},{"damage":0,"enemies":"3 Louse","floor":7,"turns":2},{"damage":11,"enemies":"Blue Slaver","floor":10,"turns":3},{"damage":14,"enemies":"Gremlin Nob","floor":11,"turns":4},{"damage":18,"enemies":"The Mushroom Lair","floor":14,"turns":3},{"damage":41,"enemies":"Fading Forest","floor":16,"turns":7}],"seed_played":"-4178181846042854537","potions_obtained":[{"floor":1,"key":"Block Potion"},{"floor":3,"key":"AttackPotion"},{"floor":4,"key":"Energy Potion"}],"is_trial":false,"path_per_floor":["M","M","M","M","M","E","M","R","T","M","E","R","?","?","R","B"],"character_chosen":"THE_ANIMATOR","items_purchased":["Replay:Wax Seal","ReplayFunnel","animator:Fredrika+1","Mummified Hand","animator:PandorasActor","animator:YunYun","Quantum Egg"],"campfire_rested":1,"item_purchase_floors":[0,0,0,0,0,0,0],"current_hp_per_floor":[66,66,66,66,66,41,44,44,44,35,23,43,43,27,27,0,0],"gold":304,"neow_bonus":"","is_daily":false,"chose_seed":false,"campfire_upgraded":1,"win_rate":0.0,"timestamp":1610691418,"path_taken":["M","M","M","M","M","E","M","R","T","M","E","R","?","?","R","BOSS"],"items_purchased_type":["Relic","Relic","Card","Relic","Card","Card","Relic"],"build_version":"2020-12-22","purchased_purges":0,"victory":false,"max_hp_per_floor":[66,66,66,66,66,66,67,67,67,67,67,67,67,67,67,67,67],"card_choices":[{"not_picked":["animator:Vanir","animator:Yoichi"],"picked":"animator:DolaStephanie","floor":1},{"not_picked":["animator:Gillette","animator:Entoma"],"picked":"animator:Shalltear","floor":2},{"not_picked":["animator:Geryuganshoop","animator:Sebas"],"picked":"animator:AcuraTooru","floor":3},{"not_picked":["animator:Mitsurugi","animator:Kazuma"],"picked":"animator:Megumin","floor":4},{"not_picked":["animator:Tatsumaki","animator:Aqua"],"picked":"animator:Spearman","floor":5},{"not_picked":["animator:GazelDwargon","animator:Guren"],"picked":"animator:Yuuichirou","floor":6},{"not_picked":["animator:Tet","animator:ChaikaBohdan"],"picked":"animator:DolaSchwi","floor":7},{"not_picked":["animator:Chris","animator:Mitsurugi"],"picked":"animator:YunYun","floor":10},{"not_picked":["animator:Sonic","animator:Ainz"],"picked":"animator:Witch","floor":11},{"not_picked":["animator:Genos","animator:ChlammyZell"],"picked":"animator:Millim","floor":14}],"player_experience":305574,"relics_obtained":[{"floor":6,"key":"Replay:Baseball"},{"floor":11,"key":"Orichalcum"},{"floor":14,"key":"Odd Mushroom"}],"event_choices":[{"damage_healed":0,"gold_gain":0,"player_choice":"Take Wound","damage_taken":0,"relics_obtained":["Golden Idol"],"max_hp_gain":0,"max_hp_loss":0,"event_name":"Golden Idol","floor":13,"gold_loss":0,"cards_obtained":["Injury"]},{"damage_healed":0,"gold_gain":0,"player_choice":"Fought Mushrooms","damage_taken":0,"max_hp_gain":0,"max_hp_loss":0,"event_name":"Mushrooms","floor":14,"gold_loss":0}],"is_beta":false,"boss_relics":[],"items_purged_floors":[],"is_endless":false,"potions_floor_spawned":[1,3,4],"killed_by":"Fading Forest","ascension_level":0}}