{"host":"wwo1kwxjf4eyz37q","time":1610726712,"event":{"mods":["AchievementEnabler","BaseMod","Colored Map","Minty Spire (QoL Compilation)","Quick Restart","SuperFastMode"],"gold_per_floor":[114,114,131,148,160,160,193,210,234,33,48,60,60,87,87,87,87],"floor_reached":16,"language":"KOR","playtime":420,"items_purged":["Strike_B"],"score":160,"play_id":"b4f301f9-575f-4a32-ba3f-31a74095e08b","local_time":"20210116010512","is_ascension_mode":true,"campfire_choices":[{"data":"Dualcast","floor":6.0,"key":"SMITH"},{"floor":13.0,"key":"REST"},{"data":"Defragment","floor":15.0,"key":"SMITH"}],"circlet_count":0,"master_deck":["Strike_B","Strike_B","Strike_B","Defend_B","Defend_B","Defend_B","Defend_B","Zap","Dualcast+1","Seek","Ball Lightning","Sunder","Capacitor","Defragment+1","Ball Lightning","Fusion"],"relics":["Cracked Core","Pen Nib","Juzu Bracelet","Smiling Mask"],"acts_visited":["Exordium"],"potions_floor_usage":[16],"damage_taken":[{"damage":1.0,"enemies":"Cultist","floor":1.0,"turns":4.0},{"damage":2.0,"enemies":"Jaw Worm","floor":3.0,"turns":3.0},{"damage":4.0,"enemies":"2 Louse","floor":4.0,"turns":3.0},{"damage":6.0,"enemies":"Lots of Slimes","floor":5.0,"turns":3.0},{"damage":25.0,"enemies":"Lagavulin","floor":7.0,"turns":7.0},{"damage":0.0,"enemies":"Red Slaver","floor":8.0,"turns":1.0},{"damage":23.0,"enemies":"Exordium Wildlife","floor":11.0,"turns":4.0},{"damage":1.0,"enemies":"2 Fungi Beasts","floor":12.0,"turns":3.0},{"damage":16.0,"enemies":"Gremlin Nob","floor":14.0,"turns":3.0},{"damage":9,"enemies":"Hexaghost","floor":16,"turns":4}],"seed_played":"5260911887088412614","potions_obtained":[{"floor":1.0,"key":"Regen Potion"},{"floor":3.0,"key":"AttackPotion"},{"floor":12.0,"key":"FocusPotion"},{"floor":14.0,"key":"Ancient Potion"}],"is_trial":false,"path_per_floor":["M","?","M","M","M","R","E","M","T","$","M","M","R","E","R","B"],"character_chosen":"DEFECT","items_purchased":["Defragment","Ball Lightning"],"campfire_rested":1,"item_purchase_floors":[10,10],"current_hp_per_floor":[49,49,47,43,37,37,27,27,27,27,4,3,25,9,9,0,0],"gold":87,"neow_bonus":"THREE_RARE_CARDS","is_daily":false,"chose_seed":false,"campfire_upgraded":2,"win_rate":0.0,"timestamp":1610726712,"path_taken":["M","?","M","M","M","R","E","M","T","$","M","M","R","E","R","BOSS"],"items_purchased_type":["Card","Card"],"build_version":"2020-12-22","purchased_purges":1,"victory":false,"max_hp_per_floor":[75,75,75,75,75,75,75,75,75,75,75,75,75,75,75,75,75],"card_choices":[{"not_picked":["Rainbow","Machine Learning"],"picked":"Seek","floor":0.0},{"not_picked":["Heatsinks","Sweeping Beam","Scrape"],"picked":"SKIP","floor":1.0},{"not_picked":["Undo","Rebound"],"picked":"Ball Lightning","floor":3.0},{"not_picked":["Chaos","Rebound"],"picked":"Sunder","floor":4.0},{"not_picked":["Rip and Tear","Streamline"],"picked":"Capacitor","floor":5.0},{"not_picked":["Beam Cell","Hologram","Force Field"],"picked":"SKIP","floor":7.0},{"not_picked":["Redo","Double Energy","Hologram"],"picked":"SKIP","floor":8.0},{"not_picked":["Go for the Eyes","Rebound"],"picked":"Fusion","floor":11.0},{"not_picked":["Melter","Scrape","Beam Cell"],"picked":"SKIP","floor":12.0},{"not_picked":["Streamline","Chill","Redo"],"picked":"SKIP","floor":14.0}],"player_experience":233199,"relics_obtained":[{"floor":7.0,"key":"Pen Nib"},{"floor":9.0,"key":"Juzu Bracelet"},{"floor":14.0,"key":"Smiling Mask"}],"event_choices":[{"damage_healed":0.0,"max_hp_gain":0.0,"max_hp_loss":0.0,"gold_gain":0.0,"event_name":"Liars Game","player_choice":"Ignored","floor":2.0,"gold_loss":0.0,"damage_taken":0.0}],"is_beta":false,"boss_relics":[],"items_purged_floors":[10],"is_endless":false,"potions_floor_spawned":[1,3,12,14],"killed_by":"Hexaghost","ascension_level":8}}