{"host":"d7fiu2yjkssjxoz6","time":1610706642,"event":{"mods":["AchievementEnabler","BaseMod","Duelist Mod","GifTheSpireLib","Minty Spire (QoL Compilation)","StSLib"],"gold_per_floor":[138,148,148,162,176,205,205,238,238,238,248,248,264,439,439,541,541,555,654,670,670,684,716,281,281,308,328,367,429,429,445,445,550,600,634,654,654,670,670,723,723,751,751,751,751],"floor_reached":44,"language":"ENG","playtime":4023,"items_purged":["Doubt"],"score":645,"play_id":"598f5037-d0de-47f4-9325-f3bfc0bc2464","local_time":"20210115023042","is_ascension_mode":true,"campfire_choices":[{"floor":7,"key":"REST"},{"data":"theDuelist:Raigeki","floor":10,"key":"SMITH"},{"floor":15,"key":"REST"},{"floor":25,"key":"REST"},{"floor":30,"key":"REST"},{"floor":32,"key":"REST"},{"floor":41,"key":"REST"}],"circlet_count":0,"master_deck":["theDuelist:FlyingSaucer","theDuelist:ToonMermaid","theDuelist:UltraPolymerization+1","theDuelist:Sparks","theDuelist:BigFire+1","theDuelist:ToonDefense+1","theDuelist:ToonAncientGear","theDuelist:Sparks","theDuelist:Raigeki+1","theDuelist:Sparks","theDuelist:MillenniumShield","theDuelist:ToonBriefcase","theDuelist:ToonMaskedSorcerer+1","theDuelist:ToonAncientGear+1","theDuelist:ToonAncientGear+1","theDuelist:WingedKuribohLv10","theDuelist:Metronome+1","theDuelist:ToonMermaid","theDuelist:ToonWorld","theDuelist:ToonDarkMagicianGirl+1","theDuelist:CastleWalls+1","theDuelist:MangaRyuRan+1","theDuelist:ToonDarkMagician","theDuelist:ToonAncientGear+1","theDuelist:DeltaMagnet","theDuelist:ToonGeminiElf","theDuelist:ToonSummonedSkull+1","theDuelist:HeartUnderdog","theDuelist:SwordsConcealing+1","theDuelist:ToonAncientGear","theDuelist:BlueBloodedOni+1","theDuelist:CastleWalls","theDuelist:BigFire","theDuelist:ToonRollback+1","Parasite","theDuelist:FlyingSaucer+1","theDuelist:BlueEyesToon","theDuelist:MudGolem","theDuelist:ToonCannonSoldier","theDuelist:SpellShatteringArrow+1"],"relics":["theDuelist:MillenniumPuzzle","theDuelist:CardPoolRelic","theDuelist:CardPoolBasicRelic","theDuelist:BoosterPackPoolRelic","theDuelist:CardPoolAddRelic","theDuelist:CardPoolMinusRelic","theDuelist:CardPoolSaveRelic","Whetstone","theDuelist:ZoneToken","Black Star","Nloth\u0027s Gift","Bottled Tornado","theDuelist:DuelistLetterOpener","theDuelist:KaibaToken","theDuelist:MetronomeRelicC","Gremlin Horn","theDuelist:DuelistUrn","Paper Frog","Tiny House","theDuelist:MillenniumRod","Smiling Mask","War Paint","Dream Catcher","Magic Flower"],"acts_visited":["Exordium","TheCity","TheBeyond"],"potions_floor_usage":[28],"damage_taken":[{"damage":7,"enemies":"Jaw Worm","floor":1,"turns":4},{"damage":1,"enemies":"Cultist","floor":2,"turns":3},{"damage":7,"enemies":"2 Louse","floor":4,"turns":3},{"damage":11,"enemies":"Looter","floor":5,"turns":4},{"damage":29,"enemies":"Lagavulin","floor":6,"turns":4},{"damage":16,"enemies":"Gremlin Nob","floor":8,"turns":4},{"damage":10,"enemies":"Large Slime","floor":11,"turns":2},{"damage":2,"enemies":"Gremlin Gang","floor":13,"turns":2},{"damage":28,"enemies":"The Guardian","floor":16,"turns":10},{"damage":4,"enemies":"2 Thieves","floor":18,"turns":5},{"damage":0,"enemies":"Spheric Guardian","floor":20,"turns":3},{"damage":11,"enemies":"3 Cultists","floor":22,"turns":4},{"damage":37,"enemies":"Slavers","floor":23,"turns":5},{"damage":4,"enemies":"Snecko","floor":27,"turns":4},{"damage":21,"enemies":"Shelled Parasite and Fungi","floor":28,"turns":6},{"damage":12,"enemies":"Book of Stabbing","floor":29,"turns":7},{"damage":13,"enemies":"3 Cultists","floor":31,"turns":4},{"damage":12,"enemies":"Champ","floor":33,"turns":14},{"damage":15,"enemies":"Orb Walker","floor":35,"turns":5},{"damage":30,"enemies":"3 Shapes","floor":38,"turns":4},{"damage":42,"enemies":"Reptomancer","floor":40,"turns":3},{"damage":45,"enemies":"Nemesis","floor":42,"turns":8},{"damage":9,"enemies":"3 Darklings","floor":44,"turns":2}],"seed_played":"4373213189991188363","potions_obtained":[{"floor":5,"key":"theDuelist:ExtraOrbsBottle"},{"floor":8,"key":"FairyPotion"},{"floor":16,"key":"theDuelist:IcePotion"},{"floor":20,"key":"theDuelist:BurningPotion"},{"floor":27,"key":"theDuelist:DestructPotionPotB"},{"floor":33,"key":"theDuelist:BottledKuriboh"},{"floor":40,"key":"FearPotion"}],"is_trial":false,"path_per_floor":["M","M","?","M","M","E","R","E","T","R","M","?","M","?","R","B",null,"M","?","M","?","M","E","$","R","T","M","M","E","R","M","R","B",null,"M","?","?","M","?","E","R","E","T","M"],"character_chosen":"THE_DUELIST","items_purchased":["theDuelist:KaibaToken","theDuelist:ToonMermaid","theDuelist:ToonGeminiElf","theDuelist:FlyingSaucer"],"campfire_rested":6,"item_purchase_floors":[24,24,24,24],"current_hp_per_floor":[73,72,72,65,54,25,49,33,33,33,23,7,5,5,29,1,80,76,76,76,76,65,28,28,52,52,48,27,15,39,26,50,42,85,70,70,70,42,42,25,50,9,9,0,0],"gold":751,"neow_bonus":"UPGRADE_CARD","is_daily":false,"chose_seed":false,"campfire_upgraded":1,"win_rate":0.0,"timestamp":1610706642,"path_taken":["M","M","?","M","M","E","R","E","T","R","?","?","M","?","R","BOSS","M","?","M","?","M","E","$","R","T","M","?","E","R","?","R","BOSS","M","?","?","?","?","E","R","E","T","M"],"items_purchased_type":["Relic","Card","Card","Card"],"build_version":"2020-12-22","purchased_purges":1,"victory":false,"max_hp_per_floor":[80,80,80,80,80,80,80,80,80,80,80,80,80,80,80,80,80,80,80,80,80,80,80,80,80,80,80,80,80,80,80,80,80,85,85,85,85,85,85,85,85,85,85,85,85],"card_choices":[{"not_picked":["theDuelist:GauntletWarrior","theDuelist:LightningDarts","theDuelist:MudGolem","theDuelist:WormWarlord"],"picked":"theDuelist:BigFire","floor":1},{"not_picked":["theDuelist:BlueEyesToon","theDuelist:ToonSummonedSkull"],"picked":"theDuelist:ToonMaskedSorcerer","floor":2},{"not_picked":["theDuelist:ToonBarrelDragon","theDuelist:FlyingSaucer","theDuelist:ToonMermaid","theDuelist:SpellShatteringArrow"],"picked":"theDuelist:ToonAncientGear","floor":4},{"not_picked":["theDuelist:ComicHand","theDuelist:ToonSummonedSkull"],"picked":"theDuelist:BlueEyesToon","floor":5},{"not_picked":["theDuelist:ToonMermaid","theDuelist:ToonBarrelDragon","theDuelist:FlyingSaucer","theDuelist:AncientGearFist"],"picked":"theDuelist:ToonAncientGear","floor":6},{"not_picked":["theDuelist:EarthquakeGiant","theDuelist:EvilswarmHeliotrope","theDuelist:HammerShot","theDuelist:FuryFire"],"picked":"theDuelist:Raigeki","floor":8},{"not_picked":[],"picked":"theDuelist:BigFire","floor":11},{"not_picked":["theDuelist:MangaRyuRan","theDuelist:ToonMermaid","theDuelist:FlyingSaucer","theDuelist:ToonGeminiElf"],"picked":"theDuelist:ToonAncientGear","floor":13},{"not_picked":["theDuelist:MagicCylinder","theDuelist:Mathematician","theDuelist:SmashingGround","theDuelist:TheCreator"],"picked":"theDuelist:WingedKuribohLv10","floor":16},{"not_picked":["theDuelist:MangaRyuRan","theDuelist:FlyingSaucer","theDuelist:ToonMermaid+1","theDuelist:ToonMaskedSorcerer"],"picked":"theDuelist:ToonAncientGear+1","floor":18},{"not_picked":["theDuelist:RedEyesToon+1","theDuelist:ToonBarrelDragon+1","theDuelist:AncientGearFist","theDuelist:BlueEyesToon"],"picked":"theDuelist:ToonDarkMagician","floor":20},{"not_picked":["theDuelist:FeatherShot","theDuelist:HeartUnderdog"],"picked":"theDuelist:SwordsConcealing+1","floor":22},{"not_picked":["theDuelist:GaiaMidNightSun","theDuelist:DarkFactory","theDuelist:OrbMetronome+1","theDuelist:SmashingGround"],"picked":"theDuelist:Metronome+1","floor":23},{"not_picked":["theDuelist:MangaRyuRan","theDuelist:RedEyesToon","theDuelist:SpellShatteringArrow","theDuelist:ToonBarrelDragon"],"picked":"theDuelist:FlyingSaucer+1","floor":27},{"not_picked":["theDuelist:ToonDarkMagician","theDuelist:ToonBarrelDragon","theDuelist:ToonGeminiElf","theDuelist:ToonMaskedSorcerer"],"picked":"theDuelist:ToonDarkMagicianGirl+1","floor":28},{"not_picked":["theDuelist:HeartUnderdog","theDuelist:Blockman","theDuelist:PotGenerosity","theDuelist:WingedKuribohLv10"],"picked":"theDuelist:MillenniumShield","floor":29},{"not_picked":["theDuelist:ToonMask","theDuelist:ImperialOrder","theDuelist:LightningDarts","theDuelist:UltimateOffering"],"picked":"theDuelist:ToonDefense","floor":31},{"not_picked":["theDuelist:Mathematician","theDuelist:OrbMetronome","theDuelist:WingedKuribohLv10","theDuelist:TheCreator"],"picked":"theDuelist:UltraPolymerization+1","floor":33},{"not_picked":["theDuelist:TrapHole","theDuelist:ToonCannonSoldier","theDuelist:ToonKingdom"],"picked":"theDuelist:ToonBriefcase","floor":34},{"not_picked":["theDuelist:ToonSummonedSkull+1","theDuelist:FlyingSaucer+1","theDuelist:AncientGearFist+1","theDuelist:TrapHole+1"],"picked":"theDuelist:ToonCannonSoldier","floor":35},{"not_picked":["theDuelist:RedEyesToon","theDuelist:ToonMermaid+1","theDuelist:FlyingSaucer","theDuelist:CheerfulCoffin"],"picked":"theDuelist:ToonRollback+1","floor":38},{"not_picked":["theDuelist:DarklordSuperbia","theDuelist:LabyrinthWall","theDuelist:Terraforming+1","theDuelist:HeavyStorm"],"picked":"theDuelist:MudGolem","floor":40},{"not_picked":["theDuelist:FlyingSaucer+1","theDuelist:RedEyesToon+1","theDuelist:CheerfulCoffin","theDuelist:MangaRyuRan+1"],"picked":"theDuelist:SpellShatteringArrow+1","floor":42}],"player_experience":187465,"relics_obtained":[{"floor":6,"key":"Whetstone"},{"floor":8,"key":"theDuelist:ZoneToken"},{"floor":23,"key":"Bottled Tornado"},{"floor":23,"key":"theDuelist:DuelistLetterOpener"},{"floor":26,"key":"theDuelist:MetronomeRelicC"},{"floor":29,"key":"theDuelist:DuelistUrn"},{"floor":29,"key":"Paper Frog"},{"floor":40,"key":"theDuelist:MillenniumRod"},{"floor":40,"key":"Smiling Mask"},{"floor":42,"key":"War Paint"},{"floor":42,"key":"Dream Catcher"},{"floor":43,"key":"Magic Flower"}],"event_choices":[{"damage_healed":0,"gold_gain":0,"player_choice":"2 cards matched","damage_taken":0,"max_hp_gain":0,"max_hp_loss":0,"event_name":"Match and Keep!","floor":3,"gold_loss":0,"cards_obtained":["theDuelist:HeartUnderdog","theDuelist:BlueBloodedOni"]},{"damage_healed":0,"gold_gain":0,"player_choice":"Entered Light","damage_taken":16,"max_hp_gain":0,"max_hp_loss":0,"event_name":"Shining Light","floor":12,"gold_loss":0,"cards_upgraded":["theDuelist:ToonMaskedSorcerer","theDuelist:BigFire"]},{"damage_healed":0,"gold_gain":175,"player_choice":"AGREE","damage_taken":0,"max_hp_gain":0,"max_hp_loss":0,"event_name":"Liars Game","floor":14,"gold_loss":0,"cards_obtained":["Doubt"]},{"damage_healed":0,"gold_gain":99,"player_choice":"Stole From Cult","damage_taken":0,"max_hp_gain":0,"max_hp_loss":0,"event_name":"Nest","floor":19,"gold_loss":0},{"damage_healed":0,"gold_gain":0,"player_choice":"Traded Relic","damage_taken":0,"relics_obtained":["Nloth\u0027s Gift"],"max_hp_gain":0,"max_hp_loss":0,"event_name":"N\u0027loth","floor":21,"relics_lost":["theDuelist:CardPoolOptionsRelic"],"gold_loss":0},{"damage_healed":0,"gold_gain":0,"player_choice":"Delta Electro","duelist":true,"damage_taken":0,"max_hp_gain":0,"max_hp_loss":0,"event_name":"Egyptian Village","floor":36,"gold_loss":0,"cards_obtained":["Delta Electromagnet Warrior"]},{"damage_healed":0,"gold_gain":0,"player_choice":"1 cards matched","damage_taken":0,"max_hp_gain":0,"max_hp_loss":0,"event_name":"Match and Keep!","floor":37,"gold_loss":0,"cards_obtained":["Parasite"]},{"damage_healed":0,"gold_gain":0,"player_choice":"Upgraded","damage_taken":0,"max_hp_gain":0,"max_hp_loss":0,"event_name":"Upgrade Shrine","floor":39,"gold_loss":0,"cards_upgraded":["theDuelist:BlueBloodedOni"]}],"is_beta":false,"boss_relics":[{"not_picked":["Coffee Dripper","Pandora\u0027s Box"],"picked":"Black Star"},{"not_picked":["Runic Cube","Runic Pyramid"],"picked":"Tiny House"}],"items_purged_floors":[24],"is_endless":false,"potions_floor_spawned":[5,8,16,20,27,33,38,40],"killed_by":"3 Darklings","ascension_level":1}}