{"host":"u6jirsjme6gm26s9","time":1610673475,"event":{"mods":["BaseMod","Downfall","GifTheSpireLib","Minty Spire (QoL Compilation)","StSLib","The Servant 0.9.4"],"gold_per_floor":[99,110,110,128,128,53,53,87,150,160,191,41,61,71,82,82,82,82],"floor_reached":16,"language":"ENG","playtime":805,"items_purged":[],"score":120,"play_id":"ef60ac9f-baf3-4b57-9812-0dbf8a84eb57","local_time":"20210114191755","is_ascension_mode":true,"campfire_choices":[{"floor":1,"key":"RECALL"},{"data":"champ:Taunt","floor":6,"key":"SMITH"},{"floor":12,"key":"REST"}],"circlet_count":0,"master_deck":["champ:Strike","champ:Strike","champ:Strike","champ:Strike","champ:Defend","champ:Defend","champ:Defend","champ:Defend","champ:Execute","champ:Taunt+1","champ:StrikeOfGenius","champ:RisingSlash","champ:StanceDance","champ:FlashCut","champ:Devastate","champ:GladiatorStyle","champ:RisingSlash","champ:ViciousMockery"],"relics":["champ:ChampionCrown","SsserpentHead","downfall:HeartBlessingRed","Oddly Smooth Stone","Nunchaku","downfall:HeartBlessingGreen","downfall:HeartBlessingBlue"],"acts_visited":["Exordium"],"potions_floor_usage":[16,16,16],"damage_taken":[{"damage":21,"enemies":"Jaw Worm","floor":2,"turns":4},{"damage":9,"enemies":"Cultist","floor":4,"turns":4},{"damage":21,"enemies":"Lagavulin","floor":8,"turns":6},{"damage":0,"enemies":"Small Slimes","floor":9,"turns":2},{"damage":20,"enemies":"3 Louse","floor":10,"turns":3},{"damage":13,"enemies":"Gremlin Nob","floor":11,"turns":3},{"damage":28,"enemies":"Lots of Slimes","floor":13,"turns":5},{"damage":19,"enemies":"Blue Slaver","floor":14,"turns":3},{"damage":19,"enemies":"Large Slime","floor":15,"turns":5},{"damage":29,"enemies":"downfall:Silent","floor":16,"turns":8}],"seed_played":"-1035515048394684487","potions_obtained":[{"floor":2,"key":"sneckomod:MuddlingPotion"},{"floor":3,"key":"Weak Potion"},{"floor":3,"key":"sneckomod:MuddlingPotion"}],"is_trial":false,"path_per_floor":["R","M","?","M","?","R","T","E","M","M","E","R","M","M","M","B"],"character_chosen":"THE_CHAMP","items_purchased":[],"campfire_rested":1,"item_purchase_floors":[],"current_hp_per_floor":[90,80,80,76,76,76,76,69,69,54,41,81,53,34,20,0,0,0],"gold":82,"neow_bonus":"ONE_RANDOM_RARE_CARD","is_daily":false,"chose_seed":false,"campfire_upgraded":1,"win_rate":0.0,"timestamp":1610673475,"path_taken":["R","M","?","?","?","R","T","E","?","M","E","R","M","M","M","BOSS"],"items_purchased_type":[],"build_version":"2020-12-22","purchased_purges":0,"victory":false,"max_hp_per_floor":[90,90,90,90,90,90,90,90,90,90,90,100,100,100,100,100,100,100],"card_choices":[{"not_picked":["champ:Balance","champ:BringItOn"],"picked":"champ:RisingSlash","floor":2},{"not_picked":["champ:Control","champ:Balance"],"picked":"champ:StanceDance","floor":4},{"not_picked":["champ:HeartStrike","champ:Circumvent","champ:AdrenalArmor"],"picked":"SKIP","floor":8},{"not_picked":["champ:DeathBlow","champ:Encircle"],"picked":"champ:FlashCut","floor":9},{"not_picked":["champ:StanceDance","champ:ArenaPreparation"],"picked":"champ:Devastate","floor":10},{"not_picked":["champ:Circumvent","champ:PerfectedStrike"],"picked":"champ:GladiatorStyle","floor":11},{"not_picked":["champ:FalseCounter","champ:TornadoPunch","champ:StanceDance"],"picked":"SKIP","floor":13},{"not_picked":["champ:CrookedStrike","champ:GutPunch"],"picked":"champ:RisingSlash","floor":14},{"not_picked":["champ:GutPunch","champ:DefensiveShout"],"picked":"champ:ViciousMockery","floor":15}],"player_experience":346053,"relics_obtained":[{"floor":8,"key":"Oddly Smooth Stone"},{"floor":11,"key":"Nunchaku"}],"event_choices":[{"damage_healed":0,"gold_gain":0,"player_choice":"Got Potions","damage_taken":0,"max_hp_gain":0,"max_hp_loss":0,"event_name":"Lab","floor":3,"gold_loss":0},{"damage_healed":0,"gold_gain":0,"player_choice":"Trade","damage_taken":0,"relics_obtained":["SsserpentHead"],"max_hp_gain":0,"max_hp_loss":0,"event_name":"FaceTrader","floor":5,"gold_loss":0}],"is_beta":false,"boss_relics":[],"items_purged_floors":[],"is_endless":false,"potions_floor_spawned":[2,8,11,13,14],"killed_by":"downfall:Silent","ascension_level":1}}