{"host":"p1xsuo25udtrkbq2","time":1610681096,"event":{"mods":["BaseMod","Colored Map","Minty Spire (QoL Compilation)","Quick Restart","Rare Cards Sparkle","Relic Stats","Slay the Relics Exporter","StSLib","everything is the same but u backflip on backflip"],"gold_per_floor":[111,111,130,140,105,134,134,153,179,199,231,231,19,33,33,134,134,145,162,162,14,14,43,43,78,104,115,115,128,128,153,153,248,248,266,1265,1283,778,791,791,406,426,426,458,458,458,458,489,489,489,489,489,26,52,52,52],"floor_reached":55,"language":"ENG","playtime":10303,"items_purged":["Strike_B","Decay","Normality","Normality","Strike_B"],"score":1048,"play_id":"a1dbc789-ec75-48da-9c69-3499e1313c2a","local_time":"20210114222456","is_ascension_mode":true,"campfire_choices":[{"data":"Buffer","floor":7.0,"key":"SMITH"},{"data":"Storm","floor":12.0,"key":"SMITH"},{"data":"Capacitor","floor":15.0,"key":"SMITH"},{"floor":24.0,"key":"REST"},{"data":"Barrage","floor":30.0,"key":"SMITH"},{"data":"Hyperbeam","floor":32.0,"key":"SMITH"},{"data":"Buffer","floor":40.0,"key":"SMITH"},{"data":"Consume","floor":45.0,"key":"SMITH"},{"floor":47.0,"key":"RECALL"},{"data":"Hyperbeam","floor":49.0,"key":"SMITH"},{"data":"Heatsinks","floor":52.0,"key":"SMITH"}],"circlet_count":0,"master_deck":["Defend_B+1","Defend_B","Defend_B","Zap","Dualcast","Aggregate","Heatsinks+1","Self Repair","Rebound","Skim","Buffer+1","Leap","Storm+1","Stack","Capacitor+1","Cold Snap","Coolheaded+1","Lockon","Hyperbeam+1","CurseOfTheBell","Consume+1","Barrage+1","Amplify","Glacier+1","Sunder+1","Leap","Steam","Hologram+1","Fusion+1","Buffer+1","FTL+1","Sweeping Beam+1","Hyperbeam+1","Master of Strategy","Capacitor","BootSequence","Force Field","Go for the Eyes+1"],"relics":["Cracked Core","Bag of Marbles","Happy Flower","Orichalcum","Calling Bell","Bronze Scales","Mercury Hourglass","Prayer Wheel","Bag of Preparation","MealTicket","Blood Vial","PreservedInsect","Velvet Choker","OrangePellets","Oddly Smooth Stone","Centennial Puzzle","War Paint","TheAbacus","Mummified Hand"],"acts_visited":["Exordium","TheCity","TheBeyond","TheEnding"],"potions_floor_usage":[54,55,55],"damage_taken":[{"damage":10.0,"enemies":"2 Louse","floor":1.0,"turns":2.0},{"damage":8.0,"enemies":"Small Slimes","floor":3.0,"turns":4.0},{"damage":1.0,"enemies":"Cultist","floor":4.0,"turns":3.0},{"damage":20.0,"enemies":"3 Sentries","floor":6.0,"turns":7.0},{"damage":0.0,"enemies":"Large Slime","floor":8.0,"turns":6.0},{"damage":7.0,"enemies":"Exordium Wildlife","floor":10.0,"turns":5.0},{"damage":0.0,"enemies":"Gremlin Nob","floor":11.0,"turns":5.0},{"damage":6.0,"enemies":"Looter","floor":14.0,"turns":3.0},{"damage":8.0,"enemies":"The Guardian","floor":16.0,"turns":12.0},{"damage":11.0,"enemies":"Spheric Guardian","floor":18.0,"turns":4.0},{"damage":19.0,"enemies":"2 Thieves","floor":19.0,"turns":2.0},{"damage":24.0,"enemies":"Book of Stabbing","floor":23.0,"turns":6.0},{"damage":14.0,"enemies":"Gremlin Leader","floor":25.0,"turns":9.0},{"damage":18.0,"enemies":"Centurion and Healer","floor":27.0,"turns":5.0},{"damage":2.0,"enemies":"Snecko","floor":29.0,"turns":5.0},{"damage":16.0,"enemies":"Slavers","floor":31.0,"turns":3.0},{"damage":24.0,"enemies":"Collector","floor":33.0,"turns":14.0},{"damage":4.0,"enemies":"3 Shapes","floor":35.0,"turns":4.0},{"damage":6.0,"enemies":"Orb Walker","floor":37.0,"turns":4.0},{"damage":0.0,"enemies":"Maw","floor":39.0,"turns":8.0},{"damage":0.0,"enemies":"4 Shapes","floor":42.0,"turns":2.0},{"damage":0.0,"enemies":"Giant Head","floor":44.0,"turns":7.0},{"damage":0.0,"enemies":"Nemesis","floor":48.0,"turns":6.0},{"damage":0.0,"enemies":"Time Eater","floor":50.0,"turns":16.0},{"damage":30,"enemies":"Shield and Spear","floor":54,"turns":5},{"damage":43,"enemies":"The Heart","floor":55,"turns":9}],"seed_played":"2644296696848934747","potions_obtained":[{"floor":1.0,"key":"EssenceOfDarkness"},{"floor":4.0,"key":"ColorlessPotion"},{"floor":11.0,"key":"FearPotion"},{"floor":23.0,"key":"DuplicationPotion"},{"floor":25.0,"key":"DistilledChaos"},{"floor":29.0,"key":"Explosive Potion"},{"floor":31.0,"key":"SkillPotion"},{"floor":35.0,"key":"DistilledChaos"},{"floor":37.0,"key":"LiquidBronze"},{"floor":48.0,"key":"FearPotion"}],"is_trial":false,"path_per_floor":["M","?","M","M","?","E","R","M","T","M","E","R","$","M","R","B",null,"M","M","?","$","$","E","R","E","T","M","?","M","R","E","R","B",null,"M","?","M","$","M","R","$","M","T","E","R","?","R","E","R","B",null,"R","$","E","B"],"character_chosen":"DEFECT","items_purchased":["Capacitor","Cold Snap","Coolheaded","Dexterity Potion","OrangePellets","Oddly Smooth Stone","GamblersBrew","Master of Strategy","Weak Potion","LiquidMemories","Force Field","TheAbacus"],"campfire_rested":1,"item_purchase_floors":[13,13,13,21,38,38,38,41,41,53,53,53],"current_hp_per_floor":[58,51,50,56,68,55,55,62,62,62,68,68,68,68,68,67,68,64,45,45,45,45,28,48,41,41,32,54,54,54,40,40,25,68,64,64,60,68,68,68,68,68,68,68,68,68,68,68,68,68,68,68,68,38,0,0],"gold":52,"neow_bonus":"TRANSFORM_TWO_CARDS","is_daily":false,"chose_seed":false,"campfire_upgraded":9,"win_rate":0.0,"timestamp":1610681096,"path_taken":["M","?","M","M","?","E","R","M","T","M","E","R","$","M","R","BOSS","M","M","?","?","$","E","R","E","T","M","?","?","R","E","R","BOSS","M","?","M","$","M","R","$","M","T","E","R","?","R","E","R","BOSS","R","$","E","BOSS"],"items_purchased_type":["Card","Card","Card","Potion","Relic","Relic","Potion","Card","Potion","Potion","Card","Relic"],"build_version":"2020-12-22","purchased_purges":5,"victory":false,"max_hp_per_floor":[68,68,68,68,68,68,68,68,68,68,68,68,68,68,68,68,68,68,68,68,68,68,68,68,68,68,68,68,68,68,68,68,68,68,68,68,68,68,68,68,68,68,68,68,68,68,68,68,68,68,68,68,68,68,68,68],"relic_stats":{"Happy Flower":[44],"counters":[26,155],"PreservedInsect":240,"Bag of Preparation":[28],"Orichalcum":[204],"War Paint":["Coolheaded","Defend_B"],"Mercury Hourglass":[418],"Blood Vial":12,"OrangePellets":[8],"Centennial Puzzle":[6],"TheAbacus":[12],"Mummified Hand":[9],"Bronze Scales":[403],"Prayer Wheel":8,"MealTicket":8,"obtain_stats":[{"Happy Flower":9,"Velvet Choker":34,"Oddly Smooth Stone":38,"PreservedInsect":31,"Bag of Preparation":23,"Orichalcum":11,"War Paint":48,"Mercury Hourglass":17,"Calling Bell":17,"Blood Vial":26,"OrangePellets":38,"Centennial Puzzle":44,"TheAbacus":53,"Mummified Hand":54,"Bronze Scales":17,"Prayer Wheel":17,"MealTicket":25,"Bag of Marbles":6,"Cracked Core":0},{"Happy Flower":5,"Velvet Choker":17,"Oddly Smooth Stone":19,"PreservedInsect":16,"Bag of Preparation":12,"Orichalcum":7,"War Paint":23,"Mercury Hourglass":9,"Calling Bell":9,"Blood Vial":13,"OrangePellets":19,"Centennial Puzzle":22,"TheAbacus":24,"Mummified Hand":25,"Bronze Scales":9,"Prayer Wheel":9,"MealTicket":13,"Bag of Marbles":4,"Cracked Core":0},{"Happy Flower":22,"Velvet Choker":94,"Oddly Smooth Stone":102,"PreservedInsect":80,"Bag of Preparation":59,"Orichalcum":32,"War Paint":125,"Mercury Hourglass":47,"Calling Bell":47,"Blood Vial":68,"OrangePellets":102,"Centennial Puzzle":119,"TheAbacus":141,"Mummified Hand":146,"Bronze Scales":47,"Prayer Wheel":47,"MealTicket":68,"Bag of Marbles":16,"Cracked Core":0}]},"card_choices":[{"not_picked":["Scrape","Steam"],"picked":"Self Repair","floor":1.0},{"not_picked":["Leap","Redo"],"picked":"Rebound","floor":3.0},{"not_picked":["Barrage","Blizzard"],"picked":"Skim","floor":4.0},{"not_picked":["Gash","Loop"],"picked":"Buffer","floor":6.0},{"not_picked":["Streamline","Coolheaded"],"picked":"Leap","floor":8.0},{"not_picked":["Go for the Eyes","Rebound"],"picked":"Storm","floor":10.0},{"not_picked":["Blizzard","Turbo"],"picked":"Stack","floor":11.0},{"not_picked":["Coolheaded","Blizzard"],"picked":"Lockon","floor":14.0},{"not_picked":["Buffer","Multi-Cast"],"picked":"Hyperbeam","floor":16.0},{"not_picked":["Beam Cell+1","Sweeping Beam"],"picked":"Consume","floor":18.0},{"not_picked":["Gash","Storm","Coolheaded"],"picked":"SKIP","floor":18.0},{"not_picked":["Ball Lightning","Go for the Eyes"],"picked":"Barrage","floor":19.0},{"not_picked":["Rip and Tear","Gash"],"picked":"Amplify","floor":19.0},{"not_picked":["Beam Cell","Sweeping Beam"],"picked":"Glacier+1","floor":23.0},{"not_picked":["Coolheaded","Rebound+1"],"picked":"Sunder+1","floor":25.0},{"not_picked":["Cold Snap+1","Static Discharge+1"],"picked":"Leap","floor":27.0},{"not_picked":["Gash","Cold Snap"],"picked":"Steam","floor":27.0},{"not_picked":["Reinforced Body","Ball Lightning"],"picked":"Hologram+1","floor":29.0},{"not_picked":["Double Energy","Ball Lightning"],"picked":"Fusion+1","floor":29.0},{"not_picked":["Rainbow","Gash+1","Rip and Tear"],"picked":"SKIP","floor":31.0},{"not_picked":["Creative AI","Hyperbeam"],"picked":"Buffer","floor":33.0},{"not_picked":["Conserve Battery","Tempest+1"],"picked":"FTL+1","floor":35.0},{"not_picked":["Ball Lightning+1","Steam","Coolheaded"],"picked":"SKIP","floor":35.0},{"not_picked":["Melter+1","Cold Snap"],"picked":"Sweeping Beam+1","floor":37.0},{"not_picked":["Scrape+1","Self Repair","Genetic Algorithm"],"picked":"SKIP","floor":37.0},{"not_picked":["Sweeping Beam","Rebound+1"],"picked":"Hyperbeam","floor":39.0},{"not_picked":["Fusion+1","Gash+1","Tempest"],"picked":"SKIP","floor":39.0},{"not_picked":["Blizzard+1","Chill+1"],"picked":"Capacitor","floor":42.0},{"not_picked":["Conserve Battery","Loop","Darkness"],"picked":"SKIP","floor":42.0},{"not_picked":["Compile Driver","Amplify","Chill+1"],"picked":"SKIP","floor":44.0},{"not_picked":["Scrape+1","Redo","BootSequence"],"picked":"SKIP","floor":48.0},{"not_picked":["Self Repair","Scrape+1"],"picked":"Go for the Eyes+1","floor":54}],"player_experience":889410,"relics_obtained":[{"floor":6.0,"key":"Bag of Marbles"},{"floor":9.0,"key":"Happy Flower"},{"floor":11.0,"key":"Orichalcum"},{"floor":17.0,"key":"Bronze Scales"},{"floor":17.0,"key":"Mercury Hourglass"},{"floor":17.0,"key":"Prayer Wheel"},{"floor":23.0,"key":"Bag of Preparation"},{"floor":25.0,"key":"MealTicket"},{"floor":26.0,"key":"Blood Vial"},{"floor":31.0,"key":"PreservedInsect"},{"floor":44.0,"key":"Centennial Puzzle"},{"floor":48.0,"key":"War Paint"},{"floor":54,"key":"Mummified Hand"}],"event_choices":[{"cards_removed":["Defend_B"],"damage_healed":0.0,"max_hp_gain":0.0,"max_hp_loss":0.0,"gold_gain":0.0,"event_name":"Golden Wing","player_choice":"Card Removal","floor":2.0,"gold_loss":0.0,"damage_taken":7.0},{"damage_healed":17.0,"max_hp_gain":0.0,"max_hp_loss":0.0,"gold_gain":0.0,"event_name":"The Cleric","player_choice":"Healed","floor":5.0,"gold_loss":35.0,"damage_taken":0.0},{"damage_healed":0.0,"max_hp_gain":0.0,"max_hp_loss":0.0,"gold_gain":0.0,"event_name":"Wheel of Change","player_choice":"Cursed","floor":20.0,"gold_loss":0.0,"damage_taken":0.0,"cards_obtained":["Decay"]},{"damage_healed":22.0,"max_hp_gain":0.0,"max_hp_loss":0.0,"gold_gain":0.0,"event_name":"The Library","player_choice":"Heal","floor":28.0,"gold_loss":0.0,"damage_taken":0.0},{"damage_healed":0.0,"max_hp_gain":0.0,"max_hp_loss":0.0,"gold_gain":999.0,"event_name":"MindBloom","player_choice":"Gold","floor":36.0,"gold_loss":0.0,"damage_taken":0.0,"cards_obtained":["Normality","Normality"]},{"damage_healed":0.0,"max_hp_gain":0.0,"max_hp_loss":0.0,"gold_gain":0.0,"event_name":"Match and Keep!","player_choice":"1 cards matched","floor":46.0,"gold_loss":0.0,"damage_taken":0.0,"cards_obtained":["BootSequence"]}],"is_beta":false,"boss_relics":[{"not_picked":["Ectoplasm","Snecko Eye"],"picked":"Calling Bell"},{"not_picked":["Astrolabe","Empty Cage"],"picked":"Velvet Choker"}],"items_purged_floors":[13,21,38,41,53],"is_endless":false,"potions_floor_spawned":[1,4,11,23,25,29,31,35,37,48],"killed_by":"The Heart","ascension_level":3}}