{"host":"2o3sockympbxxanu","time":1610738537,"event":{"mods":["AchievementEnabler","BaseMod","Colored Map","Colored Powertips","Conspire","Highlight Path","Infinite Spire","Minty Spire (QoL Compilation)","Replay The Spire","Shop Mod","StSLib","SuperFastMode"],"gold_per_floor":[110,110,123,137,150,150,178,198,244,259,259,259,259,271,271,370,370,390,406,406,143,143,168,168,182,182,136,136,136,136,152,152,262,262,292,331,331,372,412,412,412,412],"floor_reached":41,"language":"ZHS","playtime":2039,"items_purged":[],"score":593,"play_id":"cc574b2b-53d2-4603-bdbd-6319b3ef8c2f","local_time":"20210116032217","is_ascension_mode":true,"campfire_choices":[{"data":"Eruption","floor":6.0,"key":"SMITH"},{"floor":11.0,"key":"REST"},{"data":"CarveReality","floor":13.0,"key":"SMITH"},{"data":"Replay:Hum","floor":15.0,"key":"SMITH"},{"data":"Judgement","floor":24.0,"key":"SMITH"},{"data":"PathToVictory","floor":28.0,"key":"SMITH"},{"data":"ThirdEye","floor":30.0,"key":"SMITH"},{"data":"Nirvana","floor":32.0,"key":"SMITH"},{"data":"Prostrate","floor":40.0,"key":"SMITH"}],"circlet_count":0,"master_deck":["Strike_P","Strike_P","Strike_P","Defend_P","Defend_P","Defend_P","Eruption+1","Vigilance","JustLucky","Protect","Replay:Hum+1","Consecrate","FlyingSleeves","CarveReality+1","ThirdEye+1","SandsOfTime","Judgement+1","Prostrate","FollowUp","DeusExMachina+1","Nirvana+1","ClearTheMind+1","PathToVictory+1","Replay:ManipulateFuture","DevaForm","Wireheading+1","Prostrate+1","CarveReality+1"],"relics":["HolyWater","NeowsBlessing","infinitespire:FocusingShard","Sling","Onion Ring","Eternal Feather","Lizard Tail","Chemical X","infinitespire:EvilPickle"],"acts_visited":["Exordium","TheCity","TheBeyond"],"potions_floor_usage":[41,41],"damage_taken":[{"damage":0.0,"enemies":"Jaw Worm","floor":1.0,"turns":1.0},{"damage":0.0,"enemies":"Cultist","floor":3.0,"turns":1.0},{"damage":0.0,"enemies":"2 Louse","floor":4.0,"turns":1.0},{"damage":6.0,"enemies":"Red Slaver","floor":5.0,"turns":6.0},{"damage":31.0,"enemies":"Gremlin Nob","floor":7.0,"turns":4.0},{"damage":7.0,"enemies":"Exordium Thugs","floor":8.0,"turns":4.0},{"damage":14.0,"enemies":"Exordium Wildlife","floor":10.0,"turns":3.0},{"damage":0.0,"enemies":"Blue Slaver","floor":14.0,"turns":3.0},{"damage":20.0,"enemies":"Hexaghost","floor":16.0,"turns":8.0},{"damage":0.0,"enemies":"Spheric Guardian","floor":18.0,"turns":2.0},{"damage":6.0,"enemies":"2 Thieves","floor":19.0,"turns":3.0},{"damage":16.0,"enemies":"Gremlin Leader","floor":23.0,"turns":6.0},{"damage":6.0,"enemies":"Cultist and Chosen","floor":25.0,"turns":4.0},{"damage":18.0,"enemies":"Snecko","floor":31.0,"turns":5.0},{"damage":60.0,"enemies":"Pondfish","floor":33.0,"turns":10.0},{"damage":13.0,"enemies":"3 Shapes","floor":35.0,"turns":5.0},{"damage":36.0,"enemies":"3 Darklings","floor":36.0,"turns":5.0},{"damage":11.0,"enemies":"4 Shapes","floor":38.0,"turns":6.0},{"damage":16.0,"enemies":"Transient","floor":39.0,"turns":5.0},{"damage":52,"enemies":"Nightmare","floor":41,"turns":4}],"seed_played":"8462726942136985914","potions_obtained":[{"floor":1.0,"key":"Toxic Potion"},{"floor":3.0,"key":"Milkshake"},{"floor":8.0,"key":"Dexterity Potion"},{"floor":16.0,"key":"Strength Potion"},{"floor":19.0,"key":"BottledMiracle"},{"floor":23.0,"key":"FearPotion"},{"floor":39.0,"key":"Languid Potion"}],"is_trial":false,"path_per_floor":["M","?","M","M","M","R","E","M","T","M","R","?","R","M","R","B",null,"M","M","?","$","T","E","R","M","T","$","R","AVR","R","M","R","B",null,"M","M","?","M","M","R","NM"],"character_chosen":"WATCHER","items_purchased":["Sling","DeusExMachina+1","PathToVictory"],"campfire_rested":1,"item_purchase_floors":[21,21,27],"current_hp_per_floor":[72,72,72,72,66,66,35,28,28,14,35,35,35,35,35,15,72,72,66,66,66,66,50,62,56,56,56,68,68,72,54,66,6,72,59,23,23,12,36,51,0,0],"gold":412,"neow_bonus":"THREE_ENEMY_KILL","is_daily":false,"chose_seed":false,"campfire_upgraded":8,"win_rate":0.0,"timestamp":1610738537,"path_taken":["M","?","M","M","M","R","E","M","T","?","R","?","R","?","R","BOSS","M","M","?","$","?","E","R","M","T","?","R","AVR","R","M","R","BOSS","M","M","?","M","M","R","NM"],"items_purchased_type":["Relic","Card","Card"],"build_version":"2020-12-22","purchased_purges":0,"victory":false,"max_hp_per_floor":[72,72,72,72,72,72,72,72,72,72,72,72,72,72,72,72,72,72,72,72,72,72,72,72,72,72,72,72,72,72,72,72,72,72,72,72,72,72,72,72,72,72],"card_choices":[{"not_picked":["Tantrum","Replay:BluntJabs"],"picked":"JustLucky","floor":1.0},{"not_picked":["CrushJoints","Evaluate"],"picked":"Protect","floor":3.0},{"not_picked":["Replay:BluntJabs","Blasphemy"],"picked":"Replay:Hum","floor":4.0},{"not_picked":["FlyingSleeves","Replay:BluntJabs"],"picked":"Consecrate","floor":5.0},{"not_picked":["Fasting2","Replay:AtTheReady"],"picked":"FlyingSleeves","floor":7.0},{"not_picked":["Replay:LoomingThreat","Fasting2"],"picked":"CarveReality","floor":8.0},{"not_picked":["JustLucky","Replay:Battleflow"],"picked":"ThirdEye","floor":10.0},{"not_picked":["FlyingSleeves","Replay:Cycle"],"picked":"SandsOfTime","floor":14.0},{"not_picked":["MasterReality","Establishment"],"picked":"Judgement","floor":16.0},{"not_picked":["Conclude","FollowUp"],"picked":"Prostrate","floor":18.0},{"not_picked":["Study","Meditate"],"picked":"FollowUp","floor":19.0},{"not_picked":["JustLucky","Weave"],"picked":"Nirvana","floor":23.0},{"not_picked":["Replay:BluntJabs","Nirvana+1"],"picked":"ClearTheMind+1","floor":25.0},{"not_picked":["FlurryOfBlows","Evaluate"],"picked":"Replay:ManipulateFuture","floor":31.0},{"not_picked":["Brilliance","Vault"],"picked":"DevaForm","floor":33.0},{"not_picked":["FollowUp+1","InnerPeace"],"picked":"Wireheading+1","floor":35.0},{"not_picked":["EmptyBody","LikeWater","Indignation"],"picked":"SKIP","floor":36.0},{"not_picked":["EmptyBody","LikeWater","Indignation"],"picked":"SKIP","floor":36.0},{"not_picked":["SandsOfTime","Worship+1"],"picked":"Prostrate","floor":38.0},{"not_picked":["CutThroughFate+1","EmptyMind"],"picked":"CarveReality+1","floor":39.0}],"player_experience":315817,"relics_obtained":[{"floor":7.0,"key":"infinitespire:FocusingShard"},{"floor":22.0,"key":"Onion Ring"},{"floor":23.0,"key":"Eternal Feather"},{"floor":26.0,"key":"Lizard Tail"}],"event_choices":[{"cards_removed":["Defend_P"],"damage_healed":0.0,"max_hp_gain":0.0,"max_hp_loss":0.0,"gold_gain":0.0,"event_name":"Bonfire Elementals","player_choice":"Offered Basic","floor":2.0,"gold_loss":0.0,"damage_taken":0.0},{"cards_removed":["Strike_P"],"damage_healed":0.0,"max_hp_gain":0.0,"max_hp_loss":0.0,"gold_gain":0.0,"event_name":"Purifier","player_choice":"Purged","floor":12.0,"gold_loss":0.0,"damage_taken":0.0},{"damage_healed":0.0,"max_hp_gain":0.0,"max_hp_loss":0.0,"gold_gain":0.0,"event_name":"The Woman in Blue","player_choice":"Bought 0 Potions","floor":37.0,"gold_loss":0.0,"damage_taken":0.0}],"is_beta":false,"boss_relics":[{"not_picked":["Runic Dome","conspire:SeveredTorchhead","Honey Jar"]},{"not_picked":["Replay:Drink Me","ChewingGum"],"picked":"HolyWater"}],"items_purged_floors":[],"is_endless":false,"potions_floor_spawned":[1,3,8,16,19,23,25,31,33,38,39],"killed_by":"Nightmare","ascension_level":1}}