{"host":"oigynbtg272c19pw","time":1610708742,"event":{"mods":["BaseMod","Colored Map","Minty Spire (QoL Compilation)","Relic Stats","StSLib"],"gold_per_floor":[115,265,56,72,72,72,103,103,177,17,47,5,5,32,32,32,32],"floor_reached":16,"playtime":708,"items_purged":["Doubt"],"score":208,"play_id":"0dcb90b2-563a-4096-8b7f-78499f115ea1","local_time":"20210115120542","is_ascension_mode":true,"campfire_choices":[{"data":"Hologram","floor":6,"key":"SMITH"},{"data":"Aggregate","floor":8,"key":"SMITH"},{"data":"Chaos","floor":13,"key":"SMITH"},{"floor":15,"key":"REST"}],"circlet_count":0,"master_deck":["AscendersBane","Strike_B","Strike_B","Strike_B","Strike_B","Defend_B","Defend_B","Defend_B","Defend_B","Zap","Dualcast","Cold Snap","Ball Lightning","Skim","Hologram+1","Aggregate+1","BootSequence","Chaos+1","Electrodynamics"],"relics":["Philosopher\u0027s Stone","Omamori","Letter Opener","Membership Card","Odd Mushroom","Singing Bowl"],"acts_visited":["Exordium"],"potions_floor_usage":[7,16],"damage_taken":[{"damage":3,"enemies":"Jaw Worm","floor":1,"turns":4},{"damage":1,"enemies":"2 Louse","floor":4,"turns":3},{"damage":15,"enemies":"Lagavulin","floor":7,"turns":6},{"damage":17,"enemies":"The Mushroom Lair","floor":11,"turns":4},{"damage":29,"enemies":"3 Sentries","floor":14,"turns":8},{"damage":28,"enemies":"The Guardian","floor":16,"turns":5}],"seed_played":"-103539878764973335","potions_obtained":[{"floor":4,"key":"DistilledChaos"},{"floor":14,"key":"ColorlessPotion"}],"is_trial":false,"path_per_floor":["M","?","$","M","?","R","E","R","T","$","?","$","R","E","R","B"],"character_chosen":"DEFECT","items_purchased":["Ball Lightning","Skim","Membership Card","Chaos"],"campfire_rested":1,"item_purchase_floors":[3,3,10,12],"current_hp_per_floor":[61,61,61,60,65,65,50,50,50,50,33,33,33,4,26,0,0],"gold":32,"neow_bonus":"BOSS_RELIC","is_daily":false,"chose_seed":false,"campfire_upgraded":3,"win_rate":0.0,"timestamp":1610708742,"path_taken":["M","?","$","M","?","R","E","R","T","$","?","?","R","E","R","BOSS"],"items_purchased_type":["Card","Card","Relic","Card"],"build_version":"2020-12-13","purchased_purges":1,"victory":false,"max_hp_per_floor":[71,71,71,71,76,76,76,76,76,76,76,76,76,76,76,76,76],"relic_stats":{"Singing Bowl":0,"counters":[6,30],"Letter Opener":[63],"obtain_stats":[{"Singing Bowl":14,"Philosopher\u0027s Stone":0,"Omamori":7,"Letter Opener":9,"Membership Card":10,"Odd Mushroom":11,"Cracked Core":0},{"Singing Bowl":5,"Philosopher\u0027s Stone":0,"Omamori":3,"Letter Opener":3,"Membership Card":3,"Odd Mushroom":4,"Cracked Core":0},{"Singing Bowl":25,"Philosopher\u0027s Stone":0,"Omamori":13,"Letter Opener":13,"Membership Card":13,"Odd Mushroom":17,"Cracked Core":0}]},"card_choices":[{"not_picked":["Sweeping Beam","Skim"],"picked":"Cold Snap","floor":1},{"not_picked":["Storm","Rebound"],"picked":"Hologram","floor":4},{"not_picked":["Stack","Streamline"],"picked":"Aggregate","floor":7},{"not_picked":["Ball Lightning","Scrape"],"picked":"BootSequence","floor":11},{"not_picked":["Hello World","Self Repair"],"picked":"Electrodynamics","floor":14}],"player_experience":1398270,"relics_obtained":[{"floor":7,"key":"Omamori"},{"floor":9,"key":"Letter Opener"},{"floor":11,"key":"Odd Mushroom"},{"floor":14,"key":"Singing Bowl"}],"event_choices":[{"damage_healed":0,"gold_gain":150,"player_choice":"AGREE","damage_taken":0,"max_hp_gain":0,"max_hp_loss":0,"event_name":"Liars Game","floor":2,"gold_loss":0,"cards_obtained":["Doubt"]},{"damage_healed":0,"gold_gain":0,"player_choice":"Donut","damage_taken":0,"max_hp_gain":5,"max_hp_loss":0,"event_name":"Big Fish","floor":5,"gold_loss":0},{"damage_healed":0,"gold_gain":0,"player_choice":"Fought Mushrooms","damage_taken":0,"max_hp_gain":0,"max_hp_loss":0,"event_name":"Mushrooms","floor":11,"gold_loss":0}],"is_beta":false,"boss_relics":[],"items_purged_floors":[3],"is_endless":false,"potions_floor_spawned":[4,14],"killed_by":"The Guardian","ascension_level":20}}