{"host":"c3lc60y5x60jlt1y","time":1610712144,"event":{"mods":["AchievementEnabler","BaseMod","Bestiary","Colored Map","Minty Spire (QoL Compilation)","Quick Restart","StSLib","ojb\u0027s Info Mod"],"gold_per_floor":[113,61,61,61,72,72,106,106,129,161,181,192,192,227,227,227,227],"floor_reached":16,"language":"ENG","playtime":635,"items_purged":[],"score":186,"play_id":"36e99449-3682-4f2d-a55a-e69fd6fdacc0","local_time":"20210115140224","is_ascension_mode":true,"campfire_choices":[{"data":"Dualcast","floor":6,"key":"SMITH"},{"data":"Blizzard","floor":8,"key":"SMITH"},{"data":"Glacier","floor":13,"key":"SMITH"},{"floor":15,"key":"REST"}],"circlet_count":0,"master_deck":["Strike_B","Strike_B","Strike_B","Strike_B","Defend_B","Defend_B+1","Defend_B","Defend_B","Zap","Dualcast+1","Compile Driver","Coolheaded+1","Sweeping Beam","Blizzard+1","Glacier+1","Melter","Thunder Strike","Loop"],"relics":["Cracked Core","NeowsBlessing","Eternal Feather","Juzu Bracelet","Lantern","Bird Faced Urn"],"acts_visited":["Exordium"],"potions_floor_usage":[10],"damage_taken":[{"damage":0,"enemies":"Small Slimes","floor":1,"turns":1},{"damage":0,"enemies":"2 Louse","floor":5,"turns":1},{"damage":0,"enemies":"3 Sentries","floor":7,"turns":1},{"damage":20,"enemies":"Lagavulin","floor":10,"turns":8},{"damage":1,"enemies":"Jaw Worm","floor":11,"turns":3},{"damage":10,"enemies":"Gremlin Gang","floor":12,"turns":3},{"damage":22,"enemies":"Gremlin Nob","floor":14,"turns":5},{"damage":52,"enemies":"Slime Boss","floor":16,"turns":7}],"seed_played":"6694679713014021013","potions_obtained":[{"floor":7,"key":"SkillPotion"}],"is_trial":false,"path_per_floor":["M","$","?","?","M","R","E","R","T","E","M","M","R","E","R","B"],"character_chosen":"DEFECT","items_purchased":["Coolheaded"],"campfire_rested":1,"item_purchase_floors":[2],"current_hp_per_floor":[68,68,53,53,53,53,53,59,59,39,38,28,37,15,46,0,0],"gold":227,"neow_bonus":"THREE_ENEMY_KILL","is_daily":false,"chose_seed":false,"campfire_upgraded":3,"win_rate":0.0,"timestamp":1610712144,"path_taken":["M","$","?","?","M","R","E","R","T","E","M","M","R","E","R","BOSS"],"items_purchased_type":["Card"],"build_version":"2020-12-22","purchased_purges":0,"victory":false,"max_hp_per_floor":[75,75,75,75,75,75,75,75,75,75,75,75,75,75,75,75,75],"card_choices":[{"not_picked":["Steam","Rebound"],"picked":"Compile Driver","floor":1},{"not_picked":["Force Field","Stack"],"picked":"Sweeping Beam","floor":5},{"not_picked":["Cold Snap","Reinforced Body"],"picked":"Blizzard","floor":7},{"not_picked":["Go for the Eyes","Scrape"],"picked":"Glacier","floor":10},{"not_picked":["Steam","Heatsinks"],"picked":"Melter","floor":11},{"not_picked":["Leap","Coolheaded"],"picked":"Thunder Strike","floor":12},{"not_picked":["Leap","Barrage"],"picked":"Loop","floor":14}],"player_experience":8074539,"relics_obtained":[{"floor":7,"key":"Eternal Feather"},{"floor":9,"key":"Juzu Bracelet"},{"floor":10,"key":"Lantern"},{"floor":14,"key":"Bird Faced Urn"}],"event_choices":[{"damage_healed":0,"gold_gain":0,"player_choice":"Entered Light","damage_taken":15,"max_hp_gain":0,"max_hp_loss":0,"event_name":"Shining Light","floor":3,"gold_loss":0,"cards_upgraded":["Coolheaded","Defend_B"]},{"damage_healed":0,"gold_gain":0,"player_choice":"Ignored","damage_taken":0,"max_hp_gain":0,"max_hp_loss":0,"event_name":"Liars Game","floor":4,"gold_loss":0}],"is_beta":false,"boss_relics":[],"items_purged_floors":[],"is_endless":false,"potions_floor_spawned":[7],"killed_by":"Slime Boss","ascension_level":6}}