{"host":"ekyl8r8j8fco3zlk","time":1610714460,"event":{"mods":["ATMod(∞¢Ë™Mod)","Act Like it!","Arknights The Spire","BaseMod","CapriCore","Decade(Õı–°√˜)","Friendly Minions","Gensokyo","Lobotomy","LobotomyExtend","Marisa£®ÏF”Í°°ƒß¿Ì…≥£©","Minty Spire (QoL Compilation)","READ ME - Guardian Mod","Rare Cards Sparkle","Reimu£®≤©¿ˆ¡È√Œ£©","StSLib","The Alterego","The Immortal","The Jungle","Waifu the Spire","WarShipGirlsR/’ΩΩ¢…Ÿ≈ÆR mod","°æ“≈ŒÔø®≈∆°øREMEMod"],"gold_per_floor":[220,180,64,81,98,98,129,129,129,142,142,155,155,186,186,284,284,295,295,315,515,527,527,539,539,539,608,608,608,659,659,659,671,671],"floor_reached":33,"language":"ZHS","playtime":1400,"items_purged":[],"score":325,"play_id":"ca3009b3-303e-49f4-95bb-67a1e34a7829","local_time":"20210115204100","is_ascension_mode":false,"campfire_choices":[{"data":"AT_LightSaberMaster","floor":6,"key":"SMITH"},{"data":"alterego_mod:IndependentAction","floor":8,"key":"SMITH"},{"data":"alterego_mod:Lift","floor":13,"key":"SMITH"},{"data":"alterego_mod:Undulate","floor":15,"key":"SMITH"},{"data":"alterego_mod:Weigh","floor":23,"key":"SMITH"},{"data":"alterego_mod:SuperDuperMasochism","floor":25,"key":"SMITH"},{"floor":29,"key":"REST"},{"data":"alterego_mod:DiscoLights","floor":32,"key":"SMITH"}],"circlet_count":0,"master_deck":["alterego_mod:Strike+1","alterego_mod:Strike+1","alterego_mod:Strike+1","alterego_mod:Strike+1","alterego_mod:Defend+1","alterego_mod:Defend+1","alterego_mod:Defend+1","alterego_mod:Defend+1","alterego_mod:Impale","alterego_mod:BigMeatyClaws","alterego_mod:BrynhildrsRune","AT_LightSaberMaster+1","alterego_mod:Lift+1","alterego_mod:IndependentAction+1","alterego_mod:SakuraFive","alterego_mod:Cooking","alterego_mod:DiscoLights+1","alterego_mod:BiFurious","alterego_mod:Undulate+1","alterego_mod:Weigh+1","alterego_mod:Exercise","alterego_mod:TrickOrTreatment","alterego_mod:HighServant+1","alterego_mod:Skirt+1","alterego_mod:ChallengeComplete+1","alterego_mod:SuperDuperMasochism+1","alterego_mod:Crossover+1"],"relics":["alterego_mod:MasochisticConstitution","AT_ATBox","REME_ComplimentaryCards","LetterFromLob","PaintedHorse:ReiMu","AT_TimeSand","Tiny Chest","MealTicket","REME_LowDesire","AT_ArchangelStaff","Art of War","REME_ArchaeologicalTools","Ginger","AT_DeathDance"],"acts_visited":["Exordium","TheCity"],"potions_floor_usage":[4,14,18,24,33],"damage_taken":[{"damage":5,"enemies":"Jaw Worm","floor":1,"turns":6},{"damage":1,"enemies":"Cultist","floor":4,"turns":3},{"damage":3,"enemies":"2 Louse","floor":5,"turns":4},{"damage":19,"enemies":"3 Sentries","floor":7,"turns":8},{"damage":13,"enemies":"Exordium Thugs","floor":10,"turns":4},{"damage":7,"enemies":"3 Louse","floor":12,"turns":4},{"damage":24,"enemies":"Lagavulin","floor":14,"turns":4},{"damage":0,"enemies":"Slime Boss","floor":16,"turns":4},{"damage":24,"enemies":"2 Thieves","floor":18,"turns":4},{"damage":28,"enemies":"3 Byrds","floor":20,"turns":7},{"damage":18,"enemies":"Shelled Parasite and Fungi","floor":22,"turns":6},{"damage":1,"enemies":"Snake Plant","floor":24,"turns":3},{"damage":29,"enemies":"REME_1_Revenger","floor":27,"turns":3},{"damage":18,"enemies":"Centurion and Healer","floor":30,"turns":4},{"damage":39,"enemies":"Collector","floor":33,"turns":6}],"seed_played":"5242068577654250652","potions_obtained":[{"floor":1,"key":"Strength Potion"},{"floor":4,"key":"SkillPotion"},{"floor":5,"key":"SteroidPotion"},{"floor":12,"key":"Strength Potion"},{"floor":14,"key":"Ancient Potion"},{"floor":24,"key":"CultistPotion"}],"is_trial":false,"path_per_floor":["M","?","$","M","M","R","E","R","T","M","$","M","R","E","R","B",null,"M","?","M","?","M","R","M","R","T","E","T","R","M","?","R","B"],"character_chosen":"The_Alterego","items_purchased":["alterego_mod:SakuraFive","alterego_mod:Cooking"],"campfire_rested":1,"item_purchase_floors":[3,3],"current_hp_per_floor":[66,66,66,72,70,70,55,55,55,49,49,46,46,26,26,29,77,57,57,43,43,36,36,39,39,39,11,11,35,21,21,21,0,0],"gold":671,"neow_bonus":"HUNDRED_GOLD","is_daily":false,"chose_seed":false,"campfire_upgraded":7,"win_rate":0.0,"timestamp":1610714460,"path_taken":["M","?","?","M","?","R","E","R","T","M","$","M","R","E","R","BOSS","M","?","M","?","?","R","M","R","T","E","?","R","M","?","R","BOSS"],"items_purchased_type":["Card","Card"],"build_version":"2020-12-22","purchased_purges":0,"victory":false,"max_hp_per_floor":[71,71,71,72,73,73,74,74,74,75,75,76,76,77,77,77,77,78,78,79,79,80,80,81,81,81,82,82,82,83,83,83,83,83],"card_choices":[{"not_picked":["alterego_mod:Bloomers","alterego_mod:DeftHands"],"picked":"alterego_mod:IndependentAction","floor":1},{"not_picked":["alterego_mod:ChallengeComplete","alterego_mod:1TonWallop"],"picked":"alterego_mod:DiscoLights","floor":4},{"not_picked":["alterego_mod:SakuraFive","alterego_mod:Punishment"],"picked":"alterego_mod:BiFurious","floor":5},{"not_picked":["alterego_mod:HighServant","alterego_mod:BreastValley","alterego_mod:DestructionOfProperty"],"picked":"SKIP","floor":7},{"not_picked":["alterego_mod:GoddessCore","alterego_mod:DeftHands"],"picked":"alterego_mod:Undulate","floor":10},{"not_picked":["alterego_mod:Mirror","alterego_mod:Complex"],"picked":"alterego_mod:Weigh","floor":12},{"not_picked":["alterego_mod:DiscoLights","alterego_mod:Jiggle"],"picked":"alterego_mod:Exercise","floor":14},{"not_picked":["alterego_mod:IdEs","alterego_mod:Vow"],"picked":"alterego_mod:TrickOrTreatment","floor":16},{"not_picked":["alterego_mod:TrashNCrash","alterego_mod:Complex","Blind"],"picked":"alterego_mod:HighServant+1","floor":18},{"not_picked":["alterego_mod:Pet","alterego_mod:Complex","Apotheosis"],"picked":"alterego_mod:Skirt+1","floor":20},{"not_picked":["alterego_mod:BrynhildrRomantia","alterego_mod:Undulate","REME_AllRoundStrike"],"picked":"alterego_mod:ChallengeComplete+1","floor":22},{"not_picked":["alterego_mod:PresenceConcealment","alterego_mod:Table","REME_MagicPocketWatch+1"],"picked":"alterego_mod:SuperDuperMasochism","floor":24},{"not_picked":["alterego_mod:DestructionOfProperty","alterego_mod:IndependentAction","alterego_mod:Undulate","Good Instincts"],"picked":"SKIP","floor":27},{"not_picked":["alterego_mod:BeGentle","alterego_mod:BustOut","REME_HeartOfCthun"],"picked":"alterego_mod:Crossover+1","floor":30}],"player_experience":661741,"relics_obtained":[{"floor":1,"key":"LetterFromLob"},{"floor":7,"key":"AT_TimeSand"},{"floor":9,"key":"Tiny Chest"},{"floor":14,"key":"MealTicket"},{"floor":17,"key":"AT_ArchangelStaff"},{"floor":17,"key":"Art of War"},{"floor":26,"key":"REME_ArchaeologicalTools"},{"floor":27,"key":"Ginger"},{"floor":28,"key":"AT_DeathDance"}],"event_choices":[{"damage_healed":0,"gold_gain":0,"player_choice":"»˚«Æ","damage_taken":0,"relics_obtained":["PaintedHorse:ReiMu"],"max_hp_gain":0,"max_hp_loss":0,"event_name":"yidonshenshe","floor":2,"gold_loss":40},{"damage_healed":0,"gold_gain":200,"player_choice":"Gold","damage_taken":0,"max_hp_gain":0,"max_hp_loss":0,"event_name":"Wheel of Change","floor":21,"gold_loss":0},{"damage_healed":0,"gold_gain":0,"player_choice":"Simplicity","damage_taken":0,"max_hp_gain":0,"max_hp_loss":0,"event_name":"Back to Basics","floor":31,"gold_loss":0,"cards_upgraded":["alterego_mod:Strike","alterego_mod:Strike","alterego_mod:Strike","alterego_mod:Strike","alterego_mod:Defend","alterego_mod:Defend","alterego_mod:Defend","alterego_mod:Defend"]}],"is_beta":false,"boss_relics":[{"not_picked":["Tiny House","Pandora\u0027s Box"],"picked":"REME_LowDesire"}],"items_purged_floors":[],"is_endless":false,"potions_floor_spawned":[1,4,5,12,14,24],"killed_by":"Collector","ascension_level":0}}