{"host":"i0avyit1s6jb1siw","time":1610722897,"event":{"mods":["BaseMod","DeckTracker","Dota2Spire","Highlight Path","Minty Spire (QoL Compilation)","Quick Restart","StSLib","SuperFastMode"],"gold_per_floor":[113,133,133,148,224,224,242,242,290,290,24,59,34,44,44,118,118,133,133,133,152,67,85,85,85],"floor_reached":24,"language":"ENG","playtime":425,"items_purged":["Strike_G"],"score":392,"play_id":"a21a48b8-6944-48fd-8355-42deef431fee","local_time":"20210115160137","is_ascension_mode":true,"campfire_choices":[{"data":"Acrobatics","floor":6,"key":"SMITH"},{"data":"Eviscerate","floor":8,"key":"SMITH"},{"data":"Neutralize","floor":10,"key":"SMITH"},{"data":"Deadly Poison","floor":15,"key":"SMITH"}],"circlet_count":0,"master_deck":["AscendersBane","Strike_G","Strike_G","Strike_G","Defend_G","Defend_G","Defend_G","Defend_G","Survivor","Neutralize+1","Expertise","Eviscerate+1","Acrobatics+1","Blade Dance+1","Deflect","Deadly Poison+1","Wraith Form v2","Escape Plan","Heel Hook+1"],"relics":["Ring of the Snake","White Beast Statue","Pen Nib","ClockworkSouvenir","Bag of Marbles","WristBlade","Girya"],"acts_visited":["Exordium","TheCity"],"potions_floor_usage":[12,21,24],"damage_taken":[{"damage":0,"enemies":"Jaw Worm","floor":1,"turns":5},{"damage":1,"enemies":"Small Slimes","floor":2,"turns":4},{"damage":0,"enemies":"2 Louse","floor":4,"turns":3},{"damage":1,"enemies":"Looter","floor":7,"turns":3},{"damage":16,"enemies":"3 Sentries","floor":12,"turns":8},{"damage":0,"enemies":"Large Slime","floor":14,"turns":1},{"damage":9,"enemies":"The Guardian","floor":16,"turns":12},{"damage":14,"enemies":"Shell Parasite","floor":18,"turns":4},{"damage":0,"enemies":"Chosen","floor":21,"turns":3},{"damage":14,"enemies":"Snake Plant","floor":23,"turns":3},{"damage":25,"enemies":"Gremlin Leader","floor":24,"turns":3}],"seed_played":"-3980736393972602053","potions_obtained":[{"floor":1,"key":"ColorlessPotion"},{"floor":7,"key":"Block Potion"},{"floor":12,"key":"Fire Potion"},{"floor":14,"key":"AttackPotion"},{"floor":21,"key":"SpeedPotion"}],"is_trial":false,"path_per_floor":["M","M","?","M","T","R","M","R","T","R","$","E","$","M","R","B",null,"M","?","?","M","?","M","E"],"character_chosen":"THE_SILENT","items_purchased":["ClockworkSouvenir","Deflect","Deadly Poison"],"campfire_rested":0,"item_purchase_floors":[11,11,13],"current_hp_per_floor":[59,58,58,58,58,58,57,57,57,57,57,41,41,41,41,32,53,39,39,39,39,39,25,0,0],"gold":85,"neow_bonus":"TRANSFORM_TWO_CARDS","is_daily":false,"chose_seed":false,"campfire_upgraded":4,"win_rate":0.0,"timestamp":1610722897,"path_taken":["M","M","?","M","?","R","M","R","T","R","$","E","$","M","R","BOSS","M","?","?","M","?","M","E"],"items_purchased_type":["Relic","Card","Card"],"build_version":"2020-12-22","purchased_purges":1,"victory":false,"max_hp_per_floor":[60,60,60,60,60,60,60,60,60,60,60,60,60,60,60,60,60,60,60,60,60,60,60,60,60],"card_choices":[{"not_picked":["Riddle With Holes","Eviscerate"],"picked":"Acrobatics","floor":1},{"not_picked":["Eviscerate","Choke"],"picked":"Blade Dance","floor":2},{"not_picked":["Cloak And Dagger","Blade Dance","Catalyst"],"picked":"SKIP","floor":4},{"not_picked":["Choke","Sucker Punch","Dash"],"picked":"SKIP","floor":7},{"not_picked":["Acrobatics","All Out Attack","Backflip"],"picked":"SKIP","floor":12},{"not_picked":["Eviscerate","Blade Dance","Infinite Blades"],"picked":"SKIP","floor":14},{"not_picked":["Corpse Explosion","Glass Knife"],"picked":"Wraith Form v2","floor":16},{"not_picked":["Sucker Punch","Acrobatics"],"picked":"Escape Plan","floor":18},{"not_picked":["Infinite Blades","Setup","Bane"],"picked":"SKIP","floor":21},{"not_picked":["Dagger Throw","Endless Agony"],"picked":"Heel Hook+1","floor":23}],"player_experience":2244202,"relics_obtained":[{"floor":5,"key":"White Beast Statue"},{"floor":9,"key":"Pen Nib"},{"floor":12,"key":"Bag of Marbles"}],"event_choices":[{"damage_healed":0,"gold_gain":0,"player_choice":"Grow","damage_taken":0,"max_hp_gain":0,"max_hp_loss":0,"event_name":"Living Wall","floor":3,"gold_loss":0,"cards_upgraded":["Blade Dance"]},{"damage_healed":0,"gold_gain":0,"player_choice":"Ignored","damage_taken":0,"max_hp_gain":0,"max_hp_loss":0,"event_name":"The Mausoleum","floor":19,"gold_loss":0},{"damage_healed":0,"gold_gain":0,"player_choice":"Ignored","damage_taken":0,"max_hp_gain":0,"max_hp_loss":0,"event_name":"Vampires","floor":20,"gold_loss":0},{"damage_healed":0,"gold_gain":0,"player_choice":"Obtained Relic","damage_taken":0,"relics_obtained":["Girya"],"max_hp_gain":0,"max_hp_loss":0,"event_name":"Addict","floor":22,"gold_loss":85}],"is_beta":false,"boss_relics":[{"not_picked":["Ectoplasm","Cursed Key"],"picked":"WristBlade"}],"items_purged_floors":[11],"is_endless":false,"potions_floor_spawned":[1,7,12,14,16,18,21,23],"killed_by":"Gremlin Leader","ascension_level":20}}