{"host":"o5or1zybx7au40zl","time":1610725316,"event":{"mods":["Act Like it!","Aspiration","BaseMod","Better Third Choice","Conspire","Dota2Spire","GungeonMod","Halation","Hubris","Minty Spire (QoL Compilation)","Replay The Spire","StSLib","The Jungle","Yuri Mod","vexMod"],"gold_per_floor":[114,147,165,179,190,190,201,229,229,260,323,323,338,353,353,457,457,457,457,48,48,48,48,48],"floor_reached":23,"language":"ENG","playtime":655,"items_purged":[],"score":203,"play_id":"ce451a56-749f-47d6-971a-478aa32100e0","local_time":"20210115164156","is_ascension_mode":false,"campfire_choices":[{"floor":6,"key":"RECALL"},{"floor":12,"key":"REST"},{"floor":15,"key":"REST"}],"circlet_count":0,"master_deck":["DemoMod:Strike_Huntress+1","DemoMod:Strike_Huntress","DemoMod:Strike_Huntress","DemoMod:Defend_Huntress","DemoMod:Defend_Huntress","DemoMod:Defend_Huntress","DemoMod:Defend_Huntress","DemoMod:Roll","DemoMod:ManualReload","DemoMod:RustySidearm","DemoMod:CrossBow","DemoMod:Desperate+1","DemoMod:TeaPot","DemoMod:TeaPot","DemoMod:Casey","DemoMod:RadGun","DemoMod:LifeOrb","DemoMod:FightSabre","DemoMod:Evolver","DemoMod:BlankBullets","DemoMod:MegaHand"],"relics":["DemoMod:Dog","NeowsBlessing","StrikeDummy","Vajra","Gremlin Food","Ectoplasm","Replay:Bottled Snecko","vexMod:FocusSash","Ancient Tea Set"],"acts_visited":["Exordium","Exordium"],"potions_floor_usage":[8,10,10,23,23],"damage_taken":[{"damage":0,"enemies":"2 Louse","floor":1,"turns":1},{"damage":0,"enemies":"conspire:MimicChest","floor":2,"turns":1},{"damage":0,"enemies":"Small Slimes","floor":3,"turns":1},{"damage":6,"enemies":"Jaw Worm","floor":4,"turns":3},{"damage":15,"enemies":"Large Slime","floor":5,"turns":6},{"damage":8,"enemies":"2 Fungi Beasts","floor":7,"turns":2},{"damage":10,"enemies":"3 Sentries","floor":8,"turns":6},{"damage":3,"enemies":"Gremlin Nob","floor":10,"turns":3},{"damage":8,"enemies":"Red Slaver","floor":13,"turns":4},{"damage":4,"enemies":"Exordium Thugs","floor":14,"turns":4},{"damage":47,"enemies":"Slime Boss","floor":16,"turns":8},{"damage":21,"enemies":"theJungle:GiantWrat","floor":18,"turns":4},{"damage":0,"enemies":"theJungle:5_Spyders","floor":22,"turns":7},{"damage":55,"enemies":"theJungle:2_Phrogs","floor":23,"turns":7}],"seed_played":"4598346306163640782","potions_obtained":[{"floor":3,"key":"PowerPotion"},{"floor":5,"key":"AttackPotion"},{"floor":8,"key":"Explosive Potion"},{"floor":14,"key":"Fire Potion"},{"floor":16,"key":"SteroidPotion"},{"floor":18,"key":"Dota2Spire:HealingSalve"}],"is_trial":false,"path_per_floor":["M","?","M","M","M","R","M","E","T","E","?","R","M","M","R","B",null,"M","?","$","T","M","E"],"character_chosen":"HUNTRESS","items_purchased":["Replay:Bottled Snecko","vexMod:FocusSash"],"campfire_rested":2,"item_purchase_floors":[20,20],"current_hp_per_floor":[70,70,70,64,49,49,41,31,31,28,28,49,41,37,58,11,70,49,40,40,40,40,0,0],"gold":48,"neow_bonus":"THREE_ENEMY_KILL","is_daily":false,"chose_seed":false,"campfire_upgraded":0,"win_rate":0.0,"timestamp":1610725316,"path_taken":["M","?","M","M","M","R","M","E","T","E","?","R","M","M","R","BOSS","M","?","$","?","M","E"],"items_purchased_type":["Relic","Relic"],"build_version":"2020-12-22","purchased_purges":0,"victory":false,"max_hp_per_floor":[70,70,70,70,70,70,70,70,70,70,70,70,70,70,70,70,70,70,70,70,70,70,70,70],"card_choices":[{"not_picked":["DemoMod:Unmoved","DemoMod:ConditionalReflex","DemoMod:FastSwitch"],"picked":"SKIP","floor":1},{"not_picked":["DemoMod:GunstockTap","DemoMod:DirectionalPad"],"picked":"DemoMod:Desperate","floor":2},{"not_picked":["DemoMod:StrategicReserve","DemoMod:FastSwitch"],"picked":"DemoMod:TeaPot","floor":3},{"not_picked":["DemoMod:Rummage","DemoMod:FastSwitch"],"picked":"DemoMod:TeaPot","floor":4},{"not_picked":["DemoMod:BattleInHaste","DemoMod:BoxingGlove"],"picked":"DemoMod:Casey","floor":5},{"not_picked":["DemoMod:Unmoved","DemoMod:FeignSurrender"],"picked":"DemoMod:RadGun","floor":7},{"not_picked":["DemoMod:BattleInHaste","DemoMod:DoubleSwitch"],"picked":"DemoMod:LifeOrb","floor":8},{"not_picked":["DemoMod:BattleInHaste","DemoMod:AbyssalTentacle"],"picked":"DemoMod:FightSabre","floor":10},{"not_picked":["DemoMod:GunstockTap","DemoMod:DirectionalPad"],"picked":"DemoMod:Evolver","floor":13},{"not_picked":["DemoMod:SAA","DemoMod:JK47","DemoMod:BoxingGlove"],"picked":"SKIP","floor":14},{"not_picked":["DemoMod:ThirdPartyController","DemoMod:BulletBore"],"picked":"DemoMod:BlankBullets","floor":16},{"not_picked":["DemoMod:Unmoved","DemoMod:BoxingGlove","DemoMod:TeaPot"],"picked":"SKIP","floor":18},{"not_picked":["DemoMod:LifeOrb","DemoMod:DirectionalPad"],"picked":"DemoMod:MegaHand","floor":22}],"player_experience":968077,"relics_obtained":[{"floor":2,"key":"StrikeDummy"},{"floor":8,"key":"Vajra"},{"floor":10,"key":"Gremlin Food"},{"floor":21,"key":"Ancient Tea Set"}],"event_choices":[{"damage_healed":0,"gold_gain":63,"player_choice":"Gained Gold","damage_taken":0,"max_hp_gain":0,"max_hp_loss":0,"event_name":"Golden Wing","floor":11,"gold_loss":0}],"is_beta":false,"boss_relics":[{"not_picked":["Replay:Drink Me","halation:MonkeysPaw"],"picked":"Ectoplasm"}],"items_purged_floors":[],"is_endless":false,"potions_floor_spawned":[3,5,8,14,16,18,22],"killed_by":"theJungle:2_Phrogs","ascension_level":0}}