{"host":"fc97bmrl7qvj4ruk","time":1610709271,"event":{"mods":["AchievementEnabler","BaseMod","Colored Map","Downfall","Hubris","Minty Spire (QoL Compilation)","Replay The Spire","StSLib"],"gold_per_floor":[99,110,123,137,148,167,167,180,35,35,64,75,75,89,107,202,202,202,202,113,132,146,164,188,188,215,231,6,33,47,72,85,187,187,187,206,221,241,241,256,256,274,288,76,76,92,108,122,134,134],"floor_reached":51,"language":"ZHS","playtime":5121,"items_purged":["Guardian:Aged"],"score":857,"play_id":"a60efd35-ff35-4196-8560-e2a83ed297de","local_time":"20210115071431","is_ascension_mode":false,"campfire_choices":[{"floor":1.0,"key":"RECALL"},{"data":"Slimebound:FirmFortitude","floor":13.0,"key":"SMITH"},{"data":"Voices","floor":18.0,"key":"PURGE"},{"data":"Slimebound:Overexert","floor":25.0,"key":"SMITH"},{"data":"Slimebound:MassFeed","floor":28.0,"key":"SMITH"},{"data":"Slimebound:DouseInSlime","floor":45,"key":"SMITH"}],"circlet_count":0,"master_deck":["Slimebound:Strike_Slimebound","Slimebound:Strike_Slimebound","Slimebound:Strike_Slimebound","Slimebound:Tackle","Slimebound:Defend_Slimebound","Slimebound:Defend_Slimebound","Slimebound:Defend_Slimebound","Slimebound:Split","Slimebound:CorrosiveSpit","Slimebound:SplitMire","Slimebound:SplitMire","Slimebound:ComboTackle","Slimebound:SplitAcid","Slimebound:ComboTackle","Slimebound:LeechEnergy","Slimebound:LevelUp","Slimebound:Replication+1","Slimebound:MegaLick","Slimebound:FirmFortitude+1","Slimebound:Gluttony","Slimebound:SplitBruiser","Slimebound:Overexert+1","Slimebound:HauntingLick","Slimebound:SlimeSpikes+1","Slimebound:MassFeed+1","Slimebound:SplitLeeching","Slimebound:BestDefense+1","Slimebound:MinionMaster","Slimebound:AcidTongue+1","Slimebound:SplitLeeching","Pot Of Greed","Pot Of Greed","Pot Of Greed","Slimebound:ComboTackle","Slimebound:HauntingLick+1","Slimebound:LeechingTouch","Slimebound:SplitBruiser+1","Pot Of Greed","Slimebound:PressTheAttack","Slimebound:GrowthPunch","Slimebound:PressTheAttack","Slimebound:LeadByExample","Slimebound:RallyTheTroops","Slimebound:DouseInSlime+1","Slimebound:SplitBruiser+1","Slimebound:DisruptingSlam+1","Slimebound:SamplingLick+1","Slimebound:SamplingLick+1","Slimebound:LeechEnergy","Slimebound:RainOfGoop+1","Pot Of Greed","Slimebound:MinionMaster","Slimebound:Gluttony","Slimebound:SplitLeeching+1","Slimebound:RallyTheTroops","Slimebound:ComboTackle+1","Slimebound:SlimeBarrage+1","Slimebound:WasteNot","Slimebound:LevelUp","Slimebound:AcidTongue","Slimebound:SamplingLick","Parasite","Slimebound:SplitBruiser+1","Pot Of Greed","Slimebound:SplitMire","Slimebound:MegaLick","Slimebound:HauntingLick+1","Slimebound:SplitLeeching+1","Slimebound:LeadByExample","Parasite","Slimebound:PressTheAttack+1","Slimebound:ComboTackle+1"],"relics":["Slimebound:AbsorbEndCombat","Meat on the Bone","Replay:Ancient Bell","Pen Nib","Darkstone Periapt","Prayer Wheel","hubris:Towel","Grinning Jar","Mirror","downfall:HeartBlessingGreen","downfall:HeartBlessingRed","downfall:HeartBlessingBlue","Orichalcum","Replay:Mystery Machine","ChewingGum","Replay:Bottled Steam"],"acts_visited":["TheCity","TheBeyond"],"potions_floor_usage":[40,50,50,50],"damage_taken":[{"damage":11.0,"enemies":"Cultist","floor":2.0,"turns":3.0},{"damage":17.0,"enemies":"Jaw Worm","floor":3.0,"turns":3.0},{"damage":7.0,"enemies":"2 Louse","floor":4.0,"turns":2.0},{"damage":25.0,"enemies":"Gremlin Gang","floor":5.0,"turns":4.0},{"damage":20.0,"enemies":"3 Louse","floor":6.0,"turns":3.0},{"damage":22.0,"enemies":"Red Slaver","floor":8.0,"turns":3.0},{"damage":31.0,"enemies":"downfall:FleeingMerchant","floor":9.0,"turns":4.0},{"damage":47.0,"enemies":"3 Sentries","floor":11.0,"turns":6.0},{"damage":23.0,"enemies":"Blue Slaver","floor":12.0,"turns":3.0},{"damage":21.0,"enemies":"Large Slime","floor":14.0,"turns":4.0},{"damage":20.0,"enemies":"Exordium Thugs","floor":15.0,"turns":3.0},{"damage":48.0,"enemies":"downfall:Watcher","floor":16.0,"turns":7.0},{"damage":41.0,"enemies":"Shell Parasite","floor":20.0,"turns":4.0},{"damage":25.0,"enemies":"Snake Plant","floor":21.0,"turns":3.0},{"damage":46.0,"enemies":"Sentry and Sphere","floor":22.0,"turns":6.0},{"damage":37.0,"enemies":"Snecko","floor":23.0,"turns":5.0},{"damage":34.0,"enemies":"Gremlin Leader","floor":26.0,"turns":5.0},{"damage":34.0,"enemies":"Centurion and Healer","floor":27.0,"turns":4.0},{"damage":25.0,"enemies":"3 Cultists","floor":30.0,"turns":4.0},{"damage":26.0,"enemies":"Book of Stabbing","floor":31.0,"turns":4.0},{"damage":9.0,"enemies":"Chosen and Byrds","floor":32.0,"turns":4.0},{"damage":69.0,"enemies":"downfall:Ironclad","floor":33.0,"turns":6.0},{"damage":21.0,"enemies":"3 Darklings","floor":36.0,"turns":3.0},{"damage":13.0,"enemies":"3 Shapes","floor":37.0,"turns":4.0},{"damage":24.0,"enemies":"Sphere and 2 Shapes","floor":38.0,"turns":4.0},{"damage":25,"enemies":"Maw","floor":40,"turns":6},{"damage":39,"enemies":"Jaw Worm Horde","floor":42,"turns":3},{"damage":18,"enemies":"Sphere and 2 Shapes","floor":43,"turns":4},{"damage":13,"enemies":"downfall:FleeingMerchant","floor":44,"turns":4},{"damage":13,"enemies":"Writhing Mass","floor":46,"turns":4},{"damage":21,"enemies":"Spire Growth","floor":47,"turns":4},{"damage":36,"enemies":"Transient","floor":48,"turns":5},{"damage":45,"enemies":"Writhing Mass","floor":49,"turns":5},{"damage":75,"enemies":"downfall:Defect","floor":50,"turns":7}],"seed_played":"4910263826343533936","potions_obtained":[{"floor":3.0,"key":"Strength Potion"},{"floor":5.0,"key":"CultistPotion"},{"floor":6.0,"key":"DuplicationPotion"},{"floor":15.0,"key":"Fire Potion"},{"floor":21.0,"key":"Energy Potion"},{"floor":23.0,"key":"Dexterity Potion"},{"floor":26.0,"key":"SneckoOil"},{"floor":33.0,"key":"Guardian:BlockOnCardUsePotion"},{"floor":37.0,"key":"Toxic Potion"},{"floor":43,"key":"Fire Potion"},{"floor":46,"key":"champ:CounterPotion"},{"floor":47,"key":"LiquidMemories"}],"is_trial":false,"path_per_floor":["R_BF","M","M","M","M","M","T","M","$","?","E","M","R","M","M","B",null,"R_BF","?","M","M","M","M","T","R","E","M","R","T","M","E","M","B",null,"R_BF","M","M","M","?","M","T","M","M","$","R","M","M","M","M","B",null],"character_chosen":"SLIMEBOUND","items_purchased":["Slimebound:LevelUp","Slimebound:Replication+1","Slimebound:AcidTongue","Slimebound:SamplingLick"],"campfire_rested":0,"item_purchase_floors":[9,9,44,44],"current_hp_per_floor":[66,63,65,66,66,65,65,55,48,76,53,62,62,57,57,53,94,94,94,85,80,62,53,53,53,67,57,67,67,78,76,95,78,108,108,99,102,106,106,111,111,89,99,116,116,122,122,107,96,93],"gold":134,"neow_bonus":"TEN_PERCENT_HP_BONUS","is_daily":false,"chose_seed":false,"campfire_upgraded":4,"win_rate":0.0,"timestamp":1610709271,"path_taken":["R_BF","M","?","M","M","M","T","M","$","?","E","M","R","?","M","BOSS","R_BF","?","M","M","M","M","T","R","E","M","R","?","M","E","M","BOSS","R_BF","M","M","?","?","?","T","M","M","$","R","M","M","M","M","BOSS"],"items_purchased_type":["Card","Card","Card","Card"],"build_version":"2020-12-22","purchased_purges":1,"victory":true,"max_hp_per_floor":[66,66,66,66,66,66,66,66,66,76,76,76,76,76,76,76,94,94,94,94,94,94,94,94,94,94,94,104,104,108,108,108,108,108,108,108,108,112,112,112,112,112,116,116,116,122,122,122,128,128],"card_choices":[{"not_picked":["Slimebound:SlimeTap","Slimebound:SamplingLick"],"picked":"Slimebound:SplitMire","floor":2.0},{"not_picked":["Slimebound:SplitAcid","Slimebound:SplitLeeching"],"picked":"Slimebound:SplitMire","floor":3.0},{"not_picked":["Slimebound:LeechingTouch","Slimebound:ForwardTackle"],"picked":"Slimebound:ComboTackle","floor":4.0},{"not_picked":["Slimebound:SamplingLick","Slimebound:ViciousTackle"],"picked":"Slimebound:SplitAcid","floor":5.0},{"not_picked":["Slimebound:SlimeSpikes","Slimebound:ItLooksTasty"],"picked":"Slimebound:Overexert","floor":6.0},{"not_picked":["Slimebound:FormOfPuddle","Slimebound:RollThrough"],"picked":"Slimebound:ComboTackle","floor":8.0},{"not_picked":["Slimebound:SlimeSpikes","Slimebound:SlimeTap"],"picked":"Slimebound:LeechEnergy","floor":9.0},{"not_picked":["Slimebound:SlimeTap","Slimebound:LeechingTouch"],"picked":"Slimebound:MegaLick","floor":11.0},{"not_picked":["Slimebound:LeadByExample","Slimebound:Nibble"],"picked":"Slimebound:FirmFortitude","floor":12.0},{"not_picked":["Slimebound:Dissolve","Slimebound:GrowthPunch"],"picked":"Slimebound:Gluttony","floor":14.0},{"not_picked":["Slimebound:MegaLick","Slimebound:LeechEnergy"],"picked":"Slimebound:SplitBruiser","floor":15.0},{"not_picked":["Slimebound:LeechLife","Slimebound:PrepareCrush"],"picked":"Slimebound:Overexert","floor":16.0},{"not_picked":["hubris:Sloth","sneckomod:Bewildered"],"picked":"ReplayTheSpireMod:IOU","floor":17.0},{"not_picked":["Amnesia","Replay:UnknownCurse"],"picked":"Guardian:Aged","floor":17.0},{"not_picked":["Writhe","Pain"],"picked":"Voices","floor":17.0},{"not_picked":["Slimebound:Schlurp","Slimebound:LeechEnergy"],"picked":"Slimebound:HauntingLick","floor":20.0},{"not_picked":["Slimebound:TongueLash","Slimebound:Schlurp+1"],"picked":"Slimebound:SlimeSpikes+1","floor":20.0},{"not_picked":["Slimebound:GoopSpray","Slimebound:LeechEnergy"],"picked":"Slimebound:MassFeed","floor":21.0},{"not_picked":["Slimebound:Replication","Slimebound:SplitBruiser"],"picked":"Slimebound:SplitLeeching","floor":21.0},{"not_picked":["Slimebound:SlimeSpikes","Slimebound:TongueLash"],"picked":"Slimebound:BestDefense+1","floor":22.0},{"not_picked":["Slimebound:Dissolve+1","Slimebound:SamplingLick"],"picked":"Slimebound:MinionMaster","floor":22.0},{"not_picked":["Slimebound:Repurpose","Slimebound:Dissolve"],"picked":"Slimebound:AcidTongue+1","floor":23.0},{"not_picked":["Slimebound:SplitBruiser","Slimebound:LeechingTouch+1"],"picked":"Slimebound:SplitLeeching","floor":23.0},{"not_picked":["Slimebound:GoopTackle","Slimebound:RollThrough"],"picked":"Slimebound:ComboTackle","floor":26.0},{"not_picked":["Slimebound:Replication","Slimebound:AcidTongue"],"picked":"Slimebound:HauntingLick+1","floor":27.0},{"not_picked":["Slimebound:Gluttony+1","Slimebound:FormOfPuddle"],"picked":"Slimebound:LeechingTouch","floor":27.0},{"not_picked":["Slimebound:RollThrough","Slimebound:SlimeBrawl"],"picked":"Slimebound:SplitBruiser+1","floor":30.0},{"not_picked":["Slimebound:ForwardTackle","Slimebound:FlameTackle"],"picked":"Slimebound:PressTheAttack","floor":30.0},{"not_picked":["Slimebound:Schlurp+1","Slimebound:TongueLash"],"picked":"Slimebound:GrowthPunch","floor":31.0},{"not_picked":["Slimebound:ComboTackle","Slimebound:TongueLash+1"],"picked":"Slimebound:PressTheAttack","floor":32.0},{"not_picked":["Slimebound:GoopSpray","Slimebound:FinishingTackle+1"],"picked":"Slimebound:LeadByExample","floor":32.0},{"not_picked":["Slimebound:Overexert","Slimebound:DouseInSlime"],"picked":"Slimebound:RallyTheTroops","floor":33.0},{"not_picked":["Slimebound:SamplingLick","Slimebound:GrowthPunch"],"picked":"Slimebound:SplitBruiser+1","floor":36.0},{"not_picked":["Slimebound:Nibble","Slimebound:ForwardTackle+1"],"picked":"Slimebound:DisruptingSlam+1","floor":36.0},{"not_picked":["Slimebound:ComboTackle","Slimebound:SlimeBarrage+1"],"picked":"Slimebound:SamplingLick+1","floor":37.0},{"not_picked":["Slimebound:GrowthPunch+1","Slimebound:SplitAcid+1"],"picked":"Slimebound:SamplingLick+1","floor":37.0},{"not_picked":["Slimebound:LeechingTouch+1","Slimebound:GoopSpray+1"],"picked":"Slimebound:LeechEnergy","floor":38.0},{"not_picked":["Slimebound:Gluttony+1","Slimebound:SplitAcid+1"],"picked":"Slimebound:RainOfGoop+1","floor":38.0},{"not_picked":["Slimebound:LeechEnergy","Slimebound:Replication"],"picked":"Slimebound:Gluttony","floor":40},{"not_picked":["Slimebound:MegaLick+1","Slimebound:SamplingLick"],"picked":"Slimebound:SplitLeeching+1","floor":40},{"not_picked":["Slimebound:SplitLeeching","Slimebound:RainOfGoop+1"],"picked":"Slimebound:RallyTheTroops","floor":42},{"not_picked":["Slimebound:RejuvenatingLick","Slimebound:Chomp"],"picked":"Slimebound:ComboTackle+1","floor":42},{"not_picked":["Slimebound:RollThrough+1","Slimebound:ViciousTackle"],"picked":"Slimebound:SlimeBarrage+1","floor":43},{"not_picked":["Slimebound:LeechingTouch+1","Slimebound:FinishingTackle"],"picked":"Slimebound:WasteNot","floor":43},{"not_picked":["Slimebound:LeechingTouch","Slimebound:SplitAcid+1"],"picked":"Slimebound:LevelUp","floor":44},{"not_picked":["Slimebound:BestDefense+1","Slimebound:SlimeSpikes+1"],"picked":"Slimebound:SplitBruiser+1","floor":46},{"not_picked":["Slimebound:LeechingTouch+1","Slimebound:FinishingTackle"],"picked":"Slimebound:SplitMire","floor":46},{"not_picked":["Slimebound:SplitMire","Slimebound:ComboTackle"],"picked":"Slimebound:MegaLick","floor":47},{"not_picked":["Slimebound:SlimeBrawl","Slimebound:Grow"],"picked":"Slimebound:HauntingLick+1","floor":47},{"not_picked":["Slimebound:Gluttony+1","Slimebound:LeechEnergy"],"picked":"Slimebound:SplitLeeching+1","floor":48},{"not_picked":["Slimebound:SplitAcid","Slimebound:GoopTackle"],"picked":"Slimebound:LeadByExample","floor":48},{"not_picked":["Slimebound:LeechingTouch+1","Slimebound:FlameTackle"],"picked":"Slimebound:PressTheAttack+1","floor":49},{"not_picked":["Slimebound:SplitAcid+1","Slimebound:SlimeSpikes+1"],"picked":"Slimebound:ComboTackle+1","floor":49}],"player_experience":148374,"relics_obtained":[{"floor":11.0,"key":"Meat on the Bone"},{"floor":24.0,"key":"Grinning Jar"},{"floor":26.0,"key":"Mirror"},{"floor":29.0,"key":"Orichalcum"},{"floor":31.0,"key":"Replay:Mystery Machine"},{"floor":41,"key":"Replay:Bottled Steam"}],"event_choices":[{"cards_removed":["Slimebound:Overexert"],"damage_healed":18.0,"max_hp_gain":10.0,"max_hp_loss":0.0,"gold_gain":0.0,"event_name":"Bonfire Elementals","player_choice":"Offered Rare","floor":10.0,"gold_loss":0.0,"damage_taken":0.0},{"damage_healed":0,"gold_gain":0,"player_choice":"Copied","damage_taken":0,"max_hp_gain":0,"max_hp_loss":0,"event_name":"Duplicator","floor":39,"gold_loss":0,"cards_obtained":["Slimebound:MinionMaster"]}],"is_beta":false,"boss_relics":[{"not_picked":["Abe\u0027s Treasure","Snecko Eye"],"picked":"Replay:Ancient Bell"},{"not_picked":["Ancient Tea Set","Centennial Puzzle"],"picked":"Pen Nib"},{"not_picked":["Replay:Ringing Soul","Chameleon Ring"],"picked":"Darkstone Periapt"},{"not_picked":["CaptainsWheel","Turnip"],"picked":"Prayer Wheel"},{"not_picked":["Kintsugi","Slimebound:AbsorbEndCombatUpgraded"],"picked":"ChewingGum"}],"items_purged_floors":[44],"is_endless":false,"potions_floor_spawned":[3,5,6,15,21,22,23,26,33,37,43,46,47,48],"ascension_level":0}}