{"host":"nuce7grnusr8lpe2","time":1610718051,"event":{"mods":["Act Like it!","BaseMod","Better Third Choice","Gensokyo","Marisa????????","Minty Spire (QoL Compilation)","Prisma Mod","Rare Cards Sparkle","StSLib","Td1madao Mod","The Animator","The Servant 0.9.4","The Wild Card"],"gold_per_floor":[122,122,47,47,47,77,77,102,129,129,27,67,86,297,297,392,392,415,415,111,0,26,26,26,43,43,53,65,65,65,14,14,14,14],"floor_reached":33,"language":"ENG","playtime":2455,"items_purged":["animator:Strike"],"score":261,"play_id":"c48aad99-329c-4f13-95df-c5ad82b31720","local_time":"20210115144051","is_ascension_mode":false,"campfire_choices":[{"floor":7.0,"key":"REST"},{"floor":10.0,"key":"REST"},{"floor":15,"key":"REST"},{"floor":23,"key":"RECALL"},{"floor":32,"key":"REST"}],"circlet_count":0,"master_deck":["animator:Strike_OwariNoSeraph","animator:Defend_OwariNoSeraph","animator:Strike+1","animator:Defend+1","animator:Defend+1","animator:Defend+1","animator:Shinoa","animator:Mikaela","animator:Darkness","Clumsy","animator:EmiyaShirou","animator:HiiragiShinya","animator:EmiyaShirou","animator:FeridBathory","animator:Yuuichirou","animator:CrowleyEusford","Gensokyo:ReactiveArmor","animator:Aqua+1","animator:DolaStephanie","animator:Yoichi"],"relics":["animator:LivingPicture","animator:ColorlessFragment","Gensokyo:Justice","Gensokyo:NagashiBinaDoll","Charon\u0027s Ashes","Darkstone Periapt","War Paint","Fusion Hammer","Gensokyo:ConquerorOfFear","Juzu Bracelet","Ice Cream","InkBottle"],"acts_visited":["Gensokyo:Gensokyo","Gensokyo:Gensokyoer"],"potions_floor_usage":[16,18,28,33],"damage_taken":[{"damage":1.0,"enemies":"Gensokyo:2_Kodama","floor":1.0,"turns":5.0},{"damage":42.0,"enemies":"Gensokyo:Mamizou","floor":6.0,"turns":13.0},{"damage":49.0,"enemies":"Gensokyo:Aya","floor":8.0,"turns":7.0},{"damage":5.0,"enemies":"Gensokyo:Mamizou","floor":12.0,"turns":11.0},{"damage":5,"enemies":"Gensokyo:Python","floor":13,"turns":4},{"damage":0,"enemies":"Gensokyo:Gryphon","floor":14,"turns":4},{"damage":20,"enemies":"Gensokyo:Kokoro","floor":16,"turns":15},{"damage":14,"enemies":"Gensokyo:2_Gloops","floor":18,"turns":7},{"damage":5,"enemies":"Gensokyo:CosmicMonolith","floor":22,"turns":4},{"damage":52,"enemies":"Gensokyo:3_Gloops","floor":25,"turns":7},{"damage":10,"enemies":"Gensokyo:Chomper_and_Gloop","floor":27,"turns":6},{"damage":3,"enemies":"Gensokyo:Wraith","floor":28,"turns":4},{"damage":42,"enemies":"Gensokyo:Eternal_Rivals","floor":33,"turns":11}],"seed_played":"-8426302697716166414","potions_obtained":[{"floor":6.0,"key":"Explosive Potion"},{"floor":13,"key":"LiquidBronze"},{"floor":16,"key":"PowerPotion"},{"floor":27,"key":"SkillPotion"},{"floor":28,"key":"SmokeBomb"}],"is_trial":false,"path_per_floor":["M","?","$","?","?","E","R","E","T","R","COS","E","M","M","R","B",null,"M","?","COS","?","M","R","?","M","T","M","M","?","T","$","R","B"],"character_chosen":"THE_ANIMATOR","items_purchased":["AttackPotion"],"campfire_rested":4,"item_purchase_floors":[31],"current_hp_per_floor":[65,66,66,66,66,27,47,1,1,21,21,22,20,23,43,24,68,57,57,57,57,55,55,55,12,12,12,12,12,12,12,32,0,0],"gold":14,"neow_bonus":"ONE_RANDOM_RARE_CARD","is_daily":false,"chose_seed":false,"campfire_upgraded":0,"win_rate":0.0,"timestamp":1610718051,"path_taken":["M","?","$","?","?","E","R","E","T","R","COS","E","M","M","R","BOSS","M","?","COS","?","M","R","?","?","T","M","M","?","?","?","R","BOSS"],"items_purchased_type":["Potion"],"build_version":"2020-12-22","purchased_purges":1,"victory":false,"max_hp_per_floor":[66,67,67,67,67,67,67,67,67,67,67,67,67,67,67,68,68,68,68,68,68,68,68,68,68,68,69,69,69,69,69,69,69,69],"card_choices":[{"not_picked":["animator:DolaCouronne","animator:DwarfShaman"],"picked":"animator:Darkness","floor":1.0},{"not_picked":["animator:Millim","animator:Vanir"],"picked":"animator:Eris","floor":2.0},{"not_picked":["animator:Assassin","animator:Kaijin","animator:Illya"],"picked":"SKIP","floor":6.0},{"not_picked":["animator:Chris","animator:HighElfArcher"],"picked":"animator:EmiyaShirou","floor":8.0},{"not_picked":["animator:Shinoa","animator:Mitsuba"],"picked":"animator:HiiragiShinya","floor":12},{"not_picked":["animator:Tatsumaki","animator:ShinjiMatou"],"picked":"animator:EmiyaShirou","floor":13},{"not_picked":["animator:Archer","animator:Hakurou","animator:ShinjiMatou"],"picked":"SKIP","floor":14},{"not_picked":["animator:Wiz","animator:Sora"],"picked":"animator:FeridBathory","floor":16},{"not_picked":["animator:Jibril","animator:Sonic+1"],"picked":"animator:Yuuichirou","floor":18},{"not_picked":["animator:Berserker","animator:Verdia"],"picked":"animator:Aqua+1","floor":22},{"not_picked":["animator:MumenRider","animator:Rider+1"],"picked":"animator:DolaStephanie","floor":25},{"not_picked":["animator:Priestess+1","animator:Melzalgald+1","animator:DolaSchwi+1"],"picked":"SKIP","floor":25},{"not_picked":["animator:Mikaela","animator:Shinoa"],"picked":"animator:Yoichi","floor":27},{"not_picked":["animator:LizardPriest","animator:Jibril","animator:Genos"],"picked":"SKIP","floor":27},{"not_picked":["animator:Sonic","animator:HighElfArcher+1","animator:MumenRider"],"picked":"SKIP","floor":28}],"player_experience":444296,"relics_obtained":[{"floor":6.0,"key":"Charon\u0027s Ashes"},{"floor":8.0,"key":"Darkstone Periapt"},{"floor":12,"key":"War Paint"},{"floor":25,"key":"Gensokyo:ConquerorOfFear"},{"floor":26,"key":"Ice Cream"},{"floor":30,"key":"InkBottle"}],"event_choices":[],"is_beta":false,"boss_relics":[{"not_picked":["Calling Bell","SacredBark"],"picked":"Fusion Hammer"}],"items_purged_floors":[3],"is_endless":false,"potions_floor_spawned":[6,13,16,27,28],"killed_by":"Gensokyo:Eternal_Rivals","ascension_level":0}}