{"host":"o5jvvi5yapo90aia","time":1610690966,"event":{"mods":["BaseMod","CapriCore","Minty Spire (QoL Compilation)","MostiFishMod","Prisma Mod","Spicy Shops","StSLib","TestMod","The Immortal","Yakumo Yukari mod","【人物mod】游戏王New YuGiOh mod","【功能Mod】Neow奖励"],"gold_per_floor":[110,143,418,85,115,162,37,87,87,122,162,162,187,217,217,306,306,332,357,407,407,435,435,485,485,485,530,51,94,120,146,146,237,237,266,300,300,320,332,364,378,405,405,627,641,683,683,718,718,718,718,718,718,49,76,76],"floor_reached":57,"language":"ZHS","playtime":2630,"items_purged":["Regret","Slice","Survivor","Dodge and Roll","Writhe"],"score":4033,"play_id":"3928ba52-e319-49e8-b2bd-e2f58b1132ac","local_time":"20210115140926","is_ascension_mode":true,"campfire_choices":[{"data":"MostiFishMod:SpreadingSpore","floor":12.0,"key":"PURGE"},{"data":"Heel Hook","floor":15.0,"key":"PURGE"},{"data":"Pain","floor":23.0,"key":"PURGE"},{"data":"MostiFishMod:VineMother","floor":25.0,"key":"PURGE"},{"data":"Neutralize","floor":32.0,"key":"PURGE"},{"floor":49,"key":"RECALL"},{"data":"Phantasmal Killer","floor":53,"key":"PURGE"}],"circlet_count":0,"master_deck":["AscendersBane","Malaise","Catalyst","Crippling Poison","MostiFishMod:WinterMarkForm","Acrobatics","MostiFishMod:Neurotoxin+1","Adrenaline+1","MostiFishMod:Dislodge+1","Backflip","MostiFishMod:GrandStart+1","Terror","MostiFishMod:MusicBox+1"],"relics":["DaveBox","testmod-TestBox","Pandora\u0027s Box","DianPoetry","testmod-Prudence","SynthV:TestCard","BrkXgEgg","Kunai","testmod-Hope","Ornamental Fan","Lantern","testmod-Recursion","Red Mask","WarpedTongs","Darkstone Periapt","testmod-AssaultLearning","SynthV:C4","SynthV","Boot","testmod-CardMagician","testmod-Muramasa","Pear","Vajra","CeramicFish","testmod-Antiphasic","Membership Card","Strawberry","testmod-ArcanaOfDestiny","Oddly Smooth Stone","Bronze Scales","Mango"],"acts_visited":["Exordium","TheCity","TheBeyond","TheEnding"],"potions_floor_usage":[56,56],"damage_taken":[{"damage":0.0,"enemies":"Cultist","floor":1.0,"turns":3.0},{"damage":0.0,"enemies":"2 Louse","floor":2.0,"turns":2.0},{"damage":0.0,"enemies":"Small Slimes","floor":5.0,"turns":2.0},{"damage":3.0,"enemies":"3 Sentries","floor":6.0,"turns":3.0},{"damage":10.0,"enemies":"Gremlin Nob","floor":8.0,"turns":3.0},{"damage":0.0,"enemies":"2 Fungi Beasts","floor":10.0,"turns":2.0},{"damage":0.0,"enemies":"Lagavulin","floor":11.0,"turns":4.0},{"damage":0.0,"enemies":"Large Slime","floor":13.0,"turns":3.0},{"damage":0.0,"enemies":"Blue Slaver","floor":14.0,"turns":2.0},{"damage":2.0,"enemies":"The Guardian","floor":16.0,"turns":4.0},{"damage":0.0,"enemies":"Chosen","floor":18.0,"turns":2.0},{"damage":0.0,"enemies":"Spheric Guardian","floor":19.0,"turns":1.0},{"damage":0.0,"enemies":"Masked Bandits","floor":20.0,"turns":2.0},{"damage":19.0,"enemies":"Shelled Parasite and Fungi","floor":22.0,"turns":2.0},{"damage":0.0,"enemies":"Book of Stabbing","floor":24.0,"turns":2.0},{"damage":0.0,"enemies":"Gremlin Leader","floor":27.0,"turns":2.0},{"damage":0.0,"enemies":"Slavers","floor":29.0,"turns":1.0},{"damage":0.0,"enemies":"Chosen and Byrds","floor":30.0,"turns":1.0},{"damage":0.0,"enemies":"Snake Plant","floor":31.0,"turns":2.0},{"damage":0.0,"enemies":"Automaton","floor":33.0,"turns":1.0},{"damage":0.0,"enemies":"3 Shapes","floor":35.0,"turns":1.0},{"damage":0.0,"enemies":"Orb Walker","floor":36.0,"turns":1.0},{"damage":9,"enemies":"Writhing Mass","floor":38,"turns":3},{"damage":0,"enemies":"3 Darklings","floor":39,"turns":1},{"damage":0,"enemies":"Giant Head","floor":40,"turns":1},{"damage":0,"enemies":"Spire Growth","floor":41,"turns":1},{"damage":0,"enemies":"Reptomancer","floor":42,"turns":1},{"damage":0,"enemies":"Maw","floor":45,"turns":1},{"damage":0,"enemies":"Nemesis","floor":46,"turns":1},{"damage":0,"enemies":"Giant Head","floor":48,"turns":1},{"damage":0,"enemies":"Awakened One","floor":50,"turns":2},{"damage":0,"enemies":"Donu and Deca","floor":51,"turns":2},{"damage":0,"enemies":"Shield and Spear","floor":55,"turns":1},{"damage":0,"enemies":"The Heart","floor":56,"turns":2}],"seed_played":"5769029588259120908","potions_obtained":[{"floor":1.0,"key":"ColorlessPotion"},{"floor":6.0,"key":"Energy Potion"},{"floor":13.0,"key":"Fruit Juice"},{"floor":14.0,"key":"Regen Potion"},{"floor":33.0,"key":"PowerPotion"},{"floor":35.0,"key":"PowerPotion"}],"is_trial":false,"path_per_floor":["M","M","?","$","M","E","$","E","T","M","E","R","M","M","R","B",null,"M","M","?","?","M","R","E","R","T","E","$","E","M","M","R","B",null,"M","M","?","M","M","E","M","E","T","?","M","E","?","E","R","B","B",null,"R","$","E","B",null],"character_chosen":"THE_SILENT","items_purchased":["BrkXgEgg","SynthV:C4","SynthV","MostiFishMod:GrandStart+1","Membership Card","Strawberry","testmod-ArcanaOfDestiny","Oddly Smooth Stone","Bronze Scales","MostiFishMod:MusicBox+1"],"campfire_rested":0,"item_purchase_floors":[4,28,28,28,54,54,54,54,54,54],"current_hp_per_floor":[59,63,63,63,66,63,63,56,56,60,66,66,66,71,71,69,71,71,71,71,71,52,52,56,56,56,60,60,64,68,71,71,71,71,71,71,67,58,59,60,61,72,72,72,73,74,74,75,75,76,77,77,77,90,104,132],"gold":76,"neow_bonus":"BOSS_RELIC","is_daily":false,"chose_seed":false,"campfire_upgraded":0,"win_rate":0.0,"timestamp":1610690966,"path_taken":["M","?","?","$","M","E","$","E","T","M","E","R","M","M","R","BOSS","M","M","?","?","M","R","E","R","T","E","$","E","?","M","R","BOSS","M","?","?","M","M","E","M","E","T","?","M","E","?","E","R","BOSS","BOSS","R","$","E","BOSS"],"items_purchased_type":["Relic","Relic","Relic","Card","Relic","Relic","Relic","Relic","Relic","Card"],"build_version":"2020-12-22","purchased_purges":5,"victory":true,"max_hp_per_floor":[66,66,66,66,66,66,66,66,66,66,66,66,66,71,71,71,71,71,71,71,71,71,71,71,71,71,71,71,71,71,71,71,71,71,71,71,67,67,67,67,67,77,77,77,77,77,77,77,77,77,77,77,77,90,104,132],"card_choices":[{"not_picked":["Well Laid Plans","Blade Dance"],"picked":"Acrobatics","floor":1.0},{"not_picked":["Backflip","Prepared","Leg Sweep","Dodge and Roll","Finisher"],"picked":"SKIP","floor":2.0},{"not_picked":["Calculated Gamble","MostiFishMod:PreservedThorns","Underhanded Strike","Cloak And Dagger","Slice"],"picked":"SKIP","floor":5.0},{"not_picked":["Sucker Punch","Underhanded Strike","Phantasmal Killer+1","Deadly Poison","Dagger Throw"],"picked":"SKIP","floor":6.0},{"not_picked":["Backflip","Prepared","Bouncing Flask","Choke","Predator"],"picked":"SKIP","floor":8.0},{"not_picked":["Heel Hook","Bouncing Flask","Riddle With Holes","Dagger Spray","Skewer"],"picked":"SKIP","floor":10.0},{"not_picked":["Dagger Spray","Blade Dance","Quick Slash","MostiFishMod:PoisonShield"],"picked":"MostiFishMod:Neurotoxin+1","floor":11.0},{"not_picked":["Sucker Punch","Flying Knee","Quick Slash","Blade Dance","Tactician"],"picked":"SKIP","floor":13.0},{"not_picked":["All Out Attack","Accuracy","Blur","Distraction","Prepared"],"picked":"SKIP","floor":14.0},{"not_picked":["Glass Knife+1","MostiFishMod:VineMother+1","MostiFishMod:ShivMaster+1","Corpse Explosion+1"],"picked":"Adrenaline+1","floor":16.0},{"not_picked":["Flying Knee","Escape Plan","Acrobatics","Dodge and Roll+1","MostiFishMod:PerfectParry"],"picked":"SKIP","floor":18.0},{"not_picked":["Heel Hook+1","Caltrops","Masterful Stab","MostiFishMod:PoisonShield","Accuracy"],"picked":"SKIP","floor":19.0},{"not_picked":["Acrobatics","Cloak And Dagger","Endless Agony","Heel Hook"],"picked":"MostiFishMod:Dislodge+1","floor":22.0},{"not_picked":["MostiFishMod:PoisonShield","Blur","Escape Plan","Backflip","Prepared"],"picked":"SKIP","floor":24.0},{"not_picked":["MostiFishMod:PoisonShield","Blur","Escape Plan","Prepared"],"picked":"Backflip","floor":24.0},{"not_picked":["Slice","MostiFishMod:PerfectParry","Outmaneuver+1","Dagger Spray","Blade Dance"],"picked":"SKIP","floor":27.0},{"not_picked":["Infinite Blades+1","All Out Attack","Sucker Punch","Noxious Fumes","Prepared+1"],"picked":"SKIP","floor":29.0},{"not_picked":["Quick Slash","Backflip","Reflex","Skewer","Cloak And Dagger"],"picked":"SKIP","floor":30.0},{"not_picked":["MostiFishMod:Neurotoxin+1","Deadly Poison+1","Backflip","Underhanded Strike","Blade Dance"],"picked":"SKIP","floor":31.0},{"not_picked":["Poisoned Stab","Dodge and Roll","Quick Slash","Blade Dance+1","Slice"],"picked":"SKIP","floor":35.0},{"not_picked":["Dodge and Roll","Backflip","Riddle With Holes+1","Leg Sweep+1","Quick Slash"],"picked":"SKIP","floor":36.0},{"not_picked":["Predator","Choke","Bane+1","Cloak And Dagger","Outmaneuver+1"],"picked":"SKIP","floor":38},{"not_picked":["Deflect","Dagger Spray","Bouncing Flask","Outmaneuver","Bane"],"picked":"SKIP","floor":39},{"not_picked":["Reflex","Underhanded Strike","Noxious Fumes","Blade Dance","Cloak And Dagger+1"],"picked":"SKIP","floor":40},{"not_picked":["MostiFishMod:VineMother+1","MostiFishMod:ThornCasing+1","Outmaneuver","Sucker Punch","Quick Slash"],"picked":"SKIP","floor":41},{"not_picked":["Skewer","Deadly Poison","Calculated Gamble+1","Dagger Throw","PiercingWail"],"picked":"SKIP","floor":42},{"not_picked":["Crippling Poison","Underhanded Strike","Masterful Stab","Flying Knee","Predator"],"picked":"SKIP","floor":45},{"not_picked":["Malaise+1","Catalyst","Flechettes","Cloak And Dagger"],"picked":"Terror","floor":46},{"not_picked":["Slice","MostiFishMod:PreservedThorns","Backflip","MostiFishMod:PoisonShield+1","Cloak And Dagger+1"],"picked":"SKIP","floor":48},{"not_picked":["Cloak And Dagger","PiercingWail","Burst+1","Well Laid Plans","Bane"],"picked":"SKIP","floor":55}],"player_experience":1425182,"relics_obtained":[{"floor":1.0,"key":"SynthV:TestCard"},{"floor":6.0,"key":"Kunai"},{"floor":8.0,"key":"testmod-Hope"},{"floor":9.0,"key":"Ornamental Fan"},{"floor":11.0,"key":"Lantern"},{"floor":20.0,"key":"Red Mask"},{"floor":24.0,"key":"Darkstone Periapt"},{"floor":27.0,"key":"testmod-AssaultLearning"},{"floor":29.0,"key":"Boot"},{"floor":40,"key":"testmod-Muramasa"},{"floor":42,"key":"Pear"},{"floor":43,"key":"Vajra"},{"floor":46,"key":"CeramicFish"},{"floor":48,"key":"testmod-Antiphasic"},{"floor":55,"key":"Mango"}],"event_choices":[{"damage_healed":0.0,"max_hp_gain":0.0,"max_hp_loss":0.0,"gold_gain":275.0,"event_name":"Golden Shrine","player_choice":"Desecrate","floor":3.0,"gold_loss":0.0,"damage_taken":0.0,"cards_obtained":["Regret"]},{"damage_healed":0.0,"max_hp_gain":0.0,"max_hp_loss":0.0,"gold_gain":0.0,"event_name":"Masked Bandits","player_choice":"Fought Bandits","floor":20.0,"gold_loss":0.0,"damage_taken":0.0},{"damage_healed":0.0,"max_hp_gain":0.0,"max_hp_loss":0.0,"gold_gain":0.0,"event_name":"Accursed Blacksmith","player_choice":"Rummage","floor":21.0,"gold_loss":0.0,"damage_taken":0.0,"relics_obtained":["WarpedTongs"],"cards_obtained":["Pain"]},{"damage_healed":0.0,"max_hp_gain":0.0,"max_hp_loss":4.0,"gold_gain":0.0,"event_name":"Winding Halls","player_choice":"Max HP","floor":37.0,"gold_loss":0.0,"damage_taken":0.0},{"damage_healed":0,"gold_gain":222,"player_choice":"Wore Mask","damage_taken":0,"max_hp_gain":0,"max_hp_loss":0,"event_name":"Tomb of Lord Red Mask","floor":44,"gold_loss":0},{"damage_healed":0,"gold_gain":0,"player_choice":"Swap Relic","damage_taken":0,"relics_obtained":["Orrery"],"max_hp_gain":0,"max_hp_loss":0,"event_name":"给自己的盒子","floor":47,"relics_lost":["Orrery"],"gold_loss":0}],"is_beta":false,"boss_relics":[{"not_picked":["FrostBlade","SlaversCollar"],"picked":"testmod-Recursion"},{"not_picked":["testmod-StringDisintegrator","SacredBark"],"picked":"testmod-CardMagician"}],"items_purged_floors":[4,4,7,28,54],"is_endless":false,"potions_floor_spawned":[1,6,13,14,18,24,30,31,33,35,38,41,45,55],"ascension_level":20}}