{"host":"xi8yg1ddhptuxb9d","time":1610681187,"event":{"mods":["AchievementEnabler","AlwaysNeverKeys","BaseMod","Block Reminder","Minty Spire (QoL Compilation)","Relic Sorter","StSLib"],"gold_per_floor":[116,127,18,29,29,63,82,82,105,105,105,85,104,121,121,198,198,188,199,199,212,230,230,264,264,264],"floor_reached":25,"language":"ENG","playtime":1186,"items_purged":[],"score":405,"play_id":"4e52b52c-f082-4111-8d1e-f01710442f3f","local_time":"20210114222627","is_ascension_mode":true,"campfire_choices":[{"floor":8.0,"key":"REST"},{"floor":11.0,"key":"REST"},{"data":"Caltrops","floor":15,"key":"SMITH"},{"floor":23,"key":"REST"}],"circlet_count":0,"master_deck":["AscendersBane","Strike_G","Strike_G","Strike_G","Strike_G","Strike_G","Defend_G+1","Defend_G","Defend_G","Defend_G","Defend_G","Survivor","Neutralize","Dagger Throw","Noxious Fumes","PiercingWail","Quick Slash+1","Backflip","PiercingWail","Flying Knee","Caltrops+1","Wraith Form v2","Flying Knee+1","RitualDagger","Calculated Gamble","Dagger Spray+1"],"relics":["Ring of the Snake","Oddly Smooth Stone","Dream Catcher","Busted Crown","Smiling Mask"],"acts_visited":["Exordium","TheCity"],"potions_floor_usage":[25,25],"damage_taken":[{"damage":8.0,"enemies":"Jaw Worm","floor":1.0,"turns":6.0},{"damage":0.0,"enemies":"Small Slimes","floor":2.0,"turns":3.0},{"damage":5.0,"enemies":"Cultist","floor":4.0,"turns":4.0},{"damage":26.0,"enemies":"Lagavulin","floor":6.0,"turns":6.0},{"damage":1.0,"enemies":"Exordium Wildlife","floor":7.0,"turns":3.0},{"damage":0.0,"enemies":"Large Slime","floor":13.0,"turns":5.0},{"damage":0.0,"enemies":"3 Louse","floor":14.0,"turns":4.0},{"damage":33,"enemies":"Hexaghost","floor":16,"turns":10},{"damage":7,"enemies":"2 Thieves","floor":18,"turns":4},{"damage":7,"enemies":"3 Byrds","floor":19,"turns":5},{"damage":15,"enemies":"Cultist and Chosen","floor":21,"turns":7},{"damage":3,"enemies":"Snake Plant","floor":22,"turns":5},{"damage":47,"enemies":"Slavers","floor":24,"turns":8},{"damage":18,"enemies":"Centurion and Healer","floor":25,"turns":4}],"seed_played":"3017062221182970902","potions_obtained":[{"floor":6.0,"key":"Fire Potion"},{"floor":7.0,"key":"Block Potion"},{"floor":12.0,"key":"FairyPotion"},{"floor":16,"key":"DuplicationPotion"},{"floor":24,"key":"DuplicationPotion"}],"is_trial":false,"path_per_floor":["M","M","$","M","?","E","M","R","T","?","R","?","M","M","R","B",null,"M","M","?","M","M","R","E","M"],"character_chosen":"THE_SILENT","items_purchased":["Noxious Fumes","PiercingWail"],"campfire_rested":3,"item_purchase_floors":[3,3],"current_hp_per_floor":[57,57,57,52,30,4,3,24,24,19,40,40,40,40,40,7,56,49,42,36,21,18,39,13,0,0],"gold":264,"neow_bonus":"TEN_PERCENT_HP_BONUS","is_daily":false,"chose_seed":false,"campfire_upgraded":1,"win_rate":0.0,"timestamp":1610681187,"path_taken":["M","M","$","M","?","E","M","R","T","?","R","?","M","?","R","BOSS","M","M","?","M","M","R","E","M"],"items_purchased_type":["Card","Card"],"build_version":"2020-12-22","purchased_purges":0,"victory":false,"max_hp_per_floor":[72,72,72,72,72,72,72,72,72,72,72,72,72,72,72,72,72,72,72,72,72,72,72,72,72,72],"card_choices":[{"not_picked":["Prepared","Distraction"],"picked":"Dagger Throw","floor":1.0},{"not_picked":["Riddle With Holes","Concentrate","Prepared"],"picked":"SKIP","floor":2.0},{"not_picked":["Well Laid Plans","Acrobatics"],"picked":"Quick Slash","floor":4.0},{"not_picked":["Acrobatics","Outmaneuver"],"picked":"Backflip","floor":6.0},{"not_picked":["Well Laid Plans","Cloak And Dagger"],"picked":"PiercingWail","floor":7.0},{"not_picked":["Flechettes","Acrobatics"],"picked":"Flying Knee","floor":11.0},{"not_picked":["Riddle With Holes","Underhanded Strike","Heel Hook"],"picked":"SKIP","floor":13.0},{"not_picked":["Heel Hook","Backstab"],"picked":"Caltrops","floor":14.0},{"not_picked":["Burst","Unload"],"picked":"Wraith Form v2","floor":16},{"not_picked":[],"picked":"Flying Knee+1","floor":18},{"not_picked":["All Out Attack"],"picked":"SKIP","floor":19},{"not_picked":["Slice"],"picked":"SKIP","floor":21},{"not_picked":[],"picked":"Calculated Gamble","floor":22},{"not_picked":[],"picked":"Dagger Spray+1","floor":23},{"not_picked":["Expertise"],"picked":"SKIP","floor":24}],"player_experience":641309,"relics_obtained":[{"floor":6.0,"key":"Oddly Smooth Stone"},{"floor":9.0,"key":"Dream Catcher"},{"floor":24,"key":"Smiling Mask"}],"event_choices":[{"damage_healed":0.0,"max_hp_gain":0.0,"max_hp_loss":0.0,"gold_gain":0.0,"event_name":"Shining Light","player_choice":"Entered Light","floor":5.0,"gold_loss":0.0,"damage_taken":22.0,"cards_upgraded":["Quick Slash","Defend_G"]},{"damage_healed":0.0,"max_hp_gain":0.0,"max_hp_loss":0.0,"gold_gain":0.0,"event_name":"Scrap Ooze","player_choice":"Fled","floor":10.0,"gold_loss":0.0,"damage_taken":5.0},{"damage_healed":0.0,"max_hp_gain":0.0,"max_hp_loss":0.0,"gold_gain":0.0,"event_name":"The Woman in Blue","player_choice":"Bought 1 Potion","floor":12.0,"gold_loss":0.0,"damage_taken":0.0},{"damage_healed":0,"gold_gain":0,"player_choice":"Joined the Cult","damage_taken":6,"max_hp_gain":0,"max_hp_loss":0,"event_name":"Nest","floor":20,"gold_loss":0,"cards_obtained":["RitualDagger"]}],"is_beta":false,"boss_relics":[{"not_picked":["Ring of the Serpent","Empty Cage"],"picked":"Busted Crown"}],"items_purged_floors":[],"is_endless":false,"potions_floor_spawned":[6,7,14,16,19,24],"killed_by":"Centurion and Healer","ascension_level":16}}