{"host":"bb5r3ba2ig485dr2","time":1610724685,"event":{"mods":["Act Like it!","BaseMod","CapriCore","Chen","Curses Come First","Gensokyo","Hallownest","Koishi","Lobotomy","LobotomyExtend","Marisa（霧雨　魔理沙）","Minty Spire (QoL Compilation)","Random Character Button","Rare Cards Sparkle","Reimu（博??梦）","StSLib","Td1madao Mod","The Administrix","The Bug Knight","The Immortal","The Servant 0.9.4","The Wild Card"],"gold_per_floor":[160,0,0,20,20,51,51,51,77,77,107,35,54,86,86,181,181,181,181,1,15,26,60,71,71,71],"floor_reached":25,"language":"ENG","playtime":2120,"items_purged":[],"score":262,"play_id":"af8b2db1-ac52-4617-8cbc-744157ccf498","local_time":"20210115163125","is_ascension_mode":false,"campfire_choices":[{"data":"Intuition:ReiMu","floor":8,"key":"SMITH"},{"data":"NineCharacters:ReiMu","floor":15,"key":"SMITH"}],"circlet_count":0,"master_deck":["Strike_Lin:ReiMu+1","Strike_Lin:ReiMu+1","Strike_Lin:ReiMu+1","Strike_Lin:ReiMu","Defend_Lin:ReiMu","Defend_Lin:ReiMu","Defend_Lin:ReiMu","Defend_Lin:ReiMu","NB:ReiMu","Stagnation:ReiMu","Intuition:ReiMu+1","LearningPray:ReiMu","NineCharacters:ReiMu+1","YinYangSange:ReiMu+1","SubAcupoint:ReiMu","Crusade:ReiMu","Crusade:ReiMu+1","KamiRite:ReiMu","Gensokyo:EightFeetTall","SpringWay:ReiMu","AlertArray:ReiMu","DependentForm:ReiMu"],"relics":["Tiny House","LetterFromLob","Enchiridion","Lantern","Whetstone","Pear","Bow_fan:ReiMu","Regal Pillow","MagicBullet_r","CheatingSign:ReiMu","CaptainsWheel"],"acts_visited":["Gensokyo:Gensokyo","Gensokyo:Gensokyoer"],"potions_floor_usage":[1,6,6,11,11,14,14,21,21],"damage_taken":[{"damage":5,"enemies":"Gensokyo:3_Fairies","floor":1,"turns":7},{"damage":2,"enemies":"Gensokyo:2_Kodama","floor":4,"turns":5},{"damage":37,"enemies":"Gensokyo:Aya","floor":6,"turns":15},{"damage":0,"enemies":"Gensokyo:Mamizou","floor":11,"turns":10},{"damage":1,"enemies":"Gensokyo:Gryphon","floor":13,"turns":5},{"damage":17,"enemies":"Gensokyo:Aya","floor":14,"turns":8},{"damage":17,"enemies":"Gensokyo:Yukari","floor":16,"turns":13},{"damage":11,"enemies":"Gensokyo:CosmicMonolith","floor":21,"turns":4},{"damage":2,"enemies":"Gensokyo:2_Gloops","floor":22,"turns":7},{"damage":17,"enemies":"Gensokyo:Tenshi","floor":23,"turns":5},{"damage":21,"enemies":"Gensokyo:Mirror_and_Dog","floor":24,"turns":5},{"damage":30,"enemies":"Gensokyo:3_Gloops","floor":25,"turns":4}],"seed_played":"-6819376006103275860","potions_obtained":[{"floor":0,"key":"EntropicBrew"},{"floor":4,"key":"SteroidPotion"},{"floor":6,"key":"ZuzhouPotion:ReiMu"},{"floor":13,"key":"Regen Potion"},{"floor":14,"key":"SkillPotion"},{"floor":16,"key":"ColorlessPotion"},{"floor":23,"key":"SpeedPotion"},{"floor":24,"key":"SteroidPotion"}],"is_trial":false,"path_per_floor":["M","?","?","M","COS","E","?","R","T","T","E","$","M","E","R","B",null,"M","?","$","M","M","E","M","M"],"character_chosen":"REIMU","items_purchased":["Regen Potion","CheatingSign:ReiMu","SpringWay:ReiMu"],"campfire_rested":0,"item_purchase_floors":[12,20,20],"current_hp_per_floor":[65,65,72,70,70,33,33,33,33,43,43,43,42,69,69,52,87,87,79,79,68,66,49,28,0,0],"gold":71,"neow_bonus":"BOSS_RELIC","is_daily":false,"chose_seed":false,"campfire_upgraded":2,"win_rate":0.0,"timestamp":1610724685,"path_taken":["M","?","?","M","COS","E","?","R","T","?","E","$","M","E","R","BOSS","M","?","$","M","M","E","M","?"],"items_purchased_type":["Potion","Relic","Card"],"build_version":"2020-12-22","purchased_purges":0,"victory":false,"max_hp_per_floor":[70,70,77,77,77,77,77,77,77,87,87,87,87,87,87,87,87,87,79,79,79,79,79,79,79,79],"card_choices":[{"not_picked":["Amulet:ReiMu","ShadowOfCrow2:ReiMu"],"picked":"Intuition:ReiMu","floor":0},{"not_picked":["EmergencyTakeOff:ReiMu","Enchanting:ReiMu"],"picked":"LearningPray:ReiMu","floor":1},{"not_picked":["BarrageOfMoneybags:ReiMu","Enchanting:ReiMu"],"picked":"NineCharacters:ReiMu","floor":4},{"not_picked":["ForcedLanding:ReiMu","OrbThrow:ReiMu"],"picked":"YinYangSange:ReiMu","floor":6},{"not_picked":["ForcedLanding:ReiMu","Amulet:ReiMu"],"picked":"SubAcupoint:ReiMu","floor":11},{"not_picked":["BlastKick2:ReiMu","Enchanting:ReiMu"],"picked":"Crusade:ReiMu","floor":13},{"not_picked":["SpreadBorder2:ReiMu","AlertArray:ReiMu"],"picked":"Crusade:ReiMu","floor":14},{"not_picked":["BlastKick2:ReiMu","HakureiPhantom:ReiMu"],"picked":"KamiRite:ReiMu","floor":16},{"not_picked":["Gensokyo:ManorOfTheDishes","Gensokyo:SpontaneousHumanCombustion"],"picked":"Gensokyo:EightFeetTall","floor":19},{"not_picked":["PayForSelf:ReiMu+1","Enchanting:ReiMu","AirStrike:ReiMu+1"],"picked":"SKIP","floor":21},{"not_picked":["SafetyPray:ReiMu","Meditation:ReiMu"],"picked":"AlertArray:ReiMu","floor":22},{"not_picked":["YinYangSign:ReiMu","PassingAway:ReiMu","SpiritualOutbreak2:ReiMu"],"picked":"SKIP","floor":23},{"not_picked":["Conquer:ReiMu","Meditation:ReiMu+1"],"picked":"DependentForm:ReiMu","floor":24}],"player_experience":212261,"relics_obtained":[{"floor":1,"key":"LetterFromLob"},{"floor":6,"key":"Lantern"},{"floor":9,"key":"Whetstone"},{"floor":10,"key":"Pear"},{"floor":11,"key":"Bow_fan:ReiMu"},{"floor":14,"key":"Regal Pillow"},{"floor":23,"key":"CaptainsWheel"}],"event_choices":[],"is_beta":false,"boss_relics":[{"not_picked":["Busted Crown","Runic Dome","Sozu"]}],"items_purged_floors":[],"is_endless":false,"potions_floor_spawned":[4,6,13,14,16,23,24],"killed_by":"Gensokyo:3_Gloops","ascension_level":0}}