{"host":"a3oe3gstxz77c7qu","time":1610740300,"event":{"mods":["2.2 Compatiblity","Act Like it!","Astrologer","BaseMod","Bestiary","Better Altar","Better Match","Better Note","Better Skull","Better Third Choice","Block Reminder","Curses Come First","Custom Start","Dark Map","Downfall","Fox Events","Friendly Minions","GifTheSpireLib","Hallownest","Hermit","Jorbs\u0027s Wanderer Trilogy","Lobotomy","LobotomyExtend","Marisa????????","Minty Spire (QoL Compilation)","Permanent Neow","Quick Restart","Relic Stats","Replay The Spire","StSLib","The Bug Knight","The Cursed","The Disciple","The Jungle","Uncapped","Unknown Chances","Wandering Minibosses"],"gold_per_floor":[24,24,24,24,24,24,24,24,24,24,24,24,24,24,24,24,24,24,24,24,24,24,24,24,24,24,24,24,24,24,24,24,24,24,24,24,24,24,24,24,44,44,44,44,44,44,44,44,44,44,204,204,204],"floor_reached":54,"language":"ENG","playtime":929,"items_purged":[],"score":982,"play_id":"3955b711-e6c9-4b5d-a64f-454ae28bd907","local_time":"20210115195140","is_ascension_mode":false,"campfire_choices":[{"floor":6,"key":"RECALL"},{"data":"Grand Finale","floor":8,"key":"SMITH"},{"data":"Grand Finale","floor":10,"key":"SMITH"},{"data":"Grand Finale","floor":13,"key":"SMITH"},{"data":"Grand Finale","floor":17,"key":"SMITH"},{"data":"Grand Finale","floor":26,"key":"SMITH"},{"floor":34,"key":"REST"}],"circlet_count":0,"master_deck":["Grand Finale+1","Grand Finale+1","Grand Finale+1","Grand Finale+1","Grand Finale+1"],"relics":["HollowMod:VesselMask","Hallownest:DreamNailRelic","Hallownest:WatcherSealRelic","Hallownest:BeastSealRelic","Hallownest:TeacherSealRelic","Ring of the Snake","Hallownest:GodTamersBeastRelic"],"acts_visited":["Exordium","TheCity","TheCity","Hallownest:CityofTears"],"potions_floor_usage":[],"damage_taken":[{"damage":0,"enemies":"Hallownest:2_MossCreeps","floor":1,"turns":1},{"damage":0,"enemies":"Hallownest:monsterHuskGuard","floor":2,"turns":1},{"damage":0,"enemies":"Hallownest:2_Baldur","floor":4,"turns":1},{"damage":1,"enemies":"Hallownest:1_Baldur_1_Crawlid_1_Warrior","floor":5,"turns":1},{"damage":0,"enemies":"Hallownest:Wandering_and_Horned","floor":7,"turns":1},{"damage":3,"enemies":"Hallownest:2_Tiktiks_1_Baldur_1_Crawlid","floor":11,"turns":1},{"damage":0,"enemies":"Hallownest:eliteVengeflyKing","floor":12,"turns":1},{"damage":0,"enemies":"Hallownest:eliteMossKnight","floor":16,"turns":1},{"damage":10,"enemies":"Hallownest:BossHornet","floor":18,"turns":1},{"damage":0,"enemies":"Hallownest:2_Mistakes","floor":20,"turns":1},{"damage":0,"enemies":"Hallownest:Flukemon_and_Top","floor":22,"turns":1},{"damage":0,"enemies":"Hallownest:2_Flukemon","floor":24,"turns":1},{"damage":0,"enemies":"Hallownest:eliteSoulWarrior","floor":25,"turns":1},{"damage":0,"enemies":"Hallownest:Warrior_and_Youth","floor":27,"turns":1},{"damage":0,"enemies":"Hallownest:2_Husk_Sentries","floor":30,"turns":1},{"damage":0,"enemies":"Hallownest:2_Flukemon","floor":31,"turns":1},{"damage":0,"enemies":"Hallownest:Warrior_and_Youth","floor":33,"turns":1},{"damage":0,"enemies":"Hallownest:BossGrimm","floor":35,"turns":1},{"damage":0,"enemies":"Hallownest:Shield_Heavy","floor":37,"turns":1},{"damage":0,"enemies":"Hallownest:3_Siblings","floor":40,"turns":1},{"damage":0,"enemies":"Hallownest:2_Wandering_and_1_Horned","floor":41,"turns":2},{"damage":0,"enemies":"Hallownest:eliteHiveKnight","floor":42,"turns":1},{"damage":0,"enemies":"Hallownest:Shield_Sturdy","floor":44,"turns":1},{"damage":0,"enemies":"Hallownest:2_Great","floor":47,"turns":1},{"damage":0,"enemies":"Hallownest:monsterPrimalAspid","floor":48,"turns":1},{"damage":0,"enemies":"Hallownest:2_Wandering_and_1_Horned","floor":49,"turns":2},{"damage":0,"enemies":"Hallownest:Slobbering_and_Violent","floor":50,"turns":1},{"damage":0,"enemies":"Hallownest:Slobbering_and_Violent","floor":51,"turns":1},{"damage":0,"enemies":"Hallownest:Slobbering_and_Violent","floor":51,"turns":1},{"damage":0,"enemies":"Hallownest:Slobbering_and_Violent","floor":51,"turns":1},{"damage":0,"enemies":"Hallownest:Slobbering_and_Violent","floor":51,"turns":2},{"damage":20,"enemies":"Hallownest:Radiance","floor":52,"turns":2}],"seed_played":"-4614966379396703503","potions_obtained":[],"is_trial":false,"path_per_floor":["M","M","?","M","M","R","M","R","T","R","M","E","R","PTL","PTL","E","R","B",null,"M","$","M","?","M","E","R","M","T","?","M","M","?","M","R","B",null,"M","?","?","M","M","E","?","M","T","$","M","M","M","M","R","B",null,null],"character_chosen":"THE_BUGKNIGHT","items_purchased":[],"campfire_rested":1,"item_purchase_floors":[],"current_hp_per_floor":[6060,6060,6050,6050,6049,6049,6049,6049,6049,6049,6046,6046,6046,6046,6046,6046,6046,6036,6069,6069,6069,6069,6069,6069,6069,6069,6069,6069,6069,6069,6069,6069,6069,6069,6069,6069,6069,6069,6069,6069,6069,6069,6069,6069,6069,6069,6069,6069,6069,6069,6069,6049,6049],"gold":204,"neow_bonus":"RANDOM_EVENT","is_daily":false,"chose_seed":false,"campfire_upgraded":5,"win_rate":0.0,"timestamp":1610740300,"path_taken":["M","M","?","M","M","R","?","R","T","R","?","E","R","PTL","PTL","E","R","BOSS","M","$","M","?","M","E","R","M","T","?","?","M","?","M","R","BOSS","M","?","?","?","?","E","?","M","T","$","M","M","M","?","R","BOSS"],"items_purchased_type":[],"build_version":"2020-12-22","purchased_purges":0,"victory":true,"max_hp_per_floor":[6069,6069,6069,6069,6069,6069,6069,6069,6069,6069,6069,6069,6069,6069,6069,6069,6069,6069,6069,6069,6069,6069,6069,6069,6069,6069,6069,6069,6069,6069,6069,6069,6069,6069,6069,6069,6069,6069,6069,6069,6069,6069,6069,6069,6069,6069,6069,6069,6069,6069,6069,6069,6069],"relic_stats":{"counters":[32,36],"obtain_stats":[{"Hallownest:WatcherSealRelic":0,"HollowMod:VesselMask":0,"Hallownest:DreamNailRelic":0,"War Paint":0,"Hallownest:GodTamersBeastRelic":51,"Hallownest:TeacherSealRelic":0,"Hallownest:BeastSealRelic":0,"Ring of the Snake":0},{"Hallownest:WatcherSealRelic":0,"HollowMod:VesselMask":0,"Hallownest:DreamNailRelic":0,"War Paint":0,"Hallownest:GodTamersBeastRelic":31,"Hallownest:TeacherSealRelic":0,"Hallownest:BeastSealRelic":0,"Ring of the Snake":0},{"Hallownest:WatcherSealRelic":0,"HollowMod:VesselMask":0,"Hallownest:DreamNailRelic":0,"War Paint":0,"Hallownest:GodTamersBeastRelic":34,"Hallownest:TeacherSealRelic":0,"Hallownest:BeastSealRelic":0,"Ring of the Snake":0}],"Ring of the Snake":[3]},"card_choices":[{"not_picked":["HollowMod:CloakDash","HollowMod:InfectedCysts","HollowMod:CycloneSlash"],"picked":"SKIP","floor":1},{"not_picked":["HollowMod:PureNailStrike","HollowMod:SoulSplash","HollowMod:InfectedAttack"],"picked":"SKIP","floor":2},{"not_picked":["HollowMod:SoulStrike","HollowMod:CycloneSlash","HollowMod:InfectedAttack"],"picked":"SKIP","floor":4},{"not_picked":["HollowMod:CycloneSlash","HollowMod:LordofShades","HollowMod:DoubleDash"],"picked":"SKIP","floor":5},{"not_picked":["HollowMod:PureNailStrike","HollowMod:CycloneSlash","HollowMod:DashSlash"],"picked":"SKIP","floor":7},{"not_picked":["HollowMod:SoulSplash","HollowMod:HowlingWraiths","HollowMod:VengefulVoid"],"picked":"SKIP","floor":11},{"not_picked":["HollowMod:CycloneSlash","HollowMod:SharpenedShadows","HollowMod:DescendingDark"],"picked":"SKIP","floor":12},{"not_picked":["HollowMod:DescendingDark","HollowMod:ShadowDash","HollowMod:DoubleDash"],"picked":"SKIP","floor":16},{"not_picked":["HollowMod:SiblingsSouls","HollowMod:RecoilStrike","HollowMod:GreatSlash"],"picked":"SKIP","floor":20},{"not_picked":["HollowMod:SoulSplash","HollowMod:HeavyBlow","HollowMod:DreamGate"],"picked":"SKIP","floor":22},{"not_picked":["HollowMod:SiblingsSouls","HollowMod:MawleksShell","HollowMod:BaldurShell+1"],"picked":"SKIP","floor":24},{"not_picked":["HollowMod:SiblingsSouls+1","HollowMod:MonomonsArchive+1","HollowMod:ShadowDash"],"picked":"SKIP","floor":25},{"not_picked":["HollowMod:ShadowDash+1","HollowMod:SiblingsSouls+1","HollowMod:SharpenedNail"],"picked":"SKIP","floor":27},{"not_picked":["HollowMod:NewJinnsSoul+1","HollowMod:DashSlash","HollowMod:HeavyBlow"],"picked":"SKIP","floor":30},{"not_picked":["HollowMod:Hiveblood","HollowMod:DoubleDash","HollowMod:Grubsong+1"],"picked":"SKIP","floor":31},{"not_picked":["HollowMod:VengefulVoid","HollowMod:WraithStrike","HollowMod:LuriensSpire"],"picked":"SKIP","floor":33},{"not_picked":["HollowMod:DungDefenderAura","HollowMod:NewLittleFool","HollowMod:MonomonsArchive+1"],"picked":"SKIP","floor":37},{"not_picked":["HollowMod:CycloneSlash+1","HollowMod:MonarchWings+1","HollowMod:PerfectDash+1"],"picked":"SKIP","floor":40},{"not_picked":["HollowMod:VengefulVoid","HollowMod:CloakDash","HollowMod:SoulSplash"],"picked":"SKIP","floor":41},{"not_picked":["HollowMod:NewJinnsSoul","HollowMod:SoulStrike+1","HollowMod:VengefulVoid"],"picked":"SKIP","floor":42},{"not_picked":["HollowMod:LifebloodCocoon","HollowMod:ShadowDash","HollowMod:InfectedCysts+1"],"picked":"SKIP","floor":44},{"not_picked":["HollowMod:HeavyBlow+1","HollowMod:BaldurShell","HollowMod:MantisMark"],"picked":"SKIP","floor":47},{"not_picked":["HollowMod:CoiledNail","HollowMod:SharpenedNail+1","HollowMod:PureNailStrike+1"],"picked":"SKIP","floor":48},{"not_picked":["HollowMod:PureNailStrike","HollowMod:VengefulVoid","HollowMod:SoulSplash"],"picked":"SKIP","floor":49},{"not_picked":["HollowMod:CycloneSlash","HollowMod:WraithStrike+1","HollowMod:LifebloodCocoon"],"picked":"SKIP","floor":50}],"player_experience":1034788,"relics_obtained":[],"event_choices":[{"damage_healed":0,"gold_gain":0,"player_choice":"Insight","damage_taken":0,"max_hp_gain":0,"max_hp_loss":0,"event_name":"betterThird:BetterWriting","floor":0,"gold_loss":0,"cards_obtained":["Insight"]},{"damage_healed":364,"gold_gain":0,"player_choice":"LEAVE ","damage_taken":0,"relics_obtained":[],"max_hp_gain":0,"max_hp_loss":0,"event_name":"betterSkull:BetterSkull","floor":29,"gold_loss":0,"cards_upgraded":[]},{"damage_healed":364,"gold_gain":0,"player_choice":"LEAVE ","damage_taken":0,"relics_obtained":[],"max_hp_gain":0,"max_hp_loss":0,"event_name":"betterSkull:BetterSkull","floor":43,"gold_loss":0,"cards_upgraded":[]}],"is_beta":false,"boss_relics":[{"not_picked":["Runic Pyramid","Replay:Drink Me","Coffee Dripper"]},{"not_picked":["Cursed Key","ChewingGum","Snecko Heart"]}],"items_purged_floors":[],"is_endless":false,"potions_floor_spawned":[7,11,12,16,20,30,33,37,41,49,50,51],"ascension_level":0}}