{"host":"njb27ds59h4j3ikk","time":1610736814,"event":{"mods":["AchievementEnabler","BaseMod","Better Altar","Better Match","Better Note","Better Sensory Stone","Better Skull","Better Third Choice","BetterRewards","Downfall","Hermit","Hubris","Minty Spire (QoL Compilation)","Permanent Neow","Quarter Circle Forward PUNCH!","Quick Restart","Rare Cards Sparkle","Replay The Spire","Shop Mod","StSLib","Trackpad","Transform Curses"],"gold_per_floor":[117,128,128,128,147,180,180,180,227,262,262,279,303,338,338,443,443,453,469,483,500,520,553,569,594,639,649,649,649,649,661,661,758,758,775,789,17,17,17,17,17,48,75,75,56,68,68,85,85,85,85,85,12,47,47],"floor_reached":56,"language":"ENG","playtime":2862,"items_purged":[],"score":1384,"play_id":"55d67ba9-10ad-4251-ba2c-421300a2c5f2","local_time":"20210115135334","is_ascension_mode":true,"campfire_choices":[{"floor":8.0,"key":"REST"},{"data":"Capacitor","floor":11.0,"key":"SMITH"},{"data":"Dualcast","floor":15.0,"key":"SMITH"},{"floor":28.0,"key":"REST"},{"data":"Turbo","floor":30.0,"key":"SMITH"},{"data":"Hologram","floor":32.0,"key":"SMITH"},{"floor":40.0,"key":"RECALL"},{"data":"ReplayTheSpireMod:System Scan","floor":44.0,"key":"SMITH"},{"floor":49.0,"key":"REST"},{"data":"Core Surge","floor":52.0,"key":"SMITH"}],"circlet_count":0,"master_deck":["Strike_B+1","Strike_B","Strike_B","Strike_B","Defend_B","Defend_B","Defend_B","Defend_B","Zap+1","Dualcast+1","Capacitor+1","Hologram+1","BasicCrystalCard+1","Glacier+1","Lockon+1","Cold Snap","Barrage+1","BootSequence+1","Darkness+1","Darkness+1","Auto Shields+1","Turbo+1","Time Bomb+1","Multi-Cast+1","ReplaySolidLightProjector+1","Doom and Gloom+1","Loop+1","Double Energy+1","Steam","ReplayTheSpireMod:Omega Cannon+1","Core Surge+1","Recycle+1","Mirror Shield+1","Turbo+1","Redo+1","Static Discharge+1","Beam Cell+1","Apotheosis+1","ReplayUltimateDefense+1","ReplayTheSpireMod:System Scan+1","Sweeping Beam","Tempest+1","Go for the Eyes+1","Pain","ReplaySolidLightProjector+1","Hello World+1","Replay:SS_hec_2","Conserve Battery"],"relics":["Cracked Core","Pantograph","qcfpunch:Fighting_Gloves","Boot","ClockworkSouvenir","trackpad:WindUpAutoDealer","trackpad:WondrousWand","Replay:Antivirus Software","Meat on the Bone","Blood Vial","The Courier","Prayer Wheel","hubris:Reverence","qcfpunch:Red_Beret","Replay:Bronze Core","Question Card","hubris:BallOfYels","qcfpunch:Wrestler\u0027s_Cloak","trackpad:ByrdBGone","MerchantsRug","Replay:Ringing Soul","hubris:Icosahedron","hubris:ToyBattleship","trackpad:PetRock","WarpedTongs","Whetstone"],"acts_visited":["TheCity","TheBeyond","TheEnding"],"potions_floor_usage":[55,55,55],"damage_taken":[{"damage":5.0,"enemies":"Cultist","floor":1.0,"turns":4.0},{"damage":14.0,"enemies":"Jaw Worm","floor":2.0,"turns":4.0},{"damage":5.0,"enemies":"Small Slimes","floor":5.0,"turns":3.0},{"damage":20.0,"enemies":"Lagavulin","floor":6.0,"turns":6.0},{"damage":0.0,"enemies":"Replay:BlueRogue","floor":10.0,"turns":4.0},{"damage":0.0,"enemies":"Exordium Thugs","floor":12.0,"turns":3.0},{"damage":1.0,"enemies":"Lagavulin","floor":14.0,"turns":6.0},{"damage":24.0,"enemies":"Hexaghost","floor":16.0,"turns":5.0},{"damage":0.0,"enemies":"Chosen","floor":18.0,"turns":4.0},{"damage":8.0,"enemies":"Spheric Guardian","floor":19.0,"turns":3.0},{"damage":13.0,"enemies":"Chosen and Byrds","floor":20.0,"turns":7.0},{"damage":12.0,"enemies":"Cultist and Chosen","floor":21.0,"turns":5.0},{"damage":0.0,"enemies":"3 Cultists","floor":22.0,"turns":4.0},{"damage":18.0,"enemies":"Replay:Snechameleon","floor":23.0,"turns":3.0},{"damage":6.0,"enemies":"Centurion and Healer","floor":24.0,"turns":5.0},{"damage":40.0,"enemies":"Gremlin Leader","floor":25.0,"turns":6.0},{"damage":14.0,"enemies":"Shelled Parasite and Fungi","floor":27.0,"turns":4.0},{"damage":1.0,"enemies":"Cultist and Chosen","floor":31.0,"turns":5.0},{"damage":45.0,"enemies":"Automaton","floor":33.0,"turns":7.0},{"damage":0.0,"enemies":"Orb Walker","floor":35.0,"turns":3.0},{"damage":45.0,"enemies":"3 Shapes","floor":36.0,"turns":5.0},{"damage":8.0,"enemies":"R_Hoarder","floor":42.0,"turns":11.0},{"damage":26.0,"enemies":"Maw","floor":46.0,"turns":5.0},{"damage":40.0,"enemies":"3 Darklings","floor":48.0,"turns":5.0},{"damage":20.0,"enemies":"Replay:Hell Engine","floor":50.0,"turns":11.0},{"damage":54.0,"enemies":"Shield and Spear","floor":54.0,"turns":6.0},{"damage":47,"enemies":"The Heart","floor":55,"turns":8}],"seed_played":"-8340117493169211978","potions_obtained":[{"floor":6.0,"key":"PowerPotion"},{"floor":10.0,"key":"LiquidBronze"},{"floor":12.0,"key":"Reflective Coating"},{"floor":14.0,"key":"Energy Potion"},{"floor":18.0,"key":"Explosive Potion"},{"floor":19.0,"key":"Adrenaline Potion"},{"floor":23.0,"key":"Strength Potion"},{"floor":24.0,"key":"Strength Potion"},{"floor":25.0,"key":"Block Potion"},{"floor":33.0,"key":"Dexterity Potion"},{"floor":42.0,"key":"Cursed Concoction"}],"is_trial":false,"path_per_floor":["M","M","?","T","M","E","?","R","T","E","R","M","T","E","R","B",null,"M","M","M","M","M","E","M","E","T","M","R","?","R","M","R","B",null,"M","M","$","?","?","R","?","E","T","R","$","M","?","M","R","B",null,"R","$","E","B",null],"character_chosen":"DEFECT","items_purchased":["Pantograph","Boot","ClockworkSouvenir","Capacitor","Hologram","Question Card","hubris:BallOfYels","qcfpunch:Wrestler\u0027s_Cloak","trackpad:ByrdBGone","MerchantsRug","Replay:Ringing Soul","Sweeping Beam","Replay:SS_hec_2"],"campfire_rested":3,"item_purchase_floors":[0,0,0,0,0,37,37,37,37,37,37,45,53],"current_hp_per_floor":[70,56,61,61,56,36,36,60,60,60,60,60,60,59,59,56,80,80,72,61,51,53,56,52,26,26,26,52,52,52,53,53,47,87,87,54,54,57,57,57,57,54,54,54,57,48,51,28,59,66,105,105,108,69,61],"gold":47,"neow_bonus":"","is_daily":false,"chose_seed":false,"campfire_upgraded":6,"win_rate":0.0,"timestamp":1610736814,"path_taken":["M","M","?","?","?","E","?","R","T","E","R","M","?","E","R","BOSS","M","M","?","M","M","E","?","E","T","M","R","?","R","M","R","BOSS","M","M","$","?","?","R","?","E","T","R","?","M","?","M","R","BOSS","R","$","E","BOSS"],"items_purchased_type":["Relic","Relic","Relic","Card","Card","Relic","Relic","Relic","Relic","Relic","Relic","Card","Card"],"build_version":"2020-12-22","purchased_purges":0,"victory":true,"max_hp_per_floor":[75,75,80,80,80,80,80,80,80,80,80,80,80,80,80,80,80,80,80,80,80,80,87,87,87,87,87,87,87,87,87,87,87,87,87,87,87,90,90,90,90,93,93,93,96,99,102,105,105,105,105,105,108,111,111],"card_choices":[{"not_picked":["Leap","Blizzard"],"picked":"BasicCrystalCard","floor":1.0},{"not_picked":["Go for the Eyes","Steam"],"picked":"Glacier","floor":2.0},{"not_picked":["Coolheaded","Tempest"],"picked":"Lockon","floor":5.0},{"not_picked":["Sweeping Beam","Genetic Algorithm"],"picked":"Cold Snap","floor":6.0},{"not_picked":["Sunder","ReplayTheSpireMod:Reroute Power"],"picked":"Barrage","floor":10.0},{"not_picked":["White Noise","Reboot"],"picked":"BootSequence","floor":12.0},{"not_picked":["Redo","Hologram"],"picked":"Darkness","floor":14.0},{"not_picked":["Meteor Strike","All For One"],"picked":"ReplayTheSpireMod:Fabricate Wheel","floor":16.0},{"not_picked":["Gash","ReplaySolidLightProjector"],"picked":"Darkness","floor":18.0},{"not_picked":["Panic Button","Aggregate"],"picked":"Auto Shields","floor":19.0},{"not_picked":["Cold Snap","Sweeping Beam"],"picked":"Turbo","floor":20.0},{"not_picked":["Barrage","Gash+1"],"picked":"Time Bomb","floor":21.0},{"not_picked":["BootSequence","FIFO Queue"],"picked":"Multi-Cast","floor":22.0},{"not_picked":["Meteor Strike","Compile Driver"],"picked":"ReplaySolidLightProjector+1","floor":23.0},{"not_picked":["Capacitor","Tempest"],"picked":"Doom and Gloom","floor":24.0},{"not_picked":["Beam Cell","BasicCrystalCard"],"picked":"Loop","floor":25.0},{"not_picked":["Conserve Battery","FTL"],"picked":"Double Energy+1","floor":27.0},{"not_picked":["Panic Button","Leap"],"picked":"Steam","floor":27.0},{"not_picked":["Reinforced Body","Streamline"],"picked":"Core Surge","floor":31.0},{"not_picked":["Leap","ReplaySolidLightProjector"],"picked":"Recycle+1","floor":31.0},{"not_picked":["hubris:Prefetch","Reboot"],"picked":"Mirror Shield","floor":33.0},{"not_picked":["Chill","Sweeping Beam"],"picked":"Turbo+1","floor":35.0},{"not_picked":["Barrage+1","Auto Shields"],"picked":"Redo+1","floor":35.0},{"not_picked":["Gash+1","Cold Snap+1"],"picked":"Static Discharge+1","floor":36.0},{"not_picked":["Leap","All For One"],"picked":"Beam Cell","floor":36.0},{"not_picked":["Replay:SS_fish_1","expansioncontent:Corrupt","Finesse"],"picked":"Apotheosis","floor":38.0},{"not_picked":["expansioncontent:LastStand","Deep Breath","Dark Shackles"],"picked":"ReplayUltimateDefense","floor":38.0},{"not_picked":["Darkness","BasicCrystalCard+1","Compile Driver"],"picked":"ReplayTheSpireMod:System Scan","floor":42.0},{"not_picked":["Loop","Chill","Sweeping Beam+1"],"picked":"Tempest+1","floor":46.0},{"not_picked":["Redo","Steam Power","Gash"],"picked":"Go for the Eyes+1","floor":46.0},{"not_picked":["Leap","Gash+1","Sweeping Beam"],"picked":"ReplaySolidLightProjector+1","floor":48.0},{"not_picked":["Compile Driver","Reprogram","Streamline"],"picked":"Hello World+1","floor":48.0},{"not_picked":["Auto Shields","Biased Cognition","hubris:Prefetch"],"picked":"Conserve Battery","floor":54.0}],"player_experience":1250110,"relics_obtained":[{"floor":4.0,"key":"trackpad:WindUpAutoDealer"},{"floor":6.0,"key":"trackpad:WondrousWand"},{"floor":9.0,"key":"Replay:Antivirus Software"},{"floor":10.0,"key":"Meat on the Bone"},{"floor":14.0,"key":"Blood Vial"},{"floor":23.0,"key":"Strawberry"},{"floor":25.0,"key":"hubris:Reverence"},{"floor":26.0,"key":"qcfpunch:Red_Beret"},{"floor":42.0,"key":"hubris:ToyBattleship"},{"floor":43.0,"key":"trackpad:PetRock"},{"floor":54.0,"key":"Whetstone"}],"event_choices":[{"damage_healed":0.0,"max_hp_gain":5.0,"max_hp_loss":0.0,"gold_gain":0.0,"event_name":"Big Fish","player_choice":"Donut","floor":3.0,"gold_loss":0.0,"damage_taken":0.0},{"damage_healed":0.0,"max_hp_gain":0.0,"max_hp_loss":0.0,"gold_gain":0.0,"event_name":"Living Wall","player_choice":"Grow","floor":7.0,"gold_loss":0.0,"damage_taken":0.0,"cards_upgraded":["BasicCrystalCard"]},{"cards_removed":["Darkness"],"damage_healed":0.0,"max_hp_gain":0.0,"max_hp_loss":0.0,"gold_gain":0.0,"event_name":"betterNote:BetterNote","player_choice":"Take \u0026 Give","floor":29.0,"gold_loss":0.0,"damage_taken":0.0,"cards_obtained":["ReplayTheSpireMod:Omega Cannon"]},{"damage_healed":0.0,"max_hp_gain":0.0,"max_hp_loss":0.0,"gold_gain":3.0,"event_name":"betterStone:BetterStone","player_choice":"1","floor":38.0,"gold_loss":0.0,"damage_taken":0.0},{"damage_healed":0.0,"max_hp_gain":0.0,"max_hp_loss":0.0,"gold_gain":0.0,"event_name":"Accursed Blacksmith","player_choice":"Rummage","floor":47.0,"gold_loss":0.0,"damage_taken":0.0,"relics_obtained":["WarpedTongs"],"cards_obtained":["Pain"]}],"is_beta":false,"boss_relics":[{"not_picked":["Tiny House","Coffee Dripper"],"picked":"hubris:Backtick"},{"not_picked":["Snecko Eye","qcfpunch:Dark_Gi"],"picked":"Replay:Bronze Core"}],"items_purged_floors":[],"is_endless":false,"potions_floor_spawned":[6,10,12,14,18,19,23,24,25,33,42,46,48],"ascension_level":1}}