{"host":"bfxnw9us3ok3sr4c","time":1610754660,"event":{"mods":["Act Like it!","BaseMod","BetterRewards","Colored Map","Colored Powertips","Downfall","Hallownest","Hubris","Infinite Spire","Minty Spire (QoL Compilation)","StSLib","The Cursed"],"gold_per_floor":[99,116,32,107,107,7,7,22,39,58,84,104,4,4,24,125,125,25,37,37,52,70,88,112,127,127,127,138,52,69,84,99,196,196,196,209,226,226,226,226],"floor_reached":38,"language":"ENG","playtime":3897,"items_purged":[],"score":409,"play_id":"268ebe7d-380e-47f1-a063-9bca1ad70dce","local_time":"20210116025100","is_ascension_mode":false,"campfire_choices":[{"floor":1,"key":"RECALL"},{"data":"Slimebound:SplitLeeching","floor":6,"key":"SMITH"},{"data":"Slimebound:MassRepurpose","floor":13,"key":"SMITH"},{"data":"Slimebound:Teamwork","floor":18,"key":"SMITH"},{"data":"Slimebound:Grow","floor":27,"key":"SMITH"},{"data":"Slimebound:MinionMaster","floor":35,"key":"SMITH"}],"circlet_count":0,"master_deck":["Slimebound:Strike_Slimebound","Slimebound:Strike_Slimebound","Slimebound:Strike_Slimebound","Slimebound:Tackle","Slimebound:Defend_Slimebound","Slimebound:Defend_Slimebound","Slimebound:Defend_Slimebound","Slimebound:Split+1","Slimebound:CorrosiveSpit","Slimebound:Equalize","Slimebound:GoopSpray","Slimebound:SamplingLick","Slimebound:SplitLeeching+1","Slimebound:RainOfGoop","Slimebound:TongueLash","Slimebound:MassRepurpose+1","Slimebound:PressTheAttack","Slimebound:SpikyOuterGoop","Slimebound:LevelUp+1","Slimebound:SplitAcid","Slimebound:Teamwork+1","Slimebound:MegaLick+1","Slimebound:LeechEnergy","Slimebound:SlimeBarrage","Slimebound:SlimeSlap","Slimebound:Grow+1","Slimebound:RainOfGoop+1","Slimebound:SlimeSpikes","Slimebound:SlimeTap","Slimebound:LeechingTouch+1","Slimebound:MinionMaster+1","Slimebound:GrowthPunch+1","Slimebound:RallyTheTroops","Slimebound:SplitMire+1"],"relics":["Slimebound:AbsorbEndCombatUpgraded","downfall:HeartBlessingRed","Meat on the Bone","downfall:HeartBlessingGreen","Black Star","downfall:HeartBlessingBlue","Toy Ornithopter","Nunchaku"],"acts_visited":["Exordium","TheCity","TheBeyond"],"potions_floor_usage":[16,16,23,29,33,33,33],"damage_taken":[{"damage":11,"enemies":"Small Slimes","floor":2,"turns":4},{"damage":8,"enemies":"downfall:FleeingMerchant","floor":3,"turns":4},{"damage":2,"enemies":"Jaw Worm","floor":8,"turns":3},{"damage":0,"enemies":"Cultist","floor":9,"turns":2},{"damage":0,"enemies":"Exordium Wildlife","floor":10,"turns":4},{"damage":11,"enemies":"Lagavulin","floor":11,"turns":5},{"damage":0,"enemies":"2 Fungi Beasts","floor":12,"turns":3},{"damage":18,"enemies":"Lots of Slimes","floor":15,"turns":4},{"damage":30,"enemies":"WA_ARCHETYPE_RETAIN","floor":16,"turns":5},{"damage":12,"enemies":"Chosen","floor":19,"turns":5},{"damage":1,"enemies":"Spheric Guardian","floor":21,"turns":4},{"damage":9,"enemies":"Snake Plant","floor":22,"turns":4},{"damage":0,"enemies":"Snecko","floor":23,"turns":4},{"damage":4,"enemies":"Centurion and Healer","floor":25,"turns":6},{"damage":36,"enemies":"3 Cultists","floor":28,"turns":5},{"damage":18,"enemies":"downfall:FleeingMerchant","floor":29,"turns":4},{"damage":17,"enemies":"Cultist and Chosen","floor":30,"turns":5},{"damage":21,"enemies":"Centurion and Healer","floor":31,"turns":5},{"damage":30,"enemies":"Sentry and Sphere","floor":32,"turns":4},{"damage":47,"enemies":"DF_ARCHETYPE_CLAW","floor":33,"turns":9},{"damage":25,"enemies":"3 Darklings","floor":36,"turns":6},{"damage":40,"enemies":"Orb Walker","floor":37,"turns":5},{"damage":52,"enemies":"Orb Walker","floor":38,"turns":3}],"seed_played":"5596013936918549744","potions_obtained":[{"floor":2,"key":"hexamod:SoulburnPotion"},{"floor":10,"key":"ColorlessPotion"},{"floor":11,"key":"infinitespire:BlackPotion"},{"floor":12,"key":"sneckomod:MuddlingPotion"},{"floor":19,"key":"Dexterity Potion"},{"floor":23,"key":"DuplicationPotion"},{"floor":28,"key":"Explosive Potion"},{"floor":30,"key":"AttackPotion"},{"floor":37,"key":"champ:CounterPotion"}],"is_trial":false,"path_per_floor":["R","M","$","?","?","R","T","M","M","M","E","M","R","?","M","B",null,"R","M","?","M","M","M","T","M","AVR","R","M","$","M","M","M","B",null,"R","M","M","?"],"character_chosen":"SLIMEBOUND","items_purchased":["Slimebound:SamplingLick","Slimebound:SplitLeeching","Slimebound:SlimeTap"],"campfire_rested":0,"item_purchase_floors":[3,3,29],"current_hp_per_floor":[71,62,62,62,62,62,62,63,69,71,64,69,69,69,52,36,71,81,70,70,70,64,67,67,72,72,72,43,46,50,44,26,18,81,81,65,47,0,0,0],"gold":226,"neow_bonus":"TEN_PERCENT_HP_BONUS","is_daily":false,"chose_seed":false,"campfire_upgraded":5,"win_rate":0.0,"timestamp":1610754660,"path_taken":["R","M","$","?","?","R","T","M","?","M","E","M","R","?","M","BOSS","R","M","?","M","M","M","T","M","AVR","R","M","$","M","M","M","BOSS","R","M","?","?"],"items_purchased_type":["Card","Card","Card"],"build_version":"2020-12-22","purchased_purges":0,"victory":false,"max_hp_per_floor":[71,71,71,71,71,71,71,71,71,71,71,71,71,71,71,71,71,81,81,81,81,81,81,81,81,81,81,81,81,81,81,81,81,81,81,81,81,81,81,81],"card_choices":[{"not_picked":["Slimebound:PressTheAttack","Slimebound:Prepare"],"picked":"Slimebound:Equalize","floor":2},{"not_picked":["Slimebound:ViciousTackle","Slimebound:ComboTackle"],"picked":"Slimebound:GoopSpray","floor":3},{"not_picked":["Slimebound:SplitAcid","Slimebound:SplitMire"],"picked":"Slimebound:TongueLash","floor":8},{"not_picked":["Slimebound:SplitAcid","Slimebound:RollThrough"],"picked":"Slimebound:MassRepurpose","floor":9},{"not_picked":["Slimebound:SamplingLick","Slimebound:FinishingTackle"],"picked":"Slimebound:PressTheAttack","floor":10},{"not_picked":["Slimebound:SplitAcid","Slimebound:LivingWall"],"picked":"Slimebound:SpikyOuterGoop","floor":11},{"not_picked":["Slimebound:FlameTackle","Slimebound:SplitLeeching"],"picked":"Slimebound:LevelUp","floor":12},{"not_picked":["Slimebound:GoopTackle","Slimebound:SlimeBrawl"],"picked":"Slimebound:SplitAcid","floor":15},{"not_picked":["Slimebound:OneTwoCombo","Slimebound:PrepareCrush"],"picked":"Slimebound:Teamwork","floor":16},{"not_picked":["Slimebound:ForwardTackle","Slimebound:GrowthPunch"],"picked":"Slimebound:MegaLick+1","floor":19},{"not_picked":["Slimebound:Schlurp","Slimebound:GoopSpray"],"picked":"Slimebound:LeechEnergy","floor":21},{"not_picked":["Slimebound:SlimeSpikes","Slimebound:PressTheAttack+1"],"picked":"Slimebound:SlimeBarrage","floor":22},{"not_picked":["Slimebound:SlimeBarrage","Slimebound:SamplingLick"],"picked":"Slimebound:SlimeSlap","floor":23},{"not_picked":["Slimebound:FinishingTackle","Slimebound:Prepare"],"picked":"Slimebound:Grow","floor":25},{"not_picked":["Slimebound:GoopTackle","Slimebound:ComboTackle"],"picked":"Slimebound:RainOfGoop+1","floor":28},{"not_picked":["Slimebound:ComboTackle","Slimebound:SplitAcid"],"picked":"Slimebound:SlimeSpikes","floor":29},{"not_picked":["Slimebound:Repurpose","Slimebound:Chomp"],"picked":"Slimebound:LeechingTouch+1","floor":30},{"not_picked":["Slimebound:RainOfGoop","Slimebound:ProtectTheBoss"],"picked":"Slimebound:MinionMaster","floor":31},{"not_picked":["Slimebound:Chomp","Slimebound:PressTheAttack"],"picked":"Slimebound:GrowthPunch+1","floor":32},{"not_picked":["Slimebound:MinionMaster","Slimebound:FirmFortitude"],"picked":"Slimebound:RallyTheTroops","floor":33},{"not_picked":["Slimebound:LeechingTouch+1","Slimebound:RollThrough+1","Slimebound:SplitBruiser"],"picked":"SKIP","floor":36},{"not_picked":["Slimebound:ComboTackle","Slimebound:GoopSpray+1"],"picked":"Slimebound:SplitMire+1","floor":37}],"player_experience":236684,"relics_obtained":[{"floor":11,"key":"Meat on the Bone"},{"floor":24,"key":"Toy Ornithopter"}],"event_choices":[],"is_beta":false,"boss_relics":[{"not_picked":["hubris:ScarierMask","Astrolabe"],"picked":"Black Star"},{"not_picked":["hubris:CrackedHourglass","Velvet Choker"],"picked":"Slimebound:AbsorbEndCombatUpgraded"}],"items_purged_floors":[],"is_endless":false,"potions_floor_spawned":[2,10,11,12,19,23,28,30,37],"killed_by":"Orb Walker","ascension_level":0}}