{"host":"w3q5ijqu8eoknil3","time":1610702510,"event":{"mods":["AchievementEnabler","BaseMod","Block Reminder","Colored Map","Colored Powertips","Curses Come First","Dark Map","Minty Spire (QoL Compilation)","Quick Restart","Relic Stats","StSLib","ojb\u0027s Better Paths Mod","ojb\u0027s Info Mod","slay the spire mod where everything is the same but ironclad has a cowboy hat"],"gold_per_floor":[111,128,34,34,34,63,63,75,75,75,107,126,138,138,138,217,217,235,235,235],"floor_reached":19,"language":"ENG","playtime":547,"items_purged":[],"score":388,"play_id":"b94a3c9e-4374-4f99-8c5b-17783abd763d","local_time":"20210115092150","is_ascension_mode":true,"campfire_choices":[{"data":"Predator","floor":7,"key":"SMITH"},{"data":"Underhanded Strike","floor":10,"key":"SMITH"},{"floor":15,"key":"REST"}],"circlet_count":0,"master_deck":["AscendersBane","Strike_G","Strike_G","Strike_G","Strike_G","Strike_G","Defend_G","Defend_G+1","Defend_G","Defend_G","Defend_G+1","Survivor","Neutralize","Deadly Poison","Underhanded Strike+1","Catalyst+1","Blade Dance","Predator+1","Flying Knee","Backstab","Acrobatics","Dash","Bullet Time","Finisher"],"relics":["Ring of the Snake","NeowsBlessing","StoneCalendar","Turnip","War Paint","SacredBark"],"acts_visited":["Exordium","TheCity"],"potions_floor_usage":[11,14],"damage_taken":[{"damage":0,"enemies":"Small Slimes","floor":1,"turns":1},{"damage":0,"enemies":"Cultist","floor":2,"turns":1},{"damage":0,"enemies":"3 Sentries","floor":6,"turns":1},{"damage":0,"enemies":"2 Louse","floor":8,"turns":2},{"damage":45,"enemies":"Lagavulin","floor":11,"turns":6},{"damage":0,"enemies":"Looter","floor":12,"turns":3},{"damage":12,"enemies":"Gremlin Gang","floor":13,"turns":6},{"damage":0,"enemies":"Red Slaver","floor":14,"turns":1},{"damage":13,"enemies":"Hexaghost","floor":16,"turns":9},{"damage":27,"enemies":"Chosen","floor":18,"turns":5},{"damage":30,"enemies":"Spheric Guardian","floor":19,"turns":6}],"seed_played":"2945113407588390061","potions_obtained":[{"floor":1,"key":"ColorlessPotion"},{"floor":2,"key":"SmokeBomb"}],"is_trial":false,"path_per_floor":["M","M","$","?","$","E","R","M","T","R","E","M","M","M","R","B",null,"M","M"],"character_chosen":"THE_SILENT","items_purchased":["Catalyst","Blade Dance"],"campfire_rested":1,"item_purchase_floors":[3,3],"current_hp_per_floor":[59,59,59,59,59,59,59,59,59,59,14,14,2,2,21,8,52,25,0,0],"gold":235,"neow_bonus":"THREE_ENEMY_KILL","is_daily":false,"chose_seed":false,"campfire_upgraded":2,"win_rate":0.0,"timestamp":1610702510,"path_taken":["M","M","$","?","?","E","R","M","T","R","E","M","M","M","R","BOSS","M","?"],"items_purchased_type":["Card","Card"],"build_version":"2020-12-22","purchased_purges":0,"victory":false,"max_hp_per_floor":[66,66,66,66,66,66,66,66,66,66,66,66,66,66,66,66,66,66,66,66],"relic_stats":{"counters":[11,41],"StoneCalendar":[52],"Turnip":[5],"War Paint":["Defend_G","Defend_G"],"obtain_stats":[{"NeowsBlessing":0,"SacredBark":17,"StoneCalendar":6,"Turnip":9,"War Paint":11,"Ring of the Snake":0},{"NeowsBlessing":0,"SacredBark":9,"StoneCalendar":3,"Turnip":4,"War Paint":5,"Ring of the Snake":0},{"NeowsBlessing":0,"SacredBark":30,"StoneCalendar":3,"Turnip":5,"War Paint":11,"Ring of the Snake":0}],"Ring of the Snake":[22]},"card_choices":[{"not_picked":["Dodge and Roll","Escape Plan"],"picked":"Deadly Poison","floor":1},{"not_picked":["Quick Slash","Setup"],"picked":"Underhanded Strike","floor":2},{"not_picked":["Prepared","Reflex"],"picked":"Predator","floor":6},{"not_picked":["Deflect","Prepared"],"picked":"Flying Knee","floor":8},{"not_picked":["Expertise","Outmaneuver"],"picked":"Backstab","floor":11},{"not_picked":["Outmaneuver","Accuracy"],"picked":"Acrobatics","floor":12},{"not_picked":["Expertise","Flying Knee"],"picked":"Dash","floor":13},{"not_picked":["Glass Knife","Envenom"],"picked":"Bullet Time","floor":16},{"not_picked":["Dash","Well Laid Plans"],"picked":"Finisher","floor":18}],"player_experience":983067,"relics_obtained":[{"floor":6,"key":"StoneCalendar"},{"floor":9,"key":"Turnip"},{"floor":11,"key":"War Paint"}],"event_choices":[{"damage_healed":0,"gold_gain":0,"player_choice":"Upgraded","damage_taken":0,"max_hp_gain":0,"max_hp_loss":0,"event_name":"Upgrade Shrine","floor":4,"gold_loss":0,"cards_upgraded":["Catalyst"]}],"is_beta":false,"boss_relics":[{"not_picked":["Busted Crown","Tiny House"],"picked":"SacredBark"}],"items_purged_floors":[],"is_endless":false,"potions_floor_spawned":[1,2,8,14],"killed_by":"Spheric Guardian","ascension_level":18}}