{"host":"ibonnlq6s1c814xj","time":1610701420,"event":{"mods":["BaseMod","BetterRewards","Good Game Mod","Minty Spire (QoL Compilation)","Shop Mod","【功能Mod】聪明的最终Boss"],"gold_per_floor":[114,114,133,147,322,322,337,10,10,10,60,60,90,104,104,104,104],"floor_reached":16,"language":"ZHS","playtime":678,"items_purged":["Strike_B","Strike_B","Apotheosis","Regret"],"score":110,"play_id":"18be3242-9ced-464b-896b-2d8d9b38c9bb","local_time":"20210115170340","is_ascension_mode":true,"campfire_choices":[{"data":"Doubt","floor":6,"key":"PURGE"},{"data":"Heatsinks","floor":10,"key":"SMITH"},{"data":"Zap","floor":15,"key":"SMITH"}],"circlet_count":0,"master_deck":["Strike_B","Strike_B","Defend_B","Defend_B","Defend_B","Defend_B","Zap+1","Dualcast","Heatsinks+1","Conserve Battery","Conserve Battery+1","Consume+1","Machine Learning","Steam Power+1","Hologram+1","White Noise+1","Zap+1"],"relics":["Cracked Core","REME:ComplimentaryCards","Tiny Chest","Membership Card","Peace Pipe","FossilizedHelix","Molten Egg 2","Toxic Egg 2","Medical Kit","MerchantsRug","Pear","Orichalcum","Bronze Scales","Anchor"],"acts_visited":["Exordium"],"potions_floor_usage":[13,13,13],"damage_taken":[{"damage":0,"enemies":"Jaw Worm","floor":1,"turns":3},{"damage":5,"enemies":"Small Slimes","floor":3,"turns":5},{"damage":0,"enemies":"Cultist","floor":4,"turns":3},{"damage":5,"enemies":"Blue Slaver","floor":7,"turns":4},{"damage":25,"enemies":"Gremlin Nob","floor":13,"turns":5},{"damage":0,"enemies":"Looter","floor":14,"turns":3},{"damage":16,"enemies":"Slime Boss","floor":16,"turns":7}],"seed_played":"-3759716118884301307","potions_obtained":[{"floor":1,"key":"EssenceOfSteel"},{"floor":3,"key":"SpeedPotion"},{"floor":4,"key":"FearPotion"}],"is_trial":false,"path_per_floor":["M","?","M","M","?","R","M","$","T","R","T","T","E","M","R","B"],"character_chosen":"DEFECT","items_purchased":["Tiny Chest","Membership Card","Peace Pipe","Heatsinks","Medical Kit","Machine Learning","Steam Power+1","MerchantsRug"],"campfire_rested":0,"item_purchase_floors":[0,0,0,0,8,8,8,8],"current_hp_per_floor":[40,40,35,35,35,35,30,30,40,40,40,40,15,15,15,0,0],"gold":104,"neow_bonus":"","is_daily":false,"chose_seed":false,"campfire_upgraded":2,"win_rate":0.0,"timestamp":1610701420,"path_taken":["M","?","M","M","?","R","M","$","T","R","?","?","E","?","R","BOSS"],"items_purchased_type":["Relic","Relic","Relic","Card","Relic","Card","Card","Relic"],"build_version":"2020-12-22","purchased_purges":4,"victory":false,"max_hp_per_floor":[70,70,70,70,70,70,70,70,80,80,80,80,80,80,80,80,80],"card_choices":[{"not_picked":["Sweeping Beam+1","Force Field"],"picked":"Conserve Battery","floor":1},{"not_picked":["Gash+1","Compile Driver+1"],"picked":"Conserve Battery+1","floor":3},{"not_picked":["Glacier+1","Steam+1"],"picked":"Consume+1","floor":4},{"not_picked":["Conserve Battery+1","Redo+1","Sweeping Beam+1"],"picked":"SKIP","floor":7},{"not_picked":["Leap+1","Aggregate+1"],"picked":"Hologram+1","floor":13},{"not_picked":["Chill+1","All For One+1"],"picked":"White Noise+1","floor":14}],"player_experience":220246,"relics_obtained":[{"floor":9,"key":"Pear"},{"floor":11,"key":"Orichalcum"},{"floor":12,"key":"Bronze Scales"},{"floor":13,"key":"Anchor"}],"event_choices":[{"damage_healed":0,"gold_gain":0,"player_choice":"Box","damage_taken":0,"relics_obtained":["Toxic Egg 2"],"max_hp_gain":0,"max_hp_loss":0,"event_name":"Big Fish","floor":2,"gold_loss":0,"cards_obtained":["Regret"]},{"damage_healed":0,"gold_gain":175,"player_choice":"AGREE","damage_taken":0,"max_hp_gain":0,"max_hp_loss":0,"event_name":"Liars Game","floor":5,"gold_loss":0,"cards_obtained":["Doubt"]}],"is_beta":false,"boss_relics":[],"items_purged_floors":[0,0,0,8],"is_endless":false,"potions_floor_spawned":[1,3,4],"killed_by":"Slime Boss","ascension_level":2}}