{"host":"1cd1aqaox6jesai3","time":1610682465,"event":{"mods":["Act Like it!","Arknights The Spire","Astrologer","Bartender","BaseMod","Colored Powertips","Googly Eyes","Hallownest","Infinite Spire","Mimic Mod","Minty Spire (QoL Compilation)","Replay The Spire","StSLib","The Bladedancer","The Bug Knight","The Construct","The Factory","The Hierophant"],"gold_per_floor":[118,118,128,5,21,50,50,64,141,141,141,166,188,220,220,220,220],"floor_reached":16,"language":"ENG","playtime":1070,"items_purged":[],"score":143,"play_id":"a98a537b-5db4-4902-b344-de919ff3c5f7","local_time":"20210114224745","is_ascension_mode":false,"campfire_choices":[{"data":"blademaster:DaggerAndCloak","floor":7,"key":"SMITH"},{"data":"blademaster:BladeMastery","floor":15,"key":"SMITH"}],"circlet_count":0,"master_deck":["blademaster:Strike","blademaster:Strike","blademaster:Strike","blademaster:Strike","blademaster:Defend","blademaster:Defend","blademaster:Defend","blademaster:Defend","blademaster:RagingBlow","blademaster:HighVoltage","blademaster:DaggerAndCloak+1","blademaster:OneTrickPony","blademaster:EyeOfTheStorm+1","blademaster:BladeMastery+1","blademaster:Bloodbath","blademaster:Quickness","blademaster:DaggerAndCloak+1","blademaster:Flurry"],"relics":["blademaster:DancersAmulet","NeowsBlessing","FossilizedHelix","HollowMod:LifeEnderRelic","infinitespire:ShieldingShard","MealTicket","Odd Mushroom","infinitespire:BottledMercury"],"acts_visited":["Exordium"],"potions_floor_usage":[12,13,14,14],"damage_taken":[{"damage":0,"enemies":"Cultist","floor":1,"turns":1},{"damage":0,"enemies":"2 Louse","floor":3,"turns":1},{"damage":0,"enemies":"Jaw Worm","floor":5,"turns":1},{"damage":5,"enemies":"HollowMod:MossKnight","floor":6,"turns":11},{"damage":0,"enemies":"Large Slime","floor":8,"turns":5},{"damage":28,"enemies":"Lagavulin","floor":12,"turns":5},{"damage":14,"enemies":"The Mushroom Lair","floor":13,"turns":6},{"damage":0,"enemies":"Gremlin Nob","floor":14,"turns":5},{"damage":29,"enemies":"Hexaghost","floor":16,"turns":9}],"seed_played":"767252072566365751","potions_obtained":[{"floor":6,"key":"GamblersBrew"},{"floor":8,"key":"Death Potion"},{"floor":12,"key":"SpeedPotion"},{"floor":13,"key":"Weak Potion"},{"floor":14,"key":"Fire Potion"}],"is_trial":false,"path_per_floor":["M","?","M","$","M","E","R","M","T","?","T","E","?","E","R","B"],"character_chosen":"THE_BLADEMASTER","items_purchased":["blademaster:EyeOfTheStorm+1","blademaster:BladeMastery"],"campfire_rested":0,"item_purchase_floors":[4,4],"current_hp_per_floor":[75,75,75,75,75,70,70,70,70,70,70,42,28,28,28,0,0],"gold":220,"neow_bonus":"THREE_ENEMY_KILL","is_daily":false,"chose_seed":false,"campfire_upgraded":2,"win_rate":0.0,"timestamp":1610682465,"path_taken":["M","?","M","?","M","E","R","M","T","?","?","E","?","E","R","BOSS"],"items_purchased_type":["Card","Card"],"build_version":"2020-12-22","purchased_purges":0,"victory":false,"max_hp_per_floor":[75,75,75,75,75,75,75,75,75,75,75,75,75,75,75,75,75],"card_choices":[{"not_picked":["blademaster:EyeOfTheTornado","blademaster:Sunder"],"picked":"blademaster:DaggerAndCloak","floor":1},{"not_picked":["blademaster:BloodyBlow","blademaster:Breeze"],"picked":"blademaster:OneTrickPony","floor":3},{"not_picked":["blademaster:Frontflip","blademaster:KiBarrier"],"picked":"blademaster:Bloodbath","floor":5},{"not_picked":["blademaster:ThunderSlash","blademaster:Cut"],"picked":"blademaster:Quickness","floor":6},{"not_picked":["blademaster:FuriousStrike","blademaster:Breeze"],"picked":"blademaster:DaggerAndCloak","floor":8},{"not_picked":["blademaster:BloodyBlow","blademaster:Breeze","blademaster:ChargingUp"],"picked":"SKIP","floor":12},{"not_picked":["blademaster:AwakeningStrike","blademaster:TraverseCut"],"picked":"blademaster:Flurry","floor":13},{"not_picked":["blademaster:DragonStrike","blademaster:CullingStrike","blademaster:SlyStabs"],"picked":"SKIP","floor":14}],"player_experience":170040,"relics_obtained":[{"floor":6,"key":"FossilizedHelix"},{"floor":6,"key":"blademaster:OnAttackedChargePerk"},{"floor":9,"key":"HollowMod:LifeEnderRelic"},{"floor":11,"key":"infinitespire:ShieldingShard"},{"floor":12,"key":"MealTicket"},{"floor":12,"key":"blademaster:BonusComboPerk"},{"floor":13,"key":"Odd Mushroom"},{"floor":14,"key":"infinitespire:BottledMercury"},{"floor":14,"key":"blademaster:RandomStancePerk"}],"event_choices":[{"damage_healed":0,"gold_gain":0,"player_choice":"0 cards matched","damage_taken":0,"max_hp_gain":0,"max_hp_loss":0,"event_name":"Match and Keep!","floor":2,"gold_loss":0,"cards_obtained":[]},{"damage_healed":0,"gold_gain":0,"player_choice":"Grow","damage_taken":0,"max_hp_gain":0,"max_hp_loss":0,"event_name":"Living Wall","floor":10,"gold_loss":0,"cards_upgraded":["blademaster:DaggerAndCloak"]},{"damage_healed":0,"gold_gain":0,"player_choice":"Fought Mushrooms","damage_taken":0,"max_hp_gain":0,"max_hp_loss":0,"event_name":"Mushrooms","floor":13,"gold_loss":0}],"is_beta":false,"boss_relics":[],"items_purged_floors":[],"is_endless":false,"potions_floor_spawned":[6,8,12,13,14],"killed_by":"Hexaghost","ascension_level":0}}