{"host":"uv231blk40vjdojr","time":1610718458,"event":{"mods":["AchievementEnabler","BaseMod","Bestiary","Minty Spire (QoL Compilation)","Relic Stats"],"gold_per_floor":[115,115,115,133,133,133,4,4,77,77,105,123,133,133,133,209,209,221,53,67,78,78,78,104,104,155,171,201,201,248,260,272,284,284],"floor_reached":33,"language":"ENG","playtime":1337,"items_purged":["Strike_B"],"score":652,"play_id":"03c106fe-c39c-401f-bb10-0fcea32c7dd8","local_time":"20210115144738","is_ascension_mode":true,"campfire_choices":[{"floor":6,"key":"DIG"},{"floor":8,"key":"DIG"},{"floor":10,"key":"DIG"},{"floor":15,"key":"REST"},{"floor":23,"key":"DIG"},{"floor":25,"key":"REST"},{"floor":29,"key":"DIG"},{"floor":32,"key":"DIG"}],"circlet_count":0,"master_deck":["AscendersBane","Strike_B","Strike_B","Strike_B","Defend_B","Defend_B+1","Defend_B","Defend_B+1","Zap","Dualcast+1","Leap","Ball Lightning","Coolheaded+1","Compile Driver","Biased Cognition","Reboot+1","Static Discharge+1","Chill","Cold Snap","Go for the Eyes+1","Cold Snap"],"relics":["Cracked Core","Shovel","PreservedInsect","Blood Vial","MealTicket","Symbiotic Virus","CaptainsWheel","Toy Ornithopter","Sozu","Medical Kit","Cables","War Paint","TungstenRod","MawBank","Orichalcum","Bottled Lightning"],"acts_visited":["Exordium","TheCity"],"potions_floor_usage":[16,24],"damage_taken":[{"damage":1,"enemies":"Small Slimes","floor":1,"turns":4},{"damage":7,"enemies":"Jaw Worm","floor":4,"turns":4},{"damage":4,"enemies":"Gremlin Nob","floor":11,"turns":3},{"damage":0,"enemies":"2 Louse","floor":12,"turns":1},{"damage":13,"enemies":"Blue Slaver","floor":13,"turns":3},{"damage":3,"enemies":"The Guardian","floor":16,"turns":9},{"damage":14,"enemies":"2 Thieves","floor":18,"turns":4},{"damage":2,"enemies":"3 Byrds","floor":20,"turns":4},{"damage":24,"enemies":"Snake Plant","floor":21,"turns":2},{"damage":19,"enemies":"Slavers","floor":24,"turns":3},{"damage":8,"enemies":"3 Cultists","floor":27,"turns":4},{"damage":8,"enemies":"Gremlin Leader","floor":28,"turns":4},{"damage":0,"enemies":"Book of Stabbing","floor":30,"turns":5},{"damage":13,"enemies":"Colosseum Slavers","floor":31,"turns":3},{"damage":58,"enemies":"Champ","floor":33,"turns":11}],"seed_played":"3095697620918362525","potions_obtained":[{"floor":1,"key":"ColorlessPotion"},{"floor":11,"key":"FocusPotion"}],"is_trial":false,"path_per_floor":["M","?","T","M","$","R","$","R","T","R","E","M","M","?","R","B",null,"M","$","M","M","$","R","E","R","T","M","E","R","E","?","R","B"],"character_chosen":"DEFECT","items_purchased":["Strength Potion","Medical Kit"],"campfire_rested":2,"item_purchase_floors":[7,19],"current_hp_per_floor":[45,45,45,38,38,38,38,38,38,38,36,38,27,6,27,31,61,49,64,64,42,57,57,45,66,66,60,54,54,56,45,45,0,0],"gold":284,"neow_bonus":"ONE_RARE_RELIC","is_daily":false,"chose_seed":false,"campfire_upgraded":0,"win_rate":0.0,"timestamp":1610718458,"path_taken":["M","?","?","M","?","R","$","R","T","R","E","M","M","?","R","BOSS","M","$","M","M","$","R","E","R","T","M","E","R","E","?","R","BOSS"],"items_purchased_type":["Potion","Relic"],"build_version":"2020-12-22","purchased_purges":1,"victory":false,"max_hp_per_floor":[71,71,71,71,71,71,71,71,71,71,71,71,71,71,71,71,71,71,71,71,71,71,71,71,71,71,71,71,71,71,71,71,71,71],"relic_stats":{"counters":[15,64],"PreservedInsect":157,"War Paint":["Coolheaded","Reboot"],"Orichalcum":[18],"Medical Kit":[0],"MawBank":48,"Cables":[24,12,9,3,0],"Blood Vial":26,"Sozu":2,"Shovel":6,"MealTicket":30,"obtain_stats":[{"PreservedInsect":3,"War Paint":24,"Orichalcum":30,"Medical Kit":19,"MawBank":29,"Cables":23,"Blood Vial":6,"Sozu":17,"CaptainsWheel":10,"Shovel":0,"MealTicket":8,"Bottled Lightning":32,"Cracked Core":0,"Symbiotic Virus":9,"Toy Ornithopter":11,"TungstenRod":28},{"PreservedInsect":1,"War Paint":10,"Orichalcum":13,"Medical Kit":7,"MawBank":12,"Cables":9,"Blood Vial":2,"Sozu":6,"CaptainsWheel":2,"Shovel":0,"MealTicket":2,"Bottled Lightning":14,"Cracked Core":0,"Symbiotic Virus":2,"Toy Ornithopter":3,"TungstenRod":12},{"PreservedInsect":4,"War Paint":37,"Orichalcum":50,"Medical Kit":28,"MawBank":45,"Cables":34,"Blood Vial":8,"Sozu":24,"CaptainsWheel":8,"Shovel":0,"MealTicket":8,"Bottled Lightning":53,"Cracked Core":0,"Symbiotic Virus":8,"Toy Ornithopter":11,"TungstenRod":45}],"Toy Ornithopter":10,"TungstenRod":6},"card_choices":[{"not_picked":["BootSequence","Barrage"],"picked":"Leap","floor":1},{"not_picked":["Go for the Eyes","Consume"],"picked":"Ball Lightning","floor":4},{"not_picked":["Gash","Steam Power"],"picked":"Coolheaded","floor":11},{"not_picked":["Leap","Consume"],"picked":"Compile Driver","floor":12},{"not_picked":["Storm","Ball Lightning"],"picked":"Biased Cognition","floor":13},{"not_picked":["Amplify","Meteor Strike"],"picked":"Reboot","floor":16},{"not_picked":["Turbo","Glacier"],"picked":"Static Discharge+1","floor":18},{"not_picked":["Lockon","Sweeping Beam+1"],"picked":"Chill","floor":20},{"not_picked":["Rip and Tear+1","Hologram"],"picked":"Cold Snap","floor":21},{"not_picked":["Sweeping Beam","Barrage","Streamline+1"],"picked":"SKIP","floor":24},{"not_picked":["Cold Snap","Storm","Redo"],"picked":"SKIP","floor":27},{"not_picked":["Lockon+1","Storm"],"picked":"Go for the Eyes+1","floor":28},{"not_picked":["Rebound","Hologram"],"picked":"Cold Snap","floor":30}],"player_experience":692981,"relics_obtained":[{"floor":3,"key":"PreservedInsect"},{"floor":6,"key":"Blood Vial"},{"floor":8,"key":"MealTicket"},{"floor":9,"key":"Symbiotic Virus"},{"floor":10,"key":"CaptainsWheel"},{"floor":11,"key":"Toy Ornithopter"},{"floor":23,"key":"Cables"},{"floor":24,"key":"War Paint"},{"floor":28,"key":"TungstenRod"},{"floor":29,"key":"MawBank"},{"floor":30,"key":"Orichalcum"},{"floor":32,"key":"Bottled Lightning"}],"event_choices":[{"damage_healed":0,"gold_gain":0,"player_choice":"Grow","damage_taken":0,"max_hp_gain":0,"max_hp_loss":0,"event_name":"Living Wall","floor":2,"gold_loss":0,"cards_upgraded":["Dualcast"]},{"damage_healed":0,"gold_gain":0,"player_choice":"Entered Light","damage_taken":21,"max_hp_gain":0,"max_hp_loss":0,"event_name":"Shining Light","floor":14,"gold_loss":0,"cards_upgraded":["Defend_B","Defend_B"]},{"damage_healed":0,"gold_gain":0,"player_choice":"Fight","damage_taken":0,"max_hp_gain":0,"max_hp_loss":0,"event_name":"Colosseum","floor":31,"gold_loss":0},{"damage_healed":0,"gold_gain":0,"player_choice":"Fled From Nobs","damage_taken":0,"max_hp_gain":0,"max_hp_loss":0,"event_name":"Colosseum","floor":31,"gold_loss":0}],"is_beta":false,"boss_relics":[{"not_picked":["Empty Cage","Tiny House"],"picked":"Sozu"}],"items_purged_floors":[7],"is_endless":false,"potions_floor_spawned":[1,11,21,28,31],"killed_by":"Champ","ascension_level":20}}