{"host":"kh6fvhxn285ncg0o","time":1610705198,"event":{"mods":["Act Like it!","BaseMod","Colored Map","Friendly Minions","Keyboard Shortcuts","Minty Spire (QoL Compilation)","Quick Restart","Relic Stats","StSLib","SuperFastMode"],"gold_per_floor":[118,133,133,154,429,429,26,45,92,92,92],"floor_reached":10,"language":"KOR","playtime":175,"items_purged":["Regret"],"score":116,"play_id":"5f8c5f20-0e12-425d-8b39-49649a123a43","local_time":"20210115190638","is_ascension_mode":true,"campfire_choices":[{"data":"Bash","floor":6,"key":"SMITH"}],"circlet_count":0,"master_deck":["AscendersBane","Strike_R","Strike_R","Strike_R","Strike_R","Strike_R","Defend_R","Defend_R","Defend_R","Defend_R","Bash+1","Disarm","Power Through","Rage","Pummel"],"relics":["Burning Blood","NeowsBlessing","Golden Idol","Charon\u0027s Ashes","Ancient Tea Set"],"acts_visited":["Exordium"],"potions_floor_usage":[10],"damage_taken":[{"damage":0,"enemies":"Cultist","floor":1,"turns":1},{"damage":0,"enemies":"Jaw Worm","floor":2,"turns":1},{"damage":0,"enemies":"2 Louse","floor":4,"turns":2},{"damage":7,"enemies":"Lots of Slimes","floor":8,"turns":5},{"damage":65,"enemies":"Lagavulin","floor":10,"turns":12}],"seed_played":"6164217249404402704","potions_obtained":[{"floor":4,"key":"GamblersBrew"}],"is_trial":false,"path_per_floor":["M","M","?","M","?","R","$","M","T","E"],"character_chosen":"IRONCLAD","items_purchased":["Charon\u0027s Ashes"],"campfire_rested":0,"item_purchase_floors":[7],"current_hp_per_floor":[74,75,49,55,55,55,55,54,54,0,0],"gold":92,"neow_bonus":"THREE_ENEMY_KILL","is_daily":false,"chose_seed":false,"campfire_upgraded":1,"win_rate":0.0,"timestamp":1610705198,"path_taken":["M","?","?","M","?","R","$","?","T","E"],"items_purchased_type":["Relic"],"build_version":"2020-12-22","purchased_purges":1,"victory":false,"max_hp_per_floor":[75,75,75,75,75,75,75,75,75,75,75],"relic_stats":{"counters":[5,21],"Golden Idol":8,"Charon\u0027s Ashes":[33],"obtain_stats":[{"NeowsBlessing":0,"Golden Idol":3,"Charon\u0027s Ashes":7,"Ancient Tea Set":9,"Burning Blood":0},{"NeowsBlessing":0,"Golden Idol":2,"Charon\u0027s Ashes":3,"Ancient Tea Set":4,"Burning Blood":0},{"NeowsBlessing":0,"Golden Idol":2,"Charon\u0027s Ashes":4,"Ancient Tea Set":9,"Burning Blood":0}],"Burning Blood":19},"card_choices":[{"not_picked":["Shrug It Off","True Grit"],"picked":"Disarm","floor":1},{"not_picked":["Thunderclap","Cleave"],"picked":"Power Through","floor":2},{"not_picked":["Clash","Dual Wield"],"picked":"Rage","floor":4},{"not_picked":["Flex","Bloodletting"],"picked":"Pummel","floor":8}],"player_experience":3448284,"relics_obtained":[{"floor":9,"key":"Ancient Tea Set"}],"event_choices":[{"damage_healed":0,"gold_gain":0,"player_choice":"Take Damage","damage_taken":26,"relics_obtained":["Golden Idol"],"max_hp_gain":0,"max_hp_loss":0,"event_name":"Golden Idol","floor":3,"gold_loss":0},{"damage_healed":0,"gold_gain":275,"player_choice":"Desecrate","damage_taken":0,"max_hp_gain":0,"max_hp_loss":0,"event_name":"Golden Shrine","floor":5,"gold_loss":0,"cards_obtained":["Regret"]}],"is_beta":false,"boss_relics":[],"items_purged_floors":[7],"is_endless":false,"potions_floor_spawned":[4],"killed_by":"Lagavulin","ascension_level":20}}