{"host":"x5al1swown9002c0","time":1610739480,"event":{"mods":["AchievementEnabler","AlwaysNeverKeys","Aspiration","BaseMod","Clawfect","Colored Map","Evolution","Highlight Path","Lobotomy","LobotomyExtend","Minty Spire (QoL Compilation)","Replay The Spire","Shop Mod","StSLib"],"gold_per_floor":[113,41,54,67,67,99,117,149,200,200,43,75,121,157,157,165,165],"floor_reached":16,"language":"ENG","playtime":1103,"items_purged":[],"score":134,"play_id":"9b5a7510-731e-4669-a685-134ed5f41d86","local_time":"20210115213800","is_ascension_mode":true,"campfire_choices":[{"data":"Spot Weakness","floor":10,"key":"SMITH"},{"data":"Run Through","floor":15,"key":"SMITH"}],"circlet_count":0,"master_deck":["Strike_R","Strike_R","Strike_R","Strike_R","Strike_R","Defend_R","Defend_R","Defend_R","Defend_R","Bash+1","DreamingCurrent","Run Through+1","Spot Weakness+1","GreedKing","Clothesline","UniverseFragment","Ghostly Armor","WallGazer","FairyFestival","Wellcheers","Scorched"],"relics":["Burning Blood","EVO:Axolotl","CogitoBucket","LetterFromLob","Bottled Flame","Singing Bowl","Red Skull","Replay:Bandana","MealTicket","PreservedInsect","Replay:Bottled Steam"],"acts_visited":["Exordium"],"potions_floor_usage":[6,6,6,12,16],"damage_taken":[{"damage":1,"enemies":"Cultist","floor":1,"turns":3},{"damage":33,"enemies":"Small Slimes","floor":3,"turns":4},{"damage":26,"enemies":"Jaw Worm","floor":4,"turns":3},{"damage":44,"enemies":"Lagavulin","floor":6,"turns":8},{"damage":17,"enemies":"Blue Slaver","floor":7,"turns":7},{"damage":44,"enemies":"Replay:BlueRogue","floor":8,"turns":10},{"damage":99,"enemies":"3 Sentries","floor":12,"turns":12},{"damage":55,"enemies":"Lagavulin","floor":14,"turns":10},{"damage":94,"enemies":"The Guardian","floor":16,"turns":6}],"seed_played":"5787110369440435057","potions_obtained":[{"floor":3,"key":"EntropicBrew"},{"floor":4,"key":"Regen Potion"},{"floor":8,"key":"HeartOfIron"},{"floor":12,"key":"LiquidMemories"},{"floor":14,"key":"Fire Potion"}],"is_trial":false,"path_per_floor":["M","$","M","M","?","E","M","E","T","R","$","E","T","E","R","B"],"character_chosen":"IRONCLAD","items_purchased":["Spot Weakness","Replay:Bandana"],"campfire_rested":0,"item_purchase_floors":[2,11],"current_hp_per_floor":[80,80,59,39,39,52,80,82,82,82,82,53,53,67,67,0,0],"gold":165,"neow_bonus":"","is_daily":false,"chose_seed":false,"campfire_upgraded":2,"win_rate":0.0,"timestamp":1610739480,"path_taken":["M","$","M","?","?","E","M","E","T","R","$","E","?","E","R","BOSS"],"items_purchased_type":["Card","Relic"],"build_version":"2020-12-22","purchased_purges":0,"victory":false,"max_hp_per_floor":[80,80,80,80,80,80,80,82,82,82,82,84,84,86,86,86,86],"card_choices":[{"not_picked":["OldLady","BeautyBeast"],"picked":"DreamingCurrent","floor":1},{"not_picked":["ReplayTheSpireMod:Corrosion Curse","True Grit"],"picked":"Run Through","floor":1},{"not_picked":["FairyFestival","WallGazer"],"picked":"GreedKing","floor":3},{"not_picked":["Anger","Sentinel"],"picked":"Clothesline","floor":3},{"not_picked":["OSAHOGD","LittlePrince"],"picked":"UniverseFragment","floor":4},{"not_picked":["Headbutt","Power Through"],"picked":"Ghostly Armor","floor":4},{"not_picked":["Scorched","MHz","BeautyBeast"],"picked":"Singing Bowl","floor":6},{"not_picked":["Scorched","WhitesApple"],"picked":"WallGazer","floor":6},{"not_picked":["ReplayTheSpireMod:Strike From Hell","Wild Strike","Armaments"],"picked":"SKIP","floor":6},{"not_picked":["Wellcheers","Bloodbath","Murderer"],"picked":"Singing Bowl","floor":7},{"not_picked":["ReplayTheSpireMod:Strike From Hell","Combust","Bloodletting"],"picked":"SKIP","floor":7},{"not_picked":["ReplayTheSpireMod:Strike From Hell","Combust","Bloodletting"],"picked":"SKIP","floor":7},{"not_picked":["True Grit","Perfected Strike","Fiend Fire"],"picked":"Singing Bowl","floor":8},{"not_picked":["Scorched","Porccubus"],"picked":"FairyFestival","floor":8},{"not_picked":["Wild Strike","Pommel Strike","Shockwave"],"picked":"Singing Bowl","floor":12},{"not_picked":["OSAHOGD","PunishingBird","ShyLook"],"picked":"Singing Bowl","floor":12},{"not_picked":["QueenBee","OldLady"],"picked":"Wellcheers","floor":12},{"not_picked":["Thunderclap","Disarm","Shrug It Off"],"picked":"Singing Bowl","floor":14},{"not_picked":["Laetitia","CrumblingArmor"],"picked":"Scorched","floor":14}],"player_experience":646932,"relics_obtained":[{"floor":1,"key":"LetterFromLob"},{"floor":6,"key":"Bottled Flame"},{"floor":8,"key":"Singing Bowl"},{"floor":9,"key":"Red Skull"},{"floor":12,"key":"MealTicket"},{"floor":13,"key":"PreservedInsect"},{"floor":14,"key":"Replay:Bottled Steam"}],"event_choices":[{"damage_healed":0,"gold_gain":0,"player_choice":"Grow","damage_taken":0,"max_hp_gain":0,"max_hp_loss":0,"event_name":"Living Wall","floor":5,"gold_loss":0,"cards_upgraded":["Bash"]}],"is_beta":false,"boss_relics":[],"items_purged_floors":[],"is_endless":false,"potions_floor_spawned":[3,4,8,12,14],"killed_by":"The Guardian","ascension_level":1}}