{"host":"j49z5jz0n7e8vjox","time":1610732035,"event":{"mods":["AchievementEnabler","BaseMod","Bestiary","Colored Map","Colored Powertips","DeckTracker","Minty Spire (QoL Compilation)","UnlockEverythingMod"],"gold_per_floor":[111,129,139,139,192,192,225,202,241,283,295,29,29,42,42,116,116,133,148,158,158,83,83,109,109,109,134,165,165,184,284,284,355,355,366,382,382,19,19,19,29,54,77,102,102,102,102,16,16,16,16,16],"floor_reached":51,"language":"ENG","playtime":13656,"items_purged":["Defend_R","Strike_R"],"score":1544,"play_id":"edfeacd5-d0a2-4ce9-a1bf-fdc09251fa86","local_time":"20210115113355","is_ascension_mode":true,"campfire_choices":[{"floor":6,"key":"REST"},{"floor":13,"key":"REST"},{"floor":15,"key":"REST"},{"data":"Demon Form","floor":23,"key":"SMITH"},{"data":"Heavy Blade","floor":25,"key":"SMITH"},{"data":"Heavy Blade","floor":29,"key":"SMITH"},{"data":"Double Tap","floor":32,"key":"SMITH"},{"floor":40,"key":"RECALL"},{"floor":45,"key":"REST"},{"floor":49,"key":"REST"}],"circlet_count":0,"master_deck":["AscendersBane","Strike_R+1","Defend_R+1","Defend_R+1","Defend_R+1","Bash+1","Demon Form+1","Heavy Blade+1","True Grit+1","Flame Barrier+1","Heavy Blade+1","Sword Boomerang+1","Feel No Pain+1","Reaper+1","Metallicize+1","Exhume+1","Brutality+1","Uppercut+1","True Grit+1","Pummel+1","Ghostly+1","Ghostly+1","Ghostly+1","Thunderclap+1","Double Tap+1","Limit Break+1","Disarm+1","Evolve+1","True Grit+1","Shrug It Off+1","Feel No Pain+1"],"relics":["Burning Blood","Ancient Tea Set","MawBank","Happy Flower","Incense Burner","Paper Frog","Astrolabe","Blood Vial","Red Mask","Oddly Smooth Stone","Bird Faced Urn","Singing Bowl","Fusion Hammer","Vajra","Bottled Tornado","Smiling Mask","Sundial","Mark of the Bloom"],"acts_visited":["Exordium","TheCity","TheBeyond"],"potions_floor_usage":[7,10,24,31,33,44,44,50],"damage_taken":[{"damage":21,"enemies":"Jaw Worm","floor":1,"turns":7},{"damage":3,"enemies":"Small Slimes","floor":2,"turns":4},{"damage":0,"enemies":"2 Louse","floor":3,"turns":2},{"damage":32,"enemies":"Gremlin Nob","floor":7,"turns":4},{"damage":25,"enemies":"Lagavulin","floor":10,"turns":7},{"damage":13,"enemies":"Blue Slaver","floor":14,"turns":4},{"damage":36,"enemies":"Hexaghost","floor":16,"turns":8},{"damage":24,"enemies":"Shell Parasite","floor":18,"turns":7},{"damage":17,"enemies":"Chosen","floor":19,"turns":7},{"damage":24,"enemies":"Snecko","floor":20,"turns":8},{"damage":20,"enemies":"Gremlin Leader","floor":24,"turns":7},{"damage":14,"enemies":"Masked Bandits","floor":27,"turns":6},{"damage":7,"enemies":"Book of Stabbing","floor":28,"turns":8},{"damage":17,"enemies":"Centurion and Healer","floor":30,"turns":7},{"damage":25,"enemies":"Colosseum Slavers","floor":31,"turns":6},{"damage":6,"enemies":"Colosseum Nobs","floor":31,"turns":7},{"damage":8,"enemies":"Champ","floor":33,"turns":9},{"damage":7,"enemies":"3 Darklings","floor":35,"turns":5},{"damage":29,"enemies":"3 Shapes","floor":36,"turns":10},{"damage":6,"enemies":"Writhing Mass","floor":41,"turns":7},{"damage":14,"enemies":"Nemesis","floor":42,"turns":7},{"damage":38,"enemies":"Giant Head","floor":44,"turns":7},{"damage":19,"enemies":"Time Eater","floor":50,"turns":7},{"damage":19,"enemies":"Awakened One","floor":51,"turns":3}],"seed_played":"2587174682309444348","potions_obtained":[{"floor":2,"key":"LiquidBronze"},{"floor":3,"key":"SneckoOil"},{"floor":14,"key":"Strength Potion"},{"floor":19,"key":"Dexterity Potion"},{"floor":20,"key":"CultistPotion"},{"floor":31,"key":"EssenceOfSteel"},{"floor":33,"key":"Ancient Potion"},{"floor":36,"key":"AttackPotion"},{"floor":39,"key":"EntropicBrew"}],"is_trial":false,"path_per_floor":["M","M","M","?","?","R","E","?","T","E","?","$","R","M","R","B",null,"M","M","M","?","$","R","E","R","T","?","E","R","M","?","R","B",null,"M","M","?","$","?","R","M","E","T","E","R","?","?","$","R","B","B"],"character_chosen":"IRONCLAD","items_purchased":["Paper Frog","Evolve","Vajra","True Grit","GamblersBrew"],"campfire_rested":5,"item_purchase_floors":[12,38,38,38,48],"current_hp_per_floor":[35,38,44,33,33,55,29,47,47,28,5,5,27,20,42,12,59,50,49,35,35,35,35,37,37,37,37,37,37,37,37,37,37,37,39,33,33,33,33,33,39,39,39,32,39,39,36,36,36,17,0,0],"gold":16,"neow_bonus":"THREE_RARE_CARDS","is_daily":false,"chose_seed":false,"campfire_upgraded":4,"win_rate":0.0,"timestamp":1610732035,"path_taken":["M","M","M","?","?","R","E","?","T","E","?","$","R","M","R","BOSS","M","M","M","?","$","R","E","R","T","?","E","R","M","?","R","BOSS","M","M","?","$","?","R","?","E","T","E","R","?","?","$","R","BOSS","BOSS"],"items_purchased_type":["Relic","Card","Relic","Card","Potion"],"build_version":"2020-12-22","purchased_purges":2,"victory":false,"max_hp_per_floor":[75,75,75,75,75,75,75,75,75,75,75,75,75,75,75,75,75,75,75,75,37,37,37,37,37,37,37,37,37,37,37,37,37,37,39,39,37,37,37,37,39,39,39,39,39,39,36,36,36,36,36,36],"card_choices":[{"not_picked":["Impervious","Juggernaut"],"picked":"Demon Form","floor":0},{"not_picked":["Shrug It Off","Sword Boomerang"],"picked":"Heavy Blade","floor":1},{"not_picked":["Ghostly Armor","Armaments"],"picked":"True Grit","floor":2},{"not_picked":["Perfected Strike","Demon Form"],"picked":"Flame Barrier","floor":3},{"not_picked":["Brutality","Rampage"],"picked":"Heavy Blade","floor":7},{"not_picked":["Whirlwind","Perfected Strike"],"picked":"Sword Boomerang","floor":10},{"not_picked":["Evolve","Searing Blow"],"picked":"Feel No Pain","floor":14},{"not_picked":["Fiend Fire","Limit Break"],"picked":"Reaper","floor":16},{"not_picked":["Anger","Seeing Red"],"picked":"Uppercut","floor":18},{"not_picked":["Thunderclap","Uppercut"],"picked":"True Grit","floor":19},{"not_picked":["Armaments","Iron Wave"],"picked":"Pummel","floor":20},{"not_picked":["Sword Boomerang","Searing Blow","Inflame"],"picked":"SKIP","floor":24},{"not_picked":["Iron Wave","Clash"],"picked":"Thunderclap+1","floor":28},{"not_picked":["Burning Pact","Heavy Blade","Twin Strike"],"picked":"SKIP","floor":30},{"not_picked":["Whirlwind","Cleave"],"picked":"Double Tap","floor":31},{"not_picked":["Berserk","Juggernaut"],"picked":"Limit Break","floor":33},{"not_picked":["Bloodletting","Perfected Strike","Heavy Blade"],"picked":"Singing Bowl","floor":35},{"not_picked":["Perfected Strike","Twin Strike"],"picked":"Disarm","floor":36},{"not_picked":["Headbutt","Wild Strike","Armaments"],"picked":"Singing Bowl","floor":41},{"not_picked":["Juggernaut","Havoc+1"],"picked":"Shrug It Off","floor":42},{"not_picked":["Clash","Uppercut+1"],"picked":"Feel No Pain+1","floor":44}],"player_experience":743517,"relics_obtained":[{"floor":7,"key":"MawBank"},{"floor":9,"key":"Happy Flower"},{"floor":10,"key":"Incense Burner"},{"floor":24,"key":"Blood Vial"},{"floor":27,"key":"Red Mask"},{"floor":28,"key":"Oddly Smooth Stone"},{"floor":31,"key":"Bird Faced Urn"},{"floor":31,"key":"Singing Bowl"},{"floor":42,"key":"Bottled Tornado"},{"floor":43,"key":"Smiling Mask"},{"floor":44,"key":"Sundial"}],"event_choices":[{"damage_healed":0,"gold_gain":0,"player_choice":"Success","damage_taken":11,"relics_obtained":["Ancient Tea Set"],"max_hp_gain":0,"max_hp_loss":0,"event_name":"Scrap Ooze","floor":4,"gold_loss":0},{"damage_healed":0,"gold_gain":53,"player_choice":"Gained Gold","damage_taken":0,"max_hp_gain":0,"max_hp_loss":0,"event_name":"Golden Wing","floor":5,"gold_loss":0},{"damage_healed":18,"gold_gain":0,"player_choice":"Healed","damage_taken":0,"max_hp_gain":0,"max_hp_loss":0,"event_name":"The Cleric","floor":8,"gold_loss":35},{"damage_healed":0,"gold_gain":0,"player_choice":"Entered Light","damage_taken":23,"max_hp_gain":0,"max_hp_loss":0,"event_name":"Shining Light","floor":11,"gold_loss":0,"cards_upgraded":["Defend_R","Strike_R"]},{"damage_healed":0,"gold_gain":0,"player_choice":"Became a Ghost","damage_taken":0,"max_hp_gain":0,"max_hp_loss":38,"event_name":"Ghosts","floor":21,"gold_loss":0,"cards_obtained":["Ghostly","Ghostly","Ghostly"]},{"damage_healed":0,"gold_gain":0,"player_choice":"Fought Bandits","damage_taken":0,"max_hp_gain":0,"max_hp_loss":0,"event_name":"Masked Bandits","floor":27,"gold_loss":0},{"damage_healed":0,"gold_gain":0,"player_choice":"Fight","damage_taken":0,"max_hp_gain":0,"max_hp_loss":0,"event_name":"Colosseum","floor":31,"gold_loss":0},{"damage_healed":0,"gold_gain":0,"player_choice":"Fought Nobs","damage_taken":0,"max_hp_gain":0,"max_hp_loss":0,"event_name":"Colosseum","floor":31,"gold_loss":0},{"damage_healed":0,"gold_gain":0,"player_choice":"Max HP","damage_taken":0,"max_hp_gain":0,"max_hp_loss":2,"event_name":"Winding Halls","floor":37,"gold_loss":0},{"damage_healed":0,"gold_gain":0,"player_choice":"Got Potions","damage_taken":0,"max_hp_gain":0,"max_hp_loss":0,"event_name":"Lab","floor":39,"gold_loss":0},{"damage_healed":0,"gold_gain":0,"player_choice":"Upgrade","damage_taken":0,"relics_obtained":["Mark of the Bloom"],"max_hp_gain":0,"max_hp_loss":0,"event_name":"MindBloom","floor":46,"gold_loss":0,"cards_upgraded":["Defend_R","Defend_R","Bash","True Grit","Flame Barrier","Sword Boomerang","Feel No Pain","Reaper","Uppercut","True Grit","Pummel","Ghostly","Ghostly","Ghostly","Limit Break","Disarm","Evolve","True Grit","Shrug It Off"]},{"cards_removed":["Parasite"],"damage_healed":0,"gold_gain":0,"player_choice":"Purged","damage_taken":0,"max_hp_gain":0,"max_hp_loss":0,"event_name":"Purifier","floor":47,"gold_loss":0}],"is_beta":false,"boss_relics":[{"not_picked":["Empty Cage","Runic Dome"],"picked":"Astrolabe"},{"not_picked":["Black Blood","Black Star"],"picked":"Fusion Hammer"}],"items_purged_floors":[22,38],"is_endless":false,"potions_floor_spawned":[2,3,14,19,20,31,31,33,36],"killed_by":"Awakened One","ascension_level":20}}