{"host":"khkox7sggahain0a","time":1610674955,"event":{"mods":["Act Like it!","Arknights The Spire","BaseMod","Downfall","Gensokyo","Lobotomy","LobotomyExtend","Marisa£®ÏF”Í°°ƒß¿Ì…≥£©","Minty Spire (QoL Compilation)","Quick Restart","StSLib","The Animator","Waifu the Spire"],"gold_per_floor":[271,286,166,178,178,193,193,226,226,226,226,226],"floor_reached":11,"language":"ZHS","playtime":382,"items_purged":["ats:Strike V"],"score":77,"play_id":"997f1239-d6a5-45e0-a954-fc85c3cd8ae3","local_time":"20210115094235","is_ascension_mode":true,"campfire_choices":[{"data":"ats:Composite Medical Shells","floor":7,"key":"SMITH"},{"data":"ats:Healing Strengthening","floor":10,"key":"SMITH"}],"circlet_count":0,"master_deck":["ats:Strike C","ats:Strike G","ats:Strike S","ats:Armor Crushing Shot","ats:Defend","ats:Defend","ats:Defend","ats:Defend","ats:Emotion Absorption","MeatLantern","ats:Thorns","ats:Composite Medical Shells+1","ats:Apocalypse","FieryBird","ats:Healing Strengthening+1","Injury","OSAHOGD","ats:Shadow Raid"],"relics":["ats:Sanity","CogitoBucket","LetterFromLob","Golden Idol","ats:Originium","TungstenRod","Bottled Lightning"],"acts_visited":["Exordium"],"potions_floor_usage":[6],"damage_taken":[{"damage":11,"enemies":"Jaw Worm","floor":1,"turns":4},{"damage":1,"enemies":"Cultist","floor":2,"turns":5},{"damage":55,"enemies":"2 Louse","floor":4,"turns":5},{"damage":4,"enemies":"Exordium Wildlife","floor":6,"turns":2},{"damage":41,"enemies":"Lagavulin","floor":8,"turns":11},{"damage":0,"enemies":"Gremlin Nob","floor":11,"turns":2}],"seed_played":"298296487671850281","potions_obtained":[{"floor":1,"key":"SpeedPotion"},{"floor":4,"key":"Regen Potion"}],"is_trial":false,"path_per_floor":["M","M","$","M","?","M","R","E","T","R","E"],"character_chosen":"DOCTOR_CLASS","items_purchased":["ats:Apocalypse"],"campfire_rested":0,"item_purchase_floors":[3],"current_hp_per_floor":[61,60,60,17,17,24,24,9,9,9,9,9],"gold":226,"neow_bonus":"","is_daily":false,"chose_seed":false,"campfire_upgraded":2,"win_rate":0.0,"timestamp":1610674955,"path_taken":["M","M","$","M","?","M","R","E","T","R","E"],"items_purchased_type":["Card"],"build_version":"2020-12-22","purchased_purges":1,"victory":false,"max_hp_per_floor":[72,72,72,72,72,72,72,72,72,72,72,72],"card_choices":[{"not_picked":["VoidDream","Scorched"],"picked":"MeatLantern","floor":1},{"not_picked":["ats:Powerful Strike","ats:Leaping Hammer"],"picked":"ats:Thorns","floor":1},{"not_picked":["PunishingBird","ShyLook","Wellcheers"],"picked":"Singing Bowl","floor":2},{"not_picked":["ats:Assault Order","ats:Shell Defense"],"picked":"ats:Composite Medical Shells","floor":2},{"not_picked":["BodiesMountain","MHz"],"picked":"FieryBird","floor":4},{"not_picked":["ats:Hook Shot","ats:Soul Absorption"],"picked":"ats:Healing Strengthening","floor":4},{"not_picked":["GalaxyChild","WallGazer","MHz"],"picked":"Singing Bowl","floor":6},{"not_picked":["WhitesApple","LongBird"],"picked":"OSAHOGD","floor":6},{"not_picked":["ats:Leaping Hammer","ats:Neurotoxin"],"picked":"ats:Shadow Raid","floor":6},{"not_picked":["Scorched","Rudolta","BeautyBeast"],"picked":"Singing Bowl","floor":8},{"not_picked":["ats:Leaping Hammer","ats:Poison Spread","ats:Childhood Dance"],"picked":"SKIP","floor":8}],"player_experience":312051,"relics_obtained":[{"floor":1,"key":"LetterFromLob"},{"floor":8,"key":"ats:Originium"},{"floor":8,"key":"TungstenRod"},{"floor":9,"key":"Bottled Lightning"}],"event_choices":[{"damage_healed":0,"gold_gain":0,"player_choice":"Take Wound","damage_taken":0,"relics_obtained":["Golden Idol"],"max_hp_gain":0,"max_hp_loss":0,"event_name":"Golden Idol","floor":5,"gold_loss":0,"cards_obtained":["Injury"]}],"is_beta":false,"boss_relics":[],"items_purged_floors":[3],"is_endless":false,"potions_floor_spawned":[1,4],"killed_by":"Gremlin Nob","ascension_level":1}}