{"host":"kqe6w2igxc79vo14","time":1610704018,"event":{"mods":["AchievementEnabler","BaseMod","Downfall","Minty Spire (QoL Compilation)","Quick Restart","StSLib"],"gold_per_floor":[119,134,134,134,84,109,109,142,166,166,166,185,253,269,269,369,369,388,191,203,203,203],"floor_reached":21,"language":"ENG","playtime":1077,"items_purged":[],"score":318,"play_id":"c6bba747-bffc-4d4b-ac05-63f213877fc8","local_time":"20210115114658","is_ascension_mode":true,"campfire_choices":[{"floor":11,"key":"REST"},{"data":"Study","floor":15,"key":"SMITH"}],"circlet_count":0,"master_deck":["AscendersBane","Strike_P","Strike_P","Strike_P+1","Defend_P","Defend_P","Defend_P","Defend_P","Eruption+1","Vigilance+1","Consecrate+1","Study+1","LikeWater","EmptyBody","LessonLearned","expansioncontent:QuickStudy","Protect"],"relics":["PureWater","NeowsBlessing","Oddly Smooth Stone","Strawberry","Turnip","Akabeko","Sundial","Velvet Choker"],"acts_visited":["Exordium","TheCity"],"potions_floor_usage":[8,20],"damage_taken":[{"damage":0,"enemies":"Small Slimes","floor":1,"turns":1},{"damage":0,"enemies":"2 Louse","floor":2,"turns":1},{"damage":0,"enemies":"Gremlin Nob","floor":6,"turns":1},{"damage":38,"enemies":"Lagavulin","floor":8,"turns":3},{"damage":0,"enemies":"Jaw Worm","floor":12,"turns":3},{"damage":0,"enemies":"Exordium Thugs","floor":14,"turns":5},{"damage":6,"enemies":"Slime Boss","floor":16,"turns":10},{"damage":14,"enemies":"Shell Parasite","floor":18,"turns":4},{"damage":32,"enemies":"3 Byrds","floor":20,"turns":6},{"damage":27,"enemies":"Snake Plant","floor":21,"turns":4}],"seed_played":"-7096592493940317968","potions_obtained":[{"floor":2,"key":"hexamod:EctoCoolerPotion"},{"floor":6,"key":"sneckomod:MuddlingPotion"},{"floor":12,"key":"ColorlessPotion"}],"is_trial":false,"path_per_floor":["M","M","?","?","?","E","?","E","T","$","R","M","T","M","R","B",null,"M","$","M","M"],"character_chosen":"WATCHER","items_purchased":["expansioncontent:QuickStudy"],"campfire_rested":1,"item_purchase_floors":[19],"current_hp_per_floor":[65,65,58,44,44,51,51,13,13,13,36,36,36,36,36,30,67,53,53,21,0,0],"gold":203,"neow_bonus":"THREE_ENEMY_KILL","is_daily":false,"chose_seed":false,"campfire_upgraded":1,"win_rate":0.0,"timestamp":1610704018,"path_taken":["M","M","?","?","?","E","?","E","T","$","R","M","?","?","R","BOSS","M","$","M","M"],"items_purchased_type":["Card"],"build_version":"2020-12-22","purchased_purges":0,"victory":false,"max_hp_per_floor":[72,72,72,72,72,79,79,79,79,79,79,79,79,79,79,79,79,79,79,79,79,79],"card_choices":[{"not_picked":["Protect","EmptyFist"],"picked":"Consecrate","floor":1},{"not_picked":["CarveReality","FlyingSleeves"],"picked":"Study","floor":2},{"not_picked":["Halt","Ragnarok"],"picked":"LikeWater","floor":6},{"not_picked":["Collect","Vengeance","WheelKick"],"picked":"SKIP","floor":8},{"not_picked":["Halt","Prostrate"],"picked":"EmptyBody","floor":12},{"not_picked":["CrushJoints","Perseverance","MentalFortress"],"picked":"SKIP","floor":14},{"not_picked":["Devotion","Brilliance"],"picked":"LessonLearned","floor":16},{"not_picked":["Sanctity","Consecrate","CrushJoints+1"],"picked":"SKIP","floor":18},{"not_picked":["SashWhip","ForeignInfluence"],"picked":"Protect","floor":20}],"player_experience":912497,"relics_obtained":[{"floor":6,"key":"Strawberry"},{"floor":8,"key":"Turnip"},{"floor":9,"key":"Akabeko"},{"floor":13,"key":"Sundial"}],"event_choices":[{"damage_healed":0,"gold_gain":0,"player_choice":"Success","damage_taken":7,"relics_obtained":["Oddly Smooth Stone"],"max_hp_gain":0,"max_hp_loss":0,"event_name":"Scrap Ooze","floor":3,"gold_loss":0},{"damage_healed":0,"gold_gain":0,"player_choice":"Entered Light","damage_taken":14,"max_hp_gain":0,"max_hp_loss":0,"event_name":"Shining Light","floor":4,"gold_loss":0,"cards_upgraded":["Strike_P","Consecrate"]},{"cards_removed":["Strike_P"],"damage_healed":0,"gold_gain":0,"player_choice":"Card Removal","damage_taken":0,"max_hp_gain":0,"max_hp_loss":0,"event_name":"The Cleric","floor":5,"gold_loss":50},{"damage_healed":0,"gold_gain":0,"player_choice":"Grow","damage_taken":0,"max_hp_gain":0,"max_hp_loss":0,"event_name":"Living Wall","floor":7,"gold_loss":0,"cards_upgraded":["Eruption"]}],"is_beta":false,"boss_relics":[{"not_picked":["VioletLotus","Runic Pyramid"],"picked":"Velvet Choker"}],"items_purged_floors":[],"is_endless":false,"potions_floor_spawned":[2,6,12,14],"killed_by":"Snake Plant","ascension_level":10}}