{"host":"37dk0reb6x0du8wx","time":1610720388,"event":{"mods":["BaseMod","Colored Map","DeckTracker","Minty Spire (QoL Compilation)","Quick Restart","StSLib"],"gold_per_floor":[117,192,41,216,241,266,22,55,55,72,72,72,100,112,112,211,211,227,227,227,35,52,52,52],"floor_reached":23,"language":"KOR","playtime":5839,"items_purged":["Strike_B","Strike_B","Strike_B"],"score":306,"play_id":"324861ee-b9e3-4b29-a770-8d43a309d9cf","local_time":"20210115231948","is_ascension_mode":true,"campfire_choices":[{"data":"Defragment","floor":12,"key":"SMITH"},{"floor":15,"key":"REST"}],"circlet_count":0,"master_deck":["Strike_B","Defend_B","Defend_B","Defend_B+1","Defend_B","Zap","Dualcast","Leap","Defragment+1","Doubt","Defragment","Conserve Battery+1","Multi-Cast","Loop","Conserve Battery"],"relics":["Cracked Core","NeowsBlessing","DataDisk","Lantern","DollysMirror","Happy Flower","Ancient Tea Set","Pantograph","SlaversCollar"],"acts_visited":["Exordium","TheCity"],"potions_floor_usage":[16,18,18],"damage_taken":[{"damage":0,"enemies":"Jaw Worm","floor":1,"turns":1},{"damage":0,"enemies":"Lagavulin","floor":6,"turns":1},{"damage":0,"enemies":"3 Sentries","floor":8,"turns":1},{"damage":0,"enemies":"Small Slimes","floor":10,"turns":4},{"damage":29,"enemies":"Gremlin Nob","floor":13,"turns":4},{"damage":0,"enemies":"2 Louse","floor":14,"turns":2},{"damage":51,"enemies":"The Guardian","floor":16,"turns":11},{"damage":36,"enemies":"Spheric Guardian","floor":18,"turns":6},{"damage":16,"enemies":"Shell Parasite","floor":22,"turns":6},{"damage":0,"enemies":"Gremlin Leader","floor":23,"turns":1}],"seed_played":"4753103032844838377","potions_obtained":[{"floor":1,"key":"Energy Potion"},{"floor":13,"key":"DuplicationPotion"},{"floor":16,"key":"Dexterity Potion"},{"floor":18,"key":"Explosive Potion"}],"is_trial":false,"path_per_floor":["M","?","$","?","T","E","$","E","T","M","?","R","E","M","R","B",null,"M","?","?","$","M","E"],"character_chosen":"DEFECT","items_purchased":["Defragment","DollysMirror","Loop"],"campfire_rested":1,"item_purchase_floors":[3,7,21],"current_hp_per_floor":[75,64,64,64,64,64,64,64,64,64,49,49,20,20,42,16,75,39,39,39,39,23,23,23],"gold":52,"neow_bonus":"THREE_ENEMY_KILL","is_daily":false,"chose_seed":false,"campfire_upgraded":1,"win_rate":0.0,"timestamp":1610720388,"path_taken":["M","?","$","?","?","E","?","E","T","M","?","R","E","?","R","BOSS","M","?","?","$","M","E"],"items_purchased_type":["Card","Relic","Card"],"build_version":"2020-12-22","purchased_purges":3,"victory":false,"max_hp_per_floor":[75,75,75,75,75,75,75,75,75,75,75,75,75,75,75,75,75,75,75,75,75,75,75,75],"card_choices":[{"not_picked":["Hello World","Gash"],"picked":"Leap","floor":1},{"not_picked":["Aggregate","Beam Cell","Chaos"],"picked":"SKIP","floor":6},{"not_picked":["Gash","Recycle"],"picked":"Conserve Battery","floor":8},{"not_picked":["Ball Lightning","Rebound","Turbo"],"picked":"SKIP","floor":10},{"not_picked":["Rip and Tear","Recycle","Go for the Eyes"],"picked":"SKIP","floor":13},{"not_picked":["Double Energy","Meteor Strike","Stack"],"picked":"SKIP","floor":14},{"not_picked":["All For One","Meteor Strike"],"picked":"Multi-Cast","floor":16},{"not_picked":["Hello World","Rebound+1","Steam"],"picked":"SKIP","floor":18},{"not_picked":["Chaos","Doom and Gloom"],"picked":"Conserve Battery","floor":22}],"player_experience":164871,"relics_obtained":[{"floor":5,"key":"DataDisk"},{"floor":6,"key":"Lantern"},{"floor":8,"key":"Happy Flower"},{"floor":9,"key":"Ancient Tea Set"},{"floor":13,"key":"Pantograph"}],"event_choices":[{"damage_healed":0,"gold_gain":75,"player_choice":"Gather Gold","damage_taken":11,"max_hp_gain":0,"max_hp_loss":0,"event_name":"World of Goop","floor":2,"gold_loss":0},{"damage_healed":0,"gold_gain":175,"player_choice":"AGREE","damage_taken":0,"max_hp_gain":0,"max_hp_loss":0,"event_name":"Liars Game","floor":4,"gold_loss":0,"cards_obtained":["Doubt"]},{"damage_healed":0,"gold_gain":0,"player_choice":"Entered Light","damage_taken":15,"max_hp_gain":0,"max_hp_loss":0,"event_name":"Shining Light","floor":11,"gold_loss":0,"cards_upgraded":["Defend_B","Conserve Battery"]},{"damage_healed":0,"gold_gain":0,"player_choice":"Ignored","damage_taken":0,"max_hp_gain":0,"max_hp_loss":0,"event_name":"Vampires","floor":19,"gold_loss":0},{"damage_healed":0,"gold_gain":0,"player_choice":"Ignored","damage_taken":0,"max_hp_gain":0,"max_hp_loss":0,"event_name":"Cursed Tome","floor":20,"gold_loss":0}],"is_beta":false,"boss_relics":[{"not_picked":["Pandora\u0027s Box","Cursed Key"],"picked":"SlaversCollar"}],"items_purged_floors":[3,7,21],"is_endless":false,"potions_floor_spawned":[1,13,16,18],"killed_by":"Gremlin Leader","ascension_level":4}}