{"host":"4kqumtn9vzgpomuw","time":1610671995,"event":{"mods":["AchievementEnabler","BaseMod","Colored Map","Minty Spire (QoL Compilation)","StSLib"],"gold_per_floor":[109,127,141,17,29,29,49,69,69,97,115,143,143,155,155,251,251,263,38,38,48,48,48,48,7,7,19,31,61,73,104,116,128,128],"floor_reached":33,"language":"KOR","playtime":1550,"items_purged":["Strike_B","Strike_B"],"score":279,"play_id":"aa925815-6946-4875-a804-ba76d170b74f","local_time":"20210115095315","is_ascension_mode":false,"campfire_choices":[{"data":"Coolheaded","floor":6,"key":"SMITH"},{"data":"Storm","floor":13,"key":"SMITH"},{"data":"Storm","floor":15,"key":"SMITH"},{"data":"Machine Learning","floor":23,"key":"SMITH"},{"data":"Chill","floor":28,"key":"SMITH"},{"data":"Dualcast","floor":30,"key":"SMITH"},{"data":"Redo","floor":32,"key":"SMITH"}],"circlet_count":0,"master_deck":["Strike_B","Defend_B","Defend_B","Defend_B","Defend_B","Zap","Dualcast+1","Gash","Coolheaded+1","Ball Lightning","Conserve Battery","Darkness","Storm+1","Chill+1","Heatsinks","Storm+1","Reboot","Redo+1","Machine Learning+1","CurseOfTheBell","Compile Driver+1","Heatsinks","Conserve Battery","Loop","Reinforced Body","Loop"],"relics":["Cracked Core","NeowsBlessing","Thread and Needle","Girya","Bird Faced Urn","Calling Bell","Membership Card","MawBank"],"acts_visited":["Exordium","TheCity"],"potions_floor_usage":[16,16,27,27,33],"damage_taken":[{"damage":0,"enemies":"Cultist","floor":1,"turns":1},{"damage":0,"enemies":"2 Louse","floor":2,"turns":1},{"damage":0,"enemies":"Jaw Worm","floor":3,"turns":1},{"damage":0,"enemies":"3 Louse","floor":5,"turns":4},{"damage":5,"enemies":"Blue Slaver","floor":7,"turns":3},{"damage":8,"enemies":"Exordium Thugs","floor":8,"turns":5},{"damage":12,"enemies":"3 Sentries","floor":10,"turns":10},{"damage":0,"enemies":"3 Louse","floor":11,"turns":3},{"damage":14,"enemies":"Gremlin Nob","floor":12,"turns":4},{"damage":3,"enemies":"Exordium Wildlife","floor":14,"turns":5},{"damage":33,"enemies":"Slime Boss","floor":16,"turns":10},{"damage":3,"enemies":"Spheric Guardian","floor":18,"turns":4},{"damage":35,"enemies":"2 Thieves","floor":21,"turns":4},{"damage":0,"enemies":"Gremlin Leader","floor":27,"turns":1},{"damage":12,"enemies":"Snake Plant","floor":29,"turns":3},{"damage":0,"enemies":"Cultist and Chosen","floor":31,"turns":5},{"damage":48,"enemies":"Champ","floor":33,"turns":13}],"seed_played":"5423062223794240197","potions_obtained":[{"floor":1,"key":"ColorlessPotion"},{"floor":5,"key":"Dexterity Potion"},{"floor":11,"key":"SpeedPotion"},{"floor":14,"key":"SmokeBomb"},{"floor":21,"key":"DistilledChaos"},{"floor":31,"key":"PotionOfCapacity"}],"is_trial":false,"path_per_floor":["M","M","M","$","M","R","M","M","T","E","M","E","R","M","R","B",null,"M","$","?","M","?","R","?","$","T","E","R","M","R","M","R","B"],"character_chosen":"DEFECT","items_purchased":["Conserve Battery","Membership Card","Heatsinks","Loop"],"campfire_rested":0,"item_purchase_floors":[4,19,19,25],"current_hp_per_floor":[75,75,75,75,75,75,70,62,62,50,50,36,36,39,39,12,75,72,72,58,31,31,31,15,15,15,15,15,11,11,23,23,0,0],"gold":128,"neow_bonus":"THREE_ENEMY_KILL","is_daily":false,"chose_seed":false,"campfire_upgraded":7,"win_rate":0.0,"timestamp":1610671995,"path_taken":["M","M","M","$","M","R","M","M","T","E","M","E","R","M","R","BOSS","M","$","?","M","?","R","?","?","T","E","R","M","R","M","R","BOSS"],"items_purchased_type":["Card","Relic","Card","Card"],"build_version":"2020-12-22","purchased_purges":2,"victory":false,"max_hp_per_floor":[75,75,75,75,75,75,75,75,75,75,75,75,75,75,75,75,75,75,75,80,80,80,80,80,80,80,80,80,80,80,80,80,80,80],"card_choices":[{"not_picked":["White Noise","Rebound"],"picked":"Gash","floor":1},{"not_picked":["Chaos","Loop"],"picked":"Coolheaded","floor":2},{"not_picked":["Rebound","Beam Cell"],"picked":"Ball Lightning","floor":3},{"not_picked":["Seek","Force Field"],"picked":"Darkness","floor":5},{"not_picked":["Sweeping Beam","Force Field"],"picked":"Storm","floor":7},{"not_picked":["Reprogram","Sweeping Beam"],"picked":"Chill","floor":8},{"not_picked":["Self Repair","Consume"],"picked":"Heatsinks","floor":10},{"not_picked":["Beam Cell","Steam"],"picked":"Storm","floor":11},{"not_picked":["Hologram","Beam Cell"],"picked":"Reboot","floor":12},{"not_picked":["Scrape","Stack"],"picked":"Redo","floor":14},{"not_picked":["Reboot","Seek"],"picked":"Machine Learning","floor":16},{"not_picked":["Leap","Hologram+1"],"picked":"Compile Driver+1","floor":18},{"not_picked":["Steam Power","Stack"],"picked":"Conserve Battery","floor":21},{"not_picked":["BootSequence","Creative AI"],"picked":"Reinforced Body","floor":29},{"not_picked":["Hologram+1","Sweeping Beam"],"picked":"Loop","floor":31}],"player_experience":5918,"relics_obtained":[{"floor":9,"key":"Thread and Needle"},{"floor":10,"key":"Girya"},{"floor":12,"key":"Bird Faced Urn"},{"floor":26,"key":"MawBank"}],"event_choices":[{"damage_healed":0,"gold_gain":0,"player_choice":"Shed Blood","damage_taken":19,"max_hp_gain":5,"max_hp_loss":0,"event_name":"Forgotten Altar","floor":20,"gold_loss":0},{"cards_removed":["Strike_B"],"damage_healed":0,"gold_gain":0,"player_choice":"Elegance","damage_taken":0,"max_hp_gain":0,"max_hp_loss":0,"event_name":"Back to Basics","floor":22,"gold_loss":0},{"damage_healed":0,"gold_gain":0,"player_choice":"Obtained Book","damage_taken":16,"max_hp_gain":0,"max_hp_loss":0,"event_name":"Cursed Tome","floor":24,"gold_loss":0}],"is_beta":false,"boss_relics":[{"not_picked":["Sozu","SacredBark"],"picked":"Calling Bell"}],"items_purged_floors":[4,19],"is_endless":false,"potions_floor_spawned":[1,5,11,14,21,31],"killed_by":"Champ","ascension_level":0}}