{"host":"i0avyit1s6jb1siw","time":1610727809,"event":{"mods":["BaseMod","DeckTracker","Dota2Spire","Highlight Path","Minty Spire (QoL Compilation)","Quick Restart","StSLib","SuperFastMode"],"gold_per_floor":[119,44,44,54,0,34,57,100,124,124,124,165,165,176,176,279,279,329,162,162,217,275,275,320,195,246,246,257,257,328,15,15,133,160,202,56,120,120,207,270,318,373,373,382,382,431,491,506,506,536,566,566,566,55,113,113,113],"floor_reached":56,"language":"ENG","playtime":1802,"items_purged":["Strike_G","Strike_G","Strike_G","Strike_G","Defend_G"],"score":2120,"play_id":"b4e3225e-aa34-41b3-948c-8ce113f61f71","local_time":"20210115172329","is_ascension_mode":true,"campfire_choices":[{"data":"Skewer","floor":11.0,"key":"SMITH"},{"data":"Deadly Poison","floor":13.0,"key":"SMITH"},{"floor":15.0,"key":"REST"},{"floor":23.0,"key":"REST"},{"floor":29.0,"key":"REST"},{"data":"Calculated Gamble","floor":32.0,"key":"SMITH"},{"floor":45.0,"key":"REST"},{"floor":49.0,"key":"RECALL"},{"data":"Concentrate","floor":53.0,"key":"SMITH"}],"circlet_count":0,"master_deck":["AscendersBane","Defend_G","Defend_G","Survivor","Neutralize","Skewer+1","Deadly Poison+1","Backstab","After Image","Infinite Blades","Calculated Gamble+1","Backstab","Blade Dance+1","After Image","Blur+1","Sucker Punch+1","Outmaneuver+1","Bullet Time","Backflip+1","Concentrate+1","Deflect","Deep Breath","Flechettes+1"],"relics":["Ring of the Snake","NeowsBlessing","CeramicFish","Centennial Puzzle","Shuriken","Dota2Spire:HandOfMidas","Runic Pyramid","Bird Faced Urn","Lee\u0027s Waffle","Astrolabe","Dota2Spire:EyeOfSkadi","FossilizedHelix","Bag of Marbles","Dead Branch","Dota2Spire:Satanic","Strawberry","Sling","Mercury Hourglass"],"acts_visited":["Exordium","TheCity","TheBeyond","TheEnding"],"potions_floor_usage":[56,56],"damage_taken":[{"damage":0.0,"enemies":"Jaw Worm","floor":1.0,"turns":1.0},{"damage":0.0,"enemies":"Cultist","floor":4.0,"turns":1.0},{"damage":0.0,"enemies":"Lagavulin","floor":6.0,"turns":1.0},{"damage":0.0,"enemies":"2 Louse","floor":7.0,"turns":4.0},{"damage":25.0,"enemies":"3 Sentries","floor":8.0,"turns":11.0},{"damage":0.0,"enemies":"Blue Slaver","floor":12.0,"turns":3.0},{"damage":15.0,"enemies":"Exordium Wildlife","floor":14.0,"turns":4.0},{"damage":16.0,"enemies":"The Guardian","floor":16.0,"turns":10.0},{"damage":10.0,"enemies":"Chosen","floor":18.0,"turns":5.0},{"damage":15.0,"enemies":"Spheric Guardian","floor":21.0,"turns":7.0},{"damage":0.0,"enemies":"Centurion and Healer","floor":22.0,"turns":7.0},{"damage":22.0,"enemies":"Sentry and Sphere","floor":24.0,"turns":6.0},{"damage":15.0,"enemies":"Snake Plant","floor":28.0,"turns":4.0},{"damage":9.0,"enemies":"Gremlin Leader","floor":30.0,"turns":7.0},{"damage":52.0,"enemies":"Automaton","floor":33.0,"turns":10.0},{"damage":10.0,"enemies":"3 Shapes","floor":35.0,"turns":5.0},{"damage":0.0,"enemies":"Mind Bloom Boss Battle","floor":37.0,"turns":7.0},{"damage":115.0,"enemies":"2 Orb Walkers","floor":39.0,"turns":8.0},{"damage":14.0,"enemies":"Giant Head","floor":40.0,"turns":9.0},{"damage":12.0,"enemies":"3 Darklings","floor":41.0,"turns":7.0},{"damage":4.0,"enemies":"Transient","floor":42.0,"turns":6.0},{"damage":0.0,"enemies":"Sphere and 2 Shapes","floor":46.0,"turns":5.0},{"damage":0.0,"enemies":"Nemesis","floor":47.0,"turns":5.0},{"damage":0.0,"enemies":"Jaw Worm Horde","floor":48.0,"turns":1.0},{"damage":0.0,"enemies":"Donu and Deca","floor":50.0,"turns":7.0},{"damage":18.0,"enemies":"Time Eater","floor":51.0,"turns":7.0},{"damage":7,"enemies":"Shield and Spear","floor":55,"turns":5},{"damage":100,"enemies":"The Heart","floor":56,"turns":8}],"seed_played":"-3680371340268353224","potions_obtained":[{"floor":1.0,"key":"FairyPotion"},{"floor":3.0,"key":"Block Potion"},{"floor":8.0,"key":"Poison Potion"},{"floor":12.0,"key":"Fruit Juice"},{"floor":16.0,"key":"SneckoOil"},{"floor":22.0,"key":"DistilledChaos"},{"floor":33.0,"key":"SneckoOil"},{"floor":37.0,"key":"LiquidBronze"},{"floor":39.0,"key":"Explosive Potion"},{"floor":55,"key":"Poison Potion"}],"is_trial":false,"path_per_floor":["M","$","?","M","?","E","M","E","T","?","R","M","R","M","R","B",null,"M","$","?","M","M","R","M","$","T","?","M","R","E","$","R","B",null,"M","$","?","?","?","E","M","M","T","?","R","M","E","M","R","B","B",null,"R","$","E","B"],"character_chosen":"THE_SILENT","items_purchased":["Infinite Blades","Lee\u0027s Waffle","Bullet Time","Strawberry","Sling"],"campfire_rested":4,"item_purchase_floors":[19,31,36,54,54],"current_hp_per_floor":[59,59,59,59,59,59,59,34,34,39,39,39,39,24,45,34,66,56,56,34,19,19,43,21,21,21,21,6,30,21,88,88,36,75,71,71,82,82,26,18,12,14,14,14,40,50,60,64,64,72,62,82,82,89,92,0,0],"gold":113,"neow_bonus":"THREE_ENEMY_KILL","is_daily":false,"chose_seed":false,"campfire_upgraded":4,"win_rate":0.0,"timestamp":1610727809,"path_taken":["M","$","?","?","?","E","?","E","T","?","R","M","R","M","R","BOSS","M","$","?","M","M","R","M","$","T","?","M","R","E","?","R","BOSS","M","$","?","?","?","E","M","M","T","?","R","M","E","M","R","BOSS","BOSS","R","$","E","BOSS"],"items_purchased_type":["Card","Relic","Card","Relic","Relic"],"build_version":"2020-12-22","purchased_purges":5,"victory":false,"max_hp_per_floor":[66,66,66,66,66,66,66,66,66,71,71,71,71,71,71,76,76,76,76,81,81,81,81,81,81,81,81,81,81,81,88,88,88,88,88,88,93,88,88,88,88,88,88,88,88,88,88,88,88,88,88,88,88,95,95,95,95],"card_choices":[{"not_picked":["Quick Slash","Cloak And Dagger"],"picked":"Skewer","floor":1.0},{"not_picked":["Caltrops","PiercingWail"],"picked":"Deadly Poison","floor":4.0},{"not_picked":["Bane","Phantasmal Killer","Underhanded Strike"],"picked":"SKIP","floor":6.0},{"not_picked":["Terror","Poisoned Stab"],"picked":"Backstab","floor":7.0},{"not_picked":["Riddle With Holes","Slice"],"picked":"After Image","floor":8.0},{"not_picked":["Dodge and Roll","Expertise","Sucker Punch"],"picked":"SKIP","floor":12.0},{"not_picked":["Quick Slash","Poisoned Stab","Dodge and Roll"],"picked":"SKIP","floor":14.0},{"not_picked":["Deadly Poison","Predator","Dagger Spray"],"picked":"SKIP","floor":18.0},{"not_picked":["Blur","PiercingWail"],"picked":"Calculated Gamble","floor":21.0},{"not_picked":["Well Laid Plans","Distraction"],"picked":"Backstab","floor":22.0},{"not_picked":["Acrobatics","Crippling Poison","Slice"],"picked":"SKIP","floor":24.0},{"not_picked":["Riddle With Holes","Deadly Poison","Storm of Steel"],"picked":"SKIP","floor":28.0},{"not_picked":["Sucker Punch","Dodge and Roll"],"picked":"Blade Dance+1","floor":30.0},{"not_picked":["Adrenaline","Malaise"],"picked":"After Image","floor":33.0},{"not_picked":["Crippling Poison","Dodge and Roll+1","Caltrops+1"],"picked":"SKIP","floor":35.0},{"not_picked":["Dagger Throw","Blade Dance"],"picked":"Backflip+1","floor":37.0},{"not_picked":["Endless Agony","Reflex"],"picked":"Concentrate","floor":39.0},{"not_picked":["Skewer+1","Underhanded Strike","Dagger Spray"],"picked":"SKIP","floor":40.0},{"not_picked":["Deadly Poison","Backflip+1","Glass Knife"],"picked":"SKIP","floor":41.0},{"not_picked":["Noxious Fumes","Dagger Throw"],"picked":"Deflect","floor":42.0},{"not_picked":["Blind","Flash of Steel"],"picked":"Deep Breath","floor":44.0},{"not_picked":["Skewer","Blade Dance"],"picked":"Flechettes+1","floor":46.0},{"not_picked":["Sucker Punch","Backflip","Catalyst"],"picked":"SKIP","floor":47.0},{"not_picked":["Flying Knee","Poisoned Stab","Slice+1"],"picked":"SKIP","floor":48.0},{"not_picked":["Acrobatics+1","Underhanded Strike+1","Bane"],"picked":"SKIP","floor":55}],"player_experience":2245504,"relics_obtained":[{"floor":6.0,"key":"Centennial Puzzle"},{"floor":8.0,"key":"Shuriken"},{"floor":9.0,"key":"Dota2Spire:HandOfMidas"},{"floor":30.0,"key":"Bird Faced Urn"},{"floor":37.0,"key":"Dota2Spire:EyeOfSkadi"},{"floor":39.0,"key":"FossilizedHelix"},{"floor":40.0,"key":"Bag of Marbles"},{"floor":43.0,"key":"Dead Branch"},{"floor":47.0,"key":"Dota2Spire:Satanic"},{"floor":55,"key":"Mercury Hourglass"}],"event_choices":[{"damage_healed":0.0,"max_hp_gain":0.0,"max_hp_loss":0.0,"gold_gain":0.0,"event_name":"Lab","player_choice":"Got Potions","floor":3.0,"gold_loss":0.0,"damage_taken":0.0},{"damage_healed":0.0,"max_hp_gain":0.0,"max_hp_loss":0.0,"gold_gain":0.0,"event_name":"WeMeetAgain","player_choice":"Paid Gold","floor":5.0,"gold_loss":54.0,"damage_taken":0.0,"relics_obtained":["CeramicFish"]},{"damage_healed":0.0,"max_hp_gain":5.0,"max_hp_loss":0.0,"gold_gain":0.0,"event_name":"Big Fish","player_choice":"Donut","floor":10.0,"gold_loss":0.0,"damage_taken":0.0},{"damage_healed":0.0,"max_hp_gain":5.0,"max_hp_loss":0.0,"gold_gain":0.0,"event_name":"Forgotten Altar","player_choice":"Shed Blood","floor":20.0,"gold_loss":0.0,"damage_taken":27.0},{"damage_healed":0.0,"max_hp_gain":0.0,"max_hp_loss":0.0,"gold_gain":0.0,"event_name":"The Mausoleum","player_choice":"Ignored","floor":27.0,"gold_loss":0.0,"damage_taken":0.0},{"damage_healed":0.0,"max_hp_gain":0.0,"max_hp_loss":0.0,"gold_gain":0.0,"event_name":"MindBloom","player_choice":"Fight","floor":37.0,"gold_loss":0.0,"damage_taken":0.0},{"damage_healed":0.0,"max_hp_gain":0.0,"max_hp_loss":5.0,"gold_gain":0.0,"event_name":"Winding Halls","player_choice":"Max HP","floor":38.0,"gold_loss":0.0,"damage_taken":0.0},{"damage_healed":0.0,"max_hp_gain":0.0,"max_hp_loss":0.0,"gold_gain":0.0,"event_name":"Mysterious Sphere","player_choice":"Fight","floor":39.0,"gold_loss":0.0,"damage_taken":0.0},{"damage_healed":0.0,"max_hp_gain":0.0,"max_hp_loss":0.0,"gold_gain":0.0,"event_name":"SensoryStone","player_choice":"Memory 1","floor":44.0,"gold_loss":0.0,"damage_taken":0.0}],"is_beta":false,"boss_relics":[{"not_picked":["Pandora\u0027s Box","Ring of the Serpent"],"picked":"Runic Pyramid"},{"not_picked":["Empty Cage","Cursed Key"],"picked":"Astrolabe"}],"items_purged_floors":[2,19,25,31,54],"is_endless":false,"potions_floor_spawned":[1,8,12,16,22,28,33,35,37,39,42,55],"killed_by":"The Heart","ascension_level":20}}