{"host":"9l1knhxfturzliqa","time":1610675923,"event":{"mods":["BaseMod","Colored Map","Colored Powertips","DeckTracker","Highlight Path","Keyboard Shortcuts","Minty Spire (QoL Compilation)","Random Character Button"],"gold_per_floor":[118,135,151,165,90,90,119,119,143,168,182,182,8,26,26,101,101,116,128,128,144,44,78,78,108,133,147,158,158,184,198,198,271,271,284,300,316,151,151,151,180,196,196,211,211,242,252,212,212,212,212,212,1,32,32],"floor_reached":56,"language":"KOR","playtime":7814,"items_purged":["Defend_G","Backflip","Backstab"],"score":2061,"play_id":"b783cea6-4a3f-4a6d-9e07-4a883d79f1c8","local_time":"20210115105843","is_ascension_mode":true,"campfire_choices":[{"data":"Deadly Poison","floor":6.0,"key":"SMITH"},{"data":"Wraith Form v2","floor":8.0,"key":"SMITH"},{"data":"Leg Sweep","floor":12.0,"key":"SMITH"},{"data":"Blade Dance","floor":15.0,"key":"SMITH"},{"data":"A Thousand Cuts","floor":24.0,"key":"SMITH"},{"floor":32.0,"key":"REST"},{"data":"Adrenaline","floor":40.0,"key":"SMITH"},{"floor":45.0,"key":"RECALL"},{"data":"Burst","floor":49.0,"key":"SMITH"},{"data":"Tools of the Trade","floor":52.0,"key":"SMITH"}],"circlet_count":0,"master_deck":["AscendersBane","Survivor","Neutralize","Deadly Poison+1","PiercingWail","Leg Sweep+1","Wraith Form v2+1","Blade Dance+1","Caltrops","Dagger Spray","Adrenaline+1","Infinite Blades","Corpse Explosion","Cloak And Dagger","Poisoned Stab","Doppelganger","Dodge and Roll","A Thousand Cuts+1","Backflip+1","Escape Plan+1","Tactician+1","Prepared","Burst+1","Expertise+1","Tools of the Trade+1","Dodge and Roll+1","Escape Plan","Accuracy","PiercingWail+1","Escape Plan","Choke+1"],"relics":["Ring of the Snake","Nunchaku","Regal Pillow","Boot","Snake Skull","Pandora\u0027s Box","StrikeDummy","Bottled Lightning","Nilry\u0027s Codex","Lantern","Sozu","HandDrill","PreservedInsect","Letter Opener","Smiling Mask","ClockworkSouvenir","Pen Nib"],"acts_visited":["Exordium","TheCity","TheBeyond","TheEnding"],"potions_floor_usage":[],"damage_taken":[{"damage":0.0,"enemies":"Small Slimes","floor":1.0,"turns":3.0},{"damage":0.0,"enemies":"Jaw Worm","floor":2.0,"turns":5.0},{"damage":1.0,"enemies":"Cultist","floor":3.0,"turns":5.0},{"damage":6.0,"enemies":"3 Louse","floor":4.0,"turns":4.0},{"damage":7.0,"enemies":"Lagavulin","floor":7.0,"turns":8.0},{"damage":1.0,"enemies":"Gremlin Nob","floor":10.0,"turns":5.0},{"damage":0.0,"enemies":"Looter","floor":11.0,"turns":3.0},{"damage":2.0,"enemies":"Blue Slaver","floor":14.0,"turns":4.0},{"damage":18.0,"enemies":"Slime Boss","floor":16.0,"turns":8.0},{"damage":6.0,"enemies":"Spheric Guardian","floor":18.0,"turns":4.0},{"damage":9.0,"enemies":"Shell Parasite","floor":19.0,"turns":4.0},{"damage":4.0,"enemies":"3 Cultists","floor":21.0,"turns":3.0},{"damage":10.0,"enemies":"Gremlin Leader","floor":23.0,"turns":7.0},{"damage":4.0,"enemies":"Slavers","floor":25.0,"turns":4.0},{"damage":2.0,"enemies":"Cultist and Chosen","floor":27.0,"turns":3.0},{"damage":5.0,"enemies":"Centurion and Healer","floor":28.0,"turns":5.0},{"damage":22.0,"enemies":"Book of Stabbing","floor":30.0,"turns":5.0},{"damage":2.0,"enemies":"Shelled Parasite and Fungi","floor":31.0,"turns":6.0},{"damage":23.0,"enemies":"Automaton","floor":33.0,"turns":9.0},{"damage":8.0,"enemies":"3 Darklings","floor":35.0,"turns":3.0},{"damage":0.0,"enemies":"3 Shapes","floor":36.0,"turns":2.0},{"damage":0.0,"enemies":"Sphere and 2 Shapes","floor":37.0,"turns":4.0},{"damage":0.0,"enemies":"Reptomancer","floor":41.0,"turns":5.0},{"damage":2.0,"enemies":"Maw","floor":42.0,"turns":6.0},{"damage":1.0,"enemies":"Transient","floor":44.0,"turns":5.0},{"damage":10.0,"enemies":"Nemesis","floor":46.0,"turns":7.0},{"damage":1.0,"enemies":"Spire Growth","floor":47.0,"turns":4.0},{"damage":12.0,"enemies":"Awakened One","floor":50.0,"turns":10.0},{"damage":3.0,"enemies":"Shield and Spear","floor":54.0,"turns":4.0},{"damage":57,"enemies":"The Heart","floor":55,"turns":10}],"seed_played":"5417913781585595213","potions_obtained":[{"floor":1.0,"key":"LiquidMemories"},{"floor":3.0,"key":"Poison Potion"},{"floor":16.0,"key":"CunningPotion"},{"floor":18.0,"key":"ColorlessPotion"},{"floor":21.0,"key":"PowerPotion"},{"floor":25.0,"key":"Explosive Potion"},{"floor":28.0,"key":"Dexterity Potion"},{"floor":31.0,"key":"GamblersBrew"}],"is_trial":false,"path_per_floor":["M","M","M","M","?","R","E","R","T","E","M","R","$","M","R","B",null,"M","M","?","M","$","E","R","E","T","M","M","?","E","M","R","B",null,"M","M","M","$","?","R","E","M","T","M","R","E","M","?","R","B",null,"R","$","E","B",null],"character_chosen":"THE_SILENT","items_purchased":["Blade Dance","Caltrops","HandDrill","ClockworkSouvenir"],"campfire_rested":1,"item_purchase_floors":[13,13,38,53],"current_hp_per_floor":[59,59,58,52,52,52,45,45,45,44,44,44,44,42,42,24,56,50,41,76,72,72,62,62,58,58,56,51,30,8,6,43,20,62,54,54,54,54,54,54,54,52,52,51,51,41,40,40,40,28,64,64,64,61,4],"gold":32,"neow_bonus":"RANDOM_COMMON_RELIC","is_daily":false,"chose_seed":false,"campfire_upgraded":8,"win_rate":0.0,"timestamp":1610675923,"path_taken":["M","M","M","M","?","R","E","R","T","E","M","R","$","M","R","BOSS","M","M","?","M","$","E","R","E","T","M","?","?","E","M","R","BOSS","M","M","M","$","?","R","E","M","T","M","R","E","M","?","R","BOSS","R","$","E","BOSS"],"items_purchased_type":["Card","Card","Relic","Relic"],"build_version":"2020-12-22","purchased_purges":3,"victory":true,"max_hp_per_floor":[66,66,66,66,66,66,66,66,66,66,66,66,66,66,66,66,66,66,66,76,76,76,76,76,76,76,76,76,76,76,76,76,76,76,76,76,76,76,76,76,76,76,76,76,76,76,76,76,76,76,76,76,76,76,76],"card_choices":[{"not_picked":["Footwork","Dagger Spray"],"picked":"Deadly Poison","floor":1.0},{"not_picked":["Prepared","Accuracy"],"picked":"PiercingWail","floor":2.0},{"not_picked":["Poisoned Stab","PiercingWail"],"picked":"Bane","floor":3.0},{"not_picked":["Caltrops","Accuracy"],"picked":"Leg Sweep","floor":4.0},{"not_picked":["Riddle With Holes","Storm of Steel"],"picked":"Wraith Form v2","floor":7.0},{"not_picked":["Finisher","Acrobatics"],"picked":"Backstab","floor":10.0},{"not_picked":["Quick Slash","Predator"],"picked":"Backflip","floor":11.0},{"not_picked":["PiercingWail","Underhanded Strike"],"picked":"Dagger Spray","floor":14.0},{"not_picked":["Phantasmal Killer","Die Die Die"],"picked":"Adrenaline","floor":16.0},{"not_picked":["All Out Attack+1","Poisoned Stab","Finisher"],"picked":"SKIP","floor":18.0},{"not_picked":["Flying Knee","Slice","Bane"],"picked":"SKIP","floor":19.0},{"not_picked":["Sucker Punch","Escape Plan"],"picked":"Backflip+1","floor":21.0},{"not_picked":["Quick Slash","Underhanded Strike","Distraction"],"picked":"SKIP","floor":23.0},{"not_picked":["Eviscerate","Grand Finale"],"picked":"Escape Plan+1","floor":25.0},{"not_picked":["Underhanded Strike","Deadly Poison"],"picked":"Tactician+1","floor":27.0},{"not_picked":["Underhanded Strike","Flying Knee"],"picked":"Prepared","floor":28.0},{"not_picked":["Venomology","Dagger Throw"],"picked":"Burst","floor":30.0},{"not_picked":["Deflect","Cloak And Dagger"],"picked":"Expertise+1","floor":31.0},{"not_picked":["Storm of Steel","Die Die Die"],"picked":"Tools of the Trade","floor":33.0},{"not_picked":["Heel Hook","Backflip","Dodge and Roll+1"],"picked":"SKIP","floor":35.0},{"not_picked":["Heel Hook","Backflip"],"picked":"Dodge and Roll+1","floor":35.0},{"not_picked":["Leg Sweep","Backflip","Terror"],"picked":"SKIP","floor":36.0},{"not_picked":["Masterful Stab","Infinite Blades+1"],"picked":"Escape Plan","floor":37.0},{"not_picked":["Outmaneuver","Deflect"],"picked":"Accuracy","floor":41.0},{"not_picked":["Terror","All Out Attack+1","Flying Knee"],"picked":"SKIP","floor":42.0},{"not_picked":["Underhanded Strike+1","Bane+1"],"picked":"PiercingWail+1","floor":44.0},{"not_picked":["Flying Knee","Outmaneuver","Dash"],"picked":"SKIP","floor":46.0},{"not_picked":["Deadly Poison+1","Flying Knee"],"picked":"Escape Plan","floor":47.0},{"not_picked":["Unload","Night Terror"],"picked":"Choke+1","floor":54.0}],"player_experience":437453,"relics_obtained":[{"floor":7.0,"key":"Regal Pillow"},{"floor":9.0,"key":"Boot"},{"floor":10.0,"key":"Snake Skull"},{"floor":23.0,"key":"StrikeDummy"},{"floor":25.0,"key":"Bottled Lightning"},{"floor":29.0,"key":"Nilry\u0027s Codex"},{"floor":30.0,"key":"Lantern"},{"floor":41.0,"key":"PreservedInsect"},{"floor":43.0,"key":"Letter Opener"},{"floor":46.0,"key":"Smiling Mask"},{"floor":54.0,"key":"Pen Nib"}],"event_choices":[{"cards_removed":["Strike_G"],"damage_healed":0.0,"max_hp_gain":0.0,"max_hp_loss":0.0,"gold_gain":0.0,"event_name":"The Cleric","player_choice":"Card Removal","floor":5.0,"gold_loss":75.0,"damage_taken":0.0},{"cards_removed":["A Thousand Cuts"],"damage_healed":25.0,"max_hp_gain":10.0,"max_hp_loss":0.0,"gold_gain":0.0,"event_name":"Bonfire Elementals","player_choice":"Offered Rare","floor":20.0,"gold_loss":0.0,"damage_taken":0.0},{"damage_healed":0.0,"max_hp_gain":0.0,"max_hp_loss":0.0,"gold_gain":0.0,"event_name":"Cursed Tome","player_choice":"Obtained Book","floor":29.0,"gold_loss":0.0,"damage_taken":21.0},{"cards_removed":["Bane"],"damage_healed":0.0,"max_hp_gain":0.0,"max_hp_loss":0.0,"gold_gain":0.0,"event_name":"Falling","player_choice":"Removed Attack","floor":39.0,"gold_loss":0.0,"damage_taken":0.0},{"damage_healed":0.0,"max_hp_gain":0.0,"max_hp_loss":0.0,"gold_gain":0.0,"event_name":"The Woman in Blue","player_choice":"Bought 3 Potions","floor":48.0,"gold_loss":0.0,"damage_taken":0.0}],"is_beta":false,"boss_relics":[{"not_picked":["Snecko Eye","Fusion Hammer"],"picked":"Pandora\u0027s Box"},{"not_picked":["Black Star","SacredBark"],"picked":"Sozu"}],"items_purged_floors":[13,22,53],"is_endless":false,"potions_floor_spawned":[1,3,4,16,18,21,25,28,31,35,44,46,47,54],"ascension_level":16}}