{"host":"091y6d77ht7dl3wb","time":1610707955,"event":{"mods":["AchievementEnabler","BaseMod","Colored Map","Minty Spire (QoL Compilation)","Rare Cards Sparkle","StSLib"],"gold_per_floor":[111,186,42,42,57,57,83,83,83,145,171,196,209,9,9,107,107,124,399,414,22,35,62,62,62,62,62,80,90,117,117,117,222,222,242,260,260,260,0,31,43,2,14,26,59,71,115,148,160,172],"floor_reached":51,"language":"KOR","playtime":1421,"items_purged":["Regret"],"score":924,"play_id":"c6f34151-5b11-4405-87ec-260059026263","local_time":"20210115195235","daily_mods":["Heirloom","Time Dilation","Flight"],"is_ascension_mode":false,"campfire_choices":[{"data":"Flex","floor":6,"key":"SMITH"},{"floor":8,"key":"REST"},{"floor":15,"key":"REST"},{"floor":25,"key":"REST"},{"floor":32,"key":"REST"},{"floor":44,"key":"DIG"},{"floor":46,"key":"DIG"},{"floor":49,"key":"DIG"}],"circlet_count":0,"master_deck":["Bash+1","Intimidate","Flex+1","Sword Boomerang","Thunderclap","Armaments+1","Rampage","Heavy Blade","Limit Break+1","Rampage","Offering+1","Uppercut","Anger","Flex+1","Impervious+1","Seeing Red+1","Shrug It Off+1","Inflame","Armaments+1","Pummel","Twin Strike","Flex+1","Twin Strike+1","Whirlwind+1","Immolate+1","Madness+1","Cleave+1","Reaper+1","Shrug It Off+1"],"relics":["Burning Blood","Ice Cream","HandDrill","Shuriken","Toxic Egg 2","White Beast Statue","Odd Mushroom","Bag of Preparation","Whetstone","Pandora\u0027s Box","Brimstone","Red Skull","Molten Egg 2","Lantern","Shovel","Mark of Pain","Red Mask","MawBank","CeramicFish","Pear","FossilizedHelix","Ginger","Art of War","Oddly Smooth Stone"],"acts_visited":["Exordium","TheCity","TheBeyond"],"potions_floor_usage":[7,12,16,16,23,23,30,30,30,40,50],"damage_taken":[{"damage":5,"enemies":"Jaw Worm","floor":1,"turns":4},{"damage":0,"enemies":"Small Slimes","floor":5,"turns":3},{"damage":28,"enemies":"3 Sentries","floor":7,"turns":9},{"damage":8,"enemies":"Gremlin Nob","floor":10,"turns":3},{"damage":7,"enemies":"The Mushroom Lair","floor":11,"turns":4},{"damage":13,"enemies":"Lagavulin","floor":12,"turns":6},{"damage":7,"enemies":"2 Louse","floor":13,"turns":2},{"damage":23,"enemies":"The Guardian","floor":16,"turns":6},{"damage":6,"enemies":"Spheric Guardian","floor":18,"turns":2},{"damage":28,"enemies":"Chosen","floor":20,"turns":5},{"damage":12,"enemies":"Shelled Parasite and Fungi","floor":22,"turns":2},{"damage":21,"enemies":"Gremlin Leader","floor":23,"turns":2},{"damage":13,"enemies":"Sentry and Sphere","floor":28,"turns":3},{"damage":6,"enemies":"Snake Plant","floor":29,"turns":1},{"damage":6,"enemies":"Slavers","floor":30,"turns":2},{"damage":6,"enemies":"Collector","floor":33,"turns":2},{"damage":6,"enemies":"3 Darklings","floor":35,"turns":1},{"damage":0,"enemies":"Orb Walker","floor":36,"turns":2},{"damage":2,"enemies":"Reptomancer","floor":40,"turns":2},{"damage":0,"enemies":"Spire Growth","floor":45,"turns":2},{"damage":0,"enemies":"Giant Head","floor":47,"turns":4},{"damage":0,"enemies":"Sphere and 2 Shapes","floor":48,"turns":2},{"damage":45,"enemies":"Donu and Deca","floor":50,"turns":4}],"seed_played":"5311290339143810394","potions_obtained":[{"floor":5,"key":"BlessingOfTheForge"},{"floor":10,"key":"SpeedPotion"},{"floor":11,"key":"Strength Potion"},{"floor":12,"key":"Dexterity Potion"},{"floor":13,"key":"Fire Potion"},{"floor":16,"key":"SkillPotion"},{"floor":18,"key":"Block Potion"},{"floor":20,"key":"CultistPotion"},{"floor":23,"key":"SneckoOil"},{"floor":28,"key":"HeartOfIron"},{"floor":30,"key":"ColorlessPotion"},{"floor":33,"key":"AttackPotion"},{"floor":35,"key":"Block Potion"},{"floor":36,"key":"FairyPotion"},{"floor":40,"key":"SpeedPotion"}],"is_trial":true,"path_per_floor":["M","?","$","?","M","R","E","R","T","?","?","E","M","$","R","B",null,"M","?","M","$","M","E","?","R","T","?","M","M","E","T","R","B",null,"M","M","?","?","?","E","$","?","T","R","M","R","E","M","R","B",null],"character_chosen":"IRONCLAD","items_purchased":["HandDrill","Whetstone","Strength Potion","Brimstone","Inflame","Armaments+1","Pummel"],"campfire_rested":4,"item_purchase_floors":[3,14,14,21,21,21,21],"current_hp_per_floor":[80,69,69,62,68,68,46,70,70,68,67,60,59,59,80,63,80,80,80,58,58,52,37,37,61,61,61,54,54,54,54,78,78,80,80,80,80,80,80,80,80,80,90,90,90,90,90,90,90,51],"gold":184,"neow_bonus":"","is_daily":false,"chose_seed":false,"campfire_upgraded":1,"win_rate":0.0,"timestamp":1610707955,"path_taken":["M","?","$","?","?","R","E","R","T","?","?","E","M","?","R","BOSS","M","?","?","$","?","E","?","R","T","?","?","?","E","?","R","BOSS","M","M","?","?","?","E","?","?","T","R","?","R","E","M","R","BOSS"],"items_purchased_type":["Relic","Relic","Potion","Relic","Card","Card","Card"],"build_version":"2020-12-22","purchased_purges":1,"victory":true,"max_hp_per_floor":[80,80,80,80,80,80,80,80,80,80,80,80,80,80,80,80,80,80,80,80,80,80,80,80,80,80,80,80,80,80,80,80,80,80,80,80,80,80,80,80,80,80,90,90,90,90,90,90,90,90],"card_choices":[{"not_picked":["Havoc","Thunderclap"],"picked":"Intimidate","floor":1},{"not_picked":["Reckless Charge","Hemokinesis"],"picked":"Flex","floor":5},{"not_picked":["Power Through","Thunderclap"],"picked":"Sword Boomerang","floor":7},{"not_picked":["Blood for Blood","Clash"],"picked":"Thunderclap","floor":10},{"not_picked":["Iron Wave","Cleave"],"picked":"Armaments+1","floor":11},{"not_picked":["Searing Blow","Perfected Strike"],"picked":"Rampage","floor":12},{"not_picked":["Carnage","Pommel Strike"],"picked":"Heavy Blade","floor":13},{"not_picked":["Bludgeon","Reaper"],"picked":"Limit Break+1","floor":16},{"not_picked":["Havoc+1","Fire Breathing"],"picked":"Seeing Red+1","floor":18},{"not_picked":["Wild Strike","Havoc+1"],"picked":"Shrug It Off+1","floor":20},{"not_picked":["Clothesline","Wild Strike+1"],"picked":"Twin Strike","floor":22},{"not_picked":["Armaments+1","Havoc+1"],"picked":"Flex+1","floor":23},{"not_picked":["Searing Blow+1","Uppercut+1"],"picked":"Twin Strike+1","floor":28},{"not_picked":["Armaments+1","Combust","True Grit+1"],"picked":"SKIP","floor":29},{"not_picked":["Carnage+1","Sword Boomerang+1"],"picked":"Whirlwind+1","floor":30},{"not_picked":["Berserk","Exhume+1"],"picked":"Immolate+1","floor":33},{"not_picked":["Wild Strike+1","Carnage+1","Warcry+1"],"picked":"SKIP","floor":35},{"not_picked":["Pommel Strike+1","Headbutt+1","Entrench+1"],"picked":"SKIP","floor":36},{"not_picked":["Mind Blast+1","Discovery+1"],"picked":"Madness+1","floor":37},{"not_picked":["Perfected Strike+1","Armaments+1"],"picked":"Cleave+1","floor":40},{"not_picked":["Burning Pact+1","Body Slam+1"],"picked":"Reaper+1","floor":45},{"not_picked":["Fiend Fire+1","Havoc+1","Headbutt+1"],"picked":"SKIP","floor":47},{"not_picked":["Perfected Strike+1","Armaments+1"],"picked":"Shrug It Off+1","floor":48}],"player_experience":220404,"relics_obtained":[{"floor":7,"key":"Shuriken"},{"floor":9,"key":"Toxic Egg 2"},{"floor":10,"key":"White Beast Statue"},{"floor":11,"key":"Odd Mushroom"},{"floor":12,"key":"Bag of Preparation"},{"floor":23,"key":"Red Skull"},{"floor":26,"key":"Molten Egg 2"},{"floor":30,"key":"Lantern"},{"floor":31,"key":"Shovel"},{"floor":40,"key":"MawBank"},{"floor":43,"key":"Pear"},{"floor":44,"key":"FossilizedHelix"},{"floor":46,"key":"Ginger"},{"floor":47,"key":"Art of War"},{"floor":49,"key":"Oddly Smooth Stone"}],"event_choices":[{"damage_healed":0,"gold_gain":75,"player_choice":"Gather Gold","damage_taken":11,"max_hp_gain":0,"max_hp_loss":0,"event_name":"World of Goop","floor":2,"gold_loss":0},{"cards_removed":["Strike_R"],"damage_healed":0,"gold_gain":0,"player_choice":"Card Removal","damage_taken":7,"max_hp_gain":0,"max_hp_loss":0,"event_name":"Golden Wing","floor":4,"gold_loss":0},{"damage_healed":0,"gold_gain":0,"player_choice":"Searched \u00271\u0027 times","damage_taken":0,"max_hp_gain":0,"max_hp_loss":0,"event_name":"Dead Adventurer","floor":10,"gold_loss":0},{"damage_healed":0,"gold_gain":0,"player_choice":"Fought Mushrooms","damage_taken":0,"max_hp_gain":0,"max_hp_loss":0,"event_name":"Mushrooms","floor":11,"gold_loss":0},{"damage_healed":0,"gold_gain":275,"player_choice":"Desecrate","damage_taken":0,"max_hp_gain":0,"max_hp_loss":0,"event_name":"Golden Shrine","floor":19,"gold_loss":0,"cards_obtained":["Regret"]},{"damage_healed":0,"gold_gain":0,"player_choice":"Ignored","damage_taken":0,"max_hp_gain":0,"max_hp_loss":0,"event_name":"Vampires","floor":24,"gold_loss":0},{"cards_removed":["Second Wind"],"damage_healed":0,"gold_gain":0,"player_choice":"Purged","damage_taken":0,"max_hp_gain":0,"max_hp_loss":0,"event_name":"Purifier","floor":27,"gold_loss":0},{"damage_healed":0,"gold_gain":0,"player_choice":"Memory 1","damage_taken":0,"max_hp_gain":0,"max_hp_loss":0,"event_name":"SensoryStone","floor":37,"gold_loss":0},{"cards_removed":["Combust"],"damage_healed":0,"gold_gain":0,"player_choice":"Removed Power","damage_taken":0,"max_hp_gain":0,"max_hp_loss":0,"event_name":"Falling","floor":38,"gold_loss":0},{"damage_healed":0,"gold_gain":0,"player_choice":"Paid","damage_taken":0,"relics_obtained":["Red Mask"],"max_hp_gain":0,"max_hp_loss":0,"event_name":"Tomb of Lord Red Mask","floor":39,"gold_loss":260},{"damage_healed":0,"gold_gain":0,"player_choice":"Paid Gold","damage_taken":0,"relics_obtained":["CeramicFish"],"max_hp_gain":0,"max_hp_loss":0,"event_name":"WeMeetAgain","floor":42,"gold_loss":53}],"is_beta":false,"boss_relics":[{"not_picked":["Cursed Key","Fusion Hammer"],"picked":"Pandora\u0027s Box"},{"not_picked":["Snecko Eye","Sozu"],"picked":"Mark of Pain"}],"items_purged_floors":[21],"is_endless":false,"potions_floor_spawned":[5,10,11,12,13,16,18,20,22,23,28,29,30,33,35,36,40,45,47,48],"ascension_level":0}}