{"host":"vm8b3ptwl81uq21f","time":1610682088,"event":{"mods":["Aspiration","BaseMod","BetterRewards","Colored Map","Colored Powertips","Downfall","GifTheSpireLib","Googly Eyes","GungeonMod","Halation","Hubris","Infinite Spire","Minty Spire (QoL Compilation)","Quick Restart","Rare Cards Sparkle","Replay The Spire","Shop Mod","Spicy Shops","StSLib","Stuff the Spire","The IronCluck","[IsaacMod]????"],"gold_per_floor":[116,127,138,158,158,191,191,191,191,220,87,87,117,136,136,247,247,261,34,48,48,58,89,89,89,89,89,106,125,136,160,170,170,171,273,375,549,549,566,566,566,604,621,621,632,632,632,650,702,273,311,329,329,329],"floor_reached":55,"language":"ENG","playtime":3921,"items_purged":["Replay:Dark Deal+1","Writhe","DemoMod:Strike_Huntress","DemoMod:RustySidearm","DemoMod:CrossBow","DemoMod:Strike_Huntress","DemoMod:Defend_Huntress+1","Parasite","DemoMod:Defend_Huntress+1"],"score":1184,"play_id":"f5c71268-5cec-457c-a75d-649804835afd","local_time":"20210114224128","is_ascension_mode":true,"campfire_choices":[{"data":"DemoMod:Polaris","floor":7.0,"key":"SMITH"},{"data":"DemoMod:FastSwitch","floor":15.0,"key":"SMITH"},{"data":"DemoMod:ManualReload","floor":24.0,"key":"SMITH"},{"data":"DemoMod:HardPowerCard","floor":27.0,"key":"SMITH"},{"data":"DemoMod:ConditionalReflex","floor":33.0,"key":"SMITH"},{"data":"StuffTheSpire:Innocence","floor":44,"key":"SMITH"},{"floor":46,"key":"RECALL"},{"floor":53,"key":"REST"}],"circlet_count":0,"master_deck":["Replay:Dark Deal+1","DemoMod:ManualReload+1","DemoMod:Polaris+1","Replay:Dark Deal+1","DemoMod:FastSwitch+1","DemoMod:HardPowerCard+1","DemoMod:HardPowerCard+1","DemoMod:ConditionalReflex+1","DemoMod:Slinger+1","StuffTheSpire:Innocence+1"],"relics":["DemoMod:Dog","HushsDoor","Frozen Eye","MerchantsRug","Bag of Preparation","Anchor","HornCleat","halation:LettersToHer","Frozen Egg 2","hubris:Metronome","Replay:Wax Seal","infinitespire:Beetle Shell","hubris:BundleOfHerbs","Membership Card","aspiration:Stabinomicon","Bottled Lightning","StuffTheSpire:RunicHypercube","DemoMod:RatBoots","DemoMod:ResourcefulSack","DemoMod:PartiallyEatenCheese","aspiration:SilentSkillbook","StuffTheSpire:BottledEssence","ReplayTheSpireMod:Shallot","aspiration:FrozenJewel","hubris:CrystalStatue","DemoMod:VorpalBullet","ClockworkSouvenir","aspiration:FetidBarrel","BookOfRevelations"],"acts_visited":["Exordium","TheCity","DemoMod:Maze","TheBeyond"],"potions_floor_usage":[54,54,54],"damage_taken":[{"damage":0.0,"enemies":"Cultist","floor":1.0,"turns":2.0},{"damage":0.0,"enemies":"Jaw Worm","floor":2.0,"turns":2.0},{"damage":0.0,"enemies":"Small Slimes","floor":3.0,"turns":5.0},{"damage":0.0,"enemies":"3 Louse","floor":4.0,"turns":3.0},{"damage":0.0,"enemies":"Gremlin Nob","floor":6.0,"turns":1.0},{"damage":0.0,"enemies":"Lagavulin","floor":10.0,"turns":1.0},{"damage":0.0,"enemies":"Gremlin Nob","floor":13.0,"turns":1.0},{"damage":0.0,"enemies":"2 Fungi Beasts","floor":14.0,"turns":1.0},{"damage":0.0,"enemies":"Hexaghost","floor":16.0,"turns":4.0},{"damage":0.0,"enemies":"Spheric Guardian","floor":18.0,"turns":1.0},{"damage":0.0,"enemies":"Shell Parasite","floor":20.0,"turns":1.0},{"damage":0.0,"enemies":"Cultist and Chosen","floor":22.0,"turns":1.0},{"damage":0.0,"enemies":"Gremlin Leader","floor":23.0,"turns":1.0},{"damage":0.0,"enemies":"DemoMod:4_Bullet_Kins_with_one_veteran","floor":28.0,"turns":2.0},{"damage":0.0,"enemies":"DemoMod:4_Bullet_Kins","floor":29.0,"turns":1.0},{"damage":0.0,"enemies":"DemoMod:Veteran_shot_gun_kin_and_red_shotgun_kin_with_gunsinger","floor":30.0,"turns":1.0},{"damage":0.0,"enemies":"DemoMod:Red_and_blue_shotgun_kin_with_gunsinger","floor":31.0,"turns":2.0},{"damage":0.0,"enemies":"DemoMod:2_Mousers","floor":32.0,"turns":1.0},{"damage":0.0,"enemies":"DemoMod:ResourcefulRat","floor":35.0,"turns":1.0},{"damage":0.0,"enemies":"DemoMod:ResourcefulRat","floor":36.0,"turns":1.0},{"damage":0.0,"enemies":"DemoMod:ResourcefulRat","floor":37.0,"turns":16.0},{"damage":0,"enemies":"Orb Walker","floor":39,"turns":1},{"damage":0,"enemies":"3 Shapes","floor":43,"turns":1},{"damage":0,"enemies":"Writhing Mass","floor":45,"turns":1},{"damage":0,"enemies":"Maw","floor":48,"turns":1},{"damage":0,"enemies":"4 Shapes","floor":49,"turns":1},{"damage":0,"enemies":"Writhing Mass","floor":51,"turns":1},{"damage":0,"enemies":"3 Darklings","floor":52,"turns":1},{"damage":0,"enemies":"Delirium","floor":54,"turns":17}],"seed_played":"1644235597372170543","potions_obtained":[{"floor":4.0,"key":"AttackPotion"},{"floor":6.0,"key":"BlessingOfTheForge"},{"floor":14.0,"key":"Explosive Potion"},{"floor":30.0,"key":"infinitespire:BlackPotion"},{"floor":37.0,"key":"LiquidBronze"},{"floor":43,"key":"Ancient Potion"},{"floor":45,"key":"EssenceOfSteel"}],"is_trial":false,"path_per_floor":["M","M","M","M","T","E","R","$","T","E","$","?","E","M","R_BF","B",null,"M","$","M","?","M","E","R","?","T","R","M","M","M","M","M","R","B","B","B","B",null,"M","?","?","$","M","R","M","R","T","M","M","$","M","M","R","B",null],"character_chosen":"HUNTRESS","items_purchased":["DemoMod:GnawedKey","Frozen Eye","MerchantsRug","Replay:Bottled Eggs","hubris:64BitClover","DemoMod:Polaris","Bag of Preparation","Anchor","DollysMirror","HornCleat","halation:LettersToHer","Replay:Wax Seal","infinitespire:Beetle Shell","DemoMod:FastSwitch","Membership Card","DemoMod:HardPowerCard","StuffTheSpire:BottledEssence","ReplayTheSpireMod:Shallot","aspiration:FrozenJewel","DemoMod:VorpalBullet","ClockworkSouvenir","aspiration:FetidBarrel","BookOfRevelations"],"campfire_rested":1,"item_purchase_floors":[0,0,0,0,0,0,0,0,0,0,0,11,11,11,19,19,42,42,42,50,50,50,50],"current_hp_per_floor":[21,21,31,41,41,41,41,9,9,21,21,21,43,43,43,43,67,67,67,67,67,67,67,67,51,67,67,67,67,67,67,67,67,67,67,67,67,71,71,71,71,71,71,71,71,71,71,71,71,71,71,71,72,72],"gold":329,"neow_bonus":"","is_daily":false,"chose_seed":false,"campfire_upgraded":6,"win_rate":0.0,"timestamp":1610682088,"path_taken":["M","M","M","M","?","E","R","?","T","E","$","?","E","M","R_BF","BOSS","M","$","M","?","M","E","R","?","T","R","M","M","M","M","M","R","BOSS","BOSS","BOSS","BOSS","M","?","?","$","M","R","M","R","T","?","M","$","?","M","R","BOSS"],"items_purchased_type":["Relic","Relic","Relic","Relic","Relic","Card","Relic","Relic","Relic","Relic","Relic","Relic","Relic","Card","Relic","Card","Relic","Relic","Relic","Relic","Relic","Relic","Relic"],"build_version":"2020-12-22","purchased_purges":9,"victory":true,"max_hp_per_floor":[70,70,70,70,70,70,70,70,70,70,70,70,80,80,80,80,75,75,72,72,72,72,72,72,72,72,72,72,72,72,72,72,72,72,72,72,72,72,72,72,72,72,72,72,72,72,72,72,72,72,72,72,72,72],"card_choices":[{"not_picked":[],"picked":"ChaosCard","floor":0.0},{"not_picked":["DemoMod:EasyReloadBullets","Bomb"],"picked":"DemoMod:HardPowerCard","floor":1.0},{"not_picked":["DemoMod:HighKaliber","DemoMod:AWP","DemoMod:BoxingGlove"],"picked":"SKIP","floor":2.0},{"not_picked":["DemoMod:Ejector","DemoMod:Camera","DemoMod:PracticeMakesPerfect"],"picked":"SKIP","floor":3.0},{"not_picked":["DemoMod:Casey","DemoMod:BalloonGun","DemoMod:TeaPot"],"picked":"SKIP","floor":4.0},{"not_picked":["DemoMod:ConditionalReflex","DemoMod:MachoBrace","DemoMod:SkilledReload+1"],"picked":"SKIP","floor":6.0},{"not_picked":["DemoMod:JK47","DemoMod:RadGun","DemoMod:Ejector"],"picked":"SKIP","floor":10.0},{"not_picked":["DemoMod:JK47","DemoMod:RadGun","DemoMod:Ejector"],"picked":"SKIP","floor":10.0},{"not_picked":["DemoMod:BoxingGlove","DemoMod:JK47","DemoMod:StickyCrossBow"],"picked":"SKIP","floor":13.0},{"not_picked":["DemoMod:BlankBullets+1","DemoMod:StrategicReserve","DemoMod:BoxingGlove"],"picked":"SKIP","floor":13.0},{"not_picked":["DemoMod:BoxingGlove","DemoMod:PracticeMakesPerfect","DemoMod:Casey"],"picked":"SKIP","floor":14.0},{"not_picked":["DemoMod:TeaPot","DemoMod:GunstockTap","DemoMod:MachoBrace"],"picked":"SKIP","floor":18.0},{"not_picked":["DemoMod:BoxingGlove","DemoMod:SAA"],"picked":"DemoMod:HardPowerCard+1","floor":20.0},{"not_picked":["DemoMod:ThirdPartyController","DemoMod:HuntsMan","DemoMod:MegaHand"],"picked":"SKIP","floor":20.0},{"not_picked":["DemoMod:PotionOfGunFriendShip","DemoMod:FastSwitch+1","DemoMod:Rummage"],"picked":"SKIP","floor":22.0},{"not_picked":["DemoMod:LifeOrb+1","DemoMod:FastSwitch","DemoMod:Polaris"],"picked":"SKIP","floor":22.0},{"not_picked":["DemoMod:SAA","DemoMod:AbyssalTentacle","DemoMod:ConditionalReflex"],"picked":"SKIP","floor":23.0},{"not_picked":["DemoMod:HardPowerCard+1","DemoMod:FinishedGun","DemoMod:Casey"],"picked":"SKIP","floor":28.0},{"not_picked":["DemoMod:HighKaliber","DemoMod:LifeOrb","DemoMod:DirectionalPad"],"picked":"SKIP","floor":29.0},{"not_picked":["DemoMod:MachoBrace","DemoMod:BattleInHaste+1"],"picked":"DemoMod:Purify+1","floor":30.0},{"not_picked":["DemoMod:Slinger+1","DemoMod:MachoBrace+1"],"picked":"DemoMod:Purify","floor":31.0},{"not_picked":["DemoMod:BoxingGlove","DemoMod:JK47"],"picked":"DemoMod:ConditionalReflex","floor":32.0},{"not_picked":["DemoMod:BlackHoleGun","DemoMod:Elimentaler"],"picked":"DemoMod:Slinger+1","floor":37.0},{"not_picked":["Hidden Blade","DemoMod:BSG","StuffTheSpire:BumpUp+1","Poisoned Stab+1"],"picked":"SKIP","floor":39},{"not_picked":["StuffTheSpire:Brawn","StuffTheSpire:Perfection"],"picked":"StuffTheSpire:Innocence","floor":41},{"not_picked":["ReplayTheSpireMod:Shiv Toss","Poisoned Stab","Prepared","Cloak And Dagger"],"picked":"SKIP","floor":43},{"not_picked":["Poisoned Stab+1","Quick Slash","Footwork+1","DemoMod:JK47+1"],"picked":"SKIP","floor":45},{"not_picked":["DemoMod:Unity","Noxious Fumes+1","StuffTheSpire:ClusterCrunch","DemoMod:TableSutra+1"],"picked":"SKIP","floor":48},{"not_picked":["DemoMod:Casey+1","After Image+1","StuffTheSpire:Repulse","DemoMod:ConditionalReflex"],"picked":"SKIP","floor":49},{"not_picked":["DemoMod:Unmoved+1","DemoMod:TableSutra+1","DemoMod:GunstockTap","Accuracy+1"],"picked":"SKIP","floor":51},{"not_picked":["Sucker Punch","DemoMod:JK47","Underhanded Strike+1","Footwork+1"],"picked":"SKIP","floor":52}],"player_experience":386654,"relics_obtained":[{"floor":5.0,"key":"halation:LettersToHer"},{"floor":5.0,"key":"Meat on the Bone"},{"floor":6.0,"key":"Frozen Egg 2"},{"floor":9.0,"key":"halation:LettersToHer"},{"floor":9.0,"key":"hubris:Metronome"},{"floor":10.0,"key":"PillsDrop"},{"floor":13.0,"key":"Pear"},{"floor":18.0,"key":"hubris:BundleOfHerbs"},{"floor":18.0,"key":"halation:IllGainedPizza"},{"floor":23.0,"key":"Simple Rune"},{"floor":25.0,"key":"aspiration:Stabinomicon"},{"floor":28.0,"key":"Bottled Lightning"},{"floor":32.0,"key":"UnicornStump"},{"floor":38,"key":"StuffTheSpire:RunicHypercube"},{"floor":38,"key":"halation:LettersToHer"},{"floor":38,"key":"DemoMod:RatBoots"},{"floor":38,"key":"DemoMod:ResourcefulSack"},{"floor":38,"key":"DemoMod:PartiallyEatenCheese"},{"floor":38,"key":"aspiration:SilentSkillbook"},{"floor":47,"key":"halation:LettersToHer"},{"floor":47,"key":"hubris:CrystalStatue"}],"event_choices":[{"damage_healed":0.0,"max_hp_gain":0.0,"max_hp_loss":0.0,"gold_gain":0.0,"event_name":"Cursed Tome","player_choice":"Obtained Book","floor":25.0,"gold_loss":0.0,"damage_taken":16.0}],"is_beta":false,"boss_relics":[{"not_picked":["aspiration:DefectSkillbook","aspiration:PoetsPen_weak"],"picked":"Empty Cage"},{"not_picked":[]},{"not_picked":[]}],"items_purged_floors":[0,0,8,8,8,8,17,19,19],"is_endless":false,"potions_floor_spawned":[2,4,6,14,22,23,28,29,30,37,43,45,49],"ascension_level":9}}