{"host":"y89x8uui45kcjy42","time":1610717131,"event":{"mods":["2.2 Compatiblity","BaseMod","CapriCore","Colored Map","Colored Powertips","Custom Start","Friendly Minions","Keyboard Shortcuts","Minty Spire (QoL Compilation)","Relic Stats","Slay the Relics Exporter","StSLib","SuperFastMode","Uncapped"],"gold_per_floor":[111,122,122,122,136,168,168,193,216,229,15,45,45,45,45,118,118,136,162,179,179,199,199],"floor_reached":22,"language":"KOR","playtime":1048,"items_purged":[],"score":608,"play_id":"80270d78-908c-431c-a230-529b11fd72e4","local_time":"20210115222531","is_ascension_mode":true,"campfire_choices":[{"data":"Night Terror","floor":7,"key":"SMITH"},{"data":"Well Laid Plans","floor":13,"key":"SMITH"},{"data":"Neutralize","floor":15,"key":"SMITH"}],"circlet_count":0,"master_deck":["Survivor","Neutralize+1","Entrench+1","Barricade+1","Adrenaline+1","Seek+1","Tantrum+1","InnerPeace+1","Night Terror+1","Well Laid Plans+1","Backflip","Flechettes"],"relics":["Ring of the Serpent","TeardropLocket","VioletLotus","Boot","Smiling Mask","Juzu Bracelet","Medical Kit","Paper Crane","Sozu","SsserpentHead"],"acts_visited":["Exordium","TheCity"],"potions_floor_usage":[],"damage_taken":[{"damage":0,"enemies":"Cultist","floor":1,"turns":2},{"damage":0,"enemies":"2 Louse","floor":2,"turns":3},{"damage":0,"enemies":"Jaw Worm","floor":5,"turns":2},{"damage":0,"enemies":"Gremlin Nob","floor":6,"turns":2},{"damage":14,"enemies":"3 Sentries","floor":8,"turns":4},{"damage":12,"enemies":"Red Slaver","floor":10,"turns":2},{"damage":0,"enemies":"Lagavulin","floor":12,"turns":3},{"damage":0,"enemies":"Slime Boss","floor":16,"turns":4},{"damage":0,"enemies":"Chosen","floor":18,"turns":2},{"damage":6,"enemies":"2 Thieves","floor":20,"turns":2},{"damage":0,"enemies":"Snake Plant","floor":22,"turns":2}],"seed_played":"-4143863347585155818","potions_obtained":[{"floor":6,"key":"Dexterity Potion"},{"floor":8,"key":"Fire Potion"}],"is_trial":false,"path_per_floor":["M","M","?","?","M","E","R","E","T","M","$","E","R","T","R","B",null,"M","T","M","?","M"],"character_chosen":"THE_SILENT","items_purchased":["Medical Kit","Backflip"],"campfire_rested":0,"item_purchase_floors":[11,11],"current_hp_per_floor":[44,44,44,44,44,44,44,30,30,18,18,18,18,18,18,18,54,54,54,48,48,48,48],"gold":199,"neow_bonus":"THREE_RARE_CARDS","is_daily":false,"chose_seed":false,"campfire_upgraded":3,"win_rate":0.0,"timestamp":1610717131,"path_taken":["M","M","?","?","?","E","R","E","T","M","?","E","R","?","R","BOSS","M","?","M","?","M"],"items_purchased_type":["Relic","Card"],"build_version":"2020-12-22","purchased_purges":0,"victory":false,"max_hp_per_floor":[66,66,66,66,66,66,66,66,66,66,66,66,66,66,66,66,66,66,66,66,66,66,66],"relic_stats":{"Sozu":2,"SsserpentHead":0,"counters":[11,28],"VioletLotus":[14],"Juzu Bracelet":0,"Boot":[108],"Smiling Mask":0,"Medical Kit":[1],"obtain_stats":[{"Sozu":17,"SsserpentHead":21,"VioletLotus":1,"Juzu Bracelet":8,"TeardropLocket":0,"Paper Crane":14,"Boot":4,"Smiling Mask":6,"Medical Kit":11,"Ring of the Serpent":0,"Ring of the Snake":0},{"Sozu":8,"SsserpentHead":10,"VioletLotus":1,"Juzu Bracelet":5,"TeardropLocket":0,"Paper Crane":7,"Boot":2,"Smiling Mask":4,"Medical Kit":6,"Ring of the Serpent":0,"Ring of the Snake":0},{"Sozu":22,"SsserpentHead":26,"VioletLotus":2,"Juzu Bracelet":13,"TeardropLocket":0,"Paper Crane":18,"Boot":5,"Smiling Mask":9,"Medical Kit":15,"Ring of the Serpent":0,"Ring of the Snake":0}]},"card_choices":[{"not_picked":["Envenom","Phantasmal Killer"],"picked":"Night Terror","floor":0},{"not_picked":["Flying Knee","Dodge and Roll","PiercingWail"],"picked":"SKIP","floor":1},{"not_picked":["Dagger Throw","Setup","Skewer"],"picked":"SKIP","floor":2},{"not_picked":["Dodge and Roll","Distraction","Escape Plan"],"picked":"SKIP","floor":5},{"not_picked":["Cloak And Dagger","Dodge and Roll","Expertise"],"picked":"SKIP","floor":6},{"not_picked":["Slice","Calculated Gamble"],"picked":"Well Laid Plans","floor":8},{"not_picked":["PiercingWail","Reflex","Slice"],"picked":"SKIP","floor":10},{"not_picked":["Prepared","Quick Slash","Backstab"],"picked":"SKIP","floor":12},{"not_picked":["Deflect","Dagger Throw","Flying Knee"],"picked":"SKIP","floor":18},{"not_picked":["Sucker Punch","Concentrate","Reflex"],"picked":"SKIP","floor":20},{"not_picked":["Terror","Crippling Poison"],"picked":"Flechettes","floor":22}],"player_experience":613908,"relics_obtained":[{"floor":4,"key":"Boot"},{"floor":6,"key":"Smiling Mask"},{"floor":8,"key":"Juzu Bracelet"},{"floor":14,"key":"Paper Crane"}],"event_choices":[{"damage_healed":0,"gold_gain":0,"player_choice":"Ignored","damage_taken":0,"max_hp_gain":0,"max_hp_loss":0,"event_name":"Liars Game","floor":3,"gold_loss":0},{"damage_healed":0,"gold_gain":0,"player_choice":"Relic","damage_taken":0,"max_hp_gain":0,"max_hp_loss":0,"event_name":"Wheel of Change","floor":4,"gold_loss":0},{"damage_healed":0,"gold_gain":0,"player_choice":"Trade","damage_taken":0,"relics_obtained":["SsserpentHead"],"max_hp_gain":0,"max_hp_loss":0,"event_name":"FaceTrader","floor":21,"gold_loss":0}],"is_beta":false,"boss_relics":[{"not_picked":["Pandora\u0027s Box","Coffee Dripper"],"picked":"Sozu"}],"items_purged_floors":[],"is_endless":false,"potions_floor_spawned":[6,8,10,12,20,22],"killed_by":"Snake Plant","ascension_level":20}}