{"host":"on8rz1ayhhz269sg","time":1610717348,"event":{"mods":["BaseMod","Downfall","Minty Spire (QoL Compilation)","Remilia（蕾米莉亚）","StSLib","残留之物"],"gold_per_floor":[99,111,129,129,142,155,155,182,15,15,32,37,56,81,93,195,195,195,213,213,227,27,42,66,66,92,106,118,135,135,146,164,288,288,288,313,313,332,343,375,445,457,483,530,547,547,547,563,593,593,593],"floor_reached":50,"language":"ZHS","playtime":5024,"items_purged":[],"score":614,"play_id":"2757162f-bd50-4f07-953c-d9bc32fde9a0","local_time":"20210115212908","is_ascension_mode":false,"campfire_choices":[{"data":"VampireFantasy","floor":1.0,"key":"SMITH"},{"floor":10.0,"key":"REST"},{"data":"BloodRain","floor":18.0,"key":"SMITH"},{"data":"BloodySeventeenLaser","floor":25.0,"key":"SMITH"},{"floor":30.0,"key":"REST"},{"floor":35,"key":"RECALL"}],"circlet_count":0,"master_deck":["Strike_RM","Strike_RM","Strike_RM","Strike_RM","Defend_RM","Defend_RM","Defend_RM","RedMoon","ScarletShoot","VampireFantasy+1","NightDance","EternalNight+1","Stigmanizer","GlobalNightmare","StarOfDavid","BloodySeventeenLaser+1","NightDance","UnstableMagic","FitfulNightmare","FavorOfDestiny","ScarletCoffin","LeisurelyOfLord","HunterOfTheNight","BombardNight","RedRainbow","BloodRain+1","FitfulNightmare","BombardNight","VampireClaw+1","ForecastOfChange","BloodHunter","UnderTheZenith+1","BatForm","MillenniumVampire","MastersStateliness","AfternoonTea","UnderTheZenith+1","BombardNight+1","DemonKingCradle","expansioncontent:DarkVoid","expansioncontent:PolyBeam","ScarletDevil+1","BloodHunter+1","UnstableMagic+1","MillenniumVampire","DiffusionOfMisfortune+1","DevilSight+1","VampireKiss+1","StarOfDavid","ScarletImprint"],"relics":["ScarletHat","Juzu Bracelet","Pantograph","Orrery","Blood Vial","SacredBark","Thread and Needle","Bronze Scales","Vajra","APieceOfRedMist","Bag of Preparation","Toy Ornithopter","Letter Opener","Oddly Smooth Stone","Ice Cream"],"acts_visited":["Exordium","TheCity","TheBeyond"],"potions_floor_usage":[32,39,42,43,49,50,50],"damage_taken":[{"damage":0.0,"enemies":"Small Slimes","floor":2.0,"turns":3.0},{"damage":0.0,"enemies":"Cultist","floor":3.0,"turns":3.0},{"damage":0.0,"enemies":"Jaw Worm","floor":5.0,"turns":2.0},{"damage":4.0,"enemies":"Red Slaver","floor":6.0,"turns":3.0},{"damage":38.0,"enemies":"Lagavulin","floor":8.0,"turns":7.0},{"damage":0.0,"enemies":"downfall:FleeingMerchant","floor":9.0,"turns":4.0},{"damage":3.0,"enemies":"Large Slime","floor":11.0,"turns":6.0},{"damage":0.0,"enemies":"downfall:FleeingMerchant","floor":12.0,"turns":4.0},{"damage":0.0,"enemies":"3 Louse","floor":13.0,"turns":3.0},{"damage":0.0,"enemies":"Gremlin Nob","floor":14.0,"turns":2.0},{"damage":0.0,"enemies":"Exordium Wildlife","floor":15.0,"turns":1.0},{"damage":54.0,"enemies":"downfall:Ironclad","floor":16.0,"turns":11.0},{"damage":0.0,"enemies":"Spheric Guardian","floor":19.0,"turns":2.0},{"damage":7.0,"enemies":"3 Byrds","floor":21.0,"turns":5.0},{"damage":0.0,"enemies":"downfall:FleeingMerchant","floor":22.0,"turns":4.0},{"damage":4.0,"enemies":"Cultist and Chosen","floor":23.0,"turns":4.0},{"damage":8.0,"enemies":"Gremlin Leader","floor":26.0,"turns":4.0},{"damage":0.0,"enemies":"Centurion and Healer","floor":27.0,"turns":7.0},{"damage":0.0,"enemies":"Snake Plant","floor":28.0,"turns":5.0},{"damage":38.0,"enemies":"Snecko","floor":29.0,"turns":2.0},{"damage":0.0,"enemies":"Shelled Parasite and Fungi","floor":31.0,"turns":4.0},{"damage":8,"enemies":"Centurion and Healer","floor":32,"turns":3},{"damage":35,"enemies":"downfall:Defect","floor":33,"turns":9},{"damage":2,"enemies":"Orb Walker","floor":38,"turns":3},{"damage":0,"enemies":"3 Shapes","floor":39,"turns":3},{"damage":13,"enemies":"Sphere and 2 Shapes","floor":40,"turns":7},{"damage":1,"enemies":"Jaw Worm Horde","floor":42,"turns":5},{"damage":0,"enemies":"Nemesis","floor":43,"turns":5},{"damage":0,"enemies":"2 Orb Walkers","floor":44,"turns":3},{"damage":0,"enemies":"3 Darklings","floor":45,"turns":2},{"damage":0,"enemies":"Maw","floor":48,"turns":6},{"damage":0,"enemies":"Transient","floor":49,"turns":5},{"damage":146,"enemies":"downfall:Silent","floor":50,"turns":6}],"seed_played":"-6424109680544655408","potions_obtained":[{"floor":5.0,"key":"SneckoOil"},{"floor":8.0,"key":"hexamod:EctoCoolerPotion"},{"floor":11.0,"key":"champ:CounterPotion"},{"floor":11.0,"key":"EntropicBrew"},{"floor":13.0,"key":"Strength Potion"},{"floor":15.0,"key":"Regen Potion"},{"floor":22.0,"key":"BlessingOfTheForge"},{"floor":23.0,"key":"Energy Potion"},{"floor":26.0,"key":"Strength Potion"},{"floor":27.0,"key":"Guardian:BlockOnCardUsePotion"},{"floor":27.0,"key":"DestinyDice"},{"floor":28.0,"key":"PlaceholderMod:PlaceholderPotion"},{"floor":29.0,"key":"CultistPotion"},{"floor":31.0,"key":"DuplicationPotion"},{"floor":33,"key":"SteroidPotion"},{"floor":39,"key":"AttackPotion"},{"floor":39,"key":"Energy Potion"},{"floor":40,"key":"Fire Potion"},{"floor":42,"key":"CultistPotion"},{"floor":44,"key":"EssenceOfSteel"}],"is_trial":false,"path_per_floor":["R","M","M","?","M","M","T","E","$","R","M","$","M","E","M","B",null,"R","M","?","M","$","M","T","R","E","M","M","M","R","M","M","B",null,"R","T","?","M","M","M","T","M","E","?","M","?","?","M","M","B"],"character_chosen":"REMILIA","items_purchased":["Orrery","ForecastOfChange","BloodHunter"],"campfire_rested":2,"item_purchase_floors":[9,22,22],"current_hp_per_floor":[75,75,75,75,75,71,71,39,44,66,63,65,66,68,70,36,75,75,75,75,68,72,72,72,72,68,72,75,46,69,75,72,49,78,78,78,73,75,77,67,67,73,82,82,82,82,82,82,82,0,0],"gold":593,"neow_bonus":"THREE_CARDS","is_daily":false,"chose_seed":false,"campfire_upgraded":3,"win_rate":0.0,"timestamp":1610717348,"path_taken":["R","M","M","?","M","M","T","E","?","R","M","$","M","E","M","BOSS","R","M","?","M","$","M","T","R","E","M","M","M","R","M","M","BOSS","R","?","?","M","M","M","T","M","E","?","M","?","?","M","M","BOSS"],"items_purchased_type":["Relic","Card","Card"],"build_version":"2020-12-22","purchased_purges":0,"victory":false,"max_hp_per_floor":[75,75,75,75,75,75,75,75,75,75,75,75,75,75,75,75,75,75,75,75,75,75,75,75,75,75,75,75,78,78,78,78,78,78,78,78,78,78,78,78,78,78,82,82,82,82,82,82,82,82,82],"card_choices":[{"not_picked":["CharismaGuard","ScarletDevil"],"picked":"VampireFantasy","floor":0.0},{"not_picked":["BloodHunter","ChainGang"],"picked":"NightDance","floor":2.0},{"not_picked":["ScarletImprint","VampireFantasy"],"picked":"EternalNight","floor":3.0},{"not_picked":["UnstableMagic","RedRainbow"],"picked":"Stigmanizer","floor":5.0},{"not_picked":["VampireKiss","ScarletGensokyo"],"picked":"GlobalNightmare","floor":6.0},{"not_picked":["VampireClaw","MillenniumVampire"],"picked":"StarOfDavid","floor":8.0},{"not_picked":["CharismaGuard","ScarletImprint"],"picked":"BloodySeventeenLaser","floor":9.0},{"not_picked":["ScarletDevil","MastersStateliness"],"picked":"NightDance","floor":9.0},{"not_picked":["BloodyTrap","EternalNight"],"picked":"UnstableMagic","floor":9.0},{"not_picked":["RedMagic","RedRainbow"],"picked":"FitfulNightmare","floor":9.0},{"not_picked":["BlasphemousPunishment","BloodyTrap"],"picked":"FavorOfDestiny","floor":9.0},{"not_picked":["CharismaGuard","DiffusionOfMisfortune"],"picked":"ScarletCoffin","floor":9.0},{"not_picked":["StarOfDavid","Maim"],"picked":"LeisurelyOfLord","floor":11.0},{"not_picked":["BloodHunter","BloodyCatastrophe"],"picked":"HunterOfTheNight","floor":12.0},{"not_picked":["MastersStateliness","VampireClaw"],"picked":"BombardNight","floor":13.0},{"not_picked":["MastersStateliness","UnderTheZenith"],"picked":"RedRainbow","floor":14.0},{"not_picked":["ScarletGensokyo","ScarletDevil"],"picked":"ScarletImprint","floor":15.0},{"not_picked":["CurseOfVladTepes","BloodyHallows"],"picked":"BloodRain","floor":16.0},{"not_picked":["ScarletDevilSign","FavorOfDestiny"],"picked":"FitfulNightmare","floor":19.0},{"not_picked":["MastersStateliness","BlasphemousPunishment"],"picked":"BombardNight","floor":21.0},{"not_picked":["BlasphemousPunishment+1","ScarletDevil"],"picked":"VampireClaw","floor":22.0},{"not_picked":["TwelveNightmare+1","Stigmanizer"],"picked":"UnderTheZenith+1","floor":23.0},{"not_picked":["ScarletGensokyo","EndlessAdversity"],"picked":"BatForm","floor":26.0},{"not_picked":["ScarletDevil+1","ScarletDevilSign"],"picked":"MillenniumVampire","floor":27.0},{"not_picked":["EmergencyRegeneration+1","Septette+1"],"picked":"MastersStateliness","floor":28.0},{"not_picked":["ChainGang","BadLadyScramble"],"picked":"AfternoonTea","floor":29.0},{"not_picked":["RedRainbow","BlasphemousPunishment+1"],"picked":"UnderTheZenith+1","floor":31.0},{"not_picked":["VampireFantasy","SuperhumanBloodyKnife+1"],"picked":"BombardNight+1","floor":32},{"not_picked":["BloodyHallows","BloodRain"],"picked":"DemonKingCradle","floor":33},{"not_picked":["expansioncontent:PrepareCrush","expansioncontent:Torchfire"],"picked":"expansioncontent:DarkVoid","floor":37},{"not_picked":["expansioncontent:Sear","expansioncontent:DarkVoid"],"picked":"expansioncontent:PolyBeam","floor":37},{"not_picked":["UnderTheZenith+1","FitfulNightmare"],"picked":"ScarletDevil+1","floor":38},{"not_picked":["CharismaGuard","RedRainbow+1"],"picked":"BloodHunter+1","floor":39},{"not_picked":["Stigmanizer+1","CurseOfVladTepes"],"picked":"UnstableMagic+1","floor":40},{"not_picked":["TwelveNightmare","ScarletDevil+1"],"picked":"MillenniumVampire","floor":42},{"not_picked":["ForbiddenFruit","ChaoticDestiny"],"picked":"DiffusionOfMisfortune+1","floor":43},{"not_picked":["UnstableMagic","TwelveNightmare+1"],"picked":"DevilSight+1","floor":44},{"not_picked":["EndlessAdversity","Stigmanizer"],"picked":"VampireKiss+1","floor":45},{"not_picked":["TwelveNightmare","VampireClaw+1"],"picked":"StarOfDavid","floor":48},{"not_picked":["BombardNight","VampireClaw"],"picked":"ScarletImprint","floor":49}],"player_experience":198538,"relics_obtained":[{"floor":7.0,"key":"Juzu Bracelet"},{"floor":8.0,"key":"Pantograph"},{"floor":14.0,"key":"Blood Vial"},{"floor":21.0,"key":"Thread and Needle"},{"floor":24.0,"key":"Bronze Scales"},{"floor":26.0,"key":"Vajra"},{"floor":36,"key":"Bag of Preparation"},{"floor":40,"key":"Toy Ornithopter"},{"floor":41,"key":"Letter Opener"},{"floor":43,"key":"Oddly Smooth Stone"},{"floor":44,"key":"Ice Cream"}],"event_choices":[{"damage_healed":0.0,"max_hp_gain":0.0,"max_hp_loss":0.0,"gold_gain":0.0,"event_name":"Accursed Blacksmith","player_choice":"Forge","floor":4.0,"gold_loss":0.0,"damage_taken":0.0,"cards_upgraded":["EternalNight"]},{"cards_removed":["Defend_RM"],"damage_healed":0.0,"max_hp_gain":0.0,"max_hp_loss":0.0,"gold_gain":0.0,"event_name":"Purifier","player_choice":"Purged","floor":20.0,"gold_loss":0.0,"damage_taken":0.0},{"damage_healed":0,"gold_gain":0,"player_choice":"Fight","damage_taken":0,"max_hp_gain":0,"max_hp_loss":0,"event_name":"Mysterious Sphere","floor":44,"gold_loss":0},{"cards_removed":["ScarletImprint"],"damage_healed":0,"gold_gain":0,"player_choice":"Removed Attack","damage_taken":0,"max_hp_gain":0,"max_hp_loss":0,"event_name":"Falling","floor":46,"gold_loss":0}],"is_beta":false,"boss_relics":[{"not_picked":["Runic Pyramid","Coffee Dripper"],"picked":"SacredBark"},{"not_picked":["Sozu","Black Star"],"picked":"APieceOfRedMist"}],"items_purged_floors":[],"is_endless":false,"potions_floor_spawned":[5,8,11,13,14,15,23,26,27,28,29,33,39,40,45],"killed_by":"downfall:Silent","ascension_level":0}}