{"host":"7po9pgh86bqe2blc","time":1610716714,"event":{"mods":["BaseMod","Colored Map","Colored Powertips","Hermit","Hubris","Koishi","Minty Spire (QoL Compilation)","StSLib","The Cursed","The Disciple","The Hierophant","The Runesmith"],"gold_per_floor":[115,115,40,59,69,69,69,88,159,12,12,12,27,29,29,19,19],"floor_reached":16,"playtime":1417,"items_purged":["hierophant:Defend_Hierophant","hierophant:Strike_Hierophant"],"score":110,"play_id":"f2c15326-24a2-4212-b92f-b9579df1fe81","local_time":"20210115141834","is_ascension_mode":true,"campfire_choices":[{"data":"hierophant:ChurchCoffers","floor":6,"key":"SMITH"},{"data":"hierophant:ArchangelShield","floor":11,"key":"SMITH"},{"floor":15,"key":"REST"}],"circlet_count":0,"master_deck":["hierophant:Strike_Hierophant","hierophant:Strike_Hierophant","hierophant:Punish","hierophant:Defend_Hierophant","hierophant:ChurchCoffers+1","hierophant:Encroach","hierophant:ArchangelShield+1","hierophant:HammerAndAnvil"],"relics":["hierophant:PropheticMaskRelic","hubris:Icosahedron","hubris:MysteriousPyramids","Omamori"],"acts_visited":["Exordium"],"potions_floor_usage":[],"damage_taken":[{"damage":0,"enemies":"2 Louse","floor":1,"turns":1},{"damage":0,"enemies":"Cultist","floor":4,"turns":4},{"damage":7,"enemies":"Jaw Worm","floor":5,"turns":4},{"damage":0,"enemies":"Large Slime","floor":8,"turns":3},{"damage":0,"enemies":"2 Fungi Beasts","floor":13,"turns":4},{"damage":28,"enemies":"Gremlin Nob","floor":14,"turns":6},{"damage":81,"enemies":"Hexaghost","floor":16,"turns":15}],"seed_played":"-821728611591427623","potions_obtained":[{"floor":4,"key":"GamblersBrew"}],"is_trial":false,"path_per_floor":["M","?","$","M","M","R","?","M","T","$","R","?","M","E","R","B"],"character_chosen":"HIEROPHANT","items_purchased":["hierophant:HammerAndAnvil"],"campfire_rested":1,"item_purchase_floors":[10],"current_hp_per_floor":[54,54,54,54,47,47,47,47,47,47,47,40,40,12,34,0,0],"gold":19,"neow_bonus":"REMOVE_TWO","is_daily":false,"chose_seed":false,"campfire_upgraded":2,"win_rate":0.0,"timestamp":1610716714,"path_taken":["M","?","?","M","M","R","?","M","T","$","R","?","M","E","R","BOSS"],"items_purchased_type":["Card"],"build_version":"2020-12-13","purchased_purges":2,"victory":false,"max_hp_per_floor":[75,75,75,75,75,75,75,75,75,75,75,75,75,75,75,75,75],"card_choices":[{"not_picked":["hierophant:OrnateBuckler","hierophant:Remorse"],"picked":"hierophant:Encroach","floor":1},{"not_picked":["hierophant:Glossolalia","hierophant:RepressedViolence"],"picked":"hierophant:ArchangelShield","floor":4},{"not_picked":["hierophant:OrnateBuckler","hierophant:FieryStrike","hierophant:Doomsaying"],"picked":"SKIP","floor":5},{"not_picked":["hierophant:PristineSoul","hierophant:Sermon","hierophant:Refuge"],"picked":"SKIP","floor":8},{"not_picked":["hierophant:Flagellation","hierophant:HammerAndAnvil","hierophant:AuricBeam"],"picked":"SKIP","floor":13},{"not_picked":["hierophant:FlamingChariot","hierophant:DeathKnell","hierophant:Racketeering"],"picked":"SKIP","floor":14}],"player_experience":381902,"relics_obtained":[{"floor":9,"key":"hubris:MysteriousPyramids"},{"floor":14,"key":"Omamori"}],"event_choices":[{"damage_healed":0,"gold_gain":0,"player_choice":"Bought 0 Potions","damage_taken":0,"max_hp_gain":0,"max_hp_loss":0,"event_name":"The Woman in Blue","floor":2,"gold_loss":0},{"cards_removed":["hierophant:Defend_Hierophant"],"damage_healed":0,"gold_gain":0,"player_choice":"Card Removal","damage_taken":7,"max_hp_gain":0,"max_hp_loss":0,"event_name":"Golden Wing","floor":12,"gold_loss":0}],"is_beta":false,"boss_relics":[],"items_purged_floors":[3,10],"is_endless":false,"potions_floor_spawned":[4],"killed_by":"Hexaghost","ascension_level":2}}