{"host":"ockkdcgl3b18tfz9","time":1610725364,"event":{"mods":["2.2 Compatiblity","BaseMod","Better Skull","Better Third Choice","BetterRewards","Hermit","Minty Spire (QoL Compilation)","Quick Restart","Replay The Spire","Spicy Shops","StSLib","SuperFastMode","The Jungle"],"gold_per_floor":[115,132,407,422,422,422,422],"floor_reached":6,"language":"ENG","playtime":87,"items_purged":[],"score":49,"play_id":"b13a737e-152d-48f2-b1c9-d87aaaf8fa4e","local_time":"20210115224244","is_ascension_mode":true,"campfire_choices":[],"circlet_count":0,"master_deck":["Strike_R","Strike_R","Strike_R","Strike_R","Strike_R","Defend_R","Defend_R","Defend_R","Defend_R","Bash","Flex","Clothesline","Infernal Blade"],"relics":["Burning Blood","Du-Vu Doll","Lizard Tail","Akabeko","Spirit Poop"],"acts_visited":["Exordium"],"potions_floor_usage":[],"damage_taken":[{"damage":12.0,"enemies":"Jaw Worm","floor":1.0,"turns":2.0},{"damage":0.0,"enemies":"Cultist","floor":2.0,"turns":2.0},{"damage":12.0,"enemies":"Small Slimes","floor":4.0,"turns":3.0},{"damage":15,"enemies":"3 Sentries","floor":6,"turns":2}],"seed_played":"-997763997173576546","potions_obtained":[{"floor":4.0,"key":"Toxic Potion"}],"is_trial":false,"path_per_floor":["M","M","?","M","?","E"],"character_chosen":"IRONCLAD","items_purchased":["Flex","Lizard Tail","Akabeko"],"campfire_rested":0,"item_purchase_floors":[0,0,0],"current_hp_per_floor":[44,50,50,44,44,29,29],"gold":422,"neow_bonus":"","is_daily":false,"chose_seed":false,"campfire_upgraded":0,"win_rate":0.0,"timestamp":1610725364,"path_taken":["M","M","?","?","?","E"],"items_purchased_type":["Card","Relic","Relic"],"build_version":"2020-12-22","purchased_purges":0,"victory":false,"max_hp_per_floor":[80,80,80,80,80,80,80],"card_choices":[{"not_picked":["Reckless Charge","ReplayTheSpireMod:Strike From Hell"],"picked":"Clothesline","floor":1.0},{"not_picked":["Rupture","Clash","Clothesline"],"picked":"SKIP","floor":2.0},{"not_picked":["Shrug It Off","Wild Strike"],"picked":"Infernal Blade","floor":4.0}],"player_experience":276842,"relics_obtained":[],"event_choices":[{"damage_healed":0.0,"max_hp_gain":0.0,"max_hp_loss":0.0,"gold_gain":275.0,"event_name":"Golden Shrine","player_choice":"Desecrate","floor":3.0,"gold_loss":0.0,"damage_taken":0.0,"cards_obtained":["Regret"]},{"cards_removed":["Regret"],"damage_healed":0,"gold_gain":0,"player_choice":"Offered Curse","damage_taken":0,"relics_obtained":["Spirit Poop"],"max_hp_gain":0,"max_hp_loss":0,"event_name":"Bonfire Elementals","floor":5,"gold_loss":0}],"is_beta":false,"boss_relics":[],"items_purged_floors":[],"is_endless":false,"potions_floor_spawned":[4],"killed_by":"3 Sentries","ascension_level":8}}