{"host":"mytek2nu1hrzdnew","time":1610737988,"event":{"mods":["100% Spire Juice","AchievementEnabler","Aspiration","BaseMod","Conspire","GifTheSpireLib","Gold Saver","Hubris","Minty Spire (QoL Compilation)","Replay The Spire","StSLib","Stuff the Spire","Uncapped"],"gold_per_floor":[810,855,855,156,256,556,616,616,643,103,151,196,541,586,586,899,899,955,925,984,355,399,471,471,471,471,869,923,1345,1414,1414,1414,1732,1732,1775,1784,1848,1956,1447,1863,1863,1922,1922,1987,2005,1180,1496,1496,1496,1810,1810,1855,1855,1894,1473,1517,1865,1865,2201,2201,2275,1388,1442,1442,1442,1442,1769,1769,1813,1870,1336,1336,1032,1460,1460,1876,2300,2362,2685,2750,2750,2759,2759,3065,3215,3257,3323,3171,3566,3869,4221,4221,4527,4957,5010,5010,4352,4718,4783,4783,5090,5090,5122,5122,4483,4527,4574,4574,4938,4981,5369,5413,5773,5773,5773],"floor_reached":114,"language":"ENG","playtime":10601,"items_purged":["Auto Shields","Streamline","StuffTheSpire:Plugnplay+1","StuffTheSpire:BrainWave","Ball Lightning"],"score":3113,"play_id":"bb421ea3-cdc5-4133-8c70-31a7ff809bf6","local_time":"20210115141308","daily_mods":["SealedDeck","Vintage","Heirloom","Time Dilation","Midas","Binary"],"is_ascension_mode":false,"campfire_choices":[{"data":"Cold Snap","floor":8,"key":"PURGE"},{"data":"Rebound","floor":15,"key":"PURGE"},{"data":"Rebound","floor":24,"key":"PURGE"},{"floor":32,"key":"REST"},{"floor":41,"key":"DIG"},{"floor":49,"key":"DIG"},{"floor":58,"key":"DIG"},{"floor":64,"key":"DIG"},{"floor":66,"key":"DIG"},{"floor":75,"key":"DIG"},{"data":"StuffTheSpire:Rapture","floor":83,"key":"PURGE"},{"floor":92,"key":"DIG"},{"floor":96,"key":"DIG"},{"floor":100,"key":"DIG"},{"floor":108,"key":"DIG"}],"circlet_count":0,"master_deck":["FTL","Beam Cell+1","StuffTheSpire:Synthwave","conspire:Banana+1","hubris:DuctTapeCard","Heatsinks","hubris:EnhanceAbility","FIFO Queue","Crow Ritual","Defragment","Panache","White Noise+1","Hello World","Hello World","Magnetism","Venomology+1","Prepared+1","Crow Ritual","Self Repair","White Noise+1"],"relics":["Cracked Core","Busted Crown","Du-Vu Doll","StuffTheSpire:TintedRock","hubris:TenFootPole","Vajra","CeramicFish","HandDrill","Peace Pipe","StuffTheSpire:GrapeVine","Anchor","ClockworkSouvenir","Replay:Antivirus Software","aspiration:SeaSaltIceCream","FaceOfCleric","Replay:Bandana","hubris:DuctTape","Nuclear Battery","StuffTheSpire:RubySignet","Oddly Smooth Stone","War Paint","Letter Opener","Centennial Puzzle","Solar Panel","Shovel","conspire:TopHat","Toy Ornithopter","conspire:Flyswatter","aspiration:BursterCore","hubris:DisguiseKit","Replay:Mystery Machine","Lantern","Emotion Chip","aspiration:DSix","hubris:Metronome","aspiration:EnhancedActuators","White Beast Statue","StuffTheSpire:PointBlank","Ancient Tea Set","TungstenRod","StuffTheSpire:HeavyRock","ReplayTheSpireMod:Ninjato","hubris:TerracottaHorce","Potion Belt","Gremlin Food","StuffTheSpire:Rhapsscallions","FossilizedHelix","hubris:ToyBattleship","Blue Candle","StuffTheSpire:Experiment12","Bronze Scales","TheAbacus","Sundial","hubris:FunFungus","conspire:GiftBox","Toxic Egg 2","aspiration:RunicSpoon","Tiny Chest","MawBank","Bag of Preparation","aspiration:Lifesprig","Prayer Wheel","Nunchaku","Bird Faced Urn","PreservedInsect","Tiny House","Turnip","aspiration:HummingbirdHeart","Regal Pillow","Art of War","Bag of Marbles","Iron Hammer","hubris:SlimyHat","Lee\u0027s Waffle","Akabeko","hubris:MedicalManual","Replay:Rubber Ducky","Ring of Chaos","Orichalcum","DollysMirror","Kunai","HornCleat","Replay:Ringing Soul","DataDisk","Darkstone Periapt","hubris:BallOfYels","hubris:SphereOfDissonance"],"acts_visited":["Exordium","TheCity","TheBeyond","Exordium","TheCity","TheBeyond","Exordium"],"potions_floor_usage":[5,14,22,22,23,29,37,38,44,47,50,50,50,59,74,76,77,78,79,80,80,84,84,86,86,86,87,89,89,91,94,94,95,95,98,101,101,103,103,106,106,106,107,109,109,111,111,111,112,113],"damage_taken":[{"damage":10,"enemies":"Small Slimes","floor":1,"turns":2},{"damage":0,"enemies":"2 Louse","floor":2,"turns":1},{"damage":0,"enemies":"Gremlin Nob","floor":6,"turns":2},{"damage":0,"enemies":"Cultist","floor":7,"turns":2},{"damage":0,"enemies":"Looter","floor":11,"turns":2},{"damage":5,"enemies":"Lots of Slimes","floor":12,"turns":2},{"damage":12,"enemies":"Lagavulin","floor":13,"turns":3},{"damage":0,"enemies":"Exordium Thugs","floor":14,"turns":2},{"damage":24,"enemies":"The Guardian","floor":16,"turns":6},{"damage":0,"enemies":"3 Byrds","floor":18,"turns":2},{"damage":0,"enemies":"Spheric Guardian","floor":20,"turns":2},{"damage":8,"enemies":"Shelled Parasite and Fungi","floor":22,"turns":3},{"damage":0,"enemies":"Centurion and Healer","floor":23,"turns":3},{"damage":16,"enemies":"Gremlin Leader","floor":27,"turns":3},{"damage":12,"enemies":"3 Cultists","floor":28,"turns":3},{"damage":36,"enemies":"Slavers","floor":29,"turns":3},{"damage":10,"enemies":"Sentry and Sphere","floor":30,"turns":3},{"damage":22,"enemies":"Champ","floor":33,"turns":5},{"damage":15,"enemies":"Orb Walker","floor":35,"turns":3},{"damage":6,"enemies":"3 Shapes","floor":37,"turns":2},{"damage":10,"enemies":"conspire:MimicChest","floor":38,"turns":4},{"damage":40,"enemies":"R_Hoarder","floor":40,"turns":6},{"damage":0,"enemies":"Maw","floor":42,"turns":4},{"damage":25,"enemies":"Sphere and 2 Shapes","floor":44,"turns":3},{"damage":16,"enemies":"Reptomancer","floor":47,"turns":3},{"damage":48,"enemies":"conspire:OrnateMirror","floor":50,"turns":4},{"damage":13,"enemies":"Jaw Worm","floor":52,"turns":2},{"damage":5,"enemies":"2 Louse","floor":54,"turns":2},{"damage":9,"enemies":"Small Slimes","floor":56,"turns":2},{"damage":0,"enemies":"Lagavulin","floor":57,"turns":3},{"damage":0,"enemies":"3 Sentries","floor":59,"turns":1},{"damage":0,"enemies":"Exordium Thugs","floor":61,"turns":2},{"damage":0,"enemies":"Gremlin Gang","floor":63,"turns":2},{"damage":0,"enemies":"The Guardian","floor":67,"turns":1},{"damage":16,"enemies":"Shell Parasite","floor":69,"turns":3},{"damage":0,"enemies":"Chosen","floor":70,"turns":2},{"damage":0,"enemies":"Gremlin Leader","floor":74,"turns":3},{"damage":22,"enemies":"Book of Stabbing","floor":76,"turns":3},{"damage":0,"enemies":"Slavers","floor":77,"turns":2},{"damage":0,"enemies":"Snake Plant","floor":78,"turns":2},{"damage":13,"enemies":"Book of Stabbing","floor":79,"turns":3},{"damage":0,"enemies":"3 Cultists","floor":80,"turns":2},{"damage":86,"enemies":"Champ","floor":84,"turns":4},{"damage":0,"enemies":"Orb Walker","floor":86,"turns":2},{"damage":21,"enemies":"3 Darklings","floor":87,"turns":2},{"damage":0,"enemies":"R_Hoarder","floor":89,"turns":4},{"damage":0,"enemies":"Nemesis","floor":91,"turns":1},{"damage":0,"enemies":"R_Hoarder","floor":93,"turns":3},{"damage":0,"enemies":"Reptomancer","floor":94,"turns":2},{"damage":8,"enemies":"Jaw Worm Horde","floor":95,"turns":2},{"damage":0,"enemies":"R_Hoarder","floor":98,"turns":3},{"damage":0,"enemies":"Spire Growth","floor":99,"turns":2},{"damage":0,"enemies":"hubris:GrandSnecko","floor":101,"turns":3},{"damage":0,"enemies":"Cultist","floor":103,"turns":1},{"damage":0,"enemies":"Jaw Worm","floor":106,"turns":1},{"damage":0,"enemies":"2 Louse","floor":107,"turns":1},{"damage":0,"enemies":"Lagavulin","floor":109,"turns":2},{"damage":0,"enemies":"Exordium Wildlife","floor":110,"turns":2},{"damage":0,"enemies":"3 Sentries","floor":111,"turns":2},{"damage":0,"enemies":"Blue Slaver","floor":112,"turns":2},{"damage":0,"enemies":"Lagavulin","floor":113,"turns":2},{"damage":0,"enemies":"3 Sentries","floor":114,"turns":1}],"seed_played":"-3243848678147747793","potions_obtained":[{"floor":11,"key":"GamblersBrew"},{"floor":13,"key":"Fire Potion"},{"floor":19,"key":"SkillPotion"},{"floor":19,"key":"BlessingOfTheForge"},{"floor":20,"key":"Regen Potion"},{"floor":22,"key":"Ancient Potion"},{"floor":28,"key":"BlessingOfTheForge"},{"floor":35,"key":"Strength Potion"},{"floor":37,"key":"SkillPotion"},{"floor":38,"key":"Weak Potion"},{"floor":44,"key":"PotionOfCapacity"},{"floor":47,"key":"PowerPotion"},{"floor":52,"key":"FocusPotion"},{"floor":57,"key":"BlessingOfTheForge"},{"floor":59,"key":"PowerPotion"},{"floor":61,"key":"Languid Potion"},{"floor":63,"key":"Languid Potion"},{"floor":76,"key":"Fire Potion"},{"floor":77,"key":"Adrenaline Potion"},{"floor":78,"key":"Fire Potion"},{"floor":79,"key":"FocusPotion"},{"floor":80,"key":"Ancient Potion"},{"floor":84,"key":"Dexterity Potion"},{"floor":86,"key":"PotionOfCapacity"},{"floor":87,"key":"SkillPotion"},{"floor":89,"key":"Regen Potion"},{"floor":91,"key":"Dexterity Potion"},{"floor":94,"key":"PotionOfCapacity"},{"floor":101,"key":"PowerPotion"},{"floor":103,"key":"Explosive Potion"},{"floor":106,"key":"Energy Potion"},{"floor":107,"key":"SkillPotion"},{"floor":109,"key":"Languid Potion"},{"floor":111,"key":"LifebloodPotion"},{"floor":113,"key":"CultistPotion"}],"is_trial":true,"path_per_floor":["M","M","?","$","?","E","M","R","T","$","M","M","E","M","R","B",null,"M","?","M","$","M","M","R","$","T","E","M","E","M","?","R","B",null,"M","?","M","?","$","E","R","M","T","M","?","$","E","?","R","B",null,"M","?","M","$","M","E","R","E","T","M","$","M","R","?","R","B",null,"M","M","$","?","$","E","R","E","E","M","E","M","?","?","R","B",null,"M","M","$","E","?","E","R","E","E","M","R","$","E","M","R","B",null,"M","?","$","M","M","R","E","M","E","M","E","E"],"character_chosen":"DEFECT","items_purchased":["StuffTheSpire:Synthwave","Vajra","Fruit Juice","CeramicFish","HandDrill","Defragment","conspire:Banana","ClockworkSouvenir","Replay:Antivirus Software","Heatsinks","hubris:EnhanceAbility","War Paint","Letter Opener","Emotion Chip","FIFO Queue","Ancient Tea Set","TungstenRod","Crow Ritual","PowerPotion","StuffTheSpire:Rhapsscallions","Defragment","Panache","Bronze Scales","TheAbacus","Sundial","FairyPotion","Bag of Preparation","aspiration:Lifesprig","White Noise+1","Hello World","Magnetism","Prayer Wheel","Regal Pillow","hubris:SlimyHat","Crow Ritual","Self Repair","Lee\u0027s Waffle","Akabeko","DollysMirror","Kunai","HornCleat"],"campfire_rested":1,"item_purchase_floors":[4,4,4,4,4,10,10,10,10,21,21,21,21,39,39,46,46,46,46,55,62,62,62,62,62,62,71,71,71,71,71,73,88,97,97,97,97,97,105,105,105],"current_hp_per_floor":[65,65,75,75,80,80,80,80,80,80,81,78,68,70,70,48,89,91,91,93,93,88,91,91,91,91,84,79,50,49,49,82,69,114,106,106,120,119,119,90,90,103,103,90,82,82,80,80,80,52,117,109,109,109,115,109,114,114,124,124,129,129,134,134,134,134,139,159,148,155,155,172,172,177,177,162,182,186,182,200,200,176,176,133,191,211,211,211,217,175,220,220,223,226,229,229,236,239,242,242,247,247,250,250,250,251,252,252,255,256,265,268,273,273,273],"gold":5773,"neow_bonus":"","is_daily":false,"chose_seed":false,"campfire_upgraded":0,"win_rate":0.0,"timestamp":1610737988,"path_taken":["M","M","?","$","?","E","M","R","T","$","M","?","E","M","R","BOSS","M","?","?","$","M","M","R","$","T","E","M","E","M","?","R","BOSS","M","?","M","?","$","E","R","M","T","M","?","$","E","?","R","BOSS","M","?","M","$","M","E","R","E","T","M","$","M","R","?","R","BOSS","M","M","$","?","$","E","R","E","E","M","E","M","?","?","R","BOSS","M","M","$","?","?","E","R","E","E","M","R","$","E","M","R","BOSS","M","?","$","M","M","R","E","M","E","M","E","?"],"items_purchased_type":["Card","Relic","Potion","Relic","Relic","Card","Card","Relic","Relic","Card","Card","Relic","Relic","Relic","Card","Relic","Relic","Card","Potion","Relic","Card","Card","Relic","Relic","Relic","Potion","Relic","Relic","Card","Card","Card","Relic","Relic","Relic","Card","Card","Relic","Relic","Relic","Relic","Relic"],"build_version":"2020-12-22","purchased_purges":5,"victory":false,"max_hp_per_floor":[75,75,75,75,80,80,80,80,80,80,81,83,85,87,87,89,89,91,91,93,93,96,99,99,99,99,102,105,108,111,111,111,114,114,117,117,120,123,123,126,126,129,129,132,132,132,135,135,135,138,138,141,141,144,150,151,154,154,157,157,160,160,163,163,163,163,166,166,169,174,174,174,174,177,177,180,183,186,189,200,200,200,200,203,208,211,214,214,217,217,220,220,223,226,229,229,236,239,242,242,247,247,250,250,250,251,252,252,255,256,265,268,273,273,273],"card_choices":[{"not_picked":["StuffTheSpire:Rapture","StuffTheSpire:Perfection"],"picked":"StuffTheSpire:BrainWave","floor":36},{"not_picked":["Acrobatics"],"picked":"SKIP","floor":40},{"not_picked":["ReplayTheSpireMod:Necrosis"],"picked":"SKIP","floor":47},{"not_picked":["Slice"],"picked":"SKIP","floor":57},{"not_picked":["Flying Knee"],"picked":"SKIP","floor":59},{"not_picked":["StuffTheSpire:BrimstoneBlast"],"picked":"SKIP","floor":74},{"not_picked":["StuffTheSpire:MirrorStance"],"picked":"SKIP","floor":76},{"not_picked":["Quick Slash"],"picked":"SKIP","floor":77},{"not_picked":[],"picked":"Venomology","floor":79},{"not_picked":[],"picked":"Prepared","floor":89},{"not_picked":["Poisoned Stab"],"picked":"SKIP","floor":91},{"not_picked":["Acrobatics"],"picked":"SKIP","floor":93},{"not_picked":["hubris:Sniper"],"picked":"SKIP","floor":94},{"not_picked":["Night Terror"],"picked":"SKIP","floor":98},{"not_picked":["StuffTheSpire:ClusterCrunch"],"picked":"SKIP","floor":109},{"not_picked":["Skewer"],"picked":"SKIP","floor":111},{"not_picked":["StuffTheSpire:Injection"],"picked":"SKIP","floor":113}],"player_experience":1059723,"relics_obtained":[{"floor":1,"key":"StuffTheSpire:TintedRock"},{"floor":2,"key":"hubris:TenFootPole"},{"floor":6,"key":"Peace Pipe"},{"floor":7,"key":"StuffTheSpire:GrapeVine"},{"floor":9,"key":"Anchor"},{"floor":11,"key":"aspiration:SeaSaltIceCream"},{"floor":12,"key":"Replay:Bandana"},{"floor":13,"key":"hubris:DuctTape"},{"floor":14,"key":"Omamori"},{"floor":18,"key":"StuffTheSpire:RubySignet"},{"floor":20,"key":"Oddly Smooth Stone"},{"floor":22,"key":"Centennial Puzzle"},{"floor":23,"key":"Solar Panel"},{"floor":26,"key":"Shovel"},{"floor":27,"key":"conspire:TopHat"},{"floor":29,"key":"Toy Ornithopter"},{"floor":30,"key":"conspire:Flyswatter"},{"floor":35,"key":"hubris:DisguiseKit"},{"floor":37,"key":"Replay:Mystery Machine"},{"floor":38,"key":"Lantern"},{"floor":40,"key":"aspiration:DSix"},{"floor":41,"key":"hubris:Metronome"},{"floor":42,"key":"aspiration:EnhancedActuators"},{"floor":43,"key":"White Beast Statue"},{"floor":44,"key":"StuffTheSpire:PointBlank"},{"floor":47,"key":"StuffTheSpire:HeavyRock"},{"floor":49,"key":"ReplayTheSpireMod:Ninjato"},{"floor":52,"key":"Potion Belt"},{"floor":54,"key":"Gremlin Food"},{"floor":56,"key":"FossilizedHelix"},{"floor":58,"key":"hubris:ToyBattleship"},{"floor":60,"key":"Blue Candle"},{"floor":61,"key":"StuffTheSpire:Experiment12"},{"floor":63,"key":"hubris:FunFungus"},{"floor":64,"key":"conspire:GiftBox"},{"floor":66,"key":"Toxic Egg 2"},{"floor":69,"key":"Tiny Chest"},{"floor":70,"key":"MawBank"},{"floor":75,"key":"Nunchaku"},{"floor":78,"key":"Bird Faced Urn"},{"floor":80,"key":"PreservedInsect"},{"floor":86,"key":"Turnip"},{"floor":87,"key":"aspiration:HummingbirdHeart"},{"floor":92,"key":"Art of War"},{"floor":95,"key":"Bag of Marbles"},{"floor":96,"key":"Iron Hammer"},{"floor":99,"key":"hubris:MedicalManual"},{"floor":100,"key":"Replay:Rubber Ducky"},{"floor":103,"key":"Orichalcum"},{"floor":106,"key":"Replay:Ringing Soul"},{"floor":107,"key":"DataDisk"},{"floor":108,"key":"Darkstone Periapt"},{"floor":110,"key":"hubris:BallOfYels"},{"floor":112,"key":"hubris:SphereOfDissonance"}],"event_choices":[{"damage_healed":0,"gold_gain":100,"player_choice":"Pray","damage_taken":0,"max_hp_gain":0,"max_hp_loss":0,"event_name":"Golden Shrine","floor":5,"gold_loss":0},{"damage_healed":0,"gold_gain":0,"player_choice":"Bought 2 Potions","damage_taken":0,"max_hp_gain":0,"max_hp_loss":0,"event_name":"The Woman in Blue","floor":19,"gold_loss":0},{"damage_healed":0,"gold_gain":0,"player_choice":"Embrace Madness","damage_taken":17,"max_hp_gain":0,"max_hp_loss":0,"event_name":"Winding Halls","floor":45,"gold_loss":0,"cards_obtained":["Madness","Madness"]},{"cards_removed":["Madness"],"damage_healed":0,"gold_gain":0,"player_choice":"Forget","damage_taken":0,"max_hp_gain":0,"max_hp_loss":0,"event_name":"Living Wall","floor":53,"gold_loss":0},{"damage_healed":0,"gold_gain":0,"player_choice":"Leave","damage_taken":0,"max_hp_gain":0,"max_hp_loss":0,"event_name":"The Cleric","floor":65,"gold_loss":0},{"damage_healed":0,"gold_gain":0,"player_choice":"Leave","damage_taken":0,"max_hp_gain":0,"max_hp_loss":0,"event_name":"conspire:Investor","floor":81,"gold_loss":0}],"is_beta":false,"boss_relics":[{"not_picked":["aspiration:IroncladSkillbook","Honey Jar"],"picked":"Nuclear Battery"},{"not_picked":["Snecko Heart","hubris:RunicObelisk"],"picked":"aspiration:BursterCore"},{"not_picked":["Snecko Eye","Replay:Grab Bag"],"picked":"hubris:TerracottaHorce"},{"not_picked":["StuffTheSpire:RunicConfusion","Philosopher\u0027s Stone"],"picked":"aspiration:RunicSpoon"},{"not_picked":["aspiration:SecretTechniqueScroll","Calling Bell"],"picked":"Tiny House"},{"not_picked":["StuffTheSpire:Kangaroo","StuffTheSpire:ModemDavis"],"picked":"Ring of Chaos"}],"items_purged_floors":[4,10,39,46,55],"is_endless":true,"potions_floor_spawned":[2,11,12,13,20,22,28,35,37,38,44,47,50,52,54,56,57,59,61,63,67,69,70,74,76,77,78,79,80,84,86,87,89,91,93,94,95,98,99,101,103,106,107,109,110,111,112,113],"killed_by":"3 Sentries","ascension_level":0}}