{"host":"7f01flv6y0vhl3vt","time":1610742411,"event":{"mods":["Act Like it!","BaseMod","Downfall","Minty Spire (QoL Compilation)","StSLib"],"gold_per_floor":[99,9,184,184,184,197,224,224,236,86,105,123,123,139,163,163,163,163],"floor_reached":16,"language":"ENG","playtime":3333,"items_purged":["hexamod:Defend"],"score":117,"play_id":"f7b9c4db-7c6a-44ed-872e-d9a086094caa","local_time":"20210115152651","is_ascension_mode":false,"campfire_choices":[{"floor":1,"key":"RECALL"},{"floor":10,"key":"REST"},{"floor":13,"key":"REST"}],"circlet_count":0,"master_deck":["hexamod:Strike+1","hexamod:Strike","hexamod:Strike","hexamod:Strike+1","hexamod:Defend","hexamod:Defend","hexamod:Defend","hexamod:Sear+1","hexamod:Float","hexamod:UnleashSpirits","Doubt","hexamod:HeatMetal","Regret","hexamod:PhantomCloak","hexamod:SecondSeal","hexamod:Rewind","hexamod:NecessarySacrifice","hexamod:StepThrough"],"relics":["hexamod:SpiritBrand","downfall:ShatteredFragment","downfall:HeartBlessingBlue","downfall:HeartBlessingRed"],"acts_visited":["Exordium"],"potions_floor_usage":[15,15,15,16],"damage_taken":[{"damage":4,"enemies":"downfall:FleeingMerchant","floor":2,"turns":4},{"damage":12,"enemies":"Jaw Worm","floor":6,"turns":3},{"damage":2,"enemies":"Small Slimes","floor":9,"turns":3},{"damage":8,"enemies":"2 Louse","floor":11,"turns":2},{"damage":17,"enemies":"2 Fungi Beasts","floor":12,"turns":3},{"damage":17,"enemies":"Exordium Wildlife","floor":14,"turns":5},{"damage":32,"enemies":"Gremlin Gang","floor":15,"turns":4},{"damage":38,"enemies":"downfall:Watcher","floor":16,"turns":8}],"seed_played":"-753276268306093301","potions_obtained":[{"floor":9,"key":"GamblersBrew"},{"floor":12,"key":"Slimebound:ThreeZeroPotion"},{"floor":14,"key":"FearPotion"},{"floor":15,"key":"Weak Potion"}],"is_trial":false,"path_per_floor":["R","$","?","?","?","M","T","?","M","R","M","M","R","M","M","B"],"character_chosen":"THE_SPIRIT","items_purchased":[],"campfire_rested":2,"item_purchase_floors":[],"current_hp_per_floor":[77,73,73,78,57,45,45,45,43,80,72,55,82,65,33,0,0,0],"gold":163,"neow_bonus":"TEN_PERCENT_HP_BONUS","is_daily":false,"chose_seed":false,"campfire_upgraded":0,"win_rate":0.0,"timestamp":1610742411,"path_taken":["R","$","?","?","?","M","T","?","M","R","?","M","R","?","M","BOSS"],"items_purchased_type":[],"build_version":"2020-12-22","purchased_purges":1,"victory":false,"max_hp_per_floor":[77,77,77,82,82,82,82,82,82,92,92,92,92,92,92,92,92,92],"card_choices":[{"not_picked":["hexamod:HeatShield","hexamod:BurningTouch"],"picked":"hexamod:UnleashSpirits","floor":2},{"not_picked":["hexamod:SwordOfDarkness","hexamod:GhostShield"],"picked":"hexamod:HeatMetal","floor":6},{"not_picked":["hexamod:ThirdSeal","hexamod:FirstSeal"],"picked":"hexamod:PhantomCloak","floor":9},{"not_picked":["hexamod:GhostShield","hexamod:StepThrough"],"picked":"hexamod:SecondSeal","floor":11},{"not_picked":["hexamod:ShieldOfDarkness","hexamod:ChargedBarrage"],"picked":"hexamod:Rewind","floor":12},{"not_picked":["hexamod:NightmareStrike","hexamod:CatchUp"],"picked":"hexamod:NecessarySacrifice","floor":14},{"not_picked":["hexamod:InspiringFlames","hexamod:GhostShield"],"picked":"hexamod:StepThrough","floor":15}],"player_experience":1268153,"relics_obtained":[],"event_choices":[{"damage_healed":0,"gold_gain":0,"player_choice":"Donut","damage_taken":0,"max_hp_gain":5,"max_hp_loss":0,"event_name":"Big Fish","floor":4,"gold_loss":0}],"is_beta":false,"boss_relics":[],"items_purged_floors":[2],"is_endless":false,"potions_floor_spawned":[9,12,14,15],"killed_by":"downfall:Watcher","ascension_level":0}}