{"host":"y4sghvfd0ewtcchd","time":1610740214,"event":{"mods":["Aspiration","BaseMod","Better Debug","Better Note","Better Third Choice","BetterRewards","Block Reminder","Colored Map","Colored Powertips","Downfall","Highlight Path","Hubris","Infinite Spire","Minty Spire (QoL Compilation)","Relic Sorter","Relic Stats","Replay The Spire","Shop Mod","StSLib","The Jungle","The Saiyan"],"gold_per_floor":[109,128,128,128,142,142,156,190,217,231,231,250,250,141,141,237,237,252,252,252,267,284,284,317,317,317,317,317,327,358,388,388,485,485,499,518,418,432,432,449,449,449,449,349,381,321,340,368,368,368,368,368,593,626,626],"floor_reached":56,"language":"ENG","playtime":3978,"items_purged":["Strike_G","CommonCold","Strike_G","Spreading Infection"],"score":2217,"play_id":"41505c74-dfe4-488b-9635-8029ea3ded85","local_time":"20210115225014","is_ascension_mode":true,"campfire_choices":[{"floor":6.0,"key":"REST"},{"data":"hubris:EnhanceAbility","floor":11.0,"key":"SMITH"},{"data":"Cloak And Dagger","floor":13.0,"key":"SMITH"},{"data":"Prepared","floor":15.0,"key":"SMITH"},{"data":"ReplayTheSpireMod:Shiv Toss","floor":23.0,"key":"SMITH"},{"floor":25.0,"key":"RECALL"},{"data":"Burst","floor":28.0,"key":"SMITH"},{"floor":32.0,"key":"REST"},{"data":"Replay:Bag of Tricks","floor":41.0,"key":"SMITH"},{"data":"Neutralize","floor":49.0,"key":"SMITH"},{"floor":52.0,"key":"REST"}],"circlet_count":0,"master_deck":["Strike_G","Defend_G","Defend_G","Defend_G","Defend_G","Survivor","Neutralize+1","ReplayTheSpireMod:Scrap Shanks","Dash","hubris:EnhanceAbility+1","Accuracy","ReplayTheSpireMod:Shiv Toss+1","Cloak And Dagger+1","Blur","Fluid Movement","Riddle With Holes","ReplayTheSpireMod:Speed Training","Blur","Accuracy","Well Laid Plans","Acrobatics","Calculated Gamble","Footwork","Burst+1","AbeCurse","Acrobatics","hubris:InfiniteBlow+630","hubris:Sniper","Replay:Bag of Tricks+1","Poison Darts","Poisoned Stab","Blade Dance","Expertise+1","hexamod:Float","infinitespire:Starlight","ReplayTheSpireMod:Scrap Shanks+1","Sneak Up+1","Blade Dance","Underhanded Strike","Prepared","Dash+1"],"relics":["Ring of the Snake","hubris:OldNail","ReplayTheSpireMod:Lightbulb","Shuriken","hubris:PeanutButter","ReplayTheSpireMod:Ring of Exchange","infinitespire:CursedDice","Abe\u0027s Treasure","Regal Pillow","infinitespire:Lucky Rock","aspiration:TomeofQuesting","Red Mask","ReplayTheSpireMod:SealedPack","infinitespire:Bottled Soul","infinitespire:CheckeredPen","infinitespire:PuzzleCube","aspiration:Lifesprig","hubris:NiceRug","ReplayTheSpireMod:CursedCoin","Mummified Hand","Oddly Smooth Stone"],"acts_visited":["Exordium","TheCity","TheBeyond","TheEnding"],"potions_floor_usage":[55,55,55],"damage_taken":[{"damage":0.0,"enemies":"Small Slimes","floor":1.0,"turns":5.0},{"damage":0.0,"enemies":"Jaw Worm","floor":2.0,"turns":4.0},{"damage":0.0,"enemies":"Cultist","floor":5.0,"turns":4.0},{"damage":0.0,"enemies":"2 Fungi Beasts","floor":7.0,"turns":5.0},{"damage":0.0,"enemies":"Lagavulin","floor":8.0,"turns":6.0},{"damage":0.0,"enemies":"Looter","floor":10.0,"turns":4.0},{"damage":0.0,"enemies":"Blue Slaver","floor":12.0,"turns":6.0},{"damage":10.0,"enemies":"Hexaghost","floor":16.0,"turns":8.0},{"damage":0.0,"enemies":"Chosen","floor":18.0,"turns":3.0},{"damage":0.0,"enemies":"2 Thieves","floor":21.0,"turns":4.0},{"damage":0.0,"enemies":"3 Cultists","floor":22.0,"turns":6.0},{"damage":0.0,"enemies":"Nightmare","floor":24.0,"turns":2.0},{"damage":21.0,"enemies":"Shelled Parasite and Fungi","floor":29.0,"turns":5.0},{"damage":0.0,"enemies":"Gremlin Leader","floor":30.0,"turns":4.0},{"damage":4.0,"enemies":"Masked Bandits","floor":31.0,"turns":4.0},{"damage":0.0,"enemies":"Automaton","floor":33.0,"turns":2.0},{"damage":16.0,"enemies":"3 Darklings","floor":35.0,"turns":4.0},{"damage":9.0,"enemies":"Orb Walker","floor":36.0,"turns":4.0},{"damage":0.0,"enemies":"Jaw Worm Horde","floor":38.0,"turns":5.0},{"damage":1.0,"enemies":"4 Shapes","floor":40.0,"turns":4.0},{"damage":0.0,"enemies":"Giant Head","floor":45.0,"turns":3.0},{"damage":0.0,"enemies":"Maw","floor":47.0,"turns":1.0},{"damage":0.0,"enemies":"Reptomancer","floor":48.0,"turns":2.0},{"damage":49.0,"enemies":"Awakened One","floor":50.0,"turns":8.0},{"damage":12.0,"enemies":"hubris:Merchant","floor":53.0,"turns":3.0},{"damage":0.0,"enemies":"Shield and Spear","floor":54.0,"turns":4.0},{"damage":62,"enemies":"The Heart","floor":55,"turns":4}],"seed_played":"-6609796616503224693","potions_obtained":[{"floor":8.0,"key":"Adrenaline Potion"},{"floor":10.0,"key":"Explosive Potion"},{"floor":12.0,"key":"BlessingOfTheForge"},{"floor":16.0,"key":"LiquidBronze"},{"floor":22.0,"key":"Dexterity Potion"},{"floor":30.0,"key":"infinitespire:BlackPotion"},{"floor":31.0,"key":"GamblersBrew"},{"floor":36.0,"key":"ColorlessPotion"},{"floor":53.0,"key":"Energy Potion"},{"floor":53.0,"key":"PowerPotion"}],"is_trial":false,"path_per_floor":["M","M","?","?","M","R","M","E","T","M","R","M","R","$","R","B",null,"M","?","AVR","M","M","R","NM","R","T","?","R","M","E","?","R","B",null,"M","M","NS","M","?","M","R","T","T","$","E","?","M","E","R","B",null,"R","$","E","B",null],"character_chosen":"THE_SILENT","items_purchased":["hubris:OldNail","ReplayTheSpireMod:Scrap Shanks","Dash","hubris:EnhanceAbility","Accuracy","ReplayTheSpireMod:Shiv Toss","Cloak And Dagger","ReplayTheSpireMod:Lightbulb","Blur","Shuriken","Prepared","Underhanded Strike+1","hubris:PeanutButter","Fluid Movement","Riddle With Holes","Calculated Gamble","Footwork","Blade Dance","ReplayTheSpireMod:CursedCoin"],"campfire_rested":3,"item_purchase_floors":[0,0,0,0,0,0,0,0,0,0,0,0,0,0,0,14,14,44,53],"current_hp_per_floor":[21,21,21,21,21,42,42,42,42,42,42,42,42,42,42,32,61,61,53,53,53,53,53,53,53,53,53,53,32,32,28,64,64,69,53,54,54,64,64,63,63,63,63,63,63,63,63,63,63,24,59,70,58,58,6],"gold":626,"neow_bonus":"","is_daily":false,"chose_seed":false,"campfire_upgraded":7,"win_rate":0.0,"timestamp":1610740214,"path_taken":["M","M","?","?","M","R","M","E","T","M","R","M","R","$","R","BOSS","M","?","AVR","M","M","R","NM","R","T","?","R","M","E","?","R","BOSS","M","M","NS","M","?","M","R","?","T","$","E","?","?","E","R","BOSS","R","$","E","BOSS"],"items_purchased_type":["Relic","Card","Card","Card","Card","Card","Card","Relic","Card","Relic","Card","Card","Relic","Card","Card","Card","Card","Card","Relic"],"build_version":"2020-12-22","purchased_purges":4,"victory":true,"max_hp_per_floor":[70,70,70,70,70,70,70,70,70,70,70,70,70,70,70,70,70,70,70,70,70,70,70,70,70,70,70,70,70,70,70,70,70,70,70,70,70,70,70,70,70,70,70,70,70,70,70,70,70,70,70,70,70,70,70],"relic_stats":{"Regal Pillow":15,"counters":[291,1362],"Shuriken":[43],"Mummified Hand":[17],"obtain_stats":[{"TwistedFunnel":0,"infinitespire:BottledMercury":46,"Vampiric Spirits":46,"downfall:HeartBlessingGreen":10,"aspiration:PoetsPen_weak":17,"Ginger":25,"hubris:MysteriousPyramids":9,"Bottled Tornado":0,"Boot":52,"Sling":55,"Ring of Searing":38,"Blood Vial":43,"Replay:Wanted Poster":34,"Replay:Ringing Soul":43,"infinitespire:ShieldingShard":13,"hubris:HerbalPaste":0,"hubris:AstralHammer":40,"Replay:Bronze Core":34,"MealTicket":48,"hubris:DeckOfHolding":28,"infinitespire:Golems Mask":48,"Fusion Hammer":34,"Replay:Bottled Flurry":46,"Kunai":47,"Replay:Wax Seal":18,"hubris:MobiusCoin":6,"MerchantsRug":53,"Pear":20,"Counterbalance":38,"ReplayTheSpireMod:Ring of Addiction":46,"hubris:SphereOfDissonance":0,"Eternal Feather":53,"Pen Nib":25,"ReplayTheSpireMod:SealedPack":17,"Replay:Ancient Bell":34,"infinitespire:Magic Flask":9,"aspiration:IroncladSkillbook":17,"aspiration:FrozenJewel":9,"infinitespire:EvilPickle":33,"SlaversCollar":17,"infinitespire:Broken Mirror":54,"Bird Faced Urn":39,"Pandora\u0027s Box":34,"hubris:TenFootPole":2,"infinitespire:PuzzleCube":24,"Unceasing Top":14,"Abe\u0027s Treasure":17,"hubris:Reverence":23,"Regal Pillow":29,"aspiration:Lifesprig":0,"Lantern":40,"hubris:Metronome":41,"Torii":7,"Blue Doll":52,"Bag of Preparation":42,"hubris:EmptyBottle":29,"Ancient Tea Set":5,"Cursed Key":34,"Pet Ghost":41,"Replay:Rubber Ducky":36,"Shovel":3,"Ring of Fangs":46,"hubris:Backtick":34,"infinitespire:Bottled Soul":43,"Ring of Peace":38,"aspiration:AnachronicSnailShell":41,"hubris:CuriousFeather":38,"WingedGreaves":36,"Replay:Bottled Eggs":53,"Ring of Panic":10,"infinitespire:Eraser":23,"InkBottle":25,"aspiration:ChemicalBlood":24,"hubris:GlazedTorus":46,"Ring of the Snake":0,"Potion Belt":44,"aspiration:VileToxins":42,"Lee\u0027s Waffle":53,"downfall:HeartBlessingRed":10,"Replay:Fungal Core":29,"Basket Of Snakes":31,"Damaru":6,"PreservedInsect":26,"The Courier":41,"Omamori":45,"infinitespire:Lucky Rock":26,"infinitespire:CheckeredPen":43,"hubris:Towel":30,"Busted Crown":17,"Ornamental Fan":6,"Orrery":0,"Art of War":37,"Garlic":11,"ReplayTheSpireMod:Onyx Gauntlets":34,"ReplayTheSpireMod:Lightbulb":0,"Toy Ornithopter":46,"infinitespire:Midas Blood":0,"hubris:BottledRain":17,"Ice Cream":44,"Calipers":23,"hubris:CrystalStatue":41,"Vajra":12,"hubris:TerracottaHorce":48,"Sozu":17,"Centennial Puzzle":48,"Lizard Tail":13,"DollysMirror":20,"Strawberry":49,"aspiration:ArtOfWarUpgrade":49,"Iron Hammer":54,"Byrd Skull":41,"Happy Flower":43,"hubris:DuctTape":34,"ReplayTheSpireMod:CursedCoin":53,"Replay:Grab Bag":34,"Oddly Smooth Stone":10,"Ring of Chaos":34,"infinitespire:Beetle Shell":53,"SaiyanHeart":0,"aspiration:SeaSaltIceCream":41,"War Paint":9,"aspiration:HiddenCompartment":29,"Question Card":25,"Replay:Baseball":29,"Bottled Flame":8,"ReplayTheSpireMod:Shallot":36,"Shuriken":0,"Bronze Scales":54,"Molten Egg 2":23,"hubris:PeanutButter":9,"ReplayTheSpireMod:TigerMarble":43,"Black Star":17,"Grinning Jar":17,"aspiration:HatOfInfinitePower":37,"Mirror":9,"Meat on the Bone":4,"Pocketwatch":36,"ReplayFunnel":36,"ReplayTheSpireMod:Ring of Exchange":3,"SacredBark":46,"Mango":20,"aspiration:TomeofQuesting":38,"Snake Skull":7,"hubris:SlimyHat":36,"ClockworkSouvenir":53,"aspiration:StickyExplosives_weak":24,"Replay:Bandana":0,"hubris:Icosahedron":47,"aspiration:DefectSkillbook":34,"downfall:HeartBlessingBlue":18,"Mummified Hand":19,"Gambling Chip":0,"Red Mask":31,"Runic Pyramid":21,"hubris:KleinBottle":37,"Gremlin Food":21,"BargainBundle":0,"ReplayTheSpireMod:Ninjato":41,"infinitespire:CursedDice":8,"Quantum Egg":43,"ReplayTheSpireMod:Ring of Sloth":10,"Guide Book":0,"Replay:WaspNest":53,"aspiration:HummingbirdHeart":0,"Orichalcum":47,"Odd Mushroom":13,"Calling Bell":47,"Strange Spoon":53,"Pondfish Scales":29,"Anchor":37,"CaptainsWheel":17,"infinitespire:WardingShard":12,"infinitespire:Satchel":31,"SaiyanSoul":0,"Bag of Marbles":6,"Snack Pack":0,"Membership Card":20,"PureWater":0,"TungstenRod":29,"hubris:AncientText":36,"FossilizedHelix":36,"hubris:Potato":0,"hubris:OldNail":0,"hubris:NiceRug":53},{"TwistedFunnel":121,"infinitespire:BottledMercury":58,"Vampiric Spirits":144,"downfall:HeartBlessingGreen":6,"aspiration:PoetsPen_weak":187,"Ginger":250,"hubris:MysteriousPyramids":97,"Bottled Tornado":236,"Boot":32,"Sling":207,"Ring of Searing":83,"Blood Vial":85,"Replay:Wanted Poster":168,"Replay:Ringing Soul":257,"infinitespire:ShieldingShard":70,"hubris:HerbalPaste":92,"hubris:AstralHammer":24,"Replay:Bronze Core":51,"MealTicket":59,"hubris:DeckOfHolding":77,"infinitespire:Golems Mask":144,"Fusion Hammer":196,"Replay:Bottled Flurry":116,"Kunai":88,"Replay:Wax Seal":11,"hubris:MobiusCoin":4,"MerchantsRug":32,"Pear":189,"Counterbalance":24,"ReplayTheSpireMod:Ring of Addiction":27,"hubris:SphereOfDissonance":121,"Eternal Feather":262,"Pen Nib":16,"ReplayTheSpireMod:SealedPack":244,"Replay:Ancient Bell":253,"infinitespire:Magic Flask":37,"aspiration:IroncladSkillbook":42,"aspiration:FrozenJewel":67,"infinitespire:EvilPickle":51,"SlaversCollar":11,"infinitespire:Broken Mirror":120,"Bird Faced Urn":113,"Pandora\u0027s Box":137,"hubris:TenFootPole":180,"infinitespire:PuzzleCube":45,"Unceasing Top":186,"Abe\u0027s Treasure":272,"hubris:Reverence":223,"Regal Pillow":18,"aspiration:Lifesprig":62,"Lantern":171,"hubris:Metronome":200,"Torii":4,"Blue Doll":32,"Bag of Preparation":85,"hubris:EmptyBottle":18,"Ancient Tea Set":4,"Cursed Key":111,"Pet Ghost":24,"Replay:Rubber Ducky":23,"Shovel":2,"Ring of Fangs":27,"hubris:Backtick":196,"infinitespire:Bottled Soul":26,"Ring of Peace":83,"aspiration:AnachronicSnailShell":114,"hubris:CuriousFeather":54,"WingedGreaves":140,"Replay:Bottled Eggs":32,"Ring of Panic":97,"infinitespire:Eraser":249,"InkBottle":107,"aspiration:ChemicalBlood":15,"hubris:GlazedTorus":88,"Ring of the Snake":0,"Potion Belt":86,"aspiration:VileToxins":257,"Lee\u0027s Waffle":177,"downfall:HeartBlessingRed":6,"Replay:Fungal Core":165,"Basket Of Snakes":224,"Damaru":67,"PreservedInsect":223,"The Courier":229,"Omamori":27,"infinitespire:Lucky Rock":276,"infinitespire:CheckeredPen":284,"hubris:Towel":136,"Busted Crown":131,"Ornamental Fan":151,"Orrery":236,"Art of War":23,"Garlic":98,"ReplayTheSpireMod:Onyx Gauntlets":196,"ReplayTheSpireMod:Lightbulb":264,"Toy Ornithopter":27,"infinitespire:Midas Blood":92,"hubris:BottledRain":158,"Ice Cream":144,"Calipers":105,"hubris:CrystalStatue":114,"Vajra":155,"hubris:TerracottaHorce":232,"Sozu":244,"Centennial Puzzle":29,"Lizard Tail":216,"DollysMirror":13,"Strawberry":30,"aspiration:ArtOfWarUpgrade":175,"Iron Hammer":146,"Byrd Skull":257,"Happy Flower":114,"hubris:DuctTape":196,"ReplayTheSpireMod:CursedCoin":60,"Replay:Grab Bag":196,"Oddly Smooth Stone":6,"Ring of Chaos":22,"infinitespire:Beetle Shell":32,"SaiyanHeart":0,"aspiration:SeaSaltIceCream":24,"War Paint":6,"aspiration:HiddenCompartment":78,"Question Card":107,"Replay:Baseball":18,"Bottled Flame":127,"ReplayTheSpireMod:Shallot":112,"Shuriken":264,"Bronze Scales":120,"Molten Egg 2":105,"hubris:PeanutButter":153,"ReplayTheSpireMod:TigerMarble":26,"Black Star":100,"Grinning Jar":158,"aspiration:HatOfInfinitePower":23,"Mirror":127,"Meat on the Bone":94,"Pocketwatch":112,"ReplayFunnel":169,"ReplayTheSpireMod:Ring of Exchange":266,"SacredBark":27,"Mango":13,"aspiration:TomeofQuesting":24,"Snake Skull":184,"hubris:SlimyHat":23,"ClockworkSouvenir":32,"aspiration:StickyExplosives_weak":191,"Replay:Bandana":147,"hubris:Icosahedron":144,"aspiration:DefectSkillbook":225,"downfall:HeartBlessingBlue":11,"Mummified Hand":43,"Gambling Chip":33,"Red Mask":279,"Runic Pyramid":74,"hubris:KleinBottle":23,"Gremlin Food":74,"BargainBundle":62,"ReplayTheSpireMod:Ninjato":143,"infinitespire:CursedDice":269,"Quantum Egg":56,"ReplayTheSpireMod:Ring of Sloth":97,"Guide Book":147,"Replay:WaspNest":60,"aspiration:HummingbirdHeart":236,"Orichalcum":88,"Odd Mushroom":156,"Calling Bell":88,"Strange Spoon":262,"Pondfish Scales":18,"Anchor":83,"CaptainsWheel":158,"infinitespire:WardingShard":243,"infinitespire:Satchel":80,"SaiyanSoul":0,"Bag of Marbles":36,"Snack Pack":62,"Membership Card":13,"PureWater":0,"TungstenRod":109,"hubris:AncientText":112,"FossilizedHelix":169,"hubris:Potato":179,"hubris:OldNail":264,"hubris:NiceRug":177},{"TwistedFunnel":591,"infinitespire:BottledMercury":304,"Vampiric Spirits":705,"downfall:HeartBlessingGreen":31,"aspiration:PoetsPen_weak":930,"Ginger":1178,"hubris:MysteriousPyramids":480,"Bottled Tornado":1121,"Boot":214,"Sling":992,"Ring of Searing":418,"Blood Vial":426,"Replay:Wanted Poster":818,"Replay:Ringing Soul":1209,"infinitespire:ShieldingShard":356,"hubris:HerbalPaste":462,"hubris:AstralHammer":137,"Replay:Bronze Core":277,"MealTicket":307,"hubris:DeckOfHolding":389,"infinitespire:Golems Mask":705,"Fusion Hammer":971,"Replay:Bottled Flurry":563,"Kunai":441,"Replay:Wax Seal":49,"hubris:MobiusCoin":22,"MerchantsRug":214,"Pear":941,"Counterbalance":137,"ReplayTheSpireMod:Ring of Addiction":167,"hubris:SphereOfDissonance":591,"Eternal Feather":1236,"Pen Nib":78,"ReplayTheSpireMod:SealedPack":1150,"Replay:Ancient Bell":1192,"infinitespire:Magic Flask":235,"aspiration:IroncladSkillbook":246,"aspiration:FrozenJewel":343,"infinitespire:EvilPickle":277,"SlaversCollar":49,"infinitespire:Broken Mirror":585,"Bird Faced Urn":547,"Pandora\u0027s Box":666,"hubris:TenFootPole":883,"infinitespire:PuzzleCube":255,"Unceasing Top":919,"Abe\u0027s Treasure":1290,"hubris:Reverence":1056,"Regal Pillow":94,"aspiration:Lifesprig":323,"Lantern":832,"hubris:Metronome":978,"Torii":22,"Blue Doll":214,"Bag of Preparation":426,"hubris:EmptyBottle":94,"Ancient Tea Set":22,"Cursed Key":542,"Pet Ghost":137,"Replay:Rubber Ducky":126,"Shovel":12,"Ring of Fangs":167,"hubris:Backtick":971,"infinitespire:Bottled Soul":154,"Ring of Peace":418,"aspiration:AnachronicSnailShell":555,"hubris:CuriousFeather":289,"WingedGreaves":683,"Replay:Bottled Eggs":214,"Ring of Panic":480,"infinitespire:Eraser":1173,"InkBottle":523,"aspiration:ChemicalBlood":72,"hubris:GlazedTorus":441,"Ring of the Snake":0,"Potion Belt":431,"aspiration:VileToxins":1209,"Lee\u0027s Waffle":867,"downfall:HeartBlessingRed":31,"Replay:Fungal Core":804,"Basket Of Snakes":1060,"Damaru":343,"PreservedInsect":1056,"The Courier":1082,"Omamori":167,"infinitespire:Lucky Rock":1305,"infinitespire:CheckeredPen":1337,"hubris:Towel":656,"Busted Crown":632,"Ornamental Fan":742,"Orrery":1121,"Art of War":126,"Garlic":487,"ReplayTheSpireMod:Onyx Gauntlets":971,"ReplayTheSpireMod:Lightbulb":1248,"Toy Ornithopter":167,"infinitespire:Midas Blood":462,"hubris:BottledRain":773,"Ice Cream":705,"Calipers":517,"hubris:CrystalStatue":555,"Vajra":761,"hubris:TerracottaHorce":1095,"Sozu":1150,"Centennial Puzzle":181,"Lizard Tail":1021,"DollysMirror":56,"Strawberry":193,"aspiration:ArtOfWarUpgrade":853,"Iron Hammer":718,"Byrd Skull":1209,"Happy Flower":555,"hubris:DuctTape":971,"ReplayTheSpireMod:CursedCoin":314,"Replay:Grab Bag":971,"Oddly Smooth Stone":31,"Ring of Chaos":116,"infinitespire:Beetle Shell":214,"SaiyanHeart":0,"aspiration:SeaSaltIceCream":137,"War Paint":31,"aspiration:HiddenCompartment":394,"Question Card":523,"Replay:Baseball":94,"Bottled Flame":610,"ReplayTheSpireMod:Shallot":545,"Shuriken":1248,"Bronze Scales":585,"Molten Egg 2":517,"hubris:PeanutButter":749,"ReplayTheSpireMod:TigerMarble":154,"Black Star":500,"Grinning Jar":773,"aspiration:HatOfInfinitePower":126,"Mirror":610,"Meat on the Bone":467,"Pocketwatch":545,"ReplayFunnel":823,"ReplayTheSpireMod:Ring of Exchange":1257,"SacredBark":167,"Mango":56,"aspiration:TomeofQuesting":137,"Snake Skull":909,"hubris:SlimyHat":126,"ClockworkSouvenir":214,"aspiration:StickyExplosives_weak":948,"Replay:Bandana":725,"hubris:Icosahedron":705,"aspiration:DefectSkillbook":1067,"downfall:HeartBlessingBlue":49,"Mummified Hand":249,"Gambling Chip":226,"Red Mask":1318,"Runic Pyramid":381,"hubris:KleinBottle":126,"Gremlin Food":381,"BargainBundle":323,"ReplayTheSpireMod:Ninjato":699,"infinitespire:CursedDice":1272,"Quantum Egg":297,"ReplayTheSpireMod:Ring of Sloth":480,"Guide Book":725,"Replay:WaspNest":314,"aspiration:HummingbirdHeart":1121,"Orichalcum":441,"Odd Mushroom":763,"Calling Bell":441,"Strange Spoon":1236,"Pondfish Scales":94,"Anchor":418,"CaptainsWheel":773,"infinitespire:WardingShard":1143,"infinitespire:Satchel":402,"SaiyanSoul":0,"Bag of Marbles":233,"Snack Pack":323,"Membership Card":56,"PureWater":0,"TungstenRod":530,"hubris:AncientText":545,"FossilizedHelix":823,"hubris:Potato":879,"hubris:OldNail":1248,"hubris:NiceRug":867}],"Ring of the Snake":[344]},"card_choices":[{"not_picked":["Hidden Blade","hubris:SlightOfHand"],"picked":"ReplayTheSpireMod:Speed Training","floor":1.0},{"not_picked":["Catalyst","Underhanded Strike"],"picked":"Blur","floor":2.0},{"not_picked":["Dagger Throw","All Out Attack"],"picked":"Accuracy","floor":5.0},{"not_picked":["Blur","Toxin Wave","Outmaneuver"],"picked":"SKIP","floor":7.0},{"not_picked":["Riddle With Holes","Flying Knee"],"picked":"Well Laid Plans","floor":8.0},{"not_picked":["Outmaneuver","Deflect"],"picked":"Acrobatics","floor":10.0},{"not_picked":["Slice","Setup","Dodge and Roll"],"picked":"SKIP","floor":12.0},{"not_picked":["ReplayTheSpireMod:From All Sides","Unload"],"picked":"Burst","floor":16.0},{"not_picked":["Bane","Outmaneuver","Cloak And Dagger"],"picked":"SKIP","floor":18.0},{"not_picked":["Flying Knee","Hidden Blade"],"picked":"Acrobatics","floor":19.0},{"not_picked":["Dagger Throw","Dodge and Roll"],"picked":"hubris:Sniper","floor":21.0},{"not_picked":["Predator","Footwork","Venomology"],"picked":"SKIP","floor":22.0},{"not_picked":["Dagger Throw","Night Terror"],"picked":"Replay:Bag of Tricks","floor":24.0},{"not_picked":["Flying Knee","Dagger Throw+1","Poisoned Stab"],"picked":"SKIP","floor":29.0},{"not_picked":["ReplayTheSpireMod:The Works","Eviscerate"],"picked":"Blade Dance","floor":30.0},{"not_picked":["A Thousand Cuts","Sucker Punch"],"picked":"Expertise+1","floor":31.0},{"not_picked":["Saiyan:KaioKen","Slimebound:CorrosiveSpit"],"picked":"hexamod:Float","floor":34.0},{"not_picked":["ReplayTheSpireMod:??????????????????????","infinitespire:Punishment"],"picked":"infinitespire:Starlight","floor":34.0},{"not_picked":["Outmaneuver","Quick Slash"],"picked":"ReplayTheSpireMod:Scrap Shanks+1","floor":35.0},{"not_picked":["Well Laid Plans","Quick Slash+1"],"picked":"Sneak Up+1","floor":36.0},{"not_picked":["Cloak And Dagger","Slice","Crippling Poison+1"],"picked":"SKIP","floor":38.0},{"not_picked":["Dagger Throw","Calculated Gamble+1","ReplayTheSpireMod:Tripwire+1"],"picked":"SKIP","floor":40.0},{"not_picked":["Deflect+1","Bane+1","Poisoned Stab"],"picked":"SKIP","floor":45.0},{"not_picked":["Slice","Dagger Spray"],"picked":"Underhanded Strike","floor":47.0},{"not_picked":["Slice+1","Catalyst+1","ReplayTheSpireMod:From All Sides"],"picked":"SKIP","floor":48.0},{"not_picked":[],"picked":"Prepared","floor":53.0},{"not_picked":["Flying Knee"],"picked":"SKIP","floor":53.0},{"not_picked":["Heel Hook"],"picked":"SKIP","floor":53.0},{"not_picked":["ReplayTheSpireMod:Shiv Toss"],"picked":"SKIP","floor":53.0},{"not_picked":["Caltrops"],"picked":"SKIP","floor":53.0},{"not_picked":["Replay:BasicMightCard"],"picked":"SKIP","floor":53.0},{"not_picked":["expansioncontent:StudyTheSpire"],"picked":"SKIP","floor":53.0},{"not_picked":["Slice+1","hubris:SlightOfHand+1"],"picked":"Dash+1","floor":54.0}],"player_experience":592612,"relics_obtained":[{"floor":3.0,"key":"ReplayTheSpireMod:Ring of Exchange"},{"floor":8.0,"key":"infinitespire:CursedDice"},{"floor":24.0,"key":"Regal Pillow"},{"floor":26.0,"key":"infinitespire:Lucky Rock"},{"floor":30.0,"key":"aspiration:TomeofQuesting"},{"floor":31.0,"key":"Red Mask"},{"floor":42.0,"key":"infinitespire:Bottled Soul"},{"floor":43.0,"key":"infinitespire:CheckeredPen"},{"floor":45.0,"key":"infinitespire:PuzzleCube"},{"floor":48.0,"key":"aspiration:Lifesprig"},{"floor":53.0,"key":"Mummified Hand"},{"floor":54.0,"key":"Oddly Smooth Stone"}],"event_choices":[{"damage_healed":21.0,"max_hp_gain":0.0,"max_hp_loss":70.0,"gold_gain":0.0,"event_name":"betterThird:BetterShining","player_choice":"Leave","floor":4.0,"gold_loss":0.0,"damage_taken":0.0},{"damage_healed":0.0,"max_hp_gain":0.0,"max_hp_loss":0.0,"gold_gain":0.0,"cards_transformed":["Defend_G","Strike_G"],"event_name":"Drug Dealer","player_choice":"Became Test Subject","floor":27.0,"gold_loss":0.0,"damage_taken":0.0,"cards_obtained":["Poison Darts","Poisoned Stab"]},{"damage_healed":0.0,"max_hp_gain":0.0,"max_hp_loss":0.0,"gold_gain":0.0,"event_name":"Masked Bandits","player_choice":"Fought Bandits","floor":31.0,"gold_loss":0.0,"damage_taken":0.0},{"cards_removed":["Strike_G"],"damage_healed":0.0,"max_hp_gain":0.0,"max_hp_loss":0.0,"gold_gain":0.0,"event_name":"Designer","player_choice":"Single Remove","floor":46.0,"gold_loss":60.0,"damage_taken":0.0}],"is_beta":false,"boss_relics":[{"not_picked":["Cauldron","Replay:Fungal Core"],"picked":"Abe\u0027s Treasure"},{"not_picked":["TheAbacus","PrismaticShard"],"picked":"ReplayTheSpireMod:SealedPack"}],"items_purged_floors":[20,44,53,53],"is_endless":false,"potions_floor_spawned":[8,10,12,16,22,30,31,33,36,38,47,48],"ascension_level":7}}