{"host":"ecaj4hn004xnnrw9","time":1610669910,"event":{"mods":["AchievementEnabler","BaseMod","Better Third Choice","Hermit","Hubris","Infinite Spire","Jorbs\u0027s Wanderer Trilogy","Minty Spire (QoL Compilation)","Quick Restart","Shop Mod","StSLib","The Construct","The Jungle","The Runesmith"],"gold_per_floor":[109,125,23,39,59,88,88,118,141,141,151,151,170,189,189,289,289,300,313,313,313,313,313,326,326,400,411,423,423,439,439,439,542,542,558,570,570,583,597,597,608,627,627,627,127,172,172,190,190,190],"floor_reached":51,"language":"ENG","playtime":2571,"items_purged":["construct:Strike_Gold","construct:Missile"],"score":665,"play_id":"efac41cd-9828-417c-a084-a8bca41f0e1a","local_time":"20210115001830","is_ascension_mode":false,"campfire_choices":[{"data":"construct:DefenseMode","floor":7,"key":"SMITH"},{"data":"construct:ReactiveShield","floor":10,"key":"SMITH"},{"data":"construct:Autoturret","floor":15,"key":"SMITH"},{"data":"construct:Autoturret","floor":23,"key":"SMITH"},{"data":"construct:ShiftGuard","floor":25,"key":"SMITH"},{"data":"construct:Reinforce","floor":32,"key":"SMITH"},{"floor":40,"key":"REST"},{"floor":49,"key":"REST"}],"circlet_count":0,"master_deck":["construct:Strike_Gold","construct:Strike_Gold","construct:Strike_Gold","construct:Strike_Gold","construct:Defend_Gold","construct:Defend_Gold","construct:Defend_Gold","construct:Defend_Gold","construct:Defend_Gold","construct:DefenseMode+1","construct:MetalShell","construct:ShiftGuard+1","construct:Autoturret+1","construct:ReactiveShield+1","construct:Autoturret+1","construct:Forcefield","construct:Reinforce","construct:Analyze+1","construct:Reinforce+1","construct:GuardCore","construct:Bunker","construct:ShiftGuard","construct:PointDefense+1","construct:ReactiveShield+1","construct:Autoturret"],"relics":["construct:Cogwheel","Gremlin Horn","hubris:Backtick","Calipers","hubris:Towel","Bottled Flame","hubris:MedicalManual","Sozu","infinitespire:FocusingShard","Membership Card","hubris:ClockworkCow","Thread and Needle","MerchantsRug","hubris:64BitClover","hubris:Icosahedron"],"acts_visited":["Exordium","TheCity","TheBeyond"],"potions_floor_usage":[8,8,8,31,33,35],"damage_taken":[{"damage":5,"enemies":"Jaw Worm","floor":1,"turns":5},{"damage":0,"enemies":"2 Louse","floor":2,"turns":2},{"damage":2,"enemies":"Small Slimes","floor":4,"turns":9},{"damage":7,"enemies":"3 Louse","floor":5,"turns":4},{"damage":6,"enemies":"Lagavulin","floor":6,"turns":14},{"damage":16,"enemies":"Gremlin Nob","floor":8,"turns":5},{"damage":5,"enemies":"Red Slaver","floor":11,"turns":5},{"damage":25,"enemies":"Gremlin Gang","floor":13,"turns":6},{"damage":4,"enemies":"Looter","floor":14,"turns":4},{"damage":17,"enemies":"Slime Boss","floor":16,"turns":15},{"damage":7,"enemies":"3 Byrds","floor":18,"turns":6},{"damage":6,"enemies":"Spheric Guardian","floor":19,"turns":6},{"damage":8,"enemies":"Centurion and Healer","floor":24,"turns":9},{"damage":0,"enemies":"Snecko","floor":27,"turns":7},{"damage":12,"enemies":"Shelled Parasite and Fungi","floor":28,"turns":7},{"damage":10,"enemies":"Centurion and Healer","floor":30,"turns":9},{"damage":12,"enemies":"Colosseum Slavers","floor":31,"turns":5},{"damage":7,"enemies":"Champ","floor":33,"turns":16},{"damage":12,"enemies":"3 Shapes","floor":35,"turns":5},{"damage":22,"enemies":"3 Darklings","floor":36,"turns":7},{"damage":11,"enemies":"Writhing Mass","floor":38,"turns":8},{"damage":24,"enemies":"Transient","floor":39,"turns":5},{"damage":8,"enemies":"Spire Growth","floor":41,"turns":6},{"damage":0,"enemies":"Maw","floor":42,"turns":6},{"damage":23,"enemies":"2 Orb Walkers","floor":46,"turns":5},{"damage":4,"enemies":"3 Darklings","floor":48,"turns":5},{"damage":18,"enemies":"Awakened One","floor":50,"turns":10}],"seed_played":"-3376630522740525965","potions_obtained":[{"floor":1,"key":"SteroidPotion"},{"floor":5,"key":"Strength Potion"},{"floor":6,"key":"Block Potion"},{"floor":11,"key":"SteroidPotion"},{"floor":18,"key":"Swift Potion"},{"floor":28,"key":"SkillPotion"},{"floor":33,"key":"LiquidMemories"}],"is_trial":false,"path_per_floor":["M","M","$","M","M","E","R","E","T","R","M","?","M","M","R","B",null,"M","M","?","?","?","R","M","R","T","M","M","AVR","M","?","R","B",null,"M","M","?","M","M","R","M","M","T","?","$","?","?","M","R","B",null],"character_chosen":"THE_CONSTRUCT_MOD","items_purchased":["construct:Autoturret","Membership Card","construct:Autoturret","hubris:ClockworkCow","Thread and Needle","MerchantsRug"],"campfire_rested":2,"item_purchase_floors":[3,45,45,45,45,45],"current_hp_per_floor":[80,80,80,78,71,65,65,49,49,49,44,72,47,43,43,26,85,78,72,72,72,72,72,64,64,64,64,52,52,42,30,30,23,85,73,51,51,40,16,41,33,33,33,33,33,10,10,6,31,13],"gold":190,"neow_bonus":"THREE_CARDS","is_daily":false,"chose_seed":false,"campfire_upgraded":6,"win_rate":0.0,"timestamp":1610669910,"path_taken":["M","M","$","M","M","E","R","E","T","R","M","?","M","M","R","BOSS","M","M","?","?","?","R","M","R","T","M","M","AVR","M","?","R","BOSS","M","M","?","?","?","R","?","M","T","?","$","?","?","M","R","BOSS"],"items_purchased_type":["Card","Relic","Card","Relic","Relic","Relic"],"build_version":"2020-12-22","purchased_purges":2,"victory":true,"max_hp_per_floor":[85,85,85,85,85,85,85,85,85,85,85,85,85,85,85,85,85,85,85,85,85,85,85,85,85,85,85,85,85,85,85,85,85,85,85,85,85,85,85,85,85,85,85,85,85,85,85,85,85,85],"card_choices":[{"not_picked":["construct:SweepLaser","construct:Disrupt"],"picked":"construct:MetalShell","floor":0},{"not_picked":["construct:ForceCore","construct:VentSteam"],"picked":"construct:Missile","floor":1},{"not_picked":["construct:FierceBash","construct:ClusterMines"],"picked":"construct:ShiftGuard","floor":2},{"not_picked":["construct:MetalShell","construct:Stasis"],"picked":"construct:ReactiveShield","floor":4},{"not_picked":["construct:FocusedBeam","construct:Disrupt","construct:CriticalHit"],"picked":"SKIP","floor":5},{"not_picked":["construct:Hazardproof","construct:Reinforce"],"picked":"construct:Autoturret","floor":6},{"not_picked":["construct:QuickAttack","construct:HeavyBolt","construct:Missile"],"picked":"SKIP","floor":8},{"not_picked":["construct:Hazardproof","construct:ModeShift","construct:HeavyBolt"],"picked":"SKIP","floor":11},{"not_picked":["construct:FocusedBeam","construct:Missile"],"picked":"construct:Forcefield","floor":13},{"not_picked":["construct:FierceBash","construct:VentSteam"],"picked":"construct:Reinforce","floor":14},{"not_picked":["construct:ShiftStrike+1","construct:ChargeShot","construct:Anticipate"],"picked":"SKIP","floor":18},{"not_picked":["construct:FierceBash","construct:ScrapCannon"],"picked":"construct:Analyze+1","floor":19},{"not_picked":["construct:Reserves","construct:HeavyBolt"],"picked":"construct:GuardCore","floor":24},{"not_picked":["construct:Autoturret","construct:MetalShell","construct:ModeShift"],"picked":"SKIP","floor":27},{"not_picked":["construct:SaveState","construct:QuickAttack","construct:FlakBarrage+1"],"picked":"SKIP","floor":28},{"not_picked":["construct:Forcefield","construct:Dampening","construct:Isolate"],"picked":"SKIP","floor":30},{"not_picked":["construct:PanicFire","construct:HyperBeam"],"picked":"construct:Bunker","floor":33},{"not_picked":["construct:PointDefense","construct:Boost"],"picked":"construct:ShiftGuard","floor":35},{"not_picked":["construct:SyphonStrike+1","construct:Boost+1","construct:HeavyBolt+1"],"picked":"SKIP","floor":36},{"not_picked":["construct:Anticipate","construct:ScrapCannon"],"picked":"construct:PointDefense+1","floor":38},{"not_picked":["construct:HeavyBolt","construct:ScopeCore+1","construct:ChargeShot"],"picked":"SKIP","floor":39},{"not_picked":["construct:Bunker","construct:VentSteam"],"picked":"construct:ReactiveShield+1","floor":41},{"not_picked":["construct:SaveState","construct:UnbalancingBlast+1","construct:ScrapCannon+1"],"picked":"SKIP","floor":42},{"not_picked":["construct:Isolate+1","construct:ScopeCore","construct:FocusedBeam+1"],"picked":"SKIP","floor":48}],"player_experience":346397,"relics_obtained":[{"floor":8,"key":"Gremlin Horn"},{"floor":26,"key":"Bottled Flame"},{"floor":43,"key":"infinitespire:FocusingShard"},{"floor":46,"key":"hubris:64BitClover"}],"event_choices":[{"damage_healed":28,"gold_gain":0,"player_choice":"Banana","damage_taken":0,"max_hp_gain":0,"max_hp_loss":0,"event_name":"Big Fish","floor":12,"gold_loss":0},{"damage_healed":0,"gold_gain":0,"player_choice":"Ignored","damage_taken":0,"max_hp_gain":0,"max_hp_loss":0,"event_name":"Ghosts","floor":20,"gold_loss":0},{"damage_healed":0,"gold_gain":0,"player_choice":"Read","damage_taken":0,"max_hp_gain":0,"max_hp_loss":0,"event_name":"The Library","floor":21,"gold_loss":0,"cards_obtained":["construct:Reinforce"]},{"damage_healed":0,"gold_gain":0,"player_choice":"Fight","damage_taken":0,"max_hp_gain":0,"max_hp_loss":0,"event_name":"Colosseum","floor":31,"gold_loss":0},{"damage_healed":0,"gold_gain":0,"player_choice":"Fled From Nobs","damage_taken":0,"max_hp_gain":0,"max_hp_loss":0,"event_name":"Colosseum","floor":31,"gold_loss":0},{"cards_removed":["construct:AttackMode"],"damage_healed":0,"gold_gain":0,"player_choice":"Purged","damage_taken":0,"max_hp_gain":0,"max_hp_loss":0,"event_name":"Purifier","floor":37,"gold_loss":0},{"damage_healed":0,"gold_gain":0,"player_choice":"Fight","damage_taken":0,"max_hp_gain":0,"max_hp_loss":0,"event_name":"Mysterious Sphere","floor":46,"gold_loss":0}],"is_beta":false,"boss_relics":[{"not_picked":["Astrolabe","Busted Crown"],"picked":"hubris:Backtick"},{"not_picked":["hubris:VirtuousBlindfold","Pandora\u0027s Box"],"picked":"Sozu"}],"items_purged_floors":[3,29],"is_endless":false,"potions_floor_spawned":[1,5,6,11,18,28,31,33,36,38,42,46],"ascension_level":0}}