{"host":"fiyb7gvx7tok3jeh","time":1610753599,"event":{"mods":["BaseMod","Colored Map","Colored Powertips","DeckTracker","Googly Eyes","Highlight Path","Minty Spire (QoL Compilation)"],"gold_per_floor":[113,113,113,188,188,188,188,211,293,332,133,133,33,57,57,180,180,193,193,193,209,58,93,93,129,152,152,152,196,51,65,65,196,196,210,273,298,75,93,126,126,145,193,193,49,67,67,88,88,88,88],"floor_reached":50,"language":"ENG","playtime":3655,"items_purged":["Defend_P","Strike_P","Defend_P"],"score":693,"play_id":"536a75ff-73fc-4ca3-b06c-1b92c5b03937","local_time":"20210116013319","is_ascension_mode":true,"campfire_choices":[{"data":"Eruption","floor":6,"key":"SMITH"},{"data":"CutThroughFate","floor":12,"key":"SMITH"},{"floor":15,"key":"REST"},{"data":"Brilliance","floor":24,"key":"SMITH"},{"data":"Vigilance","floor":27,"key":"SMITH"},{"floor":32,"key":"REST"},{"data":"Omniscience","floor":41,"key":"SMITH"},{"floor":47,"key":"REST"},{"floor":49,"key":"REST"}],"circlet_count":0,"master_deck":["Defend_P","Defend_P","Eruption+1","Vigilance+1","Brilliance+1","Prostrate","CutThroughFate+1","Worship","Weave+1","Consecrate+1","JustLucky+1","Brilliance+1","JustLucky+1","Weave+1","CutThroughFate+1","Pray","Nirvana","Wish","Evaluate+1","Weave+1","Omniscience+1","ThirdEye","Prostrate","ThirdEye","Nirvana","Perseverance+1","CutThroughFate+1","Good Instincts","CutThroughFate+1"],"relics":["PureWater","Golden Idol","Molten Egg 2","Boot","Empty Cage","Regal Pillow","MealTicket","Potion Belt","Nloth\u0027s Gift","DollysMirror","Philosopher\u0027s Stone","Girya","Letter Opener","Vajra"],"acts_visited":["TheCity","TheBeyond"],"potions_floor_usage":[10,25,25,33,37,40,42,46,48,48,50,50],"damage_taken":[{"damage":2,"enemies":"Jaw Worm","floor":1,"turns":3},{"damage":0,"enemies":"2 Louse","floor":8,"turns":4},{"damage":8,"enemies":"Lagavulin","floor":10,"turns":4},{"damage":0,"enemies":"Small Slimes","floor":14,"turns":1},{"damage":0,"enemies":"Slime Boss","floor":16,"turns":4},{"damage":0,"enemies":"Spheric Guardian","floor":18,"turns":3},{"damage":0,"enemies":"Chosen","floor":21,"turns":3},{"damage":25,"enemies":"Book of Stabbing","floor":23,"turns":4},{"damage":7,"enemies":"Gremlin Leader","floor":25,"turns":3},{"damage":7,"enemies":"Snake Plant","floor":29,"turns":3},{"damage":0,"enemies":"Snecko","floor":31,"turns":2},{"damage":34,"enemies":"Champ","floor":33,"turns":7},{"damage":0,"enemies":"Orb Walker","floor":35,"turns":2},{"damage":27,"enemies":"Mind Bloom Boss Battle","floor":36,"turns":4},{"damage":12,"enemies":"3 Darklings","floor":37,"turns":3},{"damage":1,"enemies":"Maw","floor":39,"turns":5},{"damage":6,"enemies":"Reptomancer","floor":40,"turns":4},{"damage":37,"enemies":"Jaw Worm Horde","floor":42,"turns":4},{"damage":10,"enemies":"4 Shapes","floor":46,"turns":3},{"damage":27,"enemies":"3 Darklings","floor":48,"turns":5},{"damage":63,"enemies":"Time Eater","floor":50,"turns":6}],"seed_played":"8757063341844413493","potions_obtained":[{"floor":1,"key":"CultistPotion"},{"floor":10,"key":"BottledMiracle"},{"floor":14,"key":"SkillPotion"},{"floor":18,"key":"Swift Potion"},{"floor":23,"key":"BlessingOfTheForge"},{"floor":31,"key":"SpeedPotion"},{"floor":35,"key":"Explosive Potion"},{"floor":36,"key":"Regen Potion"},{"floor":42,"key":"BlessingOfTheForge"},{"floor":44,"key":"Energy Potion"},{"floor":44,"key":"Ancient Potion"},{"floor":44,"key":"Swift Potion"},{"floor":46,"key":"SneckoOil"}],"is_trial":false,"path_per_floor":["M","?","?","?","?","R","?","M","T","E","$","R","$","M","R","B",null,"M","?","?","M","$","E","R","E","T","R","?","M","$","M","R","B",null,"M","?","M","$","M","E","R","M","T","?","$","M","R","M","R","B"],"character_chosen":"WATCHER","items_purchased":["Weave+1","Consecrate+1","Pray","Nirvana","DollysMirror","ThirdEye","Nirvana","CutThroughFate+1","Good Instincts"],"campfire_rested":4,"item_purchase_floors":[11,11,22,22,30,38,38,45,45],"current_hp_per_floor":[63,63,63,52,45,45,29,29,29,21,21,21,21,21,40,40,65,65,65,65,65,65,40,40,33,33,33,33,26,41,41,65,31,65,65,38,35,50,49,43,43,6,6,6,21,11,45,18,52,0,0],"gold":88,"neow_bonus":"THREE_RARE_CARDS","is_daily":false,"chose_seed":false,"campfire_upgraded":5,"win_rate":0.0,"timestamp":1610753599,"path_taken":["M","?","?","?","?","R","?","?","T","E","$","R","$","M","R","BOSS","M","?","?","M","$","E","R","E","T","R","?","?","$","M","R","BOSS","M","?","M","$","M","E","R","M","T","?","$","M","R","?","R","BOSS"],"items_purchased_type":["Card","Card","Card","Card","Relic","Card","Card","Card","Card"],"build_version":"2020-12-22","purchased_purges":3,"victory":false,"max_hp_per_floor":[65,65,65,65,65,65,65,65,65,65,65,65,65,65,65,65,65,65,65,65,65,65,65,65,65,65,65,65,65,65,65,65,65,65,65,65,65,65,65,65,65,65,65,65,65,65,65,65,65,65,65],"card_choices":[{"not_picked":["Scrawl","ConjureBlade"],"picked":"Brilliance","floor":0},{"not_picked":["BowlingBash","Meditate"],"picked":"Prostrate","floor":1},{"not_picked":["Vengeance","Nirvana"],"picked":"CutThroughFate","floor":8},{"not_picked":["BattleHymn","TalkToTheHand+1"],"picked":"Worship","floor":10},{"not_picked":["Crescendo","Halt"],"picked":"JustLucky+1","floor":14},{"not_picked":["Devotion","Alpha"],"picked":"Brilliance+1","floor":16},{"not_picked":["Consecrate+1","Sanctity"],"picked":"JustLucky+1","floor":18},{"not_picked":["FlurryOfBlows+1","Halt"],"picked":"CutThroughFate+1","floor":21},{"not_picked":["Protect","PathToVictory"],"picked":"Wish","floor":23},{"not_picked":["JustLucky+1","Crescendo+1"],"picked":"Evaluate+1","floor":25},{"not_picked":["Halt+1","BowlingBash+1","ClearTheMind"],"picked":"SKIP","floor":29},{"not_picked":["SpiritShield","PathToVictory","ReachHeaven+1"],"picked":"SKIP","floor":31},{"not_picked":["Judgement","Establishment"],"picked":"Omniscience","floor":33},{"not_picked":["Halt","EmptyBody+1"],"picked":"ThirdEye","floor":35},{"not_picked":["ReachHeaven+1","Protect"],"picked":"Prostrate","floor":37},{"not_picked":["SignatureMove+1","Conclude+1","FlurryOfBlows+1"],"picked":"SKIP","floor":39},{"not_picked":["FollowUp+1","Conclude+1"],"picked":"Perseverance+1","floor":40},{"not_picked":["ReachHeaven+1","Halt","InnerPeace"],"picked":"SKIP","floor":42},{"not_picked":["JustLucky+1","Halt+1"],"picked":"CutThroughFate+1","floor":46},{"not_picked":["FollowUp+1","Halt+1","SashWhip+1"],"picked":"SKIP","floor":48}],"player_experience":258371,"relics_obtained":[{"floor":9,"key":"Molten Egg 2"},{"floor":10,"key":"Boot"},{"floor":23,"key":"Regal Pillow"},{"floor":25,"key":"MealTicket"},{"floor":26,"key":"Potion Belt"},{"floor":36,"key":"Girya"},{"floor":40,"key":"Letter Opener"},{"floor":43,"key":"Vajra"}],"event_choices":[{"damage_healed":0,"gold_gain":0,"player_choice":"Box","damage_taken":0,"relics_obtained":["Bronze Scales"],"max_hp_gain":0,"max_hp_loss":0,"event_name":"Big Fish","floor":2,"gold_loss":0,"cards_obtained":["Regret"]},{"cards_removed":["Regret"],"damage_healed":0,"gold_gain":0,"player_choice":"Forget","damage_taken":0,"max_hp_gain":0,"max_hp_loss":0,"event_name":"Living Wall","floor":3,"gold_loss":0},{"damage_healed":0,"gold_gain":75,"player_choice":"Gather Gold","damage_taken":11,"max_hp_gain":0,"max_hp_loss":0,"event_name":"World of Goop","floor":4,"gold_loss":0},{"cards_removed":["Strike_P"],"damage_healed":0,"gold_gain":0,"player_choice":"Card Removal","damage_taken":7,"max_hp_gain":0,"max_hp_loss":0,"event_name":"Golden Wing","floor":5,"gold_loss":0},{"damage_healed":0,"gold_gain":0,"player_choice":"Take Damage","damage_taken":16,"relics_obtained":["Golden Idol"],"max_hp_gain":0,"max_hp_loss":0,"event_name":"Golden Idol","floor":7,"gold_loss":0},{"damage_healed":0,"gold_gain":0,"player_choice":"Read","damage_taken":0,"max_hp_gain":0,"max_hp_loss":0,"event_name":"The Library","floor":19,"gold_loss":0,"cards_obtained":["Weave"]},{"damage_healed":0,"gold_gain":0,"player_choice":"Ignored","damage_taken":0,"max_hp_gain":0,"max_hp_loss":0,"event_name":"Cursed Tome","floor":20,"gold_loss":0},{"damage_healed":0,"gold_gain":0,"player_choice":"Traded Relic","damage_taken":0,"relics_obtained":["Nloth\u0027s Gift"],"max_hp_gain":0,"max_hp_loss":0,"event_name":"N\u0027loth","floor":28,"relics_lost":["Bronze Scales"],"gold_loss":0},{"damage_healed":0,"gold_gain":0,"player_choice":"Fight","damage_taken":0,"max_hp_gain":0,"max_hp_loss":0,"event_name":"MindBloom","floor":36,"gold_loss":0},{"damage_healed":0,"gold_gain":0,"player_choice":"Got Potions","damage_taken":0,"max_hp_gain":0,"max_hp_loss":0,"event_name":"Lab","floor":44,"gold_loss":0}],"is_beta":false,"boss_relics":[{"not_picked":["Ectoplasm","Calling Bell"],"picked":"Empty Cage"},{"not_picked":["SacredBark","Runic Dome"],"picked":"Philosopher\u0027s Stone"}],"items_purged_floors":[11,13,38],"is_endless":false,"potions_floor_spawned":[1,10,14,18,23,31,35,36,42,46],"killed_by":"Time Eater","ascension_level":3}}