{"host":"ifhtq4ixo5m3h13u","time":1610699093,"event":{"mods":["BaseMod","Downfall","Minty Spire (QoL Compilation)","StSLib","The IronCluck","Waifu the Spire","noobMod","vexMod","¡¾ÒÅÎï¿¨ÅÆ¡¿REMEMod"],"gold_per_floor":[99,110,121,121,132,144,144,164,14,28,61,87,97,115,135,240,240,165,177,196,206,216,249,275,306,321,321,336,350,350,450,465,565,565,565,565,619,1618,1637,1637,1661,1328,1343,1368,1468,1483,1483,1512,1525,1525],"floor_reached":51,"language":"ENG","playtime":2257,"items_purged":[],"score":832,"play_id":"f1be88c0-06cf-4b65-94a8-2f3f037c1437","local_time":"20210115162453","is_ascension_mode":false,"campfire_choices":[{"floor":1.0,"key":"RECALL"},{"floor":9.0,"key":"REST"},{"data":"Guardian:BaubleBeam","floor":18.0,"key":"SMITH"},{"data":"Guardian:FloatingOrbs","floor":27,"key":"SMITH"},{"floor":30,"key":"REST"},{"data":"Guardian:BaubleBeam","floor":35,"key":"SMITH"},{"floor":47,"key":"REST"}],"circlet_count":0,"master_deck":["Guardian:Strike_Guardian","Guardian:Strike_Guardian","Guardian:Strike_Guardian","Guardian:Defend_Guardian","Guardian:Defend_Guardian","Guardian:Defend_Guardian","Guardian:Defend_Guardian","Guardian:CurlUp","Guardian:TwinSlam","Guardian:SpikerProtocol","Immolate","Guardian:FloatingOrbs+1","Guardian:Harden","Guardian:BaubleBeam+1","Guardian:TimeCapacitor","Guardian:BaubleBeam+1","Guardian:TemporalStrike","Guardian:PolyBeam","expansioncontent:BronzeBeam","Normality","Normality","Guardian:Aged","Writhe","Guardian:ArmoredProtocol+1"],"relics":["Guardian:ModeShifter","ice","REME_ComplimentaryCards","downfall:HeartBlessingRed","downfall:HeartBlessingBlue","Kunai","MealTicket","Busted Crown","downfall:HeartBlessingGreen","Art of War","Juzu Bracelet","Frozen Egg 2","Cursed Key","Lizard Tail","Guardian:StasisEgg","Lantern","PreservedInsect","Boot"],"acts_visited":["Exordium","TheCity","TheBeyond"],"potions_floor_usage":[26,33,33,33,50],"damage_taken":[{"damage":6.0,"enemies":"Jaw Worm","floor":2.0,"turns":5.0},{"damage":2.0,"enemies":"Cultist","floor":3.0,"turns":3.0},{"damage":7.0,"enemies":"Small Slimes","floor":5.0,"turns":2.0},{"damage":16.0,"enemies":"Exordium Thugs","floor":6.0,"turns":4.0},{"damage":7.0,"enemies":"Blue Slaver","floor":8.0,"turns":4.0},{"damage":0.0,"enemies":"Large Slime","floor":10.0,"turns":6.0},{"damage":10.0,"enemies":"3 Sentries","floor":11.0,"turns":4.0},{"damage":5.0,"enemies":"3 Louse","floor":13.0,"turns":2.0},{"damage":4.0,"enemies":"Red Slaver","floor":14.0,"turns":4.0},{"damage":0.0,"enemies":"Large Slime","floor":15.0,"turns":3.0},{"damage":27.0,"enemies":"downfall:Ironclad","floor":16.0,"turns":7.0},{"damage":31.0,"enemies":"Chosen","floor":19.0,"turns":5.0},{"damage":0.0,"enemies":"Shell Parasite","floor":20.0,"turns":4.0},{"damage":18.0,"enemies":"Shelled Parasite and Fungi","floor":21.0,"turns":4.0},{"damage":2.0,"enemies":"Centurion and Healer","floor":22.0,"turns":4.0},{"damage":9.0,"enemies":"Slavers","floor":23.0,"turns":4.0},{"damage":28.0,"enemies":"REME_1_Revenger","floor":25.0,"turns":5.0},{"damage":0,"enemies":"Snecko","floor":26,"turns":4},{"damage":0,"enemies":"Sentry and Sphere","floor":28,"turns":3},{"damage":17,"enemies":"Snake Plant","floor":29,"turns":4},{"damage":6,"enemies":"Shelled Parasite and Fungi","floor":32,"turns":3},{"damage":10,"enemies":"downfall:Silent","floor":33,"turns":5},{"damage":23,"enemies":"2 Orb Walkers","floor":37,"turns":5},{"damage":40,"enemies":"3 Darklings","floor":39,"turns":5},{"damage":3,"enemies":"3 Shapes","floor":43,"turns":3},{"damage":23,"enemies":"Giant Head","floor":44,"turns":8},{"damage":18,"enemies":"3 Darklings","floor":46,"turns":3},{"damage":42,"enemies":"Reptomancer","floor":48,"turns":4},{"damage":55,"enemies":"Writhing Mass","floor":49,"turns":6},{"damage":42,"enemies":"downfall:Defect","floor":50,"turns":8}],"seed_played":"-8018974100545037760","potions_obtained":[{"floor":3.0,"key":"sneckomod:MuddlingPotion"},{"floor":8.0,"key":"LiquidMemories"},{"floor":11.0,"key":"Swift Potion"},{"floor":16.0,"key":"Guardian:DefensiveModePotion"},{"floor":28,"key":"SteroidPotion"},{"floor":29,"key":"LiquidBronze"},{"floor":32,"key":"champ:CounterPotion"},{"floor":33,"key":"Energy Potion"},{"floor":43,"key":"Guardian:StasisDiscoveryPotion"},{"floor":46,"key":"BlessingOfTheForge"}],"is_trial":false,"path_per_floor":["R","M","M","?","M","M","T","M","R","M","E","T","M","M","M","B",null,"R","M","M","M","M","E","T","E","M","R","M","M","R","?","M","B",null,"R","?","?","?","M","?","T","?","M","E","?","M","R","E","M","B",null],"character_chosen":"GUARDIAN","items_purchased":[],"campfire_rested":3,"item_purchase_floors":[],"current_hp_per_floor":[88,82,80,80,73,57,57,50,89,89,79,79,74,70,70,43,98,98,67,67,49,47,38,38,10,98,98,98,81,107,107,101,91,129,129,129,106,106,66,66,66,161,158,135,135,117,170,128,73,31],"gold":1525,"neow_bonus":"TEN_PERCENT_HP_BONUS","is_daily":false,"chose_seed":false,"campfire_upgraded":3,"win_rate":0.0,"timestamp":1610699093,"path_taken":["R","M","M","?","M","M","T","M","R","M","E","?","M","?","M","BOSS","R","M","M","M","M","E","T","E","M","R","M","M","R","?","M","BOSS","R","?","?","?","M","?","T","?","M","E","?","M","R","E","M","BOSS"],"items_purchased_type":[],"build_version":"2020-12-22","purchased_purges":0,"victory":true,"max_hp_per_floor":[88,88,88,88,88,88,88,88,98,98,98,98,98,98,98,98,98,98,98,98,98,98,98,98,98,98,98,101,107,107,107,111,129,129,129,129,135,135,143,143,143,161,168,173,173,179,179,184,191,222],"card_choices":[{"not_picked":["Guardian:Gem_Green","Guardian:Gem_Cyan"],"picked":"Guardian:SpikerProtocol","floor":2.0},{"not_picked":["Guardian:TimeCapacitor","Guardian:Gem_Fragmented"],"picked":"Guardian:FloatingOrbs","floor":3.0},{"not_picked":["Guardian:Preprogram","Guardian:Emergency"],"picked":"Guardian:Gem_Red","floor":5.0},{"not_picked":["Guardian:TemporalShield","Guardian:Reroute"],"picked":"Guardian:Gem_Cyan","floor":6.0},{"not_picked":["Guardian:Gem_Green","Guardian:Emergency"],"picked":"Guardian:Harden","floor":8.0},{"not_picked":["Guardian:Emergency","Guardian:Preprogram"],"picked":"Guardian:Gem_Fragmented","floor":10.0},{"not_picked":["Guardian:WalkerClaw","Guardian:ShieldCharger","Guardian:Orbwalk"],"picked":"SKIP","floor":11.0},{"not_picked":["Guardian:Gem_Cyan","Guardian:BronzeOrb"],"picked":"Guardian:BaubleBeam","floor":13.0},{"not_picked":["Guardian:EvasiveProtocol","Guardian:ChargeCore"],"picked":"Guardian:TimeCapacitor","floor":14.0},{"not_picked":["Guardian:ChargeCore","Guardian:CrystalBeam","Guardian:Clone"],"picked":"SKIP","floor":15.0},{"not_picked":["Guardian:GemFire","Guardian:AncientConstruct"],"picked":"Guardian:BaubleBeam","floor":16.0},{"not_picked":["Guardian:DecasProtection"],"picked":"SKIP","floor":19.0},{"not_picked":["Guardian:VentSteam+1"],"picked":"SKIP","floor":20.0},{"not_picked":["Guardian:PiercingHide"],"picked":"SKIP","floor":21.0},{"not_picked":[],"picked":"Guardian:TemporalStrike","floor":22.0},{"not_picked":["Guardian:ChargeUp"],"picked":"SKIP","floor":23.0},{"not_picked":["Guardian:Preprogram"],"picked":"SKIP","floor":25.0},{"not_picked":["Guardian:ChargeCore"],"picked":"SKIP","floor":26},{"not_picked":["Guardian:DecasProtection"],"picked":"SKIP","floor":28},{"not_picked":[],"picked":"Guardian:Gem_Yellow","floor":29},{"not_picked":[],"picked":"Guardian:PolyBeam","floor":32},{"not_picked":[],"picked":"Guardian:Gem_Synthetic","floor":33},{"not_picked":[],"picked":"expansioncontent:BronzeBeam","floor":36},{"not_picked":[],"picked":"Guardian:Gem_Green","floor":39},{"not_picked":["Guardian:PrimingBeam+1"],"picked":"SKIP","floor":43},{"not_picked":["Guardian:Clone"],"picked":"SKIP","floor":44},{"not_picked":[],"picked":"Guardian:ArmoredProtocol+1","floor":46},{"not_picked":["Guardian:CrystalBeam"],"picked":"SKIP","floor":48},{"not_picked":["Guardian:RefractedBeam"],"picked":"SKIP","floor":49}],"player_experience":95370,"relics_obtained":[{"floor":11.0,"key":"Kunai"},{"floor":12.0,"key":"MealTicket"},{"floor":23.0,"key":"Art of War"},{"floor":24.0,"key":"Juzu Bracelet"},{"floor":25.0,"key":"Frozen Egg 2"},{"floor":37,"key":"Lizard Tail"},{"floor":41,"key":"Lantern"},{"floor":44,"key":"PreservedInsect"},{"floor":48,"key":"Boot"}],"event_choices":[{"damage_healed":0,"gold_gain":0,"player_choice":"Fight","damage_taken":0,"max_hp_gain":0,"max_hp_loss":0,"event_name":"Mysterious Sphere","floor":37,"gold_loss":0}],"is_beta":false,"boss_relics":[{"not_picked":["Sozu","Calling Bell"],"picked":"Busted Crown"},{"not_picked":["Velvet Choker","Runic Dome"],"picked":"Cursed Key"}],"items_purged_floors":[],"is_endless":false,"potions_floor_spawned":[3,8,11,15,16,20,22,28,29,32,33,43,46,49],"ascension_level":0}}