{"host":"jr9f8lmgw9kaplsw","time":1610741390,"event":{"mods":["AchievementEnabler","BaseMod","BetterRewards","Colored Map","Hubris","Minty Spire (QoL Compilation)","Replay The Spire","Shop Mod","StSLib","The Cursed"],"gold_per_floor":[109,109,109,123,49,49,49,49,72,92,92,92,92,102,102,176,176,188,26,43,43,88,88,122,131,203,246,246,80,80,102,111,191,250,277,277,311,328,263,304,304,313,313,331,340,349,399,86,86,108,108],"floor_reached":50,"language":"ENG","playtime":2137,"items_purged":[],"score":1292,"play_id":"df3f84b2-7e98-40cf-a8f6-d8cf18488418","local_time":"20210115150950","is_ascension_mode":true,"campfire_choices":[{"floor":6.0,"key":"REST"},{"data":"Neutralize","floor":8.0,"key":"SMITH"},{"data":"Infinite Blades","floor":11,"key":"SMITH"},{"data":"Footwork","floor":15,"key":"SMITH"},{"data":"After Image","floor":23,"key":"SMITH"},{"data":"Terror","floor":28,"key":"SMITH"},{"floor":32,"key":"REST"},{"floor":42,"key":"REST"},{"floor":45,"key":"REST"},{"floor":46,"key":"REST"}],"circlet_count":0,"master_deck":["AscendersBane","Strike_G+1","Strike_G","Strike_G","Strike_G","Defend_G","Defend_G","Defend_G","Defend_G","Defend_G","Survivor","Neutralize+1","Dagger Spray","Burst","Sucker Punch","Flechettes","Dash","Infinite Blades+1","Blur","Footwork+1","Glass Knife","Cloak And Dagger+1","After Image+1","PiercingWail","Pain","Cloak And Dagger","Backflip+1","Slice","Terror+1","Corpse Explosion","Flying Knee","Distraction+1","Die Die Die+1","Dagger Spray+1","Dagger Spray+1","Backstab","Backstab","Slice","Cloak And Dagger","Madness","Madness","Flying Knee","Die Die Die","Blade Dance+1","A Thousand Cuts"],"relics":["Ring of the Snake","TungstenRod","hubris:64BitClover","Tough Bandages","hubris:Icosahedron","Ancient Tea Set","Oddly Smooth Stone","hubris:Stopwatch","hubris:SphereOfDissonance","Dream Catcher","CeramicFish","Quantum Egg","Omamori","ClockworkSouvenir","Tiny House","Ring of Chaos","WingedGreaves","Replay:Bandana","hubris:Towel","Onion Ring","TwistedFunnel"],"acts_visited":["Exordium","TheCity","TheBeyond"],"potions_floor_usage":[16,27,50],"damage_taken":[{"damage":0.0,"enemies":"2 Louse","floor":1.0,"turns":3.0},{"damage":0.0,"enemies":"Jaw Worm","floor":4.0,"turns":5.0},{"damage":0,"enemies":"Small Slimes","floor":10,"turns":2},{"damage":0,"enemies":"Red Slaver","floor":14,"turns":3},{"damage":5,"enemies":"Fading Forest","floor":16,"turns":11},{"damage":0,"enemies":"Chosen","floor":18,"turns":6},{"damage":0,"enemies":"3 Byrds","floor":20,"turns":5},{"damage":0,"enemies":"Replay:Snechameleon","floor":24,"turns":8},{"damage":6,"enemies":"Slavers","floor":27,"turns":9},{"damage":0,"enemies":"Shelled Parasite and Fungi","floor":31,"turns":4},{"damage":38,"enemies":"hubris:MusketHawk","floor":33,"turns":8},{"damage":0,"enemies":"Orb Walker","floor":35,"turns":5},{"damage":11,"enemies":"Mind Bloom Boss Battle","floor":37,"turns":7},{"damage":32,"enemies":"3 Shapes","floor":38,"turns":2},{"damage":0,"enemies":"R_Hoarder","floor":40,"turns":8},{"damage":2,"enemies":"Spire Growth","floor":47,"turns":3},{"damage":118,"enemies":"Time Eater","floor":50,"turns":11}],"seed_played":"-1985882194971747028","potions_obtained":[{"floor":1.0,"key":"Reflective Coating"},{"floor":14,"key":"SpeedPotion"},{"floor":16,"key":"FairyPotion"},{"floor":20,"key":"DuplicationPotion"},{"floor":27,"key":"Elixir"},{"floor":35,"key":"Strength Potion"}],"is_trial":false,"path_per_floor":["M","?","T","M","$","R","?","R","T","M","R","T","?","M","R","B",null,"M","$","M","$","?","R","E","?","T","E","R","$","?","M","R","B",null,"M","?","?","M","$","E","?","R","T","?","R","R","M","$","R_BF","B"],"character_chosen":"THE_SILENT","items_purchased":["TungstenRod","Dagger Spray","Dash","After Image","ClockworkSouvenir","Backstab","TwistedFunnel","A Thousand Cuts"],"campfire_rested":5,"item_purchase_floors":[0,0,5,19,29,39,48,48],"current_hp_per_floor":[34,34,34,34,34,53,53,53,53,53,53,53,53,53,53,48,62,62,62,62,62,62,62,62,62,62,56,56,56,39,39,60,22,64,64,64,53,21,21,21,21,43,43,30,52,74,72,72,76,0,0],"gold":108,"neow_bonus":"","is_daily":false,"chose_seed":false,"campfire_upgraded":5,"win_rate":0.0,"timestamp":1610741390,"path_taken":["M","?","?","M","$","R","?","R","T","M","R","?","?","?","R","BOSS","M","$","M","?","?","R","E","?","T","E","R","$","?","M","R","BOSS","M","?","?","M","$","E","?","R","T","?","R","R","?","$","R_BF","BOSS"],"items_purchased_type":["Relic","Card","Card","Card","Relic","Card","Relic","Card"],"build_version":"2020-12-22","purchased_purges":0,"victory":false,"max_hp_per_floor":[66,66,66,66,66,66,66,66,66,66,66,66,66,66,66,66,66,66,66,66,66,66,66,66,66,66,66,66,66,71,71,71,71,76,76,76,76,76,76,76,76,76,76,76,76,76,76,76,76,76,76],"card_choices":[{"not_picked":["Blade Dance","Poisoned Stab"],"picked":"Sucker Punch","floor":1.0},{"not_picked":["Deadly Poison","Expertise"],"picked":"Flechettes","floor":4.0},{"not_picked":["Dagger Throw","Escape Plan"],"picked":"Infinite Blades","floor":10},{"not_picked":["ReplayTheSpireMod:Tripwire","Distraction"],"picked":"Footwork","floor":14},{"not_picked":["Wraith Form v2","ReplayTheSpireMod:From All Sides"],"picked":"Glass Knife","floor":16},{"not_picked":["hubris:SlightOfHand","Hidden Blade"],"picked":"Cloak And Dagger+1","floor":18},{"not_picked":["Riddle With Holes","Hidden Blade"],"picked":"PiercingWail","floor":20},{"not_picked":["Quick Slash","PiercingWail"],"picked":"Cloak And Dagger","floor":22},{"not_picked":["Quick Slash","Acrobatics"],"picked":"Backflip+1","floor":22},{"not_picked":["Underhanded Strike","ReplayTheSpireMod:Tripwire"],"picked":"Slice","floor":24},{"not_picked":["Setup","ReplayTheSpireMod:Exploit Weakness"],"picked":"Corpse Explosion","floor":27},{"not_picked":["Acrobatics","Deadly Poison"],"picked":"Flying Knee","floor":31},{"not_picked":["Dagger Throw","Sucker Punch"],"picked":"Distraction","floor":32},{"not_picked":["Replay:Bag of Tricks","Poison Darts"],"picked":"Die Die Die","floor":33},{"not_picked":["hubris:Counter","Deflect"],"picked":"Dagger Spray+1","floor":34},{"not_picked":["Sucker Punch","hubris:SlightOfHand+1"],"picked":"Dagger Spray+1","floor":35},{"not_picked":["ReplayTheSpireMod:Scrap Shanks","Heel Hook"],"picked":"Backstab","floor":37},{"not_picked":["Hidden Blade","hubris:SlightOfHand+1","Reflex"],"picked":"SKIP","floor":38},{"not_picked":["Outmaneuver+1","Prepared"],"picked":"Slice","floor":40},{"not_picked":["Expertise","Bane"],"picked":"Cloak And Dagger","floor":42},{"not_picked":["Dagger Throw","Calculated Gamble"],"picked":"Flying Knee","floor":45},{"not_picked":["Draining Mist+1","Catalyst"],"picked":"Die Die Die","floor":46},{"not_picked":["Expertise","Sucker Punch"],"picked":"Blade Dance+1","floor":47}],"player_experience":2803180,"relics_obtained":[{"floor":3.0,"key":"Tough Bandages"},{"floor":9.0,"key":"Ancient Tea Set"},{"floor":12,"key":"Oddly Smooth Stone"},{"floor":20,"key":"hubris:SphereOfDissonance"},{"floor":22,"key":"Dream Catcher"},{"floor":24,"key":"CeramicFish"},{"floor":26,"key":"Quantum Egg"},{"floor":27,"key":"Omamori"},{"floor":36,"key":"Ring of Chaos"},{"floor":37,"key":"WingedGreaves"},{"floor":40,"key":"Replay:Bandana"},{"floor":43,"key":"Onion Ring"}],"event_choices":[{"damage_healed":0,"gold_gain":0,"cards_transformed":["Strike_G"],"player_choice":"Transformed","damage_taken":0,"max_hp_gain":0,"max_hp_loss":0,"event_name":"Transmorgrifier","floor":13,"gold_loss":0,"cards_obtained":["Blur"]},{"damage_healed":0,"gold_gain":0,"player_choice":"Shed Blood","damage_taken":23,"max_hp_gain":5,"max_hp_loss":0,"event_name":"Forgotten Altar","floor":30,"gold_loss":0},{"damage_healed":0,"gold_gain":0,"player_choice":"Fight","damage_taken":0,"max_hp_gain":0,"max_hp_loss":0,"event_name":"MindBloom","floor":37,"gold_loss":0},{"damage_healed":0,"gold_gain":0,"player_choice":"Embrace Madness","damage_taken":14,"max_hp_gain":0,"max_hp_loss":0,"event_name":"Winding Halls","floor":44,"gold_loss":0,"cards_obtained":["Madness","Madness"]}],"is_beta":false,"boss_relics":[{"not_picked":["Abe\u0027s Treasure","Honey Jar"],"picked":"hubris:Stopwatch"},{"not_picked":["Fusion Hammer","Astrolabe"],"picked":"Tiny House"}],"items_purged_floors":[],"is_endless":false,"potions_floor_spawned":[1,14,16,20,27,33,35,40,47],"killed_by":"Time Eater","ascension_level":16}}