{"host":"a2lvm7nbw6nkrc91","time":1610670452,"event":{"mods":["BaseMod","Friendly Minions","Hermit","Lobotomy","Minty Spire (QoL Compilation)","Replay The Spire","StSLib"],"gold_per_floor":[115,55,71,71,96,96,96,96],"floor_reached":7,"language":"KOR","playtime":198,"items_purged":[],"score":41,"play_id":"a738ea7e-6a19-4116-b994-b08d43337b30","local_time":"20210115092732","is_ascension_mode":false,"campfire_choices":[{"floor":6,"key":"REST"}],"circlet_count":0,"master_deck":["hermit:Strike_Hermit","hermit:Strike_Hermit","hermit:Strike_Hermit","hermit:Strike_Hermit","hermit:Defend_Hermit","hermit:Defend_Hermit","hermit:Defend_Hermit","hermit:Defend_Hermit","hermit:Snapshot","hermit:Covet","CrumblingArmor","hermit:Maintenance","hermit:Combo","hermit:Combo","SpiderBud","hermit:HeroicBravado","NothingThere","hermit:Enervate"],"relics":["hermit:Momento","CogitoBucket","Golden Idol"],"acts_visited":["Exordium"],"potions_floor_usage":[7],"damage_taken":[{"damage":0,"enemies":"Cultist","floor":1,"turns":3},{"damage":30,"enemies":"Jaw Worm","floor":3,"turns":4},{"damage":19,"enemies":"Small Slimes","floor":5,"turns":4},{"damage":51,"enemies":"Gremlin Nob","floor":7,"turns":3}],"seed_played":"-2181393201521757100","potions_obtained":[{"floor":1,"key":"Adrenaline Potion"},{"floor":3,"key":"ColorlessPotion"}],"is_trial":false,"path_per_floor":["M","$","M","?","M","R","E"],"character_chosen":"HERMIT","items_purchased":["hermit:Combo"],"campfire_rested":1,"item_purchase_floors":[2],"current_hp_per_floor":[75,75,45,45,26,46,0,0],"gold":96,"neow_bonus":"","is_daily":false,"chose_seed":false,"campfire_upgraded":0,"win_rate":0.0,"timestamp":1610670452,"path_taken":["M","$","M","?","M","R","E"],"items_purchased_type":["Card"],"build_version":"2020-12-22","purchased_purges":0,"victory":false,"max_hp_per_floor":[75,75,75,69,69,69,69,69],"card_choices":[{"not_picked":["UniverseFragment","Murderer","PunishingBird"],"picked":"Singing Bowl","floor":1},{"not_picked":["MHz","OSAHOGD"],"picked":"CrumblingArmor","floor":1},{"not_picked":["hermit:GoldenBullet","hermit:Midnight"],"picked":"hermit:Maintenance","floor":1},{"not_picked":["Freischutz","FairyFestival","Scorched"],"picked":"Singing Bowl","floor":3},{"not_picked":["WallGazer","CherryBlossoms"],"picked":"SpiderBud","floor":3},{"not_picked":["hermit:Feint","hermit:Midnight"],"picked":"hermit:HeroicBravado","floor":3},{"not_picked":["FairyFestival","ShyLook","Scorched"],"picked":"Singing Bowl","floor":5},{"not_picked":["MHz","Wellcheers"],"picked":"NothingThere","floor":5},{"not_picked":["hermit:BigShot","hermit:Headshot"],"picked":"hermit:Enervate","floor":5}],"player_experience":505002,"relics_obtained":[],"event_choices":[{"damage_healed":0,"gold_gain":0,"player_choice":"Lose Max HP","damage_taken":0,"relics_obtained":["Golden Idol"],"max_hp_gain":0,"max_hp_loss":6,"event_name":"Golden Idol","floor":4,"gold_loss":0}],"is_beta":false,"boss_relics":[],"items_purged_floors":[],"is_endless":false,"potions_floor_spawned":[1,3],"killed_by":"Gremlin Nob","ascension_level":0}}