{"host":"u19jhb6amotr3ucl","time":1610682945,"event":{"mods":["Act Like it!","BaseMod","Better Match","BetterRewards","Conspire","Duelist Mod","Hubris","Infinite Spire","Marisa????????","Minty Spire (QoL Compilation)","Quick Restart","Replay The Spire","Spicy Shops","StSLib","The Animator"],"gold_per_floor":[117,144,23,41,56,56,56],"floor_reached":6,"language":"ENG","playtime":484,"items_purged":[],"score":38,"play_id":"2a570ea8-866c-40ec-869b-e6df92af3f2b","local_time":"20210114225545","is_ascension_mode":false,"campfire_choices":[],"circlet_count":0,"master_deck":["animator:Strike_MadokaMagica","animator:Defend_MadokaMagica","animator:Strike","animator:Strike","animator:Strike","animator:Defend","animator:Defend","animator:Defend","animator:IrohaTamaki","animator:HarukoHaruhara","animator:Viivi","hubris:DuctTapeCard","animator:Vanir","animator:Chung"],"relics":["animator:LivingPicture","animator:TheMissingPiece","hubris:DuctTape"],"acts_visited":["Exordium"],"potions_floor_usage":[],"damage_taken":[{"damage":4,"enemies":"Cultist","floor":1,"turns":4},{"damage":2,"enemies":"Small Slimes","floor":2,"turns":4},{"damage":2,"enemies":"conspire:RoseBush","floor":4,"turns":3},{"damage":43,"enemies":"Exordium Thugs","floor":5,"turns":6},{"damage":18,"enemies":"3 Sentries","floor":6,"turns":2}],"seed_played":"2308900842700767282","potions_obtained":[{"floor":2,"key":"SteroidPotion"},{"floor":4,"key":"PowerPotion"}],"is_trial":false,"path_per_floor":["M","M","$","M","M","E"],"character_chosen":"THE_ANIMATOR","items_purchased":["hubris:DuctTape"],"campfire_rested":0,"item_purchase_floors":[3],"current_hp_per_floor":[56,54,54,52,10,0,0],"gold":56,"neow_bonus":"RANDOM_COLORLESS_2","is_daily":false,"chose_seed":false,"campfire_upgraded":0,"win_rate":0.0,"timestamp":1610682945,"path_taken":["M","M","?","M","M","E"],"items_purchased_type":["Relic"],"build_version":"2020-12-22","purchased_purges":0,"victory":false,"max_hp_per_floor":[60,60,60,60,61,61,61],"card_choices":[{"not_picked":["animator:Lelouch","animator:Kira"],"picked":"animator:HarukoHaruhara","floor":0},{"not_picked":["animator:IrohaTamaki","animator:Assassin"],"picked":"animator:Viivi","floor":1},{"not_picked":["animator:Kazuma","animator:Rena"],"picked":"animator:Ain","floor":2},{"not_picked":["animator:Raven","animator:Tatsumaki"],"picked":"animator:Vanir","floor":4},{"not_picked":["animator:Aisha","animator:Lu"],"picked":"animator:Chung","floor":5}],"player_experience":304626,"relics_obtained":[],"event_choices":[],"is_beta":false,"boss_relics":[],"items_purged_floors":[],"is_endless":false,"potions_floor_spawned":[2,4],"killed_by":"3 Sentries","ascension_level":0}}