{"host":"btt6ntw6a1bnaigc","time":1610731586,"event":{"mods":["AchievementEnabler","BaseMod","Downfall","Minty Spire (QoL Compilation)","StSLib"],"gold_per_floor":[99,116,130,141,152,166,166,192,292,217,232,281,310,460,480,582,582,507,517,50,67,67,67,67,67,80,65,65,85,10,35,46,144,144,144,162,172,184,255,283,283,283,44,76,76,76,76,76,94,94,94,129,29,29,29],"floor_reached":56,"language":"ENG","playtime":8370,"items_purged":["hexamod:Strike","Pain","Slimebound:Icky"],"score":1254,"play_id":"722ef600-a116-4f7a-be6b-7a6687aba9c4","local_time":"20210115172626","is_ascension_mode":false,"campfire_choices":[{"floor":1.0,"key":"RECALL"},{"data":"hexamod:SpectralAdrenaline","floor":10.0,"key":"SMITH"},{"data":"hexamod:TimeOfNeed","floor":18.0,"key":"SMITH"},{"floor":23.0,"key":"REST"},{"data":"hexamod:ExtraCrispy","floor":25.0,"key":"SMITH"},{"data":"hexamod:GhostflameInferno","floor":30.0,"key":"SMITH"},{"data":"hexamod:GiftsFromTheDead","floor":35.0,"key":"SMITH"},{"floor":42.0,"key":"REST"},{"data":"hexamod:EmpoweringStance","floor":45,"key":"SMITH"},{"floor":54,"key":"REST"}],"circlet_count":0,"master_deck":["hexamod:Strike+1","hexamod:Strike","hexamod:Strike+1","hexamod:Defend","hexamod:Defend","hexamod:Defend","hexamod:Defend","hexamod:Sear","hexamod:Float","hexamod:SpectralAdrenaline+1","hexamod:RainOfEmbers","hexamod:AdvancingGuard","hexamod:NightmareStrike","hexamod:BurningTouch","hexamod:ThirdSeal","hexamod:TimeOfNeed+1","hexamod:NightmareGuise","hexamod:FlamesFromBeyond","hexamod:GhostflameBarrier","hexamod:HexaLevel","hexamod:TimeWarp","hexamod:GhostflameInferno+1","hexamod:ThermalTransfer","hexamod:ExtraCrispy+1","hexamod:RainOfEmbers+1","hexamod:Incineration+1","hexamod:Hexaguard","hexamod:RainOfEmbers+1","hexamod:GiftsFromTheDead+1","hexamod:WildfireWeapon","hexamod:EmpoweringStance+1","hexamod:SoulSteal+1","hexamod:HeatShield","hexamod:Rewind+1","hexamod:RecurringNightmare+1","hexamod:GhostflameBarrier+1","expansioncontent:AwakenDeath","hexamod:GhostOfSpireFuture+1"],"relics":["hexamod:SpiritBrand","Art of War","Tiny Chest","Odd Mushroom","downfall:HeartBlessingRed","hexamod:MatchstickCase","Whetstone","Velvet Choker","downfall:HeartBlessingGreen","Turnip","Nilry\u0027s Codex","downfall:HeartBlessingBlue","The Courier","Cursed Key","Ornamental Fan","Ice Cream","Blood Vial","Torii","Happy Flower","Bottled Tornado","Strawberry"],"acts_visited":["Exordium","TheCity","TheBeyond","TheEnding"],"potions_floor_usage":[50],"damage_taken":[{"damage":0.0,"enemies":"Cultist","floor":2.0,"turns":3.0},{"damage":0.0,"enemies":"Small Slimes","floor":3.0,"turns":3.0},{"damage":0.0,"enemies":"2 Louse","floor":4.0,"turns":3.0},{"damage":1.0,"enemies":"Gremlin Gang","floor":5.0,"turns":5.0},{"damage":0.0,"enemies":"Exordium Wildlife","floor":6.0,"turns":3.0},{"damage":7.0,"enemies":"The Mushroom Lair","floor":8.0,"turns":5.0},{"damage":0.0,"enemies":"Large Slime","floor":11.0,"turns":6.0},{"damage":9.0,"enemies":"Lagavulin","floor":13.0,"turns":6.0},{"damage":2.0,"enemies":"3 Louse","floor":15.0,"turns":4.0},{"damage":27.0,"enemies":"downfall:Watcher","floor":16.0,"turns":8.0},{"damage":0.0,"enemies":"Shell Parasite","floor":19.0,"turns":4.0},{"damage":0.0,"enemies":"downfall:FleeingMerchant","floor":20.0,"turns":4.0},{"damage":17.0,"enemies":"Sentry and Sphere","floor":21.0,"turns":6.0},{"damage":0.0,"enemies":"Centurion and Healer","floor":26.0,"turns":3.0},{"damage":0.0,"enemies":"downfall:FleeingMerchant","floor":27.0,"turns":4.0},{"damage":5.0,"enemies":"Snake Plant","floor":29.0,"turns":3.0},{"damage":4.0,"enemies":"Gremlin Leader","floor":31.0,"turns":5.0},{"damage":0.0,"enemies":"Shelled Parasite and Fungi","floor":32.0,"turns":3.0},{"damage":16.0,"enemies":"downfall:Silent","floor":33.0,"turns":6.0},{"damage":17.0,"enemies":"3 Darklings","floor":36.0,"turns":5.0},{"damage":0.0,"enemies":"3 Shapes","floor":37.0,"turns":5.0},{"damage":3.0,"enemies":"Jaw Worm Horde","floor":38.0,"turns":5.0},{"damage":40.0,"enemies":"Reptomancer","floor":40.0,"turns":6.0},{"damage":12.0,"enemies":"downfall:FleeingMerchant","floor":43.0,"turns":4.0},{"damage":29,"enemies":"Nemesis","floor":44,"turns":7},{"damage":13,"enemies":"Sphere and 2 Shapes","floor":46,"turns":3},{"damage":0,"enemies":"3 Darklings","floor":49,"turns":2},{"damage":14,"enemies":"downfall:Ironclad","floor":50,"turns":6},{"damage":37,"enemies":"downfall:CharBossMerchant","floor":52,"turns":7},{"damage":49,"enemies":"downfall:NeowBoss","floor":55,"turns":28}],"seed_played":"-1677000768630654344","potions_obtained":[{"floor":2.0,"key":"Swift Potion"},{"floor":3.0,"key":"AttackPotion"},{"floor":8.0,"key":"Block Potion"},{"floor":28.0,"key":"hexamod:EctoCoolerPotion"},{"floor":28.0,"key":"DuplicationPotion"},{"floor":29.0,"key":"Regen Potion"},{"floor":31.0,"key":"hexamod:DoubleChargePotion"},{"floor":38.0,"key":"sneckomod:MuddlingPotion"},{"floor":46,"key":"SkillPotion"},{"floor":49,"key":"Energy Potion"}],"is_trial":false,"path_per_floor":["R","M","M","M","M","M","T","?","?","R","M","T","E","?","M","B",null,"R","M","$","M","?","R","T","R","M","$","?","M","R","E","M","B",null,"R","M","M","M","T","E","T","R","?","E","R","M","T","?","M","B",null,"E","$","R","B",null],"character_chosen":"THE_SPIRIT","items_purchased":["Turnip","hexamod:ExtraCrispy","Blood Vial","Torii","Happy Flower"],"campfire_rested":3,"item_purchase_floors":[20,20,43,43,43],"current_hp_per_floor":[70,70,70,70,69,69,69,62,62,62,62,62,53,53,51,24,70,70,70,70,53,37,58,58,58,58,58,58,53,63,59,59,43,80,80,63,63,60,60,20,20,44,41,14,14,3,3,3,5,20,80,50,50,76,29],"gold":29,"neow_bonus":"RANDOM_COMMON_RELIC","is_daily":false,"chose_seed":false,"campfire_upgraded":6,"win_rate":0.0,"timestamp":1610731586,"path_taken":["R","M","M","M","M","?","T","?","?","R","?","?","E","?","M","BOSS","R","M","$","M","?","R","T","R","M","$","?","M","R","E","M","BOSS","R","M","M","M","?","E","T","R","?","E","R","M","?","?","M","BOSS","E","$","R","BOSS"],"items_purchased_type":["Relic","Card","Relic","Relic","Relic"],"build_version":"2020-12-22","purchased_purges":3,"victory":true,"max_hp_per_floor":[70,70,70,70,70,70,70,70,70,70,70,70,70,70,70,70,70,70,70,70,70,70,70,70,70,70,70,70,70,80,80,80,80,80,80,80,80,80,80,80,80,80,80,80,80,80,80,80,80,80,80,87,87,87,87],"card_choices":[{"not_picked":["hexamod:Again","hexamod:BacktrackSmack"],"picked":"hexamod:SpectralAdrenaline","floor":2.0},{"not_picked":["hexamod:Again","hexamod:AdvancingGuard"],"picked":"hexamod:RainOfEmbers","floor":3.0},{"not_picked":["hexamod:InspiringFlames","hexamod:GhostOfSpirePresent"],"picked":"hexamod:AdvancingGuard","floor":4.0},{"not_picked":["hexamod:CatchUp","hexamod:GhostOfSpirePast"],"picked":"hexamod:NightmareStrike","floor":5.0},{"not_picked":["hexamod:Firestarter","hexamod:SwordOfDarkness"],"picked":"hexamod:BurningTouch","floor":6.0},{"not_picked":["hexamod:SwordOfDarkness","hexamod:BacktrackSmack"],"picked":"hexamod:ThirdSeal","floor":8.0},{"not_picked":["hexamod:RadiantFlame","hexamod:GhostShield"],"picked":"hexamod:TimeOfNeed","floor":11.0},{"not_picked":["hexamod:AdvancingGuard","hexamod:RainOfEmbers"],"picked":"hexamod:NightmareGuise","floor":11.0},{"not_picked":["hexamod:RadiantFlame","hexamod:NightmareGuise"],"picked":"hexamod:FlamesFromBeyond","floor":13.0},{"not_picked":["hexamod:ShieldOfDarkness","hexamod:NightmareStrike","hexamod:InspiringFlames"],"picked":"SKIP","floor":13.0},{"not_picked":["hexamod:ShieldOfDarkness","hexamod:HeatShield"],"picked":"hexamod:GhostflameBarrier","floor":15.0},{"not_picked":["hexamod:NecessarySacrifice","hexamod:RainOfEmbers"],"picked":"hexamod:HexaLevel","floor":15.0},{"not_picked":["hexamod:GiftsFromTheDead","hexamod:TurnItUp"],"picked":"hexamod:TimeWarp","floor":16.0},{"not_picked":["hexamod:UnleashSpirits","hexamod:SixthSeal"],"picked":"hexamod:GhostflameInferno","floor":16.0},{"not_picked":["hexamod:ShieldOfDarkness","hexamod:RainOfEmbers","hexamod:BurningTouch"],"picked":"SKIP","floor":19.0},{"not_picked":["hexamod:FirstSeal","hexamod:SwordOfDarkness"],"picked":"hexamod:ThermalTransfer","floor":20.0},{"not_picked":["hexamod:GhostShield","hexamod:InspiringFlames","hexamod:GhostLash"],"picked":"SKIP","floor":20.0},{"not_picked":["hexamod:ShieldOfDarkness","hexamod:FourthSeal"],"picked":"hexamod:RainOfEmbers+1","floor":21.0},{"not_picked":["hexamod:FifthSeal","hexamod:SpectersWail"],"picked":"hexamod:Incineration+1","floor":21.0},{"not_picked":["hexamod:PowerFromBeyond","hexamod:Again","hexamod:SwordOfDarkness"],"picked":"SKIP","floor":26.0},{"not_picked":["hexamod:ShieldOfDarkness","hexamod:NightmareStrike","hexamod:GhostShield"],"picked":"SKIP","floor":27.0},{"not_picked":["hexamod:HexaLevel","hexamod:GhostLash","hexamod:SpectralAdrenaline"],"picked":"SKIP","floor":27.0},{"not_picked":["hexamod:SwordOfDarkness","hexamod:FastForward"],"picked":"hexamod:Hexaguard","floor":29.0},{"not_picked":["hexamod:GhostLash","hexamod:ShieldOfDarkness"],"picked":"hexamod:RainOfEmbers+1","floor":29.0},{"not_picked":["hexamod:InspiringFlames","hexamod:SpectersWail"],"picked":"hexamod:GiftsFromTheDead","floor":31.0},{"not_picked":["hexamod:AdvancingGuard","hexamod:FastForward","hexamod:SpectersWail"],"picked":"SKIP","floor":31.0},{"not_picked":["hexamod:SwordOfDarkness","hexamod:ThermalTransfer","hexamod:ShieldOfDarkness"],"picked":"SKIP","floor":32.0},{"not_picked":["hexamod:HexaLevel","hexamod:TimeWarp"],"picked":"hexamod:WildfireWeapon","floor":33.0},{"not_picked":["hexamod:CrushingStance","hexamod:ParanormalForm"],"picked":"hexamod:EmpoweringStance","floor":33.0},{"not_picked":["hexamod:HauntingEcho+1","hexamod:EtherealExpedition","hexamod:NightmareStrike+1"],"picked":"SKIP","floor":36.0},{"not_picked":["hexamod:HeatShield+1","hexamod:NecessarySacrifice"],"picked":"hexamod:SoulSteal+1","floor":37.0},{"not_picked":["hexamod:GhostShield+1","hexamod:NecessarySacrifice+1","hexamod:DynamicBlow"],"picked":"SKIP","floor":37.0},{"not_picked":["hexamod:Firestarter","hexamod:GhostShield"],"picked":"hexamod:HeatShield","floor":38.0},{"not_picked":["hexamod:ShieldOfDarkness+1","hexamod:NightmareGuise","hexamod:AdvancingGuard"],"picked":"SKIP","floor":38.0},{"not_picked":["hexamod:FlamesFromBeyond","hexamod:HeatMetal+1"],"picked":"hexamod:Rewind+1","floor":40.0},{"not_picked":["hexamod:BacktrackSmack+1","hexamod:NightmareStrike","hexamod:NightmareGuise+1"],"picked":"SKIP","floor":40.0},{"not_picked":["hexamod:BurningTouch+1","hexamod:RainOfEmbers+1","hexamod:PhantomFireball+1"],"picked":"SKIP","floor":43.0},{"not_picked":["hexamod:SpectersWail+1","hexamod:BurningTouch+1","hexamod:AdvancingGuard"],"picked":"SKIP","floor":43.0},{"not_picked":["hexamod:NightmareGuise","hexamod:HeatMetal+1"],"picked":"hexamod:RecurringNightmare+1","floor":44},{"not_picked":["hexamod:HauntingEcho+1","hexamod:Incineration+1","hexamod:HeatMetal+1"],"picked":"SKIP","floor":44},{"not_picked":["hexamod:HeatMetal+1","hexamod:ThermalTransfer"],"picked":"hexamod:GhostflameBarrier+1","floor":46},{"not_picked":["hexamod:GiftsFromTheDead","hexamod:RainOfEmbers","hexamod:GhostLash"],"picked":"SKIP","floor":46},{"not_picked":["expansioncontent:CaCaw","expansioncontent:TimeRipple"],"picked":"expansioncontent:AwakenDeath","floor":48},{"not_picked":["hexamod:NightmareGuise","hexamod:GhostShield","hexamod:Again+1"],"picked":"SKIP","floor":49},{"not_picked":["hexamod:Firestarter","hexamod:UnleashSpirits"],"picked":"hexamod:GhostOfSpireFuture+1","floor":52},{"not_picked":["hexamod:SkipABeat+1","hexamod:HeatMetal","hexamod:FourthSeal"],"picked":"SKIP","floor":52}],"player_experience":221496,"relics_obtained":[{"floor":7.0,"key":"Tiny Chest"},{"floor":8.0,"key":"Odd Mushroom"},{"floor":12.0,"key":"hexamod:MatchstickCase"},{"floor":13.0,"key":"Whetstone"},{"floor":22.0,"key":"Nilry\u0027s Codex"},{"floor":31.0,"key":"The Courier"},{"floor":39.0,"key":"Ornamental Fan"},{"floor":40.0,"key":"Ice Cream"},{"floor":44,"key":"Bottled Tornado"},{"floor":52,"key":"Strawberry"}],"event_choices":[{"damage_healed":0.0,"max_hp_gain":0.0,"max_hp_loss":0.0,"gold_gain":0.0,"event_name":"Mushrooms","player_choice":"Fought Mushrooms","floor":8.0,"gold_loss":0.0,"damage_taken":0.0},{"damage_healed":0.0,"max_hp_gain":0.0,"max_hp_loss":0.0,"gold_gain":100.0,"event_name":"Wheel of Change","player_choice":"Gold","floor":9.0,"gold_loss":0.0,"damage_taken":0.0},{"damage_healed":0.0,"max_hp_gain":0.0,"max_hp_loss":0.0,"gold_gain":0.0,"event_name":"Lab","player_choice":"Got Potions","floor":28.0,"gold_loss":0.0,"damage_taken":0.0}],"is_beta":false,"boss_relics":[{"not_picked":["Runic Dome","SacredBark"],"picked":"Velvet Choker"},{"not_picked":["Calling Bell","hexamod:IceCube"],"picked":"Cursed Key"}],"items_purged_floors":[20,43,53],"is_endless":false,"potions_floor_spawned":[2,3,8,16,19,29,31,38,46,49],"ascension_level":0}}