{"host":"qmlry8i8enac5s44","time":1610679990,"event":{"mods":["Act Like it!","BaseMod","Colored Map","Gensokyo","Luminous","Marisa£®ÏF”Í°°ƒß¿Ì…≥£©","Minty Spire (QoL Compilation)","StSLib","°æ“≈ŒÔø®≈∆°øREMEMod"],"gold_per_floor":[112,162,179,179,279,309,309,309],"floor_reached":7,"language":"ZHS","playtime":466,"items_purged":[],"score":53,"play_id":"fd94b500-27f7-4c46-902e-f2c7ec40f6c9","local_time":"20210115110630","is_ascension_mode":true,"campfire_choices":[],"circlet_count":0,"master_deck":["Strike_MRS","Strike_MRS","Strike_MRS","Strike_MRS","Defend_MRS","Defend_MRS","Defend_MRS","Defend_MRS","MasterSpark","UpSweep","WitchOfGreed","Acceleration","MilkyWay","DragonMeteor","OpenUniverse","Pain","REME_TheLastStrike","Robbery","WitchLeyline","GravityBeat"],"relics":["MiniHakkero","REME_ComplimentaryCards","Toy Ornithopter","REME_IWantAll","Gensokyo:LunaticRedEyes","Shuriken"],"acts_visited":["Exordium"],"potions_floor_usage":[7,7],"damage_taken":[{"damage":4,"enemies":"Gensokyo:Gryphon","floor":1,"turns":3},{"damage":30,"enemies":"Gensokyo:Aya","floor":2,"turns":7},{"damage":3,"enemies":"Gensokyo:2_Kodama","floor":3,"turns":3},{"damage":3,"enemies":"Gensokyo:3_Fairies","floor":6,"turns":7},{"damage":20,"enemies":"Gensokyo:Aya","floor":7,"turns":5}],"seed_played":"2927007794676234231","potions_obtained":[{"floor":2,"key":"AttackPotion"},{"floor":3,"key":"AttackPotion"},{"floor":6,"key":"SkillPotion"}],"is_trial":false,"path_per_floor":["M","?","M","?","?","M","E"],"character_chosen":"MARISA","items_purchased":[],"campfire_rested":0,"item_purchase_floors":[],"current_hp_per_floor":[71,44,41,41,41,38,31,31],"gold":309,"neow_bonus":"RANDOM_COMMON_RELIC","is_daily":false,"chose_seed":false,"campfire_upgraded":0,"win_rate":0.0,"timestamp":1610679990,"path_taken":["M","?","M","?","?","?","E"],"items_purchased_type":[],"build_version":"2020-12-22","purchased_purges":0,"victory":false,"max_hp_per_floor":[75,78,78,78,78,78,81,81],"card_choices":[{"not_picked":["GalacticHalo","DoubleSpark"],"picked":"WitchOfGreed","floor":1},{"not_picked":["Acceleration","MilkyWay","DragonMeteor"],"picked":"Singing Bowl","floor":2},{"not_picked":["StarlightTyphoon","LuminesStrike"],"picked":"OpenUniverse","floor":3},{"not_picked":["Robbery","WitchLeyline","GravityBeat"],"picked":"SKIP","floor":6},{"not_picked":["Robbery","WitchLeyline","GravityBeat"],"picked":"SKIP","floor":6},{"not_picked":["LuminesStrike","6A","NonDirectionalLaser"],"picked":"Singing Bowl","floor":7}],"player_experience":325225,"relics_obtained":[{"floor":2,"key":"REME_IWantAll"}],"event_choices":[],"is_beta":false,"boss_relics":[],"items_purged_floors":[],"is_endless":false,"potions_floor_spawned":[3],"killed_by":"Gensokyo:Aya","ascension_level":1}}