{"host":"v54ek091sdz7ha6h","time":1610741177,"event":{"mods":["BaseMod","Better Vampires","Colored Map","Colored Powertips","Custom Start","DeckTracker","Highlight Path","KOR Keyword Fix","Minty Spire (QoL Compilation)","Rare Cards Sparkle","Relic Stats","StSLib","SuperFastMode","everything is the same but u backflip on backflip","slay the spire mod where everything is the same but ironclad has a cowboy hat"],"gold_per_floor":[114,114,39,59,209,239,254,269,269,18,50,75,101,101,101,175,175,188,188,206,481,499,499,203,230,230,264,283,283,283],"floor_reached":29,"language":"KOR","playtime":597,"items_purged":["Strike_R","Doubt","Regret"],"score":837,"play_id":"114e03a4-2cfd-4fa2-ae66-73aec9c71102","local_time":"20210116050617","is_ascension_mode":true,"campfire_choices":[{"data":"Armaments","floor":15.0,"key":"SMITH"},{"data":"Armaments","floor":23.0,"key":"SMITH"}],"circlet_count":0,"master_deck":["AscendersBane","Strike_R","Strike_R","Strike_R","Defend_R","Defend_R","Defend_R","Defend_R","Bash","Pommel Strike","Headbutt","Offering","Perfected Strike","Fire Breathing","Pommel Strike","Armaments+1","Inflame","Double Tap","Armaments+1","Feed","Seeing Red","Perfected Strike","Wild Strike","Evolve","Pommel Strike"],"relics":["Burning Blood","NeowsBlessing","Orichalcum","Ancient Tea Set","Bottled Flame","Happy Flower","Charon\u0027s Ashes","Mark of Pain","Bag of Preparation","Nunchaku","Gambling Chip","Blood Vial"],"acts_visited":["Exordium","TheCity"],"potions_floor_usage":[29],"damage_taken":[{"damage":0.0,"enemies":"Small Slimes","floor":1.0,"turns":1.0},{"damage":0.0,"enemies":"Cultist","floor":4.0,"turns":1.0},{"damage":0.0,"enemies":"Gremlin Nob","floor":6.0,"turns":1.0},{"damage":8.0,"enemies":"Jaw Worm","floor":7.0,"turns":3.0},{"damage":11.0,"enemies":"Looter","floor":8.0,"turns":2.0},{"damage":6.0,"enemies":"3 Sentries","floor":11.0,"turns":4.0},{"damage":8.0,"enemies":"Gremlin Nob","floor":13.0,"turns":3.0},{"damage":6.0,"enemies":"Slime Boss","floor":16.0,"turns":4.0},{"damage":6.0,"enemies":"Spheric Guardian","floor":18.0,"turns":2.0},{"damage":6.0,"enemies":"Chosen","floor":20.0,"turns":2.0},{"damage":17.0,"enemies":"Centurion and Healer","floor":22.0,"turns":4.0},{"damage":6.0,"enemies":"Gremlin Leader","floor":25.0,"turns":3.0},{"damage":43.0,"enemies":"Slavers","floor":27.0,"turns":4.0},{"damage":40.0,"enemies":"Shelled Parasite and Fungi","floor":28.0,"turns":3.0},{"damage":32,"enemies":"Book of Stabbing","floor":29,"turns":3}],"seed_played":"8095918632895487138","potions_obtained":[{"floor":1.0,"key":"Energy Potion"},{"floor":4.0,"key":"Swift Potion"},{"floor":13.0,"key":"SneckoOil"},{"floor":16.0,"key":"ElixirPotion"},{"floor":18.0,"key":"Swift Potion"},{"floor":28.0,"key":"Dexterity Potion"}],"is_trial":false,"path_per_floor":["M","?","$","M","?","E","M","M","T","$","E","T","E","?","R","B",null,"M","?","M","?","M","R","$","E","T","E","M","E"],"character_chosen":"IRONCLAD","items_purchased":["Pommel Strike","Armaments","Inflame","Bag of Preparation"],"campfire_rested":0,"item_purchase_floors":[10,10,10,24],"current_hp_per_floor":[74,74,74,75,75,75,73,68,68,68,68,68,66,71,71,71,78,81,81,81,81,74,74,74,74,74,41,13,0,0],"gold":283,"neow_bonus":"THREE_ENEMY_KILL","is_daily":false,"chose_seed":false,"campfire_upgraded":2,"win_rate":0.0,"timestamp":1610741177,"path_taken":["M","?","$","?","?","E","M","M","T","$","E","?","E","?","R","BOSS","M","?","M","?","M","R","$","E","T","E","?","E"],"items_purchased_type":["Card","Card","Card","Relic"],"build_version":"2020-12-22","purchased_purges":3,"victory":false,"max_hp_per_floor":[75,75,75,75,75,75,75,75,75,75,75,75,75,80,80,80,80,83,83,83,83,87,87,87,87,87,91,95,95,95],"relic_stats":{"Blood Vial":4,"Nunchaku":[2],"Happy Flower":[9],"counters":[15,40],"Gambling Chip":[10],"Charon\u0027s Ashes":[98],"Bag of Preparation":[8],"Orichalcum":[78],"obtain_stats":[{"Blood Vial":27,"Bottled Flame":11,"Nunchaku":25,"NeowsBlessing":0,"Happy Flower":12,"Gambling Chip":26,"Charon\u0027s Ashes":13,"Mark of Pain":17,"Bag of Preparation":24,"Orichalcum":6,"Ancient Tea Set":9,"Burning Blood":0},{"Blood Vial":13,"Bottled Flame":6,"Nunchaku":12,"NeowsBlessing":0,"Happy Flower":6,"Gambling Chip":12,"Charon\u0027s Ashes":7,"Mark of Pain":8,"Bag of Preparation":11,"Orichalcum":3,"Ancient Tea Set":5,"Burning Blood":0},{"Blood Vial":34,"Bottled Flame":12,"Nunchaku":30,"NeowsBlessing":0,"Happy Flower":12,"Gambling Chip":30,"Charon\u0027s Ashes":15,"Mark of Pain":19,"Bag of Preparation":27,"Orichalcum":3,"Ancient Tea Set":8,"Burning Blood":0}],"Burning Blood":73},"card_choices":[{"not_picked":["Clash","True Grit"],"picked":"Pommel Strike","floor":1.0},{"not_picked":["Thunderclap","Dual Wield","Warcry"],"picked":"SKIP","floor":4.0},{"not_picked":["Clothesline","Wild Strike"],"picked":"Offering","floor":6.0},{"not_picked":["Headbutt","Rage"],"picked":"Perfected Strike","floor":7.0},{"not_picked":["Iron Wave","Twin Strike"],"picked":"Fire Breathing","floor":8.0},{"not_picked":["Thunderclap","Intimidate"],"picked":"Double Tap","floor":11.0},{"not_picked":["Pommel Strike","Carnage"],"picked":"Armaments","floor":13.0},{"not_picked":["Exhume","Demon Form"],"picked":"Feed","floor":16.0},{"not_picked":["Pummel","Rage+1"],"picked":"Seeing Red","floor":18.0},{"not_picked":["Body Slam","Twin Strike"],"picked":"Wild Strike","floor":20.0},{"not_picked":["Thunderclap+1","Clash"],"picked":"Evolve","floor":22.0},{"not_picked":["Reaper","Metallicize"],"picked":"Pommel Strike","floor":25.0},{"not_picked":["Twin Strike","Cleave","Flex"],"picked":"SKIP","floor":27.0},{"not_picked":["Clothesline+1","Clash","Pummel"],"picked":"SKIP","floor":28.0}],"player_experience":1444633,"relics_obtained":[{"floor":6.0,"key":"Orichalcum"},{"floor":9.0,"key":"Ancient Tea Set"},{"floor":11.0,"key":"Bottled Flame"},{"floor":12.0,"key":"Happy Flower"},{"floor":13.0,"key":"Charon\u0027s Ashes"},{"floor":25.0,"key":"Nunchaku"},{"floor":26.0,"key":"Gambling Chip"},{"floor":27.0,"key":"Blood Vial"}],"event_choices":[{"damage_healed":0.0,"max_hp_gain":0.0,"max_hp_loss":0.0,"gold_gain":0.0,"cards_transformed":["Strike_R"],"event_name":"Transmorgrifier","player_choice":"Transformed","floor":2.0,"gold_loss":0.0,"damage_taken":0.0,"cards_obtained":["Headbutt"]},{"damage_healed":0.0,"max_hp_gain":0.0,"max_hp_loss":0.0,"gold_gain":150.0,"event_name":"Liars Game","player_choice":"AGREE","floor":5.0,"gold_loss":0.0,"damage_taken":0.0,"cards_obtained":["Doubt"]},{"damage_healed":0.0,"max_hp_gain":5.0,"max_hp_loss":0.0,"gold_gain":0.0,"event_name":"Big Fish","player_choice":"Donut","floor":14.0,"gold_loss":0.0,"damage_taken":0.0},{"damage_healed":0.0,"max_hp_gain":0.0,"max_hp_loss":0.0,"gold_gain":0.0,"event_name":"The Library","player_choice":"Read","floor":19.0,"gold_loss":0.0,"damage_taken":0.0,"cards_obtained":["Perfected Strike"]},{"damage_healed":0.0,"max_hp_gain":0.0,"max_hp_loss":0.0,"gold_gain":275.0,"event_name":"Golden Shrine","player_choice":"Desecrate","floor":21.0,"gold_loss":0.0,"damage_taken":0.0,"cards_obtained":["Regret"]}],"is_beta":false,"boss_relics":[{"not_picked":["Calling Bell","Busted Crown"],"picked":"Mark of Pain"}],"items_purged_floors":[3,10,24],"is_endless":false,"potions_floor_spawned":[1,4,13,16,18,20,28],"killed_by":"Book of Stabbing","ascension_level":20}}