{"host":"qgrlfjrqk9z96gfi","time":1610687866,"event":{"mods":["BaseMod","Block Reminder","Colored Map","DeckTracker","Minty Spire (QoL Compilation)"],"gold_per_floor":[111,125,125,24,24,24,51,51,51,67,67,80,110,26,26,104,104,104,4,4,4,4,4],"floor_reached":22,"language":"ENG","playtime":563,"items_purged":[],"score":437,"play_id":"e55be2bb-c5e4-4207-b862-ec332d76dccd","local_time":"20210114191746","is_ascension_mode":true,"campfire_choices":[{"data":"Footwork","floor":6,"key":"SMITH"},{"data":"Neutralize","floor":8,"key":"SMITH"},{"data":"Terror","floor":11,"key":"SMITH"},{"data":"Blade Dance","floor":15,"key":"SMITH"}],"circlet_count":0,"master_deck":["AscendersBane","Strike_G","Strike_G","Strike_G","Strike_G","Strike_G","Defend_G","Defend_G","Defend_G","Defend_G","Defend_G","Survivor","Neutralize+1","Blade Dance+1","Infinite Blades","Bane","Footwork+1","Slice","Terror+1","Venomology","Bouncing Flask","Accuracy","Corpse Explosion","Deadly Poison+1","Finisher","Calculated Gamble"],"relics":["Ring of the Snake","NeowsBlessing","Spirit Poop","Mummified Hand","CaptainsWheel","Regal Pillow","Ectoplasm"],"acts_visited":["Exordium","TheCity"],"potions_floor_usage":[13,16,18,19,22,22],"damage_taken":[{"damage":0,"enemies":"Cultist","floor":1,"turns":1},{"damage":0,"enemies":"Jaw Worm","floor":2,"turns":1},{"damage":0,"enemies":"3 Sentries","floor":7,"turns":1},{"damage":0,"enemies":"2 Louse","floor":10,"turns":3},{"damage":5,"enemies":"Gremlin Gang","floor":12,"turns":5},{"damage":4,"enemies":"Lagavulin","floor":13,"turns":5},{"damage":24,"enemies":"The Guardian","floor":16,"turns":9},{"damage":29,"enemies":"Shell Parasite","floor":18,"turns":5},{"damage":14,"enemies":"2 Thieves","floor":19,"turns":4},{"damage":11,"enemies":"3 Cultists","floor":21,"turns":3},{"damage":6,"enemies":"Sentry and Sphere","floor":22,"turns":2}],"seed_played":"4102419964729486646","potions_obtained":[{"floor":1,"key":"SkillPotion"},{"floor":16,"key":"SteroidPotion"}],"is_trial":false,"path_per_floor":["M","M","?","$","?","R","E","R","T","M","R","M","E","$","R","B",null,"M","M","?","M","M"],"character_chosen":"THE_SILENT","items_purchased":["Footwork","Slice","Accuracy"],"campfire_rested":0,"item_purchase_floors":[4,4,14],"current_hp_per_floor":[59,59,59,59,59,59,59,59,59,59,59,54,50,50,50,26,56,27,13,13,2,0,0],"gold":4,"neow_bonus":"THREE_ENEMY_KILL","is_daily":false,"chose_seed":false,"campfire_upgraded":4,"win_rate":0.0,"timestamp":1610687866,"path_taken":["M","?","?","?","?","R","E","R","T","?","R","?","E","?","R","BOSS","M","M","?","M","M"],"items_purchased_type":["Card","Card","Card"],"build_version":"2020-12-22","purchased_purges":0,"victory":false,"max_hp_per_floor":[66,66,66,66,66,66,66,66,66,66,66,66,66,66,66,66,66,66,66,66,66,66,66],"card_choices":[{"not_picked":["Well Laid Plans","Distraction"],"picked":"Blade Dance","floor":1},{"not_picked":["Catalyst","Backflip"],"picked":"Infinite Blades","floor":2},{"not_picked":["Prepared","Deflect","Setup"],"picked":"SKIP","floor":7},{"not_picked":["Bouncing Flask","Prepared"],"picked":"Terror","floor":10},{"not_picked":["Bane","Well Laid Plans"],"picked":"Venomology","floor":12},{"not_picked":["Catalyst","Blur"],"picked":"Bouncing Flask","floor":13},{"not_picked":["Die Die Die","Malaise"],"picked":"Corpse Explosion","floor":16},{"not_picked":["Bane","Masterful Stab+1"],"picked":"Deadly Poison+1","floor":18},{"not_picked":["Sucker Punch","Dagger Throw"],"picked":"Finisher","floor":19},{"not_picked":["Dash","Choke"],"picked":"Calculated Gamble","floor":21}],"player_experience":1010642,"relics_obtained":[{"floor":7,"key":"Mummified Hand"},{"floor":9,"key":"CaptainsWheel"},{"floor":13,"key":"Regal Pillow"}],"event_choices":[{"damage_healed":0,"gold_gain":0,"player_choice":"2 cards matched","damage_taken":0,"max_hp_gain":0,"max_hp_loss":0,"event_name":"Match and Keep!","floor":3,"gold_loss":0,"cards_obtained":["Bane","Doubt"]},{"cards_removed":["Doubt"],"damage_healed":0,"gold_gain":0,"player_choice":"Offered Curse","damage_taken":0,"relics_obtained":["Spirit Poop"],"max_hp_gain":0,"max_hp_loss":0,"event_name":"Bonfire Elementals","floor":5,"gold_loss":0},{"damage_healed":0,"gold_gain":50,"player_choice":"Stole From Cult","damage_taken":0,"max_hp_gain":0,"max_hp_loss":0,"event_name":"Nest","floor":20,"gold_loss":0}],"is_beta":false,"boss_relics":[{"not_picked":["Velvet Choker","HoveringKite"],"picked":"Ectoplasm"}],"items_purged_floors":[],"is_endless":false,"potions_floor_spawned":[1,16,21],"killed_by":"Sentry and Sphere","ascension_level":20}}