{"host":"3yynf0dn84873kbr","time":1610727447,"event":{"mods":["Act Like it!","BaseMod","CapriCore","Minty Spire (QoL Compilation)","Pale of the Ancients","StSLib","The Marked","WarShipGirlsR/战舰少女R mod","[IsaacMod]以撒尖塔"],"gold_per_floor":[116,116,116,132,150,175,129,129,208,208,221,221,252,264,264,368,368,380,380,380,395,246,257,257,277,277,277,277,292,312,329,329,424,424,424,424],"floor_reached":35,"language":"ZHS","playtime":1294,"items_purged":[],"score":469,"play_id":"ac04b2c4-6164-495c-a0f4-a5a34e359384","local_time":"20210116001727","is_ascension_mode":false,"campfire_choices":[{"data":"theMarked:GodGivenPower","floor":8,"key":"SMITH"},{"data":"theMarked:MaelstromOfLightning","floor":15,"key":"SMITH"},{"data":"theMarked:ElementalBlade","floor":24,"key":"SMITH"},{"floor":28,"key":"REST"},{"data":"theMarked:ReduceFriction","floor":32,"key":"SMITH"}],"circlet_count":0,"master_deck":["theMarked:Strike","theMarked:Strike","theMarked:Strike","theMarked:Strike","theMarked:Strike","theMarked:Defend","theMarked:Defend","theMarked:Defend","theMarked:Defend","theMarked:SoldierOfQuellstein","theMarked:GodGivenPower+1","theMarked:Static","theMarked:MaelstromOfLightning+1","theMarked:Static","theMarked:ElectricStrings","theMarked:ResourceFulStrike","theMarked:TurnInvisible","theMarked:Static","theMarked:ElementalBlade+1","theMarked:RogueSparks","theMarked:ReduceFriction+1","theMarked:Aftermath","theMarked:TakeOffHeels","CurseOfTheBell"],"relics":["theMarked:ArtifactOfAir","HushsDoor","MoneyPower","Toy Ornithopter","BookofShadows","GnawedLeaf","SlaversCollar","GuppysHead","NineLifeCat","BFFS","Bottled Lightning","Calling Bell","Bronze Scales","DeadEye","Ginger","GuppysHairball"],"acts_visited":["Exordium","TheCity","TheBeyond"],"potions_floor_usage":[16,33,33],"damage_taken":[{"damage":1,"enemies":"Jaw Worm","floor":1,"turns":2},{"damage":1,"enemies":"Cultist","floor":4,"turns":3},{"damage":5,"enemies":"Small Slimes","floor":5,"turns":3},{"damage":27,"enemies":"3 Sentries","floor":6,"turns":5},{"damage":16,"enemies":"Red Slaver","floor":11,"turns":3},{"damage":30,"enemies":"Gremlin Nob","floor":13,"turns":4},{"damage":15,"enemies":"3 Louse","floor":14,"turns":3},{"damage":0,"enemies":"Slime Boss","floor":16,"turns":5},{"damage":5,"enemies":"Chosen","floor":18,"turns":3},{"damage":21,"enemies":"Spheric Guardian","floor":21,"turns":4},{"damage":7,"enemies":"Snecko","floor":23,"turns":4},{"damage":52,"enemies":"Shelled Parasite and Fungi","floor":25,"turns":5},{"damage":31,"enemies":"Sentry and Sphere","floor":29,"turns":5},{"damage":39,"enemies":"3 Cultists","floor":30,"turns":5},{"damage":18,"enemies":"Snecko","floor":31,"turns":4},{"damage":0,"enemies":"Collector","floor":33,"turns":5},{"damage":8,"enemies":"3 Darklings","floor":35,"turns":2}],"seed_played":"6280456780876458099","potions_obtained":[{"floor":1,"key":"DistilledChaos"},{"floor":10,"key":"SpeedPotion"},{"floor":10,"key":"DuplicationPotion"},{"floor":16,"key":"CultistPotion"},{"floor":25,"key":"PowerPotion"},{"floor":33,"key":"FearPotion"}],"is_trial":false,"path_per_floor":["M","?","$","M","M","E","$","R","T","?","M","?","E","M","R","B",null,"M","?","?","M","$","M","R","M","T","?","R","M","M","M","R","B",null,"M"],"character_chosen":"THE_DEFAULT","items_purchased":["theMarked:Static","GuppysHead","NineLifeCat","BFFS","GuppysHairball"],"campfire_rested":1,"item_purchase_floors":[7,17,17,22,34],"current_hp_per_floor":[69,69,69,68,63,36,36,36,36,36,20,80,50,35,35,40,15,10,10,10,5,5,15,15,2,2,2,6,15,15,12,12,15,5,0,0],"gold":424,"neow_bonus":"ONE_RANDOM_RARE_CARD","is_daily":false,"chose_seed":false,"campfire_upgraded":4,"win_rate":0.0,"timestamp":1610727447,"path_taken":["M","?","?","M","?","E","$","R","T","?","M","?","E","M","R","BOSS","M","?","?","M","?","M","R","M","T","?","R","M","M","M","R","BOSS","M"],"items_purchased_type":["Card","Relic","Relic","Relic","Relic"],"build_version":"2020-12-22","purchased_purges":0,"victory":false,"max_hp_per_floor":[70,70,70,70,70,70,70,70,70,70,70,80,80,80,80,80,15,15,15,15,15,15,15,15,15,15,15,15,15,15,15,15,15,5,5,5],"card_choices":[{"not_picked":[],"picked":"ChaosCard","floor":0},{"not_picked":["theMarked:Frustration","theMarked:SwordAndMagic"],"picked":"theMarked:GodGivenPower","floor":1},{"not_picked":["theMarked:EmpowerWeapon","theMarked:WastefulDefense","theMarked:Improvise"],"picked":"SKIP","floor":4},{"not_picked":["theMarked:WastefulDefense","theMarked:RepellingDischarge"],"picked":"theMarked:Static","floor":5},{"not_picked":["theMarked:WastefulAttack","theMarked:TakeCover"],"picked":"theMarked:MaelstromOfLightning","floor":6},{"not_picked":["theMarked:Reabsorb","theMarked:Frustration","theMarked:BanishingStrike"],"picked":"SKIP","floor":11},{"not_picked":["theMarked:DispelDoubt","theMarked:Defy"],"picked":"theMarked:ElectricStrings","floor":13},{"not_picked":["theMarked:Frustration","theMarked:ElectricStrings"],"picked":"theMarked:ResourceFulStrike","floor":14},{"not_picked":["theMarked:ChannelForce","theMarked:SoldierForm"],"picked":"theMarked:TurnInvisible","floor":16},{"not_picked":["theMarked:SwordAndMagic","theMarked:Parkour"],"picked":"theMarked:Static","floor":18},{"not_picked":["theMarked:WastefulDefense","theMarked:BanishingWave"],"picked":"theMarked:RogueSparks","floor":21},{"not_picked":["theMarked:ShockingTouch","theMarked:ElectricStrings"],"picked":"theMarked:ReduceFriction","floor":23},{"not_picked":["theMarked:Parkour","theMarked:ElectricStrings"],"picked":"theMarked:Aftermath","floor":25},{"not_picked":["theMarked:WastefulDefense","theMarked:HeightenedSenses+1","theMarked:ElectricStrings"],"picked":"SKIP","floor":29},{"not_picked":["theMarked:EmpowerWeapon","theMarked:WardOff","theMarked:BanishingStrike"],"picked":"SKIP","floor":30},{"not_picked":["theMarked:SwordAndMagic","theMarked:ParalyzingBlade","theMarked:ElectricStrings"],"picked":"SKIP","floor":31},{"not_picked":["theMarked:ChannelForce","theMarked:Snap"],"picked":"theMarked:TakeOffHeels","floor":33}],"player_experience":129132,"relics_obtained":[{"floor":6,"key":"Toy Ornithopter"},{"floor":9,"key":"BookofShadows"},{"floor":13,"key":"GnawedLeaf"},{"floor":26,"key":"Bottled Lightning"},{"floor":34,"key":"Bronze Scales"},{"floor":34,"key":"DeadEye"},{"floor":34,"key":"Ginger"}],"event_choices":[{"damage_healed":0,"gold_gain":0,"player_choice":"Got Potions","damage_taken":0,"max_hp_gain":0,"max_hp_loss":0,"event_name":"Lab","floor":10,"gold_loss":0},{"cards_removed":["theMarked:MuscleMemory"],"damage_healed":50,"gold_gain":0,"player_choice":"Offered Rare","damage_taken":0,"max_hp_gain":10,"max_hp_loss":0,"event_name":"Bonfire Elementals","floor":12,"gold_loss":0},{"damage_healed":0,"gold_gain":0,"player_choice":"Read","damage_taken":0,"max_hp_gain":0,"max_hp_loss":0,"event_name":"The Library","floor":19,"gold_loss":0,"cards_obtained":["theMarked:ElementalBlade"]},{"damage_healed":0,"gold_gain":0,"player_choice":"Ignored","damage_taken":0,"max_hp_gain":0,"max_hp_loss":0,"event_name":"NoteForYourself","floor":27,"gold_loss":0}],"is_beta":false,"boss_relics":[{"not_picked":["Astrolabe","Fusion Hammer"],"picked":"SlaversCollar"},{"not_picked":[]},{"not_picked":["Coffee Dripper","Cursed Key"],"picked":"Calling Bell"},{"not_picked":[]}],"items_purged_floors":[],"is_endless":false,"potions_floor_spawned":[1,11,14,16,21,25,33],"killed_by":"3 Darklings","ascension_level":0}}