{"host":"ycxbpx36bkn2bmiz","time":1610674238,"event":{"mods":["Astrologer","Bard","BaseMod","Colored Powertips","Hermit","Minty Spire (QoL Compilation)","Robot Space Explorer","StSLib","The Cursed","The Dragon Tamer","The Servant 0.9.4"],"gold_per_floor":[119,119,136,136,155,181,135,153,178,204,230,242,267,260,272,389,401,425,437,449,416,416],"floor_reached":21,"language":"ENG","playtime":1589,"items_purged":[],"score":233,"play_id":"0cbb7026-40cf-43c1-afb5-c8e381b8806b","local_time":"20210114193038","is_ascension_mode":false,"campfire_choices":[{"data":"hermit:Determination","floor":15,"key":"SMITH"}],"circlet_count":0,"master_deck":["hermit:Strike_Hermit","hermit:Strike_Hermit","hermit:Strike_Hermit","hermit:Strike_Hermit","hermit:Defend_Hermit","hermit:Defend_Hermit","hermit:Defend_Hermit","hermit:Defend_Hermit","hermit:Snapshot","hermit:Covet","hermit:RoundhouseKick","hermit:Vantage","hermit:Deadeye","hermit:GhostlyPresence","hermit:Desperado","hermit:Snipe","hermit:Glare","hermit:Virtue","hermit:Combo","hermit:Determination+1","hermit:Deadeye","hermit:HighNoon","hermit:LowProfile+1"],"relics":["hermit:Momento","Pen Nib","Meat on the Bone","MawBank"],"acts_visited":["Exordium","TheCity"],"potions_floor_usage":[18,21],"damage_taken":[{"damage":1,"enemies":"Cultist","floor":1,"turns":4},{"damage":0,"enemies":"Jaw Worm","floor":3,"turns":4},{"damage":0,"enemies":"2 Louse","floor":5,"turns":1},{"damage":10,"enemies":"Lagavulin","floor":6,"turns":8},{"damage":0,"enemies":"Exordium Wildlife","floor":8,"turns":1},{"damage":2,"enemies":"Looter","floor":10,"turns":3},{"damage":6,"enemies":"2 Fungi Beasts","floor":11,"turns":3},{"damage":7,"enemies":"Large Slime","floor":13,"turns":6},{"damage":7,"enemies":"Exordium Thugs","floor":14,"turns":4},{"damage":0,"enemies":"Slime Boss","floor":16,"turns":8},{"damage":32,"enemies":"3 Byrds","floor":18,"turns":3},{"damage":6,"enemies":"2 Thieves","floor":21,"turns":2}],"seed_played":"4045623714372012513","potions_obtained":[{"floor":3,"key":"AttackPotion"},{"floor":6,"key":"PowerPotion"},{"floor":11,"key":"hermit:Tonic"},{"floor":18,"key":"SpeedPotion"}],"is_trial":false,"path_per_floor":["M","T","M","?","M","E","$","M","T","M","M","?","M","M","R","B",null,"M","?","$","M"],"character_chosen":"HERMIT","items_purchased":["hermit:Snipe"],"campfire_rested":0,"item_purchase_floors":[7],"current_hp_per_floor":[74,74,74,74,74,64,64,64,64,62,56,56,49,42,42,42,75,43,43,43,37,37],"gold":416,"neow_bonus":"ONE_RANDOM_RARE_CARD","is_daily":false,"chose_seed":false,"campfire_upgraded":1,"win_rate":0.0,"timestamp":1610674238,"path_taken":["M","?","M","?","M","E","$","M","T","?","M","?","M","M","R","BOSS","M","?","$","M"],"items_purchased_type":["Card"],"build_version":"2020-12-22","purchased_purges":0,"victory":false,"max_hp_per_floor":[75,75,75,75,75,75,75,75,75,75,75,75,75,75,75,75,75,75,75,75,75,75],"card_choices":[{"not_picked":["hermit:Feint","hermit:Misfire"],"picked":"hermit:Vantage","floor":1},{"not_picked":["hermit:Coalescence","hermit:HighCaliber"],"picked":"hermit:Deadeye","floor":3},{"not_picked":["hermit:Maintenance","hermit:Virtue"],"picked":"hermit:GhostlyPresence","floor":5},{"not_picked":["hermit:Vantage","hermit:Virtue"],"picked":"hermit:Desperado","floor":6},{"not_picked":["hermit:NoHoldsBarred","hermit:Adapt"],"picked":"hermit:Glare","floor":8},{"not_picked":["hermit:Gestalt","hermit:Snipe"],"picked":"hermit:Virtue","floor":10},{"not_picked":["hermit:Desperado","hermit:Shortfuse"],"picked":"hermit:Combo","floor":11},{"not_picked":["hermit:Desperado","hermit:LowProfile"],"picked":"hermit:Determination","floor":13},{"not_picked":["hermit:Shortfuse","hermit:Glare"],"picked":"hermit:Deadeye","floor":14},{"not_picked":["hermit:Roughhouse","hermit:OverwhelmingPower"],"picked":"hermit:HighNoon","floor":16},{"not_picked":["hermit:Snipe","hermit:Shortfuse+1"],"picked":"hermit:LowProfile+1","floor":18}],"player_experience":265562,"relics_obtained":[{"floor":2,"key":"Pen Nib"},{"floor":6,"key":"Meat on the Bone"},{"floor":9,"key":"MawBank"}],"event_choices":[{"damage_healed":0,"gold_gain":0,"player_choice":"Bought 0 Potions","damage_taken":0,"max_hp_gain":0,"max_hp_loss":0,"event_name":"The Woman in Blue","floor":4,"gold_loss":0},{"damage_healed":0,"gold_gain":0,"player_choice":"Leave","damage_taken":0,"max_hp_gain":0,"max_hp_loss":0,"event_name":"The Cleric","floor":12,"gold_loss":0}],"is_beta":false,"boss_relics":[{"not_picked":["hermit:ClaspedLocket","Empty Cage","Snecko Eye"]}],"items_purged_floors":[],"is_endless":false,"potions_floor_spawned":[3,6,11,14,18],"killed_by":"2 Thieves","ascension_level":0}}