{"host":"v9oq5ccz01n9mezq","time":1610748040,"event":{"mods":["BaseMod","Colored Map","Minty Spire (QoL Compilation)"],"gold_per_floor":[361,48,66,66,66,66,100,100,127,127,127,141,156,175,175,175,175],"floor_reached":16,"language":"ENG","playtime":703,"items_purged":["Strike_R"],"score":120,"play_id":"e1d3a810-0734-457a-bb8e-1917afd828e1","local_time":"20210115170040","is_ascension_mode":true,"campfire_choices":[{"data":"Searing Blow","floor":6.0,"key":"SMITH"},{"data":"Searing Blow+1","floor":8.0,"key":"SMITH"},{"data":"Searing Blow+2","floor":10.0,"key":"SMITH"},{"data":"Searing Blow+4","floor":15.0,"key":"SMITH"}],"circlet_count":0,"master_deck":["Strike_R","Strike_R","Strike_R","Strike_R","Defend_R","Defend_R","Defend_R","Defend_R","Bash","Pommel Strike","Searing Blow+5","Trip","Shrug It Off","Flex","Regret","Armaments","Intimidate","Shrug It Off"],"relics":["Burning Blood","Charon\u0027s Ashes","Lantern","Molten Egg 2","Anchor"],"acts_visited":["Exordium"],"potions_floor_usage":[16,16],"damage_taken":[{"damage":7.0,"enemies":"Small Slimes","floor":1.0,"turns":4.0},{"damage":0.0,"enemies":"Jaw Worm","floor":3.0,"turns":3.0},{"damage":53.0,"enemies":"Lagavulin","floor":7.0,"turns":8.0},{"damage":0.0,"enemies":"2 Louse","floor":12.0,"turns":2.0},{"damage":5.0,"enemies":"Lots of Slimes","floor":13.0,"turns":6.0},{"damage":3.0,"enemies":"2 Fungi Beasts","floor":14.0,"turns":2.0},{"damage":17,"enemies":"Hexaghost","floor":16,"turns":7}],"seed_played":"6319120174780344942","potions_obtained":[{"floor":1.0,"key":"Swift Potion"},{"floor":12.0,"key":"EssenceOfSteel"},{"floor":13.0,"key":"SpeedPotion"}],"is_trial":false,"path_per_floor":["M","$","M","?","?","R","E","R","T","R","?","M","M","M","R","B"],"character_chosen":"IRONCLAD","items_purchased":["Searing Blow","Trip","Shrug It Off","Fire Potion"],"campfire_rested":0,"item_purchase_floors":[2,2,2,2],"current_hp_per_floor":[71,71,72,72,54,54,7,7,7,7,7,13,14,17,17,0,0],"gold":175,"neow_bonus":"TWO_FIFTY_GOLD","is_daily":false,"chose_seed":false,"campfire_upgraded":4,"win_rate":0.0,"timestamp":1610748040,"path_taken":["M","$","M","?","?","R","E","R","T","R","?","M","M","?","R","BOSS"],"items_purchased_type":["Card","Card","Card","Potion"],"build_version":"2020-12-22","purchased_purges":1,"victory":false,"max_hp_per_floor":[72,72,72,72,72,72,72,72,72,72,72,72,72,72,72,72,72],"card_choices":[{"not_picked":["Rupture","Blood for Blood"],"picked":"Pommel Strike","floor":1.0},{"not_picked":["Blood for Blood","Body Slam"],"picked":"Flex","floor":3.0},{"not_picked":["Evolve","Wild Strike+1","Dual Wield"],"picked":"SKIP","floor":7.0},{"not_picked":["Clothesline+1","Flex"],"picked":"Armaments","floor":12.0},{"not_picked":["Havoc","Thunderclap+1"],"picked":"Intimidate","floor":13.0},{"not_picked":["Thunderclap+1","Exhume"],"picked":"Shrug It Off","floor":14.0}],"player_experience":79706,"relics_obtained":[{"floor":7.0,"key":"Molten Egg 2"},{"floor":9.0,"key":"Anchor"}],"event_choices":[{"damage_healed":0.0,"max_hp_gain":0.0,"max_hp_loss":0.0,"gold_gain":0.0,"event_name":"Big Fish","player_choice":"Box","floor":4.0,"gold_loss":0.0,"damage_taken":0.0,"relics_obtained":["Charon\u0027s Ashes"],"cards_obtained":["Regret"]},{"damage_healed":0.0,"max_hp_gain":0.0,"max_hp_loss":0.0,"gold_gain":0.0,"event_name":"Scrap Ooze","player_choice":"Success","floor":5.0,"gold_loss":0.0,"damage_taken":18.0,"relics_obtained":["Lantern"]},{"damage_healed":0.0,"max_hp_gain":0.0,"max_hp_loss":0.0,"gold_gain":0.0,"event_name":"Accursed Blacksmith","player_choice":"Forge","floor":11.0,"gold_loss":0.0,"damage_taken":0.0,"cards_upgraded":["Searing Blow"]}],"is_beta":false,"boss_relics":[],"items_purged_floors":[2],"is_endless":false,"potions_floor_spawned":[1,12,13],"killed_by":"Hexaghost","ascension_level":4}}