{"host":"d9m9v0h6vo0edadb","time":1610728921,"event":{"mods":["BaseMod","Hermit","Keyboard Shortcuts","Minty Spire (QoL Compilation)","StSLib","SuperFastMode","The Cursed"],"gold_per_floor":[117,130,145,70,70,70,97,97,152,179,195,223,134,163,163,237,237,257,228,128,128,128],"floor_reached":21,"language":"KOR","playtime":321,"items_purged":["Strike_G","Strike_G"],"score":444,"play_id":"10fdd024-4d9c-4c34-a363-7ba57c1bf5b0","local_time":"20210116014201","is_ascension_mode":true,"campfire_choices":[{"data":"Predator","floor":6.0,"key":"SMITH"},{"data":"Noxious Fumes","floor":8.0,"key":"SMITH"},{"floor":15.0,"key":"REST"}],"circlet_count":0,"master_deck":["AscendersBane","Strike_G","Strike_G","Defend_G","Defend_G","Defend_G","Defend_G","Defend_G","Survivor","Neutralize","Predator+1","Poisoned Stab","Footwork","Noxious Fumes+1","Poisoned Stab","Bouncing Flask","Grand Finale","PiercingWail"],"relics":["Ring of the Snake","Oddly Smooth Stone","Orichalcum","Snake Skull","Odd Mushroom","Blood Vial","Juzu Bracelet","Sozu"],"acts_visited":["Exordium","TheCity"],"potions_floor_usage":[],"damage_taken":[{"damage":4.0,"enemies":"Small Slimes","floor":1.0,"turns":3.0},{"damage":0.0,"enemies":"2 Louse","floor":2.0,"turns":4.0},{"damage":0.0,"enemies":"Cultist","floor":3.0,"turns":3.0},{"damage":13.0,"enemies":"Lagavulin","floor":7.0,"turns":8.0},{"damage":26.0,"enemies":"Gremlin Nob","floor":10.0,"turns":5.0},{"damage":0.0,"enemies":"Exordium Thugs","floor":11.0,"turns":4.0},{"damage":8.0,"enemies":"The Mushroom Lair","floor":12.0,"turns":4.0},{"damage":0.0,"enemies":"3 Sentries","floor":14.0,"turns":6.0},{"damage":26,"enemies":"Hexaghost","floor":16,"turns":8},{"damage":3,"enemies":"Spheric Guardian","floor":18,"turns":3},{"damage":16,"enemies":"2 Thieves","floor":19,"turns":4},{"damage":0,"enemies":"3 Cultists","floor":21,"turns":2}],"seed_played":"-707406513300558700","potions_obtained":[{"floor":1.0,"key":"DuplicationPotion"},{"floor":3.0,"key":"SkillPotion"},{"floor":11.0,"key":"CunningPotion"},{"floor":12.0,"key":"EssenceOfSteel"}],"is_trial":false,"path_per_floor":["M","M","M","$","?","R","E","R","T","E","M","?","?","E","R","B",null,"M","M","$","M"],"character_chosen":"THE_SILENT","items_purchased":[],"campfire_rested":1,"item_purchase_floors":[],"current_hp_per_floor":[61,61,61,61,61,61,48,48,48,22,22,14,14,16,37,13,57,56,42,42,44,44],"gold":128,"neow_bonus":"TEN_PERCENT_HP_BONUS","is_daily":false,"chose_seed":false,"campfire_upgraded":2,"win_rate":0.0,"timestamp":1610728921,"path_taken":["M","M","M","$","?","R","E","R","T","E","M","?","?","E","R","BOSS","M","M","$","M"],"items_purchased_type":[],"build_version":"2020-12-22","purchased_purges":2,"victory":false,"max_hp_per_floor":[72,72,72,72,72,72,72,72,72,72,72,72,72,72,72,72,72,72,72,72,72,72],"card_choices":[{"not_picked":["Finisher","Cloak And Dagger"],"picked":"Predator","floor":1.0},{"not_picked":["Underhanded Strike","Skewer","Flying Knee"],"picked":"SKIP","floor":2.0},{"not_picked":["Expertise","Outmaneuver"],"picked":"Poisoned Stab","floor":3.0},{"not_picked":["Heel Hook","Flechettes"],"picked":"Noxious Fumes","floor":7.0},{"not_picked":["Masterful Stab","Riddle With Holes"],"picked":"Poisoned Stab","floor":10.0},{"not_picked":["Flying Knee","Slice","Well Laid Plans"],"picked":"SKIP","floor":11.0},{"not_picked":["Expertise","Die Die Die"],"picked":"Bouncing Flask","floor":14.0},{"not_picked":["Envenom","Storm of Steel"],"picked":"Grand Finale","floor":16},{"not_picked":["Poisoned Stab","Choke","Flying Knee"],"picked":"SKIP","floor":18},{"not_picked":["Prepared","Outmaneuver+1"],"picked":"PiercingWail","floor":19}],"player_experience":971209,"relics_obtained":[{"floor":7.0,"key":"Oddly Smooth Stone"},{"floor":9.0,"key":"Orichalcum"},{"floor":10.0,"key":"Snake Skull"},{"floor":12.0,"key":"Odd Mushroom"},{"floor":14.0,"key":"Juzu Bracelet"}],"event_choices":[{"damage_healed":0.0,"max_hp_gain":0.0,"max_hp_loss":0.0,"gold_gain":0.0,"cards_transformed":["Strike_G"],"event_name":"Living Wall","player_choice":"Change","floor":5.0,"gold_loss":0.0,"damage_taken":0.0,"cards_obtained":["Footwork"]},{"damage_healed":0.0,"max_hp_gain":0.0,"max_hp_loss":0.0,"gold_gain":0.0,"event_name":"Mushrooms","player_choice":"Fought Mushrooms","floor":12.0,"gold_loss":0.0,"damage_taken":0.0},{"damage_healed":0.0,"max_hp_gain":0.0,"max_hp_loss":0.0,"gold_gain":0.0,"event_name":"WeMeetAgain","player_choice":"Paid Gold","floor":13.0,"gold_loss":89.0,"damage_taken":0.0,"relics_obtained":["Blood Vial"]}],"is_beta":false,"boss_relics":[{"not_picked":["Tiny House","Ring of the Serpent"],"picked":"Sozu"}],"items_purged_floors":[4,20],"is_endless":false,"potions_floor_spawned":[1,3,11,12],"killed_by":"3 Cultists","ascension_level":20}}