{"host":"kmq7aw60w430zvtx","time":1610733077,"event":{"mods":["BaseMod","Downfall","GifTheSpireLib","Hermit","Hubris","Minty Spire (QoL Compilation)","Replay The Spire","StSLib","The Construct","The Cursed","The Hierophant","The Jungle","The Necromancer","The Runesmith"],"gold_per_floor":[114,43,55,66,85,120,120,134,159,192,207,207,222,222,222,325,325,339,117,131,41,41,55,55,55,55,55,74,74,106,106,106,106,106],"floor_reached":33,"language":"ENG","playtime":2397,"items_purged":[],"score":277,"play_id":"3c5a5c71-e265-4417-903f-852a59f11add","local_time":"20210115185117","is_ascension_mode":false,"campfire_choices":[{"floor":7.0,"key":"RECALL"},{"floor":12,"key":"REST"},{"floor":15,"key":"REST"},{"floor":25,"key":"REST"},{"floor":29,"key":"REST"},{"floor":32,"key":"REST"}],"circlet_count":0,"master_deck":["hermit:Strike_Hermit","hermit:Strike_Hermit","hermit:Strike_Hermit","hermit:Strike_Hermit","hermit:Defend_Hermit","hermit:Defend_Hermit","hermit:Defend_Hermit","hermit:Snapshot","hermit:Covet","hermit:Vantage","hermit:Snipe","hermit:GhostlyPresence","hermit:CalledShot","hermit:Roughhouse+1","hermit:TrackingShot","hermit:WideOpen","hermit:TakeCover","hermit:Ricochet","hermit:TrackingShot","Iron Wave","hermit:Gambit","hermit:Roulette","hermit:NoHoldsBarred","hermit:Dive","hermit:BigShot","hermit:Dive","hermit:EternalForm+1","hermit:TakeCover","hermit:EyeOfTheStorm","hermit:Showdown+1"],"relics":["hermit:Momento","Quantum Egg","PreservedInsect","Nunchaku","ChewingGum","Chemical X","hermit:RedScarf"],"acts_visited":["Exordium","theJungle:Jungle"],"potions_floor_usage":[8,16,16,16,23,33],"damage_taken":[{"damage":0.0,"enemies":"Cultist","floor":1.0,"turns":4.0},{"damage":0.0,"enemies":"2 Louse","floor":3.0,"turns":3.0},{"damage":6.0,"enemies":"Jaw Worm","floor":4.0,"turns":4.0},{"damage":1.0,"enemies":"Blue Slaver","floor":5.0,"turns":8.0},{"damage":26.0,"enemies":"Gremlin Nob","floor":6.0,"turns":4.0},{"damage":0,"enemies":"3 Louse","floor":8,"turns":3},{"damage":9,"enemies":"Replay:BlueRogue","floor":10,"turns":5},{"damage":4,"enemies":"Gremlin Gang","floor":11,"turns":10},{"damage":13,"enemies":"Looter","floor":13,"turns":3},{"damage":40,"enemies":"The Guardian","floor":16,"turns":12},{"damage":15,"enemies":"theJungle:Flameango_and_Byrd","floor":18,"turns":8},{"damage":27,"enemies":"Shell Parasite","floor":20,"turns":6},{"damage":20,"enemies":"theJungle:Lyon","floor":23,"turns":5},{"damage":13,"enemies":"theJungle:JungleHuntersEncounter","floor":28,"turns":5},{"damage":29,"enemies":"theJungle:MamaSnecko","floor":30,"turns":6},{"damage":40,"enemies":"theJungle:QueenSpyder","floor":33,"turns":17}],"seed_played":"-2692565393574440834","potions_obtained":[{"floor":3.0,"key":"Explosive Potion"},{"floor":8,"key":"Strength Potion"},{"floor":10,"key":"construct:ShiftPotion"},{"floor":11,"key":"Reflective Coating"},{"floor":20,"key":"LiquidMemories"},{"floor":30,"key":"Explosive Potion"}],"is_trial":false,"path_per_floor":["M","$","M","M","M","E","R","M","T","E","M","R","M","?","R","B",null,"M","$","M","$","?","M","?","R","T","?","M","R","E","?","R","B"],"character_chosen":"HERMIT","items_purchased":["hermit:Brawl","Chemical X","hermit:NoHoldsBarred","hermit:BigShot","hermit:Dive"],"campfire_rested":5,"item_purchase_floors":[2,19,19,21,21],"current_hp_per_floor":[75,75,75,69,68,42,42,42,42,33,29,51,38,38,60,20,75,60,60,33,33,33,13,13,35,35,35,22,44,15,15,37,0,0],"gold":106,"neow_bonus":"THREE_CARDS","is_daily":false,"chose_seed":false,"campfire_upgraded":0,"win_rate":0.0,"timestamp":1610733077,"path_taken":["M","$","M","M","M","E","R","M","T","E","?","R","M","?","R","BOSS","M","$","M","$","?","?","?","R","T","?","M","R","E","?","R","BOSS"],"items_purchased_type":["Card","Relic","Card","Card","Card"],"build_version":"2020-12-22","purchased_purges":0,"victory":false,"max_hp_per_floor":[75,75,75,75,75,75,75,75,75,75,75,75,75,75,75,75,75,75,75,75,75,75,75,75,75,75,75,75,75,75,75,75,75,75],"card_choices":[{"not_picked":["hermit:CursedWeapon","hermit:Spite"],"picked":"hermit:Vantage","floor":0.0},{"not_picked":["hermit:HighCaliber","hermit:Cheat"],"picked":"hermit:Snipe","floor":1.0},{"not_picked":["hermit:Roulette","hermit:BodyArmor"],"picked":"hermit:GhostlyPresence","floor":3.0},{"not_picked":["hermit:Misfire","hermit:SprayPray"],"picked":"hermit:CalledShot","floor":4.0},{"not_picked":["hermit:BodyArmor","hermit:Maintenance"],"picked":"hermit:Roughhouse","floor":5.0},{"not_picked":["hermit:Cheat","hermit:SprayPray"],"picked":"hermit:TrackingShot","floor":6.0},{"not_picked":["hermit:Brawl","hermit:LowProfile"],"picked":"hermit:WideOpen","floor":8},{"not_picked":["hermit:Manifest","hermit:Purgatory"],"picked":"hermit:TakeCover","floor":10},{"not_picked":["hermit:CalledShot","hermit:GhostlyPresence"],"picked":"hermit:Ricochet","floor":11},{"not_picked":["hermit:Misfire","hermit:Glare"],"picked":"hermit:TrackingShot","floor":13},{"not_picked":["hermit:FatalDesire","hermit:Reprieve"],"picked":"hermit:Gambit","floor":16},{"not_picked":["hermit:Snipe","hermit:Quickdraw"],"picked":"hermit:Roulette","floor":18},{"not_picked":["hermit:Glare","hermit:Maintenance"],"picked":"hermit:Dive","floor":20},{"not_picked":["hermit:Virtue","hermit:Headshot"],"picked":"hermit:TakeCover","floor":23},{"not_picked":["hermit:HighCaliber","hermit:FlashPowder"],"picked":"hermit:EyeOfTheStorm","floor":28},{"not_picked":["hermit:Misfire","hermit:HeroicBravado"],"picked":"hermit:Showdown+1","floor":30}],"player_experience":298652,"relics_obtained":[{"floor":6.0,"key":"Quantum Egg"},{"floor":9,"key":"PreservedInsect"},{"floor":10,"key":"Nunchaku"},{"floor":30,"key":"hermit:RedScarf"}],"event_choices":[{"cards_removed":["hermit:Brawl"],"damage_healed":0,"gold_gain":0,"player_choice":"Took Card","damage_taken":0,"max_hp_gain":0,"max_hp_loss":0,"event_name":"NoteForYourself","floor":14,"gold_loss":0,"cards_obtained":["Iron Wave"]},{"damage_healed":0,"gold_gain":0,"cards_transformed":["hermit:Defend_Hermit"],"player_choice":"Transformed","damage_taken":0,"max_hp_gain":0,"max_hp_loss":0,"event_name":"Transmorgrifier","floor":22,"gold_loss":0,"cards_obtained":["hermit:EternalForm"]},{"damage_healed":0,"gold_gain":0,"player_choice":"Upgraded","damage_taken":0,"max_hp_gain":0,"max_hp_loss":0,"event_name":"Upgrade Shrine","floor":31,"gold_loss":0,"cards_upgraded":["hermit:Roughhouse"]}],"is_beta":false,"boss_relics":[{"not_picked":["Runic Pyramid","Empty Cage"],"picked":"ChewingGum"}],"items_purged_floors":[],"is_endless":false,"potions_floor_spawned":[3,8,10,11,20,30],"killed_by":"theJungle:QueenSpyder","ascension_level":0}}