{"host":"c3lc60y5x60jlt1y","time":1610711506,"event":{"mods":["AchievementEnabler","BaseMod","Bestiary","Colored Map","Minty Spire (QoL Compilation)","Quick Restart","StSLib","ojb\u0027s Info Mod"],"gold_per_floor":[19,19,19,38,57,101,101,101,101],"floor_reached":8,"language":"ENG","playtime":513,"items_purged":[],"score":73,"play_id":"75cc398b-fc61-4c59-9aaf-040ae0d378c4","local_time":"20210115135146","is_ascension_mode":true,"campfire_choices":[{"data":"Zap","floor":7,"key":"SMITH"}],"circlet_count":0,"master_deck":["Strike_B","Strike_B","Strike_B","Strike_B","Defend_B","Defend_B","Defend_B","Defend_B","Zap+1","Dualcast","Core Surge","Stack","Compile Driver","Leap","Auto Shields"],"relics":["Cracked Core","Golden Idol","Singing Bowl","Darkstone Periapt"],"acts_visited":["Exordium"],"potions_floor_usage":[8],"damage_taken":[{"damage":4,"enemies":"Small Slimes","floor":1,"turns":3},{"damage":2,"enemies":"Jaw Worm","floor":4,"turns":2},{"damage":0,"enemies":"2 Louse","floor":5,"turns":2},{"damage":36,"enemies":"3 Sentries","floor":6,"turns":8},{"damage":26,"enemies":"Lagavulin","floor":8,"turns":6}],"seed_played":"-8405459604584212780","potions_obtained":[{"floor":6,"key":"Energy Potion"}],"is_trial":false,"path_per_floor":["M","?","T","M","M","E","R","E"],"character_chosen":"DEFECT","items_purchased":[],"campfire_rested":0,"item_purchase_floors":[],"current_hp_per_floor":[64,64,64,62,62,26,26,0,0],"gold":101,"neow_bonus":"THREE_RARE_CARDS","is_daily":false,"chose_seed":false,"campfire_upgraded":1,"win_rate":0.0,"timestamp":1610711506,"path_taken":["M","?","?","M","M","E","R","E"],"items_purchased_type":[],"build_version":"2020-12-22","purchased_purges":0,"victory":false,"max_hp_per_floor":[75,69,69,69,69,69,69,69,69],"card_choices":[{"not_picked":["Reboot","All For One"],"picked":"Core Surge","floor":0},{"not_picked":["Steam","Redo"],"picked":"Stack","floor":1},{"not_picked":["Conserve Battery","Gash"],"picked":"Compile Driver","floor":4},{"not_picked":["Conserve Battery","Gash"],"picked":"Leap","floor":5},{"not_picked":["Loop","Leap"],"picked":"Auto Shields","floor":6}],"player_experience":8074539,"relics_obtained":[{"floor":3,"key":"Singing Bowl"},{"floor":6,"key":"Darkstone Periapt"}],"event_choices":[{"damage_healed":0,"gold_gain":0,"player_choice":"Lose Max HP","damage_taken":0,"relics_obtained":["Golden Idol"],"max_hp_gain":0,"max_hp_loss":6,"event_name":"Golden Idol","floor":2,"gold_loss":0}],"is_beta":false,"boss_relics":[],"items_purged_floors":[],"is_endless":false,"potions_floor_spawned":[6],"killed_by":"Lagavulin","ascension_level":6}}