{"host":"v54ek091sdz7ha6h","time":1610741758,"event":{"mods":["BaseMod","Better Vampires","Colored Map","Colored Powertips","Custom Start","DeckTracker","Highlight Path","KOR Keyword Fix","Minty Spire (QoL Compilation)","Rare Cards Sparkle","Relic Stats","StSLib","SuperFastMode","everything is the same but u backflip on backflip","slay the spire mod where everything is the same but ironclad has a cowboy hat"],"gold_per_floor":[368,1,1,20,20,52,52,52,52],"floor_reached":8,"language":"KOR","playtime":197,"items_purged":[],"score":108,"play_id":"e3fcc551-e1d7-4ec7-8181-ecf23fdb897e","local_time":"20210116051558","is_ascension_mode":true,"campfire_choices":[{"data":"Bash","floor":7.0,"key":"SMITH"}],"circlet_count":0,"master_deck":["AscendersBane","Strike_R","Strike_R+1","Strike_R","Strike_R","Strike_R","Defend_R+1","Defend_R","Defend_R","Defend_R","Bash+1","Evolve","Sentinel","Anger","Shrug It Off"],"relics":["Burning Blood","Chemical X","Oddly Smooth Stone","Boot"],"acts_visited":["Exordium"],"potions_floor_usage":[8],"damage_taken":[{"damage":17.0,"enemies":"Small Slimes","floor":1.0,"turns":4.0},{"damage":12.0,"enemies":"Jaw Worm","floor":4.0,"turns":6.0},{"damage":23.0,"enemies":"3 Sentries","floor":6.0,"turns":9.0},{"damage":27,"enemies":"Lagavulin","floor":8,"turns":7}],"seed_played":"-1603386548123355161","potions_obtained":[{"floor":1.0,"key":"BlessingOfTheForge"},{"floor":6.0,"key":"Block Potion"}],"is_trial":false,"path_per_floor":["M","$","?","M","?","E","R","E"],"character_chosen":"IRONCLAD","items_purchased":["Chemical X","Oddly Smooth Stone","Sentinel"],"campfire_rested":0,"item_purchase_floors":[2,2,2],"current_hp_per_floor":[57,57,57,51,31,14,14,0,0],"gold":52,"neow_bonus":"TWO_FIFTY_GOLD","is_daily":false,"chose_seed":false,"campfire_upgraded":1,"win_rate":0.0,"timestamp":1610741758,"path_taken":["M","$","?","M","?","E","R","E"],"items_purchased_type":["Relic","Relic","Card"],"build_version":"2020-12-22","purchased_purges":0,"victory":false,"max_hp_per_floor":[68,68,68,68,68,68,68,68,68],"relic_stats":{"counters":[4,26],"Chemical X":[1],"Boot":[3],"obtain_stats":[{"Oddly Smooth Stone":2,"Chemical X":2,"Boot":6,"Burning Blood":0},{"Oddly Smooth Stone":1,"Chemical X":1,"Boot":3,"Burning Blood":0},{"Oddly Smooth Stone":4,"Chemical X":4,"Boot":19,"Burning Blood":0}],"Burning Blood":18},"card_choices":[{"not_picked":["Rupture","Ghostly Armor"],"picked":"Evolve","floor":1.0},{"not_picked":["Thunderclap","Evolve"],"picked":"Anger","floor":4.0},{"not_picked":["Havoc","Entrench"],"picked":"Shrug It Off","floor":6.0}],"player_experience":1445565,"relics_obtained":[{"floor":6.0,"key":"Boot"}],"event_choices":[{"damage_healed":0.0,"max_hp_gain":0.0,"max_hp_loss":0.0,"gold_gain":0.0,"event_name":"Liars Game","player_choice":"Ignored","floor":3.0,"gold_loss":0.0,"damage_taken":0.0},{"damage_healed":0.0,"max_hp_gain":0.0,"max_hp_loss":0.0,"gold_gain":0.0,"event_name":"Shining Light","player_choice":"Entered Light","floor":5.0,"gold_loss":0.0,"damage_taken":20.0,"cards_upgraded":["Strike_R","Defend_R"]}],"is_beta":false,"boss_relics":[],"items_purged_floors":[],"is_endless":false,"potions_floor_spawned":[1,6],"killed_by":"Lagavulin","ascension_level":20}}