{"host":"se62q65hiqxz7cab","time":1610685525,"event":{"mods":["Act Like it!","BaseMod","Colored Map","Downfall","Minty Spire (QoL Compilation)","Remilia£®¿Ÿ√◊¿Ú—«£©","Replay The Spire","Shop Mod","StSLib","The Bug Knight","The Cursed","The Servant 0.9.4"],"gold_per_floor":[99,115,133,152,252,272,272,272,288,302,302,318,318,337,355,457,457,382,382,382,392,5,16,43,43,53,14,24,24,35,46,59,161,161,161,175,175,160,160,160,187,211,228,238,163,177,177,229,242,242],"floor_reached":51,"language":"ZHS","playtime":3927,"items_purged":["hexamod:Defend","hexamod:Strike"],"score":672,"play_id":"dd888604-eca9-4c8e-9886-21d0ffb8c864","local_time":"20210115123845","is_ascension_mode":false,"campfire_choices":[{"data":"hexamod:Float","floor":1,"key":"SMITH"},{"floor":8,"key":"RECALL"},{"data":"hexamod:RainOfEmbers","floor":11,"key":"SMITH"},{"data":"hexamod:VolcanoVisage","floor":13,"key":"SMITH"},{"data":"hexamod:GhostflameInferno","floor":18,"key":"SMITH"},{"floor":29,"key":"REST"},{"floor":35,"key":"REST"},{"floor":40,"key":"REST"},{"floor":45,"key":"REST"},{"floor":47,"key":"REST"}],"circlet_count":0,"master_deck":["hexamod:Strike","hexamod:Strike","hexamod:Strike","hexamod:Defend","hexamod:Defend+1","hexamod:Defend","hexamod:Sear","hexamod:Float+1","hexamod:Incineration","hexamod:RainOfEmbers+1","hexamod:ThermalTransfer","hexamod:VolcanoVisage+1","hexamod:GhostflameInferno+1","AbeCurse","hexamod:FirstSeal","hexamod:AdvancingGuard","hexamod:BurningTouch+1","hexamod:HeatMetal+1","hexamod:SearingWound","hexamod:ThermalTransfer","hexamod:EmpoweredFlame","hexamod:Firestarter+1","hexamod:BurningTouch","hexamod:RainOfEmbers","hexamod:WildfireWeapon","hexamod:Firestarter+1","hexamod:PhantomFireball","hexamod:ThermalTransfer+1"],"relics":["hexamod:SpiritBrand","Ornamental Fan","Abe\u0027s Treasure","downfall:HeartBlessingRed","OrangePellets","Replay:Rubber Ducky","Oddly Smooth Stone","Fusion Hammer","downfall:TeleportStone","Counterbalance","Gremlin Food","downfall:HeartBlessingBlue","Blood Vial"],"acts_visited":["Exordium","TheCity","TheBeyond"],"potions_floor_usage":[16,16,16,33,33,33,49,50,50],"damage_taken":[{"damage":4,"enemies":"Cultist","floor":2,"turns":4},{"damage":1,"enemies":"Small Slimes","floor":3,"turns":3},{"damage":1,"enemies":"Jaw Worm","floor":4,"turns":3},{"damage":0,"enemies":"Exordium Wildlife","floor":6,"turns":3},{"damage":0,"enemies":"Blue Slaver","floor":9,"turns":3},{"damage":9,"enemies":"Lots of Slimes","floor":10,"turns":6},{"damage":12,"enemies":"3 Louse","floor":12,"turns":4},{"damage":8,"enemies":"Red Slaver","floor":14,"turns":3},{"damage":17,"enemies":"Exordium Wildlife","floor":15,"turns":6},{"damage":10,"enemies":"downfall:Watcher","floor":16,"turns":6},{"damage":11,"enemies":"Shell Parasite","floor":21,"turns":6},{"damage":0,"enemies":"downfall:FleeingMerchant","floor":22,"turns":4},{"damage":17,"enemies":"Centurion and Healer","floor":23,"turns":6},{"damage":22,"enemies":"Chosen and Byrds","floor":26,"turns":6},{"damage":0,"enemies":"downfall:FleeingMerchant","floor":27,"turns":4},{"damage":1,"enemies":"Snake Plant","floor":28,"turns":3},{"damage":20,"enemies":"Shelled Parasite and Fungi","floor":30,"turns":6},{"damage":0,"enemies":"Centurion and Healer","floor":31,"turns":5},{"damage":6,"enemies":"Snake Plant","floor":32,"turns":4},{"damage":35,"enemies":"downfall:Silent","floor":33,"turns":6},{"damage":6,"enemies":"Orb Walker","floor":36,"turns":3},{"damage":4,"enemies":"downfall:FleeingMerchant","floor":38,"turns":4},{"damage":0,"enemies":"downfall:FleeingMerchant","floor":42,"turns":2},{"damage":15,"enemies":"3 Darklings","floor":43,"turns":4},{"damage":4,"enemies":"4 Shapes","floor":44,"turns":6},{"damage":47,"enemies":"Sphere and 2 Shapes","floor":46,"turns":7},{"damage":57,"enemies":"Transient","floor":49,"turns":5},{"damage":2,"enemies":"downfall:Ironclad","floor":50,"turns":6}],"seed_played":"7707291537850414743","potions_obtained":[{"floor":4,"key":"ColorlessPotion"},{"floor":9,"key":"PowerPotion"},{"floor":10,"key":"Fire Potion"},{"floor":19,"key":"CultistPotion"},{"floor":23,"key":"BlessingOfTheForge"},{"floor":30,"key":"SteroidPotion"},{"floor":32,"key":"DuplicationPotion"},{"floor":33,"key":"Fire Potion"},{"floor":43,"key":"champ:CounterPotion"},{"floor":44,"key":"Milkshake"}],"is_trial":false,"path_per_floor":["R","M","M","M","?","M","T","R","M","M","R","M","R","M","M","B",null,"R","?","?","M","$","M","T","?","M","$","M","R","M","M","M","B",null,"R","M","?","$","T","R","T","$","M","M","R","M","R","?","M","B",null],"character_chosen":"THE_SPIRIT","items_purchased":["OrangePellets","Replay:Rubber Ducky","hexamod:ThermalTransfer","Gremlin Food","hexamod:PhantomFireball"],"campfire_rested":5,"item_purchase_floors":[22,22,27,42,42],"current_hp_per_floor":[77,73,72,71,71,71,71,71,71,62,62,50,50,42,25,15,77,77,77,70,66,73,63,63,63,48,55,61,77,64,71,72,44,77,77,71,71,74,74,77,77,77,62,65,87,47,73,73,25,32],"gold":242,"neow_bonus":"TEN_PERCENT_HP_BONUS","is_daily":false,"chose_seed":false,"campfire_upgraded":4,"win_rate":0.0,"timestamp":1610685525,"path_taken":["R","M","?","M","?","M","T","R","M","M","R","M","R","M","M","BOSS","R","?","?","M","$","M","T","?","M","$","M","R","?","M","M","BOSS","R","M","?","?","?","R","T","?","M","M","R","M","R","?","M","BOSS"],"items_purchased_type":["Relic","Relic","Card","Relic","Card"],"build_version":"2020-12-22","purchased_purges":2,"victory":true,"max_hp_per_floor":[77,77,77,77,77,77,77,77,77,77,77,77,77,77,77,77,77,77,77,77,77,77,77,77,77,77,77,77,77,77,77,77,77,77,77,77,77,77,77,77,77,77,77,77,87,87,87,87,87,87],"card_choices":[{"not_picked":["hexamod:Hexaguard","hexamod:SpectersWail"],"picked":"hexamod:Incineration","floor":2},{"not_picked":["hexamod:NightmareStrike","hexamod:GhostLash"],"picked":"hexamod:RainOfEmbers","floor":3},{"not_picked":["hexamod:ShieldOfDarkness","hexamod:RainOfEmbers","hexamod:GhostLash"],"picked":"SKIP","floor":4},{"not_picked":["hexamod:NightmareStrike","hexamod:FourthSeal","hexamod:HeatShield"],"picked":"SKIP","floor":6},{"not_picked":["hexamod:FastForward","hexamod:SpectersWail","hexamod:RainOfEmbers"],"picked":"SKIP","floor":9},{"not_picked":["hexamod:RecurringNightmare","hexamod:BacktrackSmack"],"picked":"hexamod:ThermalTransfer","floor":10},{"not_picked":["hexamod:SwordOfDarkness","hexamod:RadiantFlame"],"picked":"hexamod:VolcanoVisage","floor":12},{"not_picked":["hexamod:PhantomCloak","hexamod:GhostLash","hexamod:SecondSeal"],"picked":"SKIP","floor":14},{"not_picked":["hexamod:GhostOfSpirePresent","hexamod:Haunt","hexamod:NecessarySacrifice"],"picked":"SKIP","floor":15},{"not_picked":["hexamod:EmpoweringStance","hexamod:HexaLevel"],"picked":"hexamod:GhostflameInferno","floor":16},{"not_picked":["hexamod:NightmareGuise+1","hexamod:SpectersWail+1","hexamod:RainOfEmbers"],"picked":"SKIP","floor":21},{"not_picked":["hexamod:RecurringNightmare+1","hexamod:GhostLash"],"picked":"hexamod:AdvancingGuard","floor":22},{"not_picked":["hexamod:SecondSeal","hexamod:BacktrackSmack"],"picked":"hexamod:BurningTouch+1","floor":23},{"not_picked":["hexamod:StepThrough","hexamod:FifthSeal"],"picked":"hexamod:HeatMetal+1","floor":26},{"not_picked":["hexamod:GhostOfSpirePast","hexamod:GhostOfSpireFuture+1"],"picked":"hexamod:SearingWound","floor":27},{"not_picked":["hexamod:Incineration+1","hexamod:HeatShield"],"picked":"hexamod:EmpoweredFlame","floor":28},{"not_picked":["hexamod:RainOfEmbers","hexamod:SwordOfDarkness"],"picked":"hexamod:Firestarter","floor":30},{"not_picked":["hexamod:SkipABeat","hexamod:Haunt"],"picked":"hexamod:BurningTouch","floor":31},{"not_picked":["hexamod:NightmareGuise","hexamod:Incineration"],"picked":"hexamod:RainOfEmbers","floor":32},{"not_picked":["hexamod:UnleashSpirits","hexamod:EmpoweringStance"],"picked":"hexamod:WildfireWeapon","floor":33},{"not_picked":["hexamod:ThermalTransfer+1","hexamod:GhostOfSpirePresent","hexamod:RetreatToShadows"],"picked":"SKIP","floor":36},{"not_picked":["hexamod:BurningTouch","hexamod:FastForward","hexamod:SpectersWail"],"picked":"SKIP","floor":38},{"not_picked":["hexamod:TurnItUp","hexamod:SwordOfDarkness+1"],"picked":"hexamod:Firestarter+1","floor":42},{"not_picked":["hexamod:NightmareStrike+1","hexamod:SwordOfDarkness","hexamod:Firestarter+1"],"picked":"SKIP","floor":43},{"not_picked":["hexamod:NightmareStrike","hexamod:FastForward","hexamod:SkipABeat+1"],"picked":"SKIP","floor":44},{"not_picked":["hexamod:BacktrackSmack","hexamod:SwordOfDarkness+1","hexamod:HeatCrush+1"],"picked":"SKIP","floor":46},{"not_picked":["hexamod:GhostShield","hexamod:PhantomFireball+1"],"picked":"hexamod:ThermalTransfer+1","floor":49}],"player_experience":208635,"relics_obtained":[{"floor":7,"key":"Ornamental Fan"},{"floor":24,"key":"Oddly Smooth Stone"},{"floor":39,"key":"Counterbalance"},{"floor":48,"key":"Blood Vial"}],"event_choices":[],"is_beta":false,"boss_relics":[{"not_picked":["Astrolabe","ReplayTheSpireMod:DimensionalGlitch"],"picked":"Abe\u0027s Treasure"},{"not_picked":["Honey Jar","Ring of Chaos"],"picked":"Fusion Hammer"}],"items_purged_floors":[22,42],"is_endless":false,"potions_floor_spawned":[4,9,10,12,23,30,32,33,43,44,46],"ascension_level":0}}