{"host":"jmyzvm1p6bjfuoy1","time":1610724429,"event":{"mods":["2.2 Compatiblity","AchievementEnabler","Aspiration","BaseMod","BetterRewards","Conspire","Downfall","Hubris","Hunter ??","Jedi Mod","Minty Spire (QoL Compilation)","Permanent Neow","Rare Cards Sparkle","Shop Mod","Spicy Shops","StSLib","The Runesmith"],"gold_per_floor":[161,175,194,194,180,180,209,223,223,234,253,253,264,281,281,377,377,389,389,401,77,94,94,119,119,119],"floor_reached":25,"language":"ENG","playtime":4159,"items_purged":[],"score":229,"play_id":"5cf960f0-82ba-4e6f-a027-64aa2230a60a","local_time":"20210115102709","is_ascension_mode":false,"campfire_choices":[{"floor":6.0,"key":"REST"},{"floor":12.0,"key":"REST"},{"data":"Survivor","floor":15.0,"key":"SMITH"},{"floor":23,"key":"REST"}],"circlet_count":0,"master_deck":["Strike_G+1","Strike_G","Strike_G","Strike_G","Strike_G","Defend_G","Defend_G","Defend_G","Defend_G","Defend_G","Survivor+1","Neutralize","Bane","Riddle With Holes","Backflip","Caltrops","Deadly Poison","Backstab","Slice","jedi:pocketpoison","Poisoned Stab","Dodge and Roll","Bouncing Flask","Corpse Explosion","Sucker Punch","Slice","Sadistic Nature","jedi:studypoison","Bane","jedi:pocketpoison"],"relics":["Tiny House","Blood Vial","conspire:Dentures","conspire:SlowCooker","MutagenicStrength","Orichalcum"],"acts_visited":["Exordium","TheCity"],"potions_floor_usage":[24],"damage_taken":[{"damage":9.0,"enemies":"Jaw Worm","floor":1.0,"turns":5.0},{"damage":2.0,"enemies":"conspire:RoseBush","floor":2.0,"turns":3.0},{"damage":0.0,"enemies":"2 Louse","floor":3.0,"turns":4.0},{"damage":12.0,"enemies":"Exordium Thugs","floor":5.0,"turns":5.0},{"damage":13.0,"enemies":"Lagavulin","floor":7.0,"turns":5.0},{"damage":0.0,"enemies":"2 Fungi Beasts","floor":8.0,"turns":4.0},{"damage":2.0,"enemies":"Lots of Slimes","floor":10.0,"turns":4.0},{"damage":14.0,"enemies":"Exordium Wildlife","floor":11.0,"turns":4.0},{"damage":27.0,"enemies":"Gremlin Gang","floor":13.0,"turns":4.0},{"damage":2.0,"enemies":"Blue Slaver","floor":14.0,"turns":3.0},{"damage":28.0,"enemies":"Hexaghost","floor":16.0,"turns":8.0},{"damage":12,"enemies":"Shell Parasite","floor":18,"turns":5},{"damage":8,"enemies":"3 Byrds","floor":20,"turns":3},{"damage":38,"enemies":"Shelled Parasite and Fungi","floor":22,"turns":5},{"damage":28,"enemies":"Slavers","floor":24,"turns":4},{"damage":28,"enemies":"Sentry and Sphere","floor":25,"turns":3}],"seed_played":"-790924950962369180","potions_obtained":[{"floor":0.0,"key":"Strength Potion"},{"floor":5.0,"key":"DuplicationPotion"},{"floor":7.0,"key":"conspire:TimeTravelPotion"},{"floor":11.0,"key":"ColorlessPotion"},{"floor":13.0,"key":"jedi:tentaclejuice"},{"floor":14.0,"key":"AttackPotion"},{"floor":16.0,"key":"Fruit Juice"},{"floor":18,"key":"jedi:tentaclejuice"}],"is_trial":false,"path_per_floor":["M","M","M","?","M","R","E","M","T","M","M","R","M","M","R","B",null,"M","?","M","$","M","R","E","M"],"character_chosen":"THE_SILENT","items_purchased":["Sadistic Nature","jedi:studypoison"],"campfire_rested":3,"item_purchase_floors":[21,21],"current_hp_per_floor":[66,64,64,57,45,67,54,56,56,56,44,66,68,68,68,47,80,68,68,62,62,26,50,24,0,0],"gold":119,"neow_bonus":"BOSS_RELIC","is_daily":false,"chose_seed":false,"campfire_upgraded":1,"win_rate":0.0,"timestamp":1610724429,"path_taken":["M","M","M","?","M","R","E","M","T","M","M","R","?","M","R","BOSS","M","?","M","$","M","R","E","M"],"items_purchased_type":["Card","Card"],"build_version":"2020-12-22","purchased_purges":0,"victory":false,"max_hp_per_floor":[75,75,75,75,75,75,75,75,75,75,75,75,75,75,75,80,80,80,80,80,80,80,80,80,80,80],"card_choices":[{"not_picked":["Dagger Throw","Outmaneuver"],"picked":"Bane","floor":0.0},{"not_picked":["jedi:acidrain","Flying Knee"],"picked":"Riddle With Holes","floor":1.0},{"not_picked":["Acrobatics","Tactician"],"picked":"Backflip","floor":2.0},{"not_picked":["Predator","Tactician"],"picked":"Caltrops","floor":3.0},{"not_picked":["Dodge and Roll","PiercingWail"],"picked":"Deadly Poison","floor":5.0},{"not_picked":["Acrobatics","Escape Plan"],"picked":"Backstab","floor":7.0},{"not_picked":["hubris:SlightOfHand","Well Laid Plans"],"picked":"Slice","floor":8.0},{"not_picked":["Dagger Throw","Dodge and Roll"],"picked":"jedi:pocketpoison","floor":10.0},{"not_picked":["Masterful Stab","Slice"],"picked":"Poisoned Stab","floor":11.0},{"not_picked":["Predator","Prepared"],"picked":"Dodge and Roll","floor":13.0},{"not_picked":["Masterful Stab","Deflect"],"picked":"Bouncing Flask","floor":14.0},{"not_picked":["Grand Finale","A Thousand Cuts"],"picked":"Corpse Explosion","floor":16.0},{"not_picked":["Underhanded Strike","Accuracy"],"picked":"Sucker Punch","floor":18},{"not_picked":["Dodge and Roll+1","Sucker Punch+1"],"picked":"Slice","floor":20},{"not_picked":["Blade Dance+1","Eviscerate"],"picked":"Bane","floor":22},{"not_picked":["Masterful Stab","Poisoned Stab"],"picked":"jedi:pocketpoison","floor":24}],"player_experience":295910,"relics_obtained":[{"floor":7.0,"key":"Blood Vial"},{"floor":9.0,"key":"conspire:Dentures"},{"floor":24,"key":"Orichalcum"}],"event_choices":[{"damage_healed":0.0,"max_hp_gain":0.0,"max_hp_loss":0.0,"gold_gain":0.0,"event_name":"Wheel of Change","player_choice":"Damaged","floor":4.0,"gold_loss":0.0,"damage_taken":7.0},{"damage_healed":0,"gold_gain":0,"player_choice":"Inject Mutagens","damage_taken":0,"relics_obtained":["MutagenicStrength"],"max_hp_gain":0,"max_hp_loss":0,"event_name":"Drug Dealer","floor":19,"gold_loss":0}],"is_beta":false,"boss_relics":[{"not_picked":["hubris:BlackHole","jedi:paperlyon"],"picked":"conspire:SlowCooker"}],"items_purged_floors":[],"is_endless":false,"potions_floor_spawned":[5,7,11,13,14,16,18],"killed_by":"Sentry and Sphere","ascension_level":0}}