{"host":"njruw0b0uprlitpx","time":1610686510,"event":{"mods":["2.2 Compatiblity","Astrologer","Bartender","BaseMod","Better Altar","Better Match","Better Note","Better Sensory Stone","Better Skull","Better Third Choice","BetterRewards","Block Reminder","Colored Map","Colored Powertips","Energized Spire","Jedi Mod","Keyboard Shortcuts","Minty Spire (QoL Compilation)","Quick Restart","Rare Cards Sparkle","Relic Stats","Replay The Spire","SacredBarkPlus","Spicy Shops","StSLib","SuperFastMode","The Construct","The Dragon Tamer","The Hierophant","The Marked","The Mystic","Wandering Minibosses"],"gold_per_floor":[109,109,5,5,20,47,47,57,134,17,17,45,60,94,94,197,197,210,210,7,7,27,56,56,87,87,119,119,119,119,136,136,241,241,261,273,292,292,302,302,320,646,646,32,32,80,100,114,114,114],"floor_reached":51,"language":"ENG","playtime":2255,"items_purged":["Defend_R","jedi:BattleThirst","Defend_R"],"score":1642,"play_id":"b0b74064-189c-4101-937b-b49d021bc5ba","local_time":"20210114225510","is_ascension_mode":true,"campfire_choices":[{"data":"Replay:BasicMightCard","floor":7.0,"key":"SMITH"},{"data":"Perfected Strike","floor":11.0,"key":"SMITH"},{"data":"Rupture","floor":15.0,"key":"SMITH"},{"data":"Body Slam","floor":24.0,"key":"SMITH"},{"data":"Flame Barrier","floor":28.0,"key":"SMITH"},{"data":"True Grit","floor":30.0,"key":"SMITH"},{"data":"Armaments","floor":32.0,"key":"SMITH"},{"data":"Inflame","floor":40.0,"key":"SMITH"},{"data":"ReplayTheSpireMod:Strike From Hell","floor":45.0,"key":"SMITH"},{"data":"jedi:MakeshiftSword","floor":49.0,"key":"SMITH"}],"circlet_count":0,"master_deck":["AscendersBane","Strike_R","Strike_R","Strike_R","Strike_R","Defend_R","Bash","Armaments+1","True Grit+1","Thunderclap","Replay:Undeath\u0027s Touch","Inflame+1","Replay:BasicMightCard+1","Rupture+1","ReplayTheSpireMod:Muscle Training","Perfected Strike+1","Inflame+1","Headbutt","Flame Barrier+1","ReplayTheSpireMod:Strike From Hell+1","jedi:unlimitedpower","Uppercut+1","jedi:unlimitedpower","Combust","Body Slam+1","Twin Strike+1","Replay:Many Hands+1","Whirlwind","jedi:MakeshiftSword+1","Exhume+1","Clothesline","Armaments+1","Limit Break+1","Cleave+1","Dual Wield+1","Offering+1","Metamorphosis+1","Pot Of Greed+1","Pot Of Greed+1","Pot Of Greed+1","Pot Of Greed+1","Dramatic Entrance+1","Carnage+1","Shrug It Off+1","Rampage"],"relics":["Black Blood","Dead Branch","Kunai","Paper Frog","jedi:crownofsimplicity","Bird Faced Urn","Orichalcum","Gremlin Horn","ReplayTheSpireMod:CursedCoin","Membership Card","jedi:leech","ReplayTheSpireMod:Shallot","Mark of Pain","Replay:Wax Seal","Toxic Egg 2","Blue Candle","Mercury Hourglass","Divine Protection","Happy Flower","Replay:Grab Bag","Ooze Armor","Sozu","Old Coin","White Beast Statue","Golden Egg","ClockworkSouvenir","Grinning Jar","Turnip","Gambling Chip"],"acts_visited":["Exordium","TheCity","TheBeyond"],"potions_floor_usage":[50],"damage_taken":[{"damage":7.0,"enemies":"Jaw Worm","floor":1.0,"turns":3.0},{"damage":5.0,"enemies":"Small Slimes","floor":5.0,"turns":2.0},{"damage":19.0,"enemies":"Lagavulin","floor":6.0,"turns":6.0},{"damage":0.0,"enemies":"Cultist","floor":8.0,"turns":2.0},{"damage":6.0,"enemies":"Replay:BlueRogue","floor":12.0,"turns":3.0},{"damage":11.0,"enemies":"Looter","floor":13.0,"turns":3.0},{"damage":6.0,"enemies":"3 Sentries","floor":14.0,"turns":4.0},{"damage":0.0,"enemies":"Slime Boss","floor":16.0,"turns":2.0},{"damage":1.0,"enemies":"Spheric Guardian","floor":18.0,"turns":3.0},{"damage":6.0,"enemies":"3 Byrds","floor":22.0,"turns":3.0},{"damage":15.0,"enemies":"Book of Stabbing","floor":23.0,"turns":3.0},{"damage":21.0,"enemies":"Gremlin Leader","floor":25.0,"turns":2.0},{"damage":17.0,"enemies":"Book of Stabbing","floor":27.0,"turns":4.0},{"damage":2.0,"enemies":"Snecko","floor":31.0,"turns":3.0},{"damage":21.0,"enemies":"Champ","floor":33.0,"turns":4.0},{"damage":16.0,"enemies":"3 Darklings","floor":35.0,"turns":3.0},{"damage":0.0,"enemies":"Orb Walker","floor":36.0,"turns":3.0},{"damage":9.0,"enemies":"Jaw Worm Horde","floor":37.0,"turns":3.0},{"damage":23.0,"enemies":"4 Shapes","floor":39.0,"turns":3.0},{"damage":12.0,"enemies":"Transient","floor":41.0,"turns":5.0},{"damage":0.0,"enemies":"Reptomancer","floor":42.0,"turns":3.0},{"damage":0.0,"enemies":"2 Orb Walkers","floor":46.0,"turns":2.0},{"damage":0.0,"enemies":"Maw","floor":47.0,"turns":5.0},{"damage":0.0,"enemies":"3 Darklings","floor":48.0,"turns":1.0},{"damage":99,"enemies":"Awakened One","floor":50,"turns":7}],"seed_played":"-239259683036120536","potions_obtained":[{"floor":6.0,"key":"jedi:wingpotion"},{"floor":12.0,"key":"jedi:tentaclejuice"},{"floor":14.0,"key":"jedi:StrikingPotion"},{"floor":16.0,"key":"ColorlessPotion"},{"floor":18.0,"key":"jedi:holywater"},{"floor":25.0,"key":"LiquidBronze"}],"is_trial":false,"path_per_floor":["M","?","$","?","M","E","R","M","T","$","R","E","M","E","R","B",null,"M","?","$","?","M","E","R","E","T","E","R","?","R","M","R","B",null,"M","M","M","?","M","R","M","E","T","$","R","?","M","M","R","B",null],"character_chosen":"IRONCLAD","items_purchased":["Kunai","Armaments","True Grit","Paper Frog","jedi:crownofsimplicity","Thunderclap","Energy Potion","Inflame+1","jedi:StrikingPotion","ReplayTheSpireMod:CursedCoin","Membership Card","Inflame","Headbutt","Replay:Wax Seal","Toxic Egg 2","Combust","Body Slam","Metamorphosis+1","Golden Egg","ClockworkSouvenir","Grinning Jar","Dramatic Entrance","Turnip"],"campfire_rested":0,"item_purchase_floors":[0,0,0,0,0,0,0,3,3,10,10,10,10,20,20,20,20,44,44,44,44,44,44],"current_hp_per_floor":[71,64,64,64,67,60,60,72,72,72,72,78,77,80,80,80,80,80,80,80,80,80,72,72,63,63,60,60,60,60,74,74,67,77,77,80,80,80,69,69,73,80,80,80,80,80,80,80,80,66],"gold":114,"neow_bonus":"","is_daily":false,"chose_seed":false,"campfire_upgraded":10,"win_rate":0.0,"timestamp":1610686510,"path_taken":["M","?","$","?","M","E","R","?","T","$","R","E","M","E","R","BOSS","M","?","$","?","M","E","R","E","T","E","R","?","R","?","R","BOSS","M","?","M","?","M","R","M","E","T","$","R","?","M","M","R","BOSS"],"items_purchased_type":["Relic","Card","Card","Relic","Relic","Card","Potion","Card","Potion","Relic","Relic","Card","Card","Relic","Relic","Card","Card","Card","Relic","Relic","Relic","Card","Relic"],"build_version":"2020-12-22","purchased_purges":3,"victory":true,"max_hp_per_floor":[80,80,80,80,80,80,80,80,80,80,80,80,80,80,80,80,80,80,80,80,80,80,80,80,80,80,80,80,80,80,80,80,80,80,80,80,80,80,80,80,80,80,80,80,80,80,80,80,80,80],"relic_stats":{"Gremlin Horn":[21,21],"Happy Flower":[14],"counters":[71,247],"Dead Branch":[102],"Blue Candle":[0],"Black Blood":382,"Orichalcum":[138],"Mercury Hourglass":[189],"Sozu":6,"Bird Faced Urn":[103],"Gambling Chip":[1],"Turnip":[3],"Kunai":[59],"obtain_stats":[{"Golden Egg":0,"Divine Protection":26,"Gremlin Horn":9,"Bottled Tornado":6,"Old Coin":41,"Sozu":34,"jedi:leech":12,"Kunai":0,"Replay:Wax Seal":0,"Toxic Egg 2":20,"Happy Flower":27,"ReplayTheSpireMod:CursedCoin":36,"ReplayTheSpireMod:Ring of Addiction":25,"Counterbalance":0,"Dead Branch":37,"Blue Candle":23,"Replay:Grab Bag":34,"War Paint":40,"jedi:heavyjacket":23,"Bottled Flame":26,"ReplayTheSpireMod:Spearhead":43,"ReplayTheSpireMod:Shallot":14,"Brimstone":21,"energizedSpire:NeverEndingSparkler":17,"Shuriken":26,"Ooze Armor":34,"Bronze Scales":38,"Bird Faced Urn":48,"Simple Rune":9,"Mark of Pain":17,"ReplayTheSpireMod:TigerMarble":9,"Grinning Jar":2,"Abe\u0027s Treasure":0,"Meat on the Bone":43,"SacredBark":25,"Black Blood":34,"Mango":45,"Power_Wrist":47,"Burning Blood":0,"ClockworkSouvenir":44,"Replay:Bandana":41,"Chameleon Ring":25,"Mummified Hand":7,"Gambling Chip":24,"Ring of Panic":41,"Red Skull":47,"Runic Pyramid":34,"Paper Frog":28,"Potion Belt":47,"BargainBundle":2,"ReplayTheSpireMod:Ninjato":47,"Replay:WaspNest":0,"The Courier":13,"Ring of Greed":41,"jedi:crownofsimplicity":0,"Orichalcum":8,"energizedSpire:DeadBattery":17,"White Beast Statue":43,"Mercury Hourglass":25,"Strange Spoon":36,"Pondfish Scales":29,"jedi:ominousloannote":25,"Orrery":3,"Another Sword":13,"Turnip":44,"Bag of Marbles":8,"Membership Card":29,"ReplayTheSpireMod:Ring of Challenge":25},{"Golden Egg":22,"Divine Protection":58,"Gremlin Horn":50,"Bottled Tornado":26,"Old Coin":42,"Sozu":61,"jedi:leech":51,"Kunai":46,"Replay:Wax Seal":22,"Toxic Egg 2":55,"Happy Flower":59,"ReplayTheSpireMod:CursedCoin":16,"ReplayTheSpireMod:Ring of Addiction":11,"Counterbalance":22,"Dead Branch":41,"Blue Candle":57,"Replay:Grab Bag":61,"War Paint":18,"jedi:heavyjacket":34,"Bottled Flame":11,"ReplayTheSpireMod:Spearhead":19,"ReplayTheSpireMod:Shallot":53,"Brimstone":10,"energizedSpire:NeverEndingSparkler":30,"Shuriken":34,"Ooze Armor":61,"Bronze Scales":41,"Bird Faced Urn":45,"Simple Rune":27,"Mark of Pain":54,"ReplayTheSpireMod:TigerMarble":6,"Grinning Jar":23,"Abe\u0027s Treasure":2,"Meat on the Bone":42,"SacredBark":11,"Black Blood":38,"Mango":20,"Power_Wrist":44,"Burning Blood":0,"ClockworkSouvenir":67,"Replay:Bandana":42,"Chameleon Ring":11,"Mummified Hand":6,"Gambling Chip":11,"Ring of Panic":42,"Red Skull":44,"Runic Pyramid":15,"Paper Frog":36,"Potion Belt":44,"BargainBundle":23,"ReplayTheSpireMod:Ninjato":44,"Replay:WaspNest":22,"The Courier":28,"Ring of Greed":42,"jedi:crownofsimplicity":46,"Orichalcum":6,"energizedSpire:DeadBattery":8,"White Beast Statue":67,"Mercury Hourglass":58,"Strange Spoon":16,"Pondfish Scales":36,"jedi:ominousloannote":34,"Orrery":4,"Another Sword":7,"Turnip":67,"Bag of Marbles":27,"Membership Card":36,"ReplayTheSpireMod:Ring of Challenge":11},{"Golden Egg":73,"Divine Protection":201,"Gremlin Horn":178,"Bottled Tornado":83,"Old Coin":145,"Sozu":212,"jedi:leech":181,"Kunai":165,"Replay:Wax Seal":73,"Toxic Egg 2":193,"Happy Flower":205,"ReplayTheSpireMod:CursedCoin":51,"ReplayTheSpireMod:Ring of Addiction":39,"Counterbalance":73,"Dead Branch":141,"Blue Candle":199,"Replay:Grab Bag":212,"War Paint":57,"jedi:heavyjacket":115,"Bottled Flame":39,"ReplayTheSpireMod:Spearhead":59,"ReplayTheSpireMod:Shallot":188,"Brimstone":36,"energizedSpire:NeverEndingSparkler":104,"Shuriken":115,"Ooze Armor":212,"Bronze Scales":141,"Bird Faced Urn":159,"Simple Rune":89,"Mark of Pain":190,"ReplayTheSpireMod:TigerMarble":21,"Grinning Jar":75,"Abe\u0027s Treasure":5,"Meat on the Bone":145,"SacredBark":39,"Black Blood":131,"Mango":64,"Power_Wrist":155,"Burning Blood":0,"ClockworkSouvenir":232,"Replay:Bandana":145,"Chameleon Ring":39,"Mummified Hand":21,"Gambling Chip":39,"Ring of Panic":145,"Red Skull":155,"Runic Pyramid":50,"Paper Frog":122,"Potion Belt":155,"BargainBundle":75,"ReplayTheSpireMod:Ninjato":155,"Replay:WaspNest":73,"The Courier":94,"Ring of Greed":145,"jedi:crownofsimplicity":165,"Orichalcum":21,"energizedSpire:DeadBattery":29,"White Beast Statue":232,"Mercury Hourglass":201,"Strange Spoon":51,"Pondfish Scales":122,"jedi:ominousloannote":115,"Orrery":12,"Another Sword":23,"Turnip":232,"Bag of Marbles":89,"Membership Card":122,"ReplayTheSpireMod:Ring of Challenge":39}]},"card_choices":[{"not_picked":["Heavy Blade","Clash"],"picked":"Replay:Undeath\u0027s Touch","floor":1.0},{"not_picked":["Secret Technique","ReplayTheSpireMod:Brewmster"],"picked":"Replay:BasicMightCard","floor":4.0},{"not_picked":["Combust","ReplayTheSpireMod:LeadingStrike"],"picked":"Rupture","floor":5.0},{"not_picked":["Dropkick","Thunderclap"],"picked":"ReplayTheSpireMod:Muscle Training","floor":6.0},{"not_picked":["Spot Weakness","Flex"],"picked":"Perfected Strike","floor":8.0},{"not_picked":["jedi:collectorstrike","Run Through"],"picked":"Flame Barrier","floor":12.0},{"not_picked":["Flex","Cleave"],"picked":"ReplayTheSpireMod:Strike From Hell","floor":13.0},{"not_picked":["Clash","Anger","jedi:fear"],"picked":"SKIP","floor":14.0},{"not_picked":["Replay:Many Hands","Immolate"],"picked":"jedi:unlimitedpower","floor":16.0},{"not_picked":["Perfected Strike","Armaments"],"picked":"Uppercut+1","floor":18.0},{"not_picked":["Pommel Strike","Dark Embrace"],"picked":"Twin Strike+1","floor":22.0},{"not_picked":["Uppercut","Ghostly Armor+1"],"picked":"Replay:Many Hands+1","floor":23.0},{"not_picked":["Entrench+1","Thunderclap"],"picked":"Whirlwind","floor":25.0},{"not_picked":["Pommel Strike","Body Slam"],"picked":"jedi:MakeshiftSword","floor":27.0},{"not_picked":["Wild Strike","Body Slam","True Grit+1"],"picked":"SKIP","floor":31.0},{"not_picked":["Eclipse+1","Bludgeon"],"picked":"Exhume+1","floor":33.0},{"not_picked":["jedi:collectorstrike","jedi:fear+1"],"picked":"Clothesline","floor":35.0},{"not_picked":["Clothesline","Wild Strike"],"picked":"Armaments+1","floor":36.0},{"not_picked":["Headbutt","Metallicize"],"picked":"Limit Break+1","floor":37.0},{"not_picked":["Wild Strike","Anger+1"],"picked":"Cleave+1","floor":39.0},{"not_picked":["Twin Strike","Clash+1"],"picked":"Dual Wield+1","floor":41.0},{"not_picked":["Replay:Many Hands+1","Second Wind+1"],"picked":"Offering+1","floor":42.0},{"not_picked":["Run Through","Clothesline+1"],"picked":"Carnage+1","floor":46.0},{"not_picked":["Armaments+1","Combust"],"picked":"Shrug It Off+1","floor":47.0},{"not_picked":["Run Through+1","Abandon+1"],"picked":"Rampage","floor":48.0}],"player_experience":1570828,"relics_obtained":[{"floor":6.0,"key":"Orichalcum"},{"floor":9.0,"key":"Gremlin Horn"},{"floor":12.0,"key":"jedi:leech"},{"floor":14.0,"key":"ReplayTheSpireMod:Shallot"},{"floor":23.0,"key":"Blue Candle"},{"floor":25.0,"key":"Mercury Hourglass"},{"floor":26.0,"key":"Divine Protection"},{"floor":27.0,"key":"Happy Flower"},{"floor":42.0,"key":"Old Coin"},{"floor":43.0,"key":"White Beast Statue"},{"floor":46.0,"key":"Gambling Chip"}],"event_choices":[{"cards_removed":["Defend_R"],"damage_healed":0.0,"max_hp_gain":0.0,"max_hp_loss":0.0,"gold_gain":0.0,"event_name":"Golden Wing","player_choice":"Card Removal","floor":2.0,"gold_loss":0.0,"damage_taken":7.0},{"damage_healed":0.0,"max_hp_gain":0.0,"max_hp_loss":0.0,"gold_gain":1.0,"event_name":"betterStone:BetterStone","player_choice":"1","floor":4.0,"gold_loss":0.0,"damage_taken":0.0},{"damage_healed":0.0,"max_hp_gain":0.0,"max_hp_loss":0.0,"gold_gain":0.0,"cards_transformed":["Strike_R"],"event_name":"Transmorgrifier","player_choice":"Transformed","floor":19.0,"gold_loss":0.0,"damage_taken":0.0,"cards_obtained":["jedi:unlimitedpower"]},{"cards_removed":["Inflame"],"damage_healed":0.0,"max_hp_gain":0.0,"max_hp_loss":0.0,"gold_gain":0.0,"event_name":"betterNote:BetterNote","player_choice":"Give","floor":21.0,"gold_loss":0.0,"damage_taken":0.0,"cards_obtained":["hierophant:DisplayOfPower"]},{"damage_healed":0.0,"max_hp_gain":0.0,"max_hp_loss":0.0,"gold_gain":0.0,"event_name":"Vampires","player_choice":"Ignored","floor":29.0,"gold_loss":0.0,"damage_taken":0.0},{"damage_healed":0.0,"max_hp_gain":0.0,"max_hp_loss":0.0,"gold_gain":0.0,"event_name":"Tomb of Lord Red Mask","player_choice":"Ignored","floor":38.0,"gold_loss":0.0,"damage_taken":0.0},{"damage_healed":0.0,"max_hp_gain":0.0,"max_hp_loss":0.0,"gold_gain":0.0,"event_name":"Mysterious Sphere","player_choice":"Fight","floor":46.0,"gold_loss":0.0,"damage_taken":0.0}],"is_beta":false,"boss_relics":[{"not_picked":["Snecko Heart","energizedSpire:HugeHouse"],"picked":"Mark of Pain"},{"not_picked":["energizedSpire:TabascoSauce","Black Star"],"picked":"Replay:Grab Bag"},{"not_picked":["energizedSpire:DeadBattery","Coffee Dripper"],"picked":"Ooze Armor"},{"not_picked":["Fusion Hammer","Replay:Wanted Poster"],"picked":"Sozu"},{"not_picked":["SacredBark","SlaversCollar"],"picked":"Black Blood"}],"items_purged_floors":[0,10,44],"is_endless":false,"potions_floor_spawned":[6,8,12,14,16,18,25,36,37,39,46,47,48],"ascension_level":10}}