{"host":"pxp2snzeynskzh5q","time":1610679478,"event":{"mods":["Act Like it!","BaseMod","GifTheSpireLib","Minty Spire (QoL Compilation)","Replay The Spire","StSLib","The Cursed"],"gold_per_floor":[111,126,145,95,21,49,114,163,163,163,163],"floor_reached":10,"language":"ENG","playtime":436,"items_purged":[],"score":66,"play_id":"a69f6103-761a-4697-b6fc-cb91d82101bb","local_time":"20210115025758","is_ascension_mode":false,"campfire_choices":[],"circlet_count":0,"master_deck":["TheCursedMod:Strike_TheCursed","TheCursedMod:Strike_TheCursed","TheCursedMod:Strike_TheCursed","TheCursedMod:Defend_TheCursed","TheCursedMod:Defend_TheCursed","TheCursedMod:Defend_TheCursed","TheCursedMod:Defend_TheCursed","TheCursedMod:CursedWand","TheCursedMod:CleanUpWorkshop","TheCursedMod:Dregs","TheCursedMod:Stigma","TheCursedMod:HellfireBreathing","TheCursedMod:SaltUponWound","TheCursedMod:Hemoplague","TheCursedMod:Torture","TheCursedMod:Stigma"],"relics":["TheCursedMod:BlackMagic101","NeowsBlessing","Replay:Baseball","Omamori","Tiny Chest","Replay:Kaleidoscope"],"acts_visited":["Exordium"],"potions_floor_usage":[],"damage_taken":[{"damage":0,"enemies":"Cultist","floor":1,"turns":1},{"damage":0,"enemies":"2 Louse","floor":2,"turns":1},{"damage":0,"enemies":"Jaw Worm","floor":3,"turns":1},{"damage":31,"enemies":"Lagavulin","floor":6,"turns":5},{"damage":13,"enemies":"3 Sentries","floor":10,"turns":3}],"seed_played":"-6876927773771572780","potions_obtained":[{"floor":6,"key":"Elixir"},{"floor":7,"key":"SneckoOil"}],"is_trial":false,"path_per_floor":["M","M","M","?","$","E","?","T","T","E"],"character_chosen":"THE_CURSED","items_purchased":["TheCursedMod:Hemoplague"],"campfire_rested":0,"item_purchase_floors":[5],"current_hp_per_floor":[75,75,75,75,75,44,14,14,14,1,1],"gold":163,"neow_bonus":"THREE_ENEMY_KILL","is_daily":false,"chose_seed":false,"campfire_upgraded":0,"win_rate":0.0,"timestamp":1610679478,"path_taken":["M","?","M","?","$","E","?","?","T","E"],"items_purchased_type":["Card"],"build_version":"2020-12-22","purchased_purges":0,"victory":false,"max_hp_per_floor":[75,75,75,75,75,75,75,75,75,75,75],"card_choices":[{"not_picked":["TheCursedMod:Obscuration","TheCursedMod:SurpriseAttack"],"picked":"TheCursedMod:Stigma","floor":1},{"not_picked":["TheCursedMod:CircleOfCorruption","TheCursedMod:CircleOfAmplification"],"picked":"TheCursedMod:HellfireBreathing","floor":2},{"not_picked":["TheCursedMod:SpitefulStrike","TheCursedMod:TacticalStrike"],"picked":"TheCursedMod:SaltUponWound","floor":3},{"not_picked":["TheCursedMod:CursedShiv","TheCursedMod:Stretching"],"picked":"TheCursedMod:Torture","floor":6},{"not_picked":["TheCursedMod:AntiAging","TheCursedMod:CircleOfCorruption"],"picked":"TheCursedMod:Stigma","floor":7}],"player_experience":667534,"relics_obtained":[{"floor":6,"key":"Replay:Baseball"},{"floor":7,"key":"Omamori"},{"floor":8,"key":"Tiny Chest"},{"floor":9,"key":"Replay:Kaleidoscope"}],"event_choices":[{"cards_removed":["TheCursedMod:Strike_TheCursed"],"damage_healed":0,"gold_gain":0,"player_choice":"Card Removal","damage_taken":0,"max_hp_gain":0,"max_hp_loss":0,"event_name":"The Cleric","floor":4,"gold_loss":50}],"is_beta":false,"boss_relics":[],"items_purged_floors":[],"is_endless":false,"potions_floor_spawned":[6],"killed_by":"3 Sentries","ascension_level":0}}