{"host":"boha5gfllk8aong2","time":1610671303,"event":{"mods":["BaseMod","Better Match","Block Reminder","Curses Come First","DeckTracker","Minty Spire (QoL Compilation)","StSLib"],"gold_per_floor":[112,187,201,376,386,386,418,418,444,444,463,479,494,513,513,616,616,634,142,162,179,179,211,211,228,228,228,228,248,268,279,279,382,382,401,419,419,252,269,269,286,302,329,329,48,63,63,78,78,78],"floor_reached":51,"language":"ENG","playtime":3645,"items_purged":["Doubt","Strike_B","Parasite"],"score":652,"play_id":"faeba253-62e4-4264-8a76-fa48ba6e4475","local_time":"20210114174143","is_ascension_mode":false,"campfire_choices":[{"data":"Biased Cognition","floor":6,"key":"SMITH"},{"data":"Zap","floor":8,"key":"SMITH"},{"data":"Skim","floor":15,"key":"SMITH"},{"data":"Seek","floor":24,"key":"SMITH"},{"data":"Static Discharge","floor":32,"key":"SMITH"},{"data":"Skim","floor":40,"key":"SMITH"},{"data":"Redo","floor":44,"key":"SMITH"},{"data":"Biased Cognition","floor":47,"key":"SMITH"},{"data":"Doom and Gloom","floor":49,"key":"SMITH"}],"circlet_count":0,"master_deck":["Strike_B","Strike_B","Defend_B","Defend_B+1","Defend_B","Zap+1","Dualcast","Biased Cognition+1","Glacier+1","Darkness","Sweeping Beam","Self Repair","Skim+1","BootSequence","Cold Snap","Static Discharge+1","Seek+1","Barrage+1","Skim+1","Doom and Gloom","Go for the Eyes","Sweeping Beam+1","Streamline+1","Static Discharge","Steam","Gash","Redo+1","Gash","Biased Cognition+1","Gash+1","Ball Lightning","Doom and Gloom+1","Go for the Eyes+1","Glacier+1"],"relics":["Cracked Core","Vajra","Oddly Smooth Stone","Bottled Flame","Sozu","OrangePellets","Shuriken","War Paint","Meat on the Bone","Cursed Key","Nunchaku","Happy Flower"],"acts_visited":["Exordium","TheCity","TheBeyond"],"potions_floor_usage":[50],"damage_taken":[{"damage":0,"enemies":"2 Louse","floor":1,"turns":2},{"damage":1,"enemies":"Jaw Worm","floor":3,"turns":3},{"damage":1,"enemies":"Cultist","floor":5,"turns":3},{"damage":0,"enemies":"Gremlin Nob","floor":7,"turns":5},{"damage":5,"enemies":"Lots of Slimes","floor":11,"turns":4},{"damage":12,"enemies":"Exordium Thugs","floor":12,"turns":4},{"damage":0,"enemies":"Red Slaver","floor":13,"turns":4},{"damage":0,"enemies":"2 Fungi Beasts","floor":14,"turns":3},{"damage":29,"enemies":"Slime Boss","floor":16,"turns":7},{"damage":2,"enemies":"Spheric Guardian","floor":18,"turns":5},{"damage":13,"enemies":"2 Thieves","floor":20,"turns":3},{"damage":0,"enemies":"Cultist and Chosen","floor":21,"turns":6},{"damage":20,"enemies":"Gremlin Leader","floor":23,"turns":7},{"damage":6,"enemies":"Snecko","floor":25,"turns":4},{"damage":9,"enemies":"Centurion and Healer","floor":29,"turns":3},{"damage":0,"enemies":"Snake Plant","floor":30,"turns":4},{"damage":2,"enemies":"Snecko","floor":31,"turns":3},{"damage":52,"enemies":"Collector","floor":33,"turns":10},{"damage":0,"enemies":"3 Shapes","floor":35,"turns":3},{"damage":0,"enemies":"Orb Walker","floor":36,"turns":3},{"damage":11,"enemies":"Sphere and 2 Shapes","floor":39,"turns":3},{"damage":38,"enemies":"Jaw Worm Horde","floor":41,"turns":3},{"damage":7,"enemies":"3 Darklings","floor":42,"turns":3},{"damage":1,"enemies":"Transient","floor":46,"turns":5},{"damage":4,"enemies":"4 Shapes","floor":48,"turns":2},{"damage":15,"enemies":"Donu and Deca","floor":50,"turns":6}],"seed_played":"-3837927527981622659","potions_obtained":[{"floor":3,"key":"BlessingOfTheForge"},{"floor":5,"key":"Energy Potion"},{"floor":14,"key":"FairyPotion"}],"is_trial":false,"path_per_floor":["M","?","M","?","M","R","E","R","T","T","M","M","M","M","R","B",null,"M","$","M","M","?","E","R","M","T","?","?","M","M","M","R","B",null,"M","M","?","$","M","R","M","M","T","R","$","M","R","M","R","B",null],"character_chosen":"DEFECT","items_purchased":["OrangePellets","Shuriken","Doom and Gloom","Happy Flower"],"campfire_rested":0,"item_purchase_floors":[19,19,38,45],"current_hp_per_floor":[75,64,63,63,62,62,62,62,62,62,64,59,66,73,73,51,75,75,75,62,69,69,56,56,57,57,57,57,48,48,53,53,20,75,75,75,75,75,64,64,45,38,38,38,38,44,44,40,40,37],"gold":78,"neow_bonus":"ONE_RANDOM_RARE_CARD","is_daily":false,"chose_seed":false,"campfire_upgraded":9,"win_rate":0.0,"timestamp":1610671303,"path_taken":["M","?","M","?","M","R","E","R","T","?","M","M","M","M","R","BOSS","M","$","M","M","?","E","R","M","T","?","?","M","M","M","R","BOSS","M","M","?","$","?","R","M","M","T","R","$","M","R","M","R","BOSS"],"items_purchased_type":["Relic","Relic","Card","Relic"],"build_version":"2020-12-22","purchased_purges":3,"victory":true,"max_hp_per_floor":[75,75,75,75,75,75,75,75,75,75,75,75,75,75,75,75,75,75,75,75,75,75,75,75,75,75,75,75,75,75,75,75,75,75,75,75,75,75,75,75,75,75,75,75,72,72,72,72,72,72],"card_choices":[{"not_picked":["Stack","Redo"],"picked":"Glacier","floor":1},{"not_picked":["Conserve Battery","Aggregate"],"picked":"Darkness","floor":3},{"not_picked":["Gash","Turbo"],"picked":"Sweeping Beam","floor":5},{"not_picked":["Turbo","Amplify"],"picked":"Self Repair","floor":7},{"not_picked":["Redo","Genetic Algorithm"],"picked":"Skim","floor":11},{"not_picked":["Sweeping Beam","Leap"],"picked":"BootSequence","floor":12},{"not_picked":["Reinforced Body","Genetic Algorithm"],"picked":"Cold Snap","floor":13},{"not_picked":["Sweeping Beam","Defragment"],"picked":"Static Discharge","floor":14},{"not_picked":["Buffer","Multi-Cast"],"picked":"Seek","floor":16},{"not_picked":["Redo","Force Field+1"],"picked":"Barrage+1","floor":18},{"not_picked":["Rip and Tear","Compile Driver"],"picked":"Skim","floor":20},{"not_picked":["Tempest+1","Gash"],"picked":"Doom and Gloom","floor":21},{"not_picked":["White Noise","Compile Driver"],"picked":"Sweeping Beam+1","floor":23},{"not_picked":["Compile Driver","Steam"],"picked":"Streamline+1","floor":25},{"not_picked":["Cold Snap","Fission"],"picked":"Gash","floor":29},{"not_picked":["Streamline","Darkness"],"picked":"Redo","floor":30},{"not_picked":["Conserve Battery","Streamline"],"picked":"Gash","floor":31},{"not_picked":["Reboot","Multi-Cast"],"picked":"Biased Cognition","floor":33},{"not_picked":["Rebound","Coolheaded"],"picked":"Gash+1","floor":35},{"not_picked":["Rebound+1","Auto Shields"],"picked":"Ball Lightning","floor":36},{"not_picked":["Leap","Sweeping Beam","Rip and Tear"],"picked":"SKIP","floor":39},{"not_picked":["Leap+1","Lockon"],"picked":"Go for the Eyes+1","floor":41},{"not_picked":["Cold Snap+1","Go for the Eyes+1","Tempest"],"picked":"SKIP","floor":42},{"not_picked":["Compile Driver+1","Scrape"],"picked":"Glacier+1","floor":46},{"not_picked":["Undo+1","Gash","Leap"],"picked":"SKIP","floor":48}],"player_experience":125938,"relics_obtained":[{"floor":7,"key":"Vajra"},{"floor":9,"key":"Oddly Smooth Stone"},{"floor":10,"key":"Bottled Flame"},{"floor":23,"key":"War Paint"},{"floor":26,"key":"Meat on the Bone"},{"floor":43,"key":"Nunchaku"}],"event_choices":[{"damage_healed":0,"gold_gain":75,"player_choice":"Gather Gold","damage_taken":11,"max_hp_gain":0,"max_hp_loss":0,"event_name":"World of Goop","floor":2,"gold_loss":0},{"damage_healed":0,"gold_gain":175,"player_choice":"AGREE","damage_taken":0,"max_hp_gain":0,"max_hp_loss":0,"event_name":"Liars Game","floor":4,"gold_loss":0,"cards_obtained":["Doubt"]},{"damage_healed":0,"gold_gain":0,"player_choice":"Read","damage_taken":0,"max_hp_gain":0,"max_hp_loss":0,"event_name":"The Library","floor":22,"gold_loss":0,"cards_obtained":["Go for the Eyes"]},{"damage_healed":0,"gold_gain":0,"cards_transformed":["Strike_B","Defend_B"],"player_choice":"Became Test Subject","damage_taken":0,"max_hp_gain":0,"max_hp_loss":0,"event_name":"Drug Dealer","floor":27,"gold_loss":0,"cards_obtained":["Static Discharge","Steam"]},{"damage_healed":0,"gold_gain":0,"player_choice":"Ignored","damage_taken":0,"max_hp_gain":0,"max_hp_loss":0,"event_name":"Ghosts","floor":28,"gold_loss":0},{"damage_healed":0,"gold_gain":0,"player_choice":"Got Potions","damage_taken":0,"max_hp_gain":0,"max_hp_loss":0,"event_name":"Lab","floor":37,"gold_loss":0}],"is_beta":false,"boss_relics":[{"not_picked":["Fusion Hammer","Nuclear Battery"],"picked":"Sozu"},{"not_picked":["Runic Pyramid","FrozenCore"],"picked":"Cursed Key"}],"items_purged_floors":[19,38,45],"is_endless":false,"potions_floor_spawned":[3,5,14,20,23,30,33,35,36,39,48],"ascension_level":0}}