{"host":"9tzam4717zt8ei1o","time":1610745048,"event":{"mods":["BaseMod","Colored Map","Keyboard Shortcuts","Minty Spire (QoL Compilation)","Quick Restart","StSLib","SuperFastMode"],"gold_per_floor":[218,168,168,12,25,25,40,40,40,115,40,40,59,75,75,75,75],"floor_reached":16,"language":"KOR","playtime":221,"items_purged":["Strike_G"],"score":95,"play_id":"1603ac46-d8e2-414e-8a4f-4871c7929546","local_time":"20210116061048","is_ascension_mode":true,"campfire_choices":[{"data":"Flechettes","floor":6,"key":"SMITH"},{"data":"Acrobatics","floor":8,"key":"SMITH"},{"data":"Prepared","floor":15,"key":"SMITH"}],"circlet_count":0,"master_deck":["Strike_G","Strike_G","Strike_G","Defend_G","Defend_G","Defend_G","Defend_G","Defend_G","Survivor","Neutralize","Acrobatics","Flechettes+1","Adrenaline","Acrobatics+1","Dagger Throw","Prepared+1"],"relics":["Ring of the Snake","Potion Belt","Mummified Hand"],"acts_visited":["Exordium"],"potions_floor_usage":[],"damage_taken":[{"damage":1,"enemies":"2 Louse","floor":1,"turns":2},{"damage":0,"enemies":"Jaw Worm","floor":5,"turns":4},{"damage":0,"enemies":"Small Slimes","floor":7,"turns":2},{"damage":0,"enemies":"2 Fungi Beasts","floor":13,"turns":2},{"damage":2,"enemies":"Exordium Wildlife","floor":14,"turns":2},{"damage":56,"enemies":"Slime Boss","floor":16,"turns":7}],"seed_played":"2551510074960911602","potions_obtained":[{"floor":7,"key":"LiquidBronze"}],"is_trial":false,"path_per_floor":["M","?","?","$","M","R","M","R","T","?","$","?","M","M","R","B"],"character_chosen":"THE_SILENT","items_purchased":["Flechettes","Adrenaline"],"campfire_rested":0,"item_purchase_floors":[4,4],"current_hp_per_floor":[69,69,66,66,66,66,66,66,66,55,55,55,55,53,53,0,0],"gold":75,"neow_bonus":"HUNDRED_GOLD","is_daily":false,"chose_seed":false,"campfire_upgraded":3,"win_rate":0.0,"timestamp":1610745048,"path_taken":["M","?","?","$","M","R","M","R","T","?","$","?","M","M","R","BOSS"],"items_purchased_type":["Card","Card"],"build_version":"2020-12-22","purchased_purges":1,"victory":false,"max_hp_per_floor":[70,70,70,70,70,70,70,70,70,70,70,70,70,70,70,70,70],"card_choices":[{"not_picked":["Quick Slash","Cloak And Dagger"],"picked":"Acrobatics","floor":1},{"not_picked":["All Out Attack","Masterful Stab"],"picked":"Acrobatics","floor":5},{"not_picked":["PiercingWail","Leg Sweep"],"picked":"Dagger Throw","floor":7},{"not_picked":["Glass Knife","Quick Slash"],"picked":"Prepared","floor":13},{"not_picked":["Dagger Spray","Endless Agony","Crippling Poison"],"picked":"SKIP","floor":14}],"player_experience":72414,"relics_obtained":[{"floor":9,"key":"Mummified Hand"}],"event_choices":[{"cards_removed":["Strike_G"],"damage_healed":0,"gold_gain":0,"player_choice":"Card Removal","damage_taken":0,"max_hp_gain":0,"max_hp_loss":0,"event_name":"The Cleric","floor":2,"gold_loss":50},{"damage_healed":0,"gold_gain":0,"player_choice":"Success","damage_taken":3,"relics_obtained":["Potion Belt"],"max_hp_gain":0,"max_hp_loss":0,"event_name":"Scrap Ooze","floor":3,"gold_loss":0},{"damage_healed":0,"gold_gain":75,"player_choice":"Gather Gold","damage_taken":11,"max_hp_gain":0,"max_hp_loss":0,"event_name":"World of Goop","floor":10,"gold_loss":0},{"damage_healed":0,"gold_gain":0,"player_choice":"Ignored","damage_taken":0,"max_hp_gain":0,"max_hp_loss":0,"event_name":"Liars Game","floor":12,"gold_loss":0}],"is_beta":false,"boss_relics":[],"items_purged_floors":[11],"is_endless":false,"potions_floor_spawned":[7],"killed_by":"Slime Boss","ascension_level":1}}