{"host":"z8n47vy4vaymw9pl","time":1610754040,"event":{"mods":["Act Like it!","Always Whale","BaseMod","Better Altar","Better Match","Better Note","Better Sensory Stone","Better Skull","Better Third Choice","Colored Map","Colored Powertips","Defuse TimeMaze Blight","Downfall","Energized Spire","Hubris","Minty Spire (QoL Compilation)","StSLib","The Blue Laboratory","Unceasing Turn Reminder"],"gold_per_floor":[99,111,124,34,49,64,118,135,43,71,71,101,18,32,44,44,44,44],"floor_reached":16,"language":"ENG","playtime":1375,"items_purged":["champ:Strike"],"score":114,"play_id":"17564893-101f-4f45-8365-fc23dd590e20","local_time":"20210115154040","is_ascension_mode":false,"campfire_choices":[{"floor":1,"key":"RECALL"},{"data":"champ:Taunt","floor":11,"key":"SMITH"}],"circlet_count":0,"master_deck":["champ:Strike","champ:Strike","champ:Strike","champ:Defend","champ:Defend","champ:Defend","champ:Defend","champ:Execute","champ:Taunt+1","champ:IgnorePain","champ:FlashCut","champ:TornadoPunch","champ:Parry","champ:FalseCounter","champ:Backstep","champ:MurderStrike","champ:SetATrap","champ:Lariat","champ:IronFortress","champ:GladiatorForm","champ:ShieldWall","champ:RisingSlash"],"relics":["champ:ChampionCrown","Blood Vial","hubris:Potato"],"acts_visited":["Exordium"],"potions_floor_usage":[10],"damage_taken":[{"damage":20,"enemies":"Cultist","floor":2,"turns":4},{"damage":10,"enemies":"2 Louse","floor":3,"turns":3},{"damage":10,"enemies":"downfall:FleeingMerchant","floor":4,"turns":4},{"damage":0,"enemies":"Small Slimes","floor":5,"turns":3},{"damage":26,"enemies":"Exordium Wildlife","floor":6,"turns":6},{"damage":1,"enemies":"2 Fungi Beasts","floor":8,"turns":3},{"damage":24,"enemies":"downfall:FleeingMerchant","floor":9,"turns":4},{"damage":29,"enemies":"Lagavulin","floor":10,"turns":8},{"damage":18,"enemies":"Gremlin Nob","floor":12,"turns":3},{"damage":0,"enemies":"downfall:FleeingMerchant","floor":13,"turns":4},{"damage":2,"enemies":"3 Louse","floor":14,"turns":4},{"damage":6,"enemies":"Exordium Thugs","floor":15,"turns":4},{"damage":27,"enemies":"SI_SHIV_ARCHETYPE","floor":16,"turns":7}],"seed_played":"4764937793164296582","potions_obtained":[{"floor":6,"key":"Slimebound:ThreeZeroPotion"},{"floor":8,"key":"SteroidPotion"},{"floor":10,"key":"blueLaboratory:SavagePotion"},{"floor":14,"key":"blueLaboratory:PhilterOfMotion"}],"is_trial":false,"path_per_floor":["R","M","M","$","M","M","T","M","$","E","R","E","$","M","M","B"],"character_chosen":"THE_CHAMP","items_purchased":["champ:SetATrap","champ:ShieldWall"],"campfire_rested":0,"item_purchase_floors":[9,13],"current_hp_per_floor":[90,90,80,80,80,64,64,63,59,30,30,14,26,26,22,0,0,0],"gold":44,"neow_bonus":"ONE_RANDOM_RARE_CARD","is_daily":false,"chose_seed":false,"campfire_upgraded":1,"win_rate":0.0,"timestamp":1610754040,"path_taken":["R","M","M","?","M","M","T","?","$","E","R","E","$","M","M","BOSS"],"items_purchased_type":["Card","Card"],"build_version":"2020-12-22","purchased_purges":1,"victory":false,"max_hp_per_floor":[90,90,90,90,90,90,90,90,90,90,90,90,90,90,90,90,90,90],"card_choices":[{"not_picked":["champ:CalledShot","champ:BladeFlurry"],"picked":"champ:FlashCut","floor":2},{"not_picked":["champ:Haymaker","champ:AdrenalArmor"],"picked":"champ:TornadoPunch","floor":3},{"not_picked":["champ:CalledShot","champ:RisingSlash"],"picked":"champ:Parry","floor":4},{"not_picked":["champ:DeathBlow","champ:CalledShot"],"picked":"champ:FalseCounter","floor":5},{"not_picked":["champ:PreciseThrust","champ:BerserkersShout"],"picked":"champ:Backstep","floor":6},{"not_picked":["champ:BerserkersShout","champ:FanOfKnives","champ:DeathBlow"],"picked":"SKIP","floor":8},{"not_picked":["champ:CrookedStrike","champ:CalledShot"],"picked":"champ:MurderStrike","floor":9},{"not_picked":["champ:ShieldSlam","champ:Endure"],"picked":"champ:Lariat","floor":10},{"not_picked":["champ:DeathBlow","champ:TripleStrike"],"picked":"champ:IronFortress","floor":12},{"not_picked":["champ:ShieldSlam","champ:FanOfKnives"],"picked":"champ:GladiatorForm","floor":13},{"not_picked":["champ:Shatter","champ:Backstep"],"picked":"champ:RisingSlash","floor":14},{"not_picked":["champ:EnGarde","champ:Backstep","champ:CrookedStrike"],"picked":"SKIP","floor":15}],"player_experience":531332,"relics_obtained":[{"floor":10,"key":"Blood Vial"},{"floor":12,"key":"hubris:Potato"}],"event_choices":[],"is_beta":false,"boss_relics":[],"items_purged_floors":[4],"is_endless":false,"potions_floor_spawned":[6,8,10,14],"killed_by":"SI_SHIV_ARCHETYPE","ascension_level":0}}