{"host":"m9sgjjym7adpjcxd","time":1610740190,"event":{"mods":["Bard","BaseMod","Colored Map","Colored Powertips","Downfall","Highlight Path","Hubris","Infinite Spire","Mimic Mod","Minty Spire (QoL Compilation)","Replay The Spire","StSLib","The Mystic","The Poker Player","slay the spire mod where everything is the same but ironclad has a cowboy hat"],"gold_per_floor":[112,112,132,132,151,179,193,205,229,243,253,286,306,319,319,421,421,436,451,451,466,466,491,505,121,153,153,153,178,198,214,214,319,319,334,351,361,377,391,391,418,513,543,561,594,594,604,618,618,618,618],"floor_reached":50,"language":"ENG","playtime":3310,"items_purged":["Defend_R"],"score":790,"play_id":"f37bcebb-8f2c-41b2-b5ec-3f09d9a0c7c5","local_time":"20210115144950","is_ascension_mode":false,"campfire_choices":[{"data":"infinitespire:OneForAll","floor":15,"key":"SMITH"},{"data":"Replay:SS_hec_2","floor":28,"key":"SMITH"},{"data":"Feed","floor":32,"key":"SMITH"},{"data":"Perfected Strike","floor":40,"key":"SMITH"},{"floor":46,"key":"RECALL"}],"circlet_count":0,"master_deck":["Strike_R","Strike_R","Strike_R","Strike_R","Strike_R","Defend_R","Defend_R+1","Defend_R+1","Bash","Armaments","Infernal Blade","Perfected Strike","infinitespire:OneForAll+1","Shockwave","hubris:StunningStrike+1","Twin Strike","Perfected Strike+1","Pommel Strike","Offering","True Grit","Twin Strike+1","Shrug It Off+1","Perfected Strike+1","Dark Embrace+1","Feed+1","Evolve+1","Replay:SS_hec_2+1","Double Tap","Feel No Pain","Flex+1","Disarm","Offering","Fire Breathing+1","Havoc+1","hubris:SharpeningStone","Feel No Pain+1","Armaments+1","Perfected Strike","Shrug It Off+1","Battle Trance","Twin Strike","hexamod:Haunted"],"relics":["Burning Blood","Torii","War Paint","Spirit Poop","Mercury Hourglass","Oddly Smooth Stone","infinitespire:Satchel","ReplayTheSpireMod:DimensionalGlitch","hubris:BottledHeart","Pen Nib","ReplayTheSpireMod:Ninjato","hubris:MedicalManual","Black Star","Blue Doll","ReplayFunnel","SlaversCollar","infinitespire:Lucky Rock","hubris:BottledRain","Whetstone","hubris:BundleOfHerbs","Mirror","Blue Candle"],"acts_visited":["Exordium","TheCity","TheBeyond"],"potions_floor_usage":[12,16,26,29,33,33,43,50,50],"damage_taken":[{"damage":1,"enemies":"2 Louse","floor":1,"turns":3},{"damage":1,"enemies":"Cultist","floor":3,"turns":3},{"damage":0,"enemies":"Jaw Worm","floor":5,"turns":3},{"damage":32,"enemies":"3 Sentries","floor":6,"turns":11},{"damage":2,"enemies":"Looter","floor":7,"turns":3},{"damage":2,"enemies":"Lots of Slimes","floor":8,"turns":3},{"damage":1,"enemies":"Red Slaver","floor":10,"turns":4},{"damage":0,"enemies":"Gremlin Gang","floor":11,"turns":3},{"damage":8,"enemies":"Gremlin Nob","floor":12,"turns":4},{"damage":12,"enemies":"Exordium Wildlife","floor":13,"turns":3},{"damage":6,"enemies":"Blue Slaver","floor":14,"turns":2},{"damage":26,"enemies":"Hexaghost","floor":16,"turns":10},{"damage":10,"enemies":"Shell Parasite","floor":18,"turns":4},{"damage":0,"enemies":"Chosen","floor":19,"turns":3},{"damage":0,"enemies":"Snecko","floor":21,"turns":2},{"damage":0,"enemies":"Gremlin Leader","floor":23,"turns":5},{"damage":0,"enemies":"Centurion and Healer","floor":24,"turns":4},{"damage":0,"enemies":"3 Cultists","floor":26,"turns":4},{"damage":0,"enemies":"Slavers","floor":29,"turns":4},{"damage":0,"enemies":"3 Cultists","floor":30,"turns":4},{"damage":0,"enemies":"Cultist and Chosen","floor":31,"turns":4},{"damage":0,"enemies":"hubris:MusketHawk","floor":33,"turns":7},{"damage":0,"enemies":"3 Shapes","floor":35,"turns":2},{"damage":0,"enemies":"Orb Walker","floor":36,"turns":2},{"damage":0,"enemies":"Jaw Worm Horde","floor":37,"turns":4},{"damage":0,"enemies":"3 Darklings","floor":38,"turns":4},{"damage":0,"enemies":"4 Shapes","floor":39,"turns":3},{"damage":0,"enemies":"Reptomancer","floor":41,"turns":2},{"damage":0,"enemies":"Jaw Worm Horde","floor":43,"turns":5},{"damage":0,"enemies":"Jaw Worm Horde","floor":44,"turns":5},{"damage":0,"enemies":"Giant Head","floor":45,"turns":4},{"damage":0,"enemies":"3 Darklings","floor":47,"turns":4},{"damage":0,"enemies":"Spire Growth","floor":48,"turns":2},{"damage":1,"enemies":"infinitespire:MassOfShapes","floor":50,"turns":9}],"seed_played":"1647490965027948923","potions_obtained":[{"floor":6,"key":"Weak Potion"},{"floor":8,"key":"Fire Potion"},{"floor":11,"key":"SkillPotion"},{"floor":13,"key":"SteroidPotion"},{"floor":16,"key":"Swift Potion"},{"floor":23,"key":"AttackPotion"},{"floor":29,"key":"Ancient Potion"},{"floor":37,"key":"champ:CounterPotion"},{"floor":39,"key":"Elixir"},{"floor":41,"key":"Swift Potion"},{"floor":44,"key":"ElixirPotion"},{"floor":47,"key":"PowerPotion"}],"is_trial":false,"path_per_floor":["M","?","M","?","M","E","M","M","T","M","M","E","M","M","R","B",null,"M","M","?","M","?","E","M","$","MIM","AVR","R","E","M","M","R","B",null,"M","M","M","M","M","R","E","?","MIM","M","E","R","M","M","R_BF","B"],"character_chosen":"IRONCLAD","items_purchased":["Feed","Evolve+1","Replay:SS_hec_2"],"campfire_rested":0,"item_purchase_floors":[25,25,25],"current_hp_per_floor":[80,73,78,78,80,54,58,62,62,67,73,71,65,65,65,45,80,73,76,1,1,1,1,1,1,1,1,1,1,1,1,1,1,1,1,1,1,1,1,1,1,1,1,1,1,1,1,1,1,0,0],"gold":618,"neow_bonus":"ONE_RARE_RELIC","is_daily":false,"chose_seed":false,"campfire_upgraded":4,"win_rate":0.0,"timestamp":1610740190,"path_taken":["M","?","M","?","M","E","M","M","T","M","M","E","?","M","R","BOSS","M","M","?","M","?","E","M","$","MIM","AVR","R","E","?","M","R","BOSS","M","M","M","M","?","R","E","?","MIM","M","E","R","M","M","R_BF","BOSS"],"items_purchased_type":["Card","Card","Card"],"build_version":"2020-12-22","purchased_purges":1,"victory":false,"max_hp_per_floor":[80,80,80,80,80,80,80,80,80,80,80,80,80,80,80,80,80,80,80,1,1,1,1,1,1,1,1,1,1,1,1,1,1,1,1,1,1,1,1,1,1,1,1,1,1,1,1,1,1,1,1],"card_choices":[{"not_picked":["hubris:ReadiedAction","Sword Boomerang"],"picked":"Armaments","floor":1},{"not_picked":["Intimidate","hubris:ReadiedAction"],"picked":"Infernal Blade","floor":3},{"not_picked":["Bloodletting","Havoc","Iron Wave"],"picked":"SKIP","floor":5},{"not_picked":["hubris:ReadiedAction","True Grit"],"picked":"Perfected Strike","floor":6},{"not_picked":["Heavy Blade","Body Slam"],"picked":"infinitespire:OneForAll","floor":7},{"not_picked":["ReplayTheSpireMod:Limb From Limb","ReplayReversal"],"picked":"Shockwave","floor":8},{"not_picked":["Armaments","Combust"],"picked":"hubris:StunningStrike","floor":10},{"not_picked":["Sever Soul","Anger","ReplayTheSpireMod:Limb From Limb"],"picked":"SKIP","floor":11},{"not_picked":["Searing Blow","Rage"],"picked":"Twin Strike","floor":12},{"not_picked":["Rupture","Wild Strike"],"picked":"Perfected Strike","floor":13},{"not_picked":["Shockwave","ReplayTheSpireMod:Strike From Hell"],"picked":"Pommel Strike","floor":14},{"not_picked":["Eclipse","Immolate"],"picked":"Offering","floor":16},{"not_picked":["Ghostly Armor","Anger"],"picked":"True Grit","floor":18},{"not_picked":["Perfected Strike","Thunderclap"],"picked":"Twin Strike+1","floor":19},{"not_picked":["Sword Boomerang+1","Evolve"],"picked":"Shrug It Off+1","floor":21},{"not_picked":["Intimidate+1","Reckless Charge"],"picked":"Perfected Strike","floor":23},{"not_picked":["Thunderclap","Blood for Blood"],"picked":"Dark Embrace+1","floor":24},{"not_picked":["hubris:SharpeningStone","Entrench"],"picked":"Double Tap","floor":26},{"not_picked":["Warcry","True Grit"],"picked":"Feel No Pain","floor":29},{"not_picked":["Thunderclap","Pommel Strike"],"picked":"Flex+1","floor":30},{"not_picked":["Clothesline","Sword Boomerang"],"picked":"Disarm","floor":31},{"not_picked":["Fiend Fire","Double Tap"],"picked":"Offering","floor":33},{"not_picked":["Dropkick+1","Sword Boomerang+1","Rupture"],"picked":"SKIP","floor":35},{"not_picked":["Shrug It Off","Second Wind"],"picked":"Fire Breathing+1","floor":36},{"not_picked":["Body Slam+1","Iron Wave"],"picked":"Havoc+1","floor":37},{"not_picked":["Dropkick+1","Shockwave+1"],"picked":"hubris:SharpeningStone","floor":38},{"not_picked":["Armaments","hubris:ReadiedAction"],"picked":"Feel No Pain+1","floor":39},{"not_picked":["Body Slam","Reckless Charge+1"],"picked":"Armaments+1","floor":41},{"not_picked":["Twin Strike+1","Cleave+1"],"picked":"Perfected Strike","floor":42},{"not_picked":["Cleave+1","Anger"],"picked":"Shrug It Off+1","floor":43},{"not_picked":["Replay:Undeath\u0027s Touch+1","Bloodletting"],"picked":"Battle Trance","floor":44},{"not_picked":["Body Slam","Limit Break","Battle Trance"],"picked":"SKIP","floor":45},{"not_picked":["Cleave+1","infinitespire:OneForAll"],"picked":"Twin Strike","floor":47},{"not_picked":["Replay:Undeath\u0027s Touch+1","Anger","Second Wind+1"],"picked":"SKIP","floor":48}],"player_experience":423748,"relics_obtained":[{"floor":6,"key":"Mercury Hourglass"},{"floor":9,"key":"Oddly Smooth Stone"},{"floor":12,"key":"infinitespire:Satchel"},{"floor":23,"key":"Pen Nib"},{"floor":26,"key":"ReplayTheSpireMod:Ninjato"},{"floor":29,"key":"Blue Doll"},{"floor":29,"key":"ReplayFunnel"},{"floor":41,"key":"infinitespire:Lucky Rock"},{"floor":41,"key":"hubris:BottledRain"},{"floor":42,"key":"Whetstone"},{"floor":45,"key":"hubris:BundleOfHerbs"},{"floor":45,"key":"Mirror"}],"event_choices":[{"damage_healed":0,"gold_gain":0,"player_choice":"Success","damage_taken":7,"relics_obtained":["War Paint"],"max_hp_gain":0,"max_hp_loss":0,"event_name":"Scrap Ooze","floor":2,"gold_loss":0},{"cards_removed":["hexamod:Haunted"],"damage_healed":0,"gold_gain":0,"player_choice":"Offered Curse","damage_taken":0,"relics_obtained":["Spirit Poop"],"max_hp_gain":0,"max_hp_loss":0,"event_name":"Bonfire Elementals","floor":4,"gold_loss":0},{"damage_healed":0,"gold_gain":0,"player_choice":"Ignored","damage_taken":0,"max_hp_gain":0,"max_hp_loss":0,"event_name":"NoteForYourself","floor":22,"gold_loss":0}],"is_beta":false,"boss_relics":[{"not_picked":["Ectoplasm","Busted Crown"],"picked":"ReplayTheSpireMod:DimensionalGlitch"},{"not_picked":["Mark of Pain","hubris:CrackedHourglass"],"picked":"SlaversCollar"}],"items_purged_floors":[25],"is_endless":false,"potions_floor_spawned":[6,8,11,13,16,21,23,24,29,37,39,41,44,47],"killed_by":"infinitespire:MassOfShapes","ascension_level":0}}