{"host":"ufl0k2so27eic2iy","time":1610712934,"event":{"mods":["BaseMod","Minty Spire (QoL Compilation)","StSLib","The Animator"],"gold_per_floor":[117,16,16,39,58,111,111,144,168,180,208,261,293,321,333,455,467,502,514,526,526],"floor_reached":20,"language":"ENG","playtime":1022,"items_purged":["animator:Strike"],"score":340,"play_id":"e5bf0e25-6e37-418e-a96d-bf57b0e7446e","local_time":"20210115121534","is_ascension_mode":true,"campfire_choices":[{"data":"animator:Kuroyukihime","floor":7,"key":"SMITH"},{"floor":15,"key":"REST"}],"circlet_count":0,"master_deck":["AscendersBane","animator:Strike_TouhouProject","animator:Defend_TouhouProject","animator:Strike","animator:Strike","animator:Defend","animator:Defend","animator:Defend","animator:MarisaKirisame","animator:ReimuHakurei","animator:Kuroyukihime+1","animator:Scar","animator:Viivi","animator:Arpeggio","animator:TukaLunaMarceau","animator:YuukaKazami","animator:Jibril","animator:MarisaKirisame","animator:YuyukoSaigyouji","animator:KaguyaHouraisan","animator:HiedaNoAkyuu","animator:AcuraTooru"],"relics":["animator:LivingPicture","animator:TheMissingPiece","Golden Idol","animator:Hoodie","Happy Flower","MawBank","CultistMask","Akabeko","animator:CursedGlyph","animator:HolyGrailRelic"],"acts_visited":["Exordium","TheCity"],"potions_floor_usage":[12],"damage_taken":[{"damage":2,"enemies":"Jaw Worm","floor":1,"turns":4},{"damage":0,"enemies":"Small Slimes","floor":4,"turns":3},{"damage":0,"enemies":"Cultist","floor":5,"turns":4},{"damage":13,"enemies":"Lagavulin","floor":6,"turns":6},{"damage":12,"enemies":"Gremlin Nob","floor":8,"turns":4},{"damage":2,"enemies":"Looter","floor":11,"turns":3},{"damage":10,"enemies":"Lagavulin","floor":12,"turns":9},{"damage":0,"enemies":"3 Louse","floor":13,"turns":1},{"damage":2,"enemies":"Blue Slaver","floor":14,"turns":3},{"damage":4,"enemies":"The Guardian","floor":16,"turns":10},{"damage":0,"enemies":"Spheric Guardian","floor":18,"turns":3},{"damage":11,"enemies":"Chosen","floor":20,"turns":4}],"seed_played":"-8007647807465323274","potions_obtained":[{"floor":4,"key":"Weak Potion"},{"floor":8,"key":"SkillPotion"},{"floor":12,"key":"SpeedPotion"},{"floor":16,"key":"EntropicBrew"}],"is_trial":false,"path_per_floor":["M","$","?","M","M","E","R","E","T","?","M","E","M","M","R","B",null,"M","?","M"],"character_chosen":"THE_ANIMATOR","items_purchased":["animator:Viivi"],"campfire_rested":1,"item_purchase_floors":[2],"current_hp_per_floor":[52,52,52,52,52,39,39,27,27,27,25,15,18,17,33,29,56,59,59,48,48],"gold":526,"neow_bonus":"RANDOM_COLORLESS","is_daily":false,"chose_seed":true,"campfire_upgraded":1,"win_rate":0.0,"timestamp":1610712934,"path_taken":["M","$","?","M","M","E","R","E","T","?","M","E","?","M","R","BOSS","M","?","M"],"items_purchased_type":["Card"],"build_version":"2020-12-22","purchased_purges":1,"victory":false,"max_hp_per_floor":[60,60,54,54,54,54,54,54,54,54,54,54,53,54,54,54,62,65,65,65,65],"card_choices":[{"not_picked":["animator:Cirno","animator:MamizouFutatsuiwa"],"picked":"animator:Kuroyukihime","floor":0},{"not_picked":["animator:Bozes","animator:Geryuganshoop"],"picked":"animator:Scar","floor":1},{"not_picked":["animator:Ara","animator:Raven"],"picked":"animator:Arpeggio","floor":4},{"not_picked":["animator:Sloth","animator:MaesHughes"],"picked":"animator:TukaLunaMarceau","floor":5},{"not_picked":["animator:SuikaIbuki","animator:SanaeKochiya"],"picked":"animator:YuukaKazami","floor":6},{"not_picked":["animator:Gluttony","animator:DolaCouronne"],"picked":"animator:Jibril","floor":8},{"not_picked":["animator:ChaikaBohdan","animator:Guy","animator:Geryuganshoop"],"picked":"SKIP","floor":11},{"not_picked":["animator:MaesHughes","animator:Melzalgald"],"picked":"animator:MarisaKirisame","floor":12},{"not_picked":["animator:SuikaIbuki","animator:AliceMargatroid"],"picked":"animator:YuyukoSaigyouji","floor":13},{"not_picked":["animator:DolaCouronne","animator:ChaikaBohdan"],"picked":"animator:KaguyaHouraisan","floor":14},{"not_picked":["animator:SatoriKomeiji","animator:Elesis"],"picked":"animator:HiedaNoAkyuu","floor":16},{"not_picked":["animator:Melzalgald","animator:Lu"],"picked":"animator:AcuraTooru","floor":18}],"player_experience":2452872,"relics_obtained":[{"floor":6,"key":"animator:Hoodie"},{"floor":8,"key":"Happy Flower"},{"floor":9,"key":"MawBank"},{"floor":12,"key":"Akabeko"},{"floor":13,"key":"animator:CursedGlyph"}],"event_choices":[{"damage_healed":0,"gold_gain":0,"player_choice":"Lose Max HP","damage_taken":0,"relics_obtained":["Golden Idol"],"max_hp_gain":0,"max_hp_loss":6,"event_name":"Golden Idol","floor":3,"gold_loss":0},{"damage_healed":0,"gold_gain":0,"player_choice":"Trade","damage_taken":0,"relics_obtained":["CultistMask"],"max_hp_gain":0,"max_hp_loss":0,"event_name":"FaceTrader","floor":10,"gold_loss":0},{"damage_healed":0,"gold_gain":0,"player_choice":"Ignored","damage_taken":0,"max_hp_gain":0,"max_hp_loss":0,"event_name":"Vampires","floor":19,"gold_loss":0}],"is_beta":false,"boss_relics":[{"not_picked":["Calling Bell","Busted Crown"],"picked":"animator:HolyGrailRelic"}],"items_purged_floors":[2],"is_endless":false,"potions_floor_spawned":[4,8,12,16],"killed_by":"Chosen","ascension_level":15}}