{"host":"sv70n8tirfk0oiuf","time":1610681479,"event":{"mods":["Act Like it!","BaseMod","Gensokyo","Marisa£®ÏF”Í°°ƒß¿Ì…≥£©","Minty Spire (QoL Compilation)","Reimu£®≤©¿ˆ¡È√Œ£©","Remilia£®¿Ÿ√◊¿Ú—«£©","StSLib","The Administrix","The Servant 0.9.4","Yakumo Yukari mod","noobMod"],"gold_per_floor":[20,39,39,214,214,214,239,239,239,265,323,358,368,417,417,515,515,531,56,56,56,73,108,119,147,147,162,162,176,176,27,27,103,103,122,136,136,131,148,161,161,173,173,18,18,43,53,80,80,80,80,80,60,86,66],"floor_reached":56,"language":"ZHS","playtime":2484,"items_purged":[],"score":1517,"play_id":"0281bf96-6c01-40cc-89e1-8fe46e1f58b8","local_time":"20210115113118","is_ascension_mode":true,"campfire_choices":[{"data":"True Grit","floor":6,"key":"SMITH"},{"data":"Infernal Blade","floor":8,"key":"SMITH"},{"floor":15,"key":"RECALL"},{"data":"Stigmanizer","floor":28,"key":"SMITH"},{"data":"Flex","floor":30,"key":"SMITH"},{"floor":32,"key":"REST"},{"data":"Thinking Ahead","floor":41,"key":"SMITH"},{"data":"Heavy Blade","floor":49,"key":"SMITH"},{"data":"Shallow_ocean_purpleEX","floor":52,"key":"SMITH"}],"circlet_count":0,"master_deck":["Bash","True Grit+1","True Grit+1","Doubt","Infernal Blade+1","Inflame+1","Spot Weakness","Anger","Spot Weakness","Berserk+1","Fire Breathing+1","Feel No Pain+1","Rupture+1","Bludgeon","Whirlwind","Disarm","Clothesline","Seeing Red","Heavy Blade+1","Feel No Pain+1","RedRainbow","Flash of Steel+1","Shallow_ocean_purpleEX+1","Stigmanizer+1","VampirishNight","Flex+1","Thinking Ahead+1","TwelveNightmare+1","CutThroughFate","Carnage","Combust+1","AdministrixMod:ImmortalPurity"],"relics":["Burning Blood","ice","Mercury Hourglass","Ice Cream","Frozen Egg 2","AntiCross","Sundial","Bag of Marbles","Orichalcum","Pandora\u0027s Box","Bottled Tornado","PrismaticShard","Bottled Lightning","Oddly Smooth Stone","CrazyTorch:ReiMu","Bag of Preparation","Busted Crown","Membership Card","Shuriken","Happy Flower","Thread and Needle"],"acts_visited":["Exordium","TheCity","TheBeyond","TheEnding"],"potions_floor_usage":[23,55,55],"damage_taken":[{"damage":6,"enemies":"Cultist","floor":1,"turns":3},{"damage":8,"enemies":"Small Slimes","floor":2,"turns":4},{"damage":66,"enemies":"Lagavulin","floor":7,"turns":11},{"damage":12,"enemies":"3 Sentries","floor":10,"turns":7},{"damage":12,"enemies":"Lagavulin Event","floor":11,"turns":4},{"damage":10,"enemies":"Gremlin Nob","floor":12,"turns":3},{"damage":0,"enemies":"2 Louse","floor":13,"turns":1},{"damage":10,"enemies":"The Guardian","floor":16,"turns":6},{"damage":23,"enemies":"Spheric Guardian","floor":18,"turns":4},{"damage":31,"enemies":"2 Thieves","floor":22,"turns":3},{"damage":6,"enemies":"Book of Stabbing","floor":23,"turns":3},{"damage":0,"enemies":"Snake Plant","floor":24,"turns":2},{"damage":11,"enemies":"Gremlin Leader","floor":25,"turns":3},{"damage":0,"enemies":"Centurion and Healer","floor":27,"turns":3},{"damage":0,"enemies":"Chosen and Byrds","floor":29,"turns":1},{"damage":16,"enemies":"Champ","floor":33,"turns":6},{"damage":0,"enemies":"3 Darklings","floor":35,"turns":2},{"damage":7,"enemies":"Orb Walker","floor":36,"turns":2},{"damage":14,"enemies":"Maw","floor":38,"turns":5},{"damage":4,"enemies":"Jaw Worm Horde","floor":39,"turns":2},{"damage":0,"enemies":"3 Darklings","floor":40,"turns":3},{"damage":2,"enemies":"Sphere and 2 Shapes","floor":42,"turns":2},{"damage":15,"enemies":"Nemesis","floor":46,"turns":3},{"damage":1,"enemies":"Jaw Worm Horde","floor":47,"turns":2},{"damage":6,"enemies":"Giant Head","floor":48,"turns":5},{"damage":92,"enemies":"Awakened One","floor":50,"turns":5},{"damage":35,"enemies":"Shield and Spear","floor":54,"turns":4},{"damage":117,"enemies":"The Heart","floor":55,"turns":7}],"seed_played":"-1766256558685723645","potions_obtained":[{"floor":10,"key":"Strength Potion"},{"floor":12,"key":"MagicPotion:ReiMu"},{"floor":16,"key":"ElixirPotion"},{"floor":21,"key":"DistilledChaos"},{"floor":23,"key":"AttackPotion"},{"floor":25,"key":"PowerPotion"}],"is_trial":false,"path_per_floor":["M","M","?","?","?","R","E","R","T","E","?","E","M","T","R","B",null,"M","$","?","?","M","E","M","E","T","M","R","M","R","$","R","B",null,"M","M","?","M","M","M","R","M","T","$","?","E","M","E","R","B",null,"R","$","E","B",null],"character_chosen":"IRONCLAD","items_purchased":["Bottled Tornado","PrismaticShard","Feel No Pain+1","Bag of Preparation","Membership Card","Combust+1"],"campfire_rested":1,"item_purchase_floors":[19,19,19,31,44,53],"current_hp_per_floor":[96,94,69,69,69,69,9,9,9,90,84,80,86,86,86,82,108,91,91,68,68,43,43,49,44,44,50,50,56,56,56,94,86,132,132,133,133,125,133,137,137,139,139,139,139,132,141,143,143,59,148,148,148,121,12],"gold":66,"neow_bonus":"TWENTY_PERCENT_HP_BONUS","is_daily":false,"chose_seed":false,"campfire_upgraded":7,"win_rate":0.0,"timestamp":1610681478,"path_taken":["M","M","?","?","?","R","E","R","T","E","?","E","M","?","R","BOSS","M","$","?","?","?","E","M","E","T","M","R","M","R","?","R","BOSS","M","M","?","M","M","M","R","M","T","$","?","E","?","E","R","BOSS","R","$","E","BOSS"],"items_purchased_type":["Relic","Relic","Card","Relic","Relic","Card"],"build_version":"2020-12-22","purchased_purges":0,"victory":true,"max_hp_per_floor":[96,96,96,96,96,96,96,96,96,100,102,103,103,103,103,108,108,111,111,116,116,119,124,124,127,127,127,127,127,127,127,127,132,132,132,133,133,136,136,137,137,139,139,139,139,142,143,145,145,148,148,148,148,150,217],"card_choices":[{"not_picked":["Pommel Strike","Cleave"],"picked":"True Grit","floor":1},{"not_picked":["Fiend Fire","Battle Trance"],"picked":"True Grit","floor":2},{"not_picked":["Cleave","Clash"],"picked":"Infernal Blade","floor":7},{"not_picked":["Pummel","Armaments"],"picked":"Inflame+1","floor":10},{"not_picked":["Disarm","Carnage"],"picked":"Spot Weakness","floor":11},{"not_picked":["Armaments","Clash"],"picked":"Anger","floor":12},{"not_picked":["Shockwave","Clash"],"picked":"Spot Weakness","floor":13},{"not_picked":["Impervious","Demon Form+1"],"picked":"Berserk+1","floor":16},{"not_picked":["Pommel Strike","Flex+1"],"picked":"Heavy Blade","floor":18},{"not_picked":["Conserve Battery","PurpleNeedle_purple+1"],"picked":"RedRainbow","floor":22},{"not_picked":["6A+1","FantasyMoon:ReiMu"],"picked":"Flash of Steel+1","floor":23},{"not_picked":["Slice+1","Amulet:ReiMu"],"picked":"Shallow_ocean_purpleEX","floor":24},{"not_picked":["PowerUp","Prepared"],"picked":"Stigmanizer","floor":25},{"not_picked":["BloodRain","Halt"],"picked":"VampirishNight","floor":27},{"not_picked":["Acceleration+1","Line_surface_state_purple+1"],"picked":"Flex","floor":29},{"not_picked":["BlastKick2:ReiMu","Rainbow"],"picked":"Thinking Ahead","floor":33},{"not_picked":["Spin"],"picked":"SKIP","floor":35},{"not_picked":[],"picked":"TwelveNightmare+1","floor":36},{"not_picked":[],"picked":"CutThroughFate","floor":38},{"not_picked":["AdministrixMod:BegetEternity+1"],"picked":"SKIP","floor":39},{"not_picked":["LovePray:ReiMu+1"],"picked":"SKIP","floor":40},{"not_picked":["AdministrixMod:CastOffRegrets+1"],"picked":"SKIP","floor":42},{"not_picked":["Crescendo+1"],"picked":"SKIP","floor":46},{"not_picked":[],"picked":"Carnage","floor":47},{"not_picked":["ClearTheMind"],"picked":"SKIP","floor":48},{"not_picked":[],"picked":"AdministrixMod:ImmortalPurity","floor":54}],"player_experience":353711,"relics_obtained":[{"floor":7,"key":"Ice Cream"},{"floor":9,"key":"Frozen Egg 2"},{"floor":10,"key":"AntiCross"},{"floor":11,"key":"Sundial"},{"floor":12,"key":"Bag of Marbles"},{"floor":14,"key":"Orichalcum"},{"floor":23,"key":"Bottled Lightning"},{"floor":25,"key":"Oddly Smooth Stone"},{"floor":26,"key":"CrazyTorch:ReiMu"},{"floor":46,"key":"Shuriken"},{"floor":48,"key":"Happy Flower"},{"floor":54,"key":"Thread and Needle"}],"event_choices":[{"damage_healed":0,"gold_gain":0,"player_choice":"Success","damage_taken":25,"relics_obtained":["Mercury Hourglass"],"max_hp_gain":0,"max_hp_loss":0,"event_name":"Scrap Ooze","floor":3,"gold_loss":0},{"damage_healed":0,"gold_gain":175,"player_choice":"AGREE","damage_taken":0,"max_hp_gain":0,"max_hp_loss":0,"event_name":"Liars Game","floor":4,"gold_loss":0,"cards_obtained":["Doubt"]},{"damage_healed":0,"gold_gain":0,"player_choice":"Grow","damage_taken":0,"max_hp_gain":0,"max_hp_loss":0,"event_name":"Living Wall","floor":5,"gold_loss":0,"cards_upgraded":["True Grit"]},{"damage_healed":0,"gold_gain":0,"player_choice":"Searched \u00271\u0027 times","damage_taken":0,"max_hp_gain":0,"max_hp_loss":0,"event_name":"Dead Adventurer","floor":11,"gold_loss":0},{"damage_healed":0,"gold_gain":0,"player_choice":"Shed Blood","damage_taken":28,"max_hp_gain":5,"max_hp_loss":0,"event_name":"Forgotten Altar","floor":20,"gold_loss":0},{"damage_healed":0,"gold_gain":0,"player_choice":"Got Potions","damage_taken":0,"max_hp_gain":0,"max_hp_loss":0,"event_name":"Lab","floor":21,"gold_loss":0},{"damage_healed":0,"gold_gain":0,"player_choice":"Ignored","damage_taken":0,"max_hp_gain":0,"max_hp_loss":0,"event_name":"Tomb of Lord Red Mask","floor":37,"gold_loss":0},{"cards_removed":["Entrench"],"damage_healed":0,"gold_gain":0,"player_choice":"Removed Skill","damage_taken":0,"max_hp_gain":0,"max_hp_loss":0,"event_name":"Falling","floor":45,"gold_loss":0}],"is_beta":false,"boss_relics":[{"not_picked":["Sozu","Empty Cage"],"picked":"Pandora\u0027s Box"},{"not_picked":["Black Star","Snecko Eye"],"picked":"Busted Crown"}],"items_purged_floors":[],"is_endless":false,"potions_floor_spawned":[10,12,16,23,25,35,39,42,47,48,54],"ascension_level":3}}