{"host":"52lujqhsyicpcskq","time":1610715933,"event":{"mods":["BaseMod","Colored Map","Minty Spire (QoL Compilation)","Permanent Neow","StSLib","SuperFastMode","everything is the same but u backflip on backflip"],"gold_per_floor":[111,111,124,138,158,189,189,203,203,60,91,102,102,202,202,307,307,322,333,350,367,381,381,397,397,420,445,463,481,481,491,491,588,588,588,588],"floor_reached":35,"language":"KOR","playtime":2535,"items_purged":["Strike_P"],"score":487,"play_id":"477f0180-a1e0-41e4-8aaa-543e990c7b41","local_time":"20210115220533","is_ascension_mode":true,"campfire_choices":[{"data":"Eruption","floor":7,"key":"SMITH"},{"data":"SandsOfTime","floor":13,"key":"SMITH"},{"floor":15,"key":"REST"},{"data":"Evaluate","floor":23,"key":"SMITH"},{"floor":25,"key":"REST"},{"data":"Adaptation","floor":30,"key":"SMITH"},{"floor":32,"key":"REST"}],"circlet_count":0,"master_deck":["Eruption+1","Vigilance","Meditate","SignatureMove","Consecrate","DeceiveReality","DeusExMachina","Evaluate+1","SandsOfTime+1","Adaptation+1","Establishment","BowlingBash","SandsOfTime","EmptyFist","Sanctity","Protect","DeusExMachina","Injury","ForeignInfluence+1","Tantrum","FlurryOfBlows","DeusExMachina","SashWhip","DeusExMachina","FlyingSleeves","MasterReality","InnerPeace","Brilliance"],"relics":["PureWater","Akabeko","Bird Faced Urn","Sundial","Cursed Key","Bag of Preparation","Girya","Pandora\u0027s Box"],"acts_visited":["Exordium","TheCity","TheBeyond","TheBeyond"],"potions_floor_usage":[5,11,11,18,20,27,33,33],"damage_taken":[{"damage":0,"enemies":"Jaw Worm","floor":1,"turns":3},{"damage":8,"enemies":"2 Louse","floor":3,"turns":3},{"damage":1,"enemies":"Cultist","floor":4,"turns":3},{"damage":6,"enemies":"Gremlin Gang","floor":5,"turns":3},{"damage":0,"enemies":"Gremlin Nob","floor":6,"turns":2},{"damage":5,"enemies":"Lots of Slimes","floor":8,"turns":4},{"damage":15,"enemies":"3 Sentries","floor":11,"turns":5},{"damage":8,"enemies":"3 Louse","floor":12,"turns":2},{"damage":12,"enemies":"The Guardian","floor":16,"turns":12},{"damage":12,"enemies":"Chosen","floor":18,"turns":2},{"damage":4,"enemies":"Spheric Guardian","floor":19,"turns":4},{"damage":12,"enemies":"Chosen and Byrds","floor":20,"turns":3},{"damage":18,"enemies":"Snecko","floor":21,"turns":3},{"damage":9,"enemies":"3 Cultists","floor":22,"turns":5},{"damage":20,"enemies":"Snake Plant","floor":24,"turns":4},{"damage":14,"enemies":"Book of Stabbing","floor":27,"turns":4},{"damage":0,"enemies":"Snecko","floor":28,"turns":3},{"damage":0,"enemies":"Centurion and Healer","floor":29,"turns":5},{"damage":3,"enemies":"3 Cultists","floor":31,"turns":4},{"damage":29,"enemies":"Champ","floor":33,"turns":9},{"damage":37,"enemies":"3 Darklings","floor":35,"turns":4}],"seed_played":"1660922140739401083","potions_obtained":[{"floor":4,"key":"StancePotion"},{"floor":6,"key":"BlessingOfTheForge"},{"floor":8,"key":"Block Potion"},{"floor":12,"key":"PowerPotion"},{"floor":16,"key":"LiquidBronze"},{"floor":19,"key":"EssenceOfSteel"},{"floor":21,"key":"LiquidBronze"},{"floor":24,"key":"Swift Potion"},{"floor":28,"key":"Swift Potion"},{"floor":33,"key":"Explosive Potion"}],"is_trial":false,"path_per_floor":["M","?","M","M","M","E","R","M","T","$","E","M","R","?","R","B",null,"M","M","M","M","M","R","M","R","T","E","M","M","R","M","R","B",null,"M"],"character_chosen":"WATCHER","items_purchased":["Adaptation"],"campfire_rested":3,"item_purchase_floors":[10],"current_hp_per_floor":[72,77,69,68,62,62,62,57,57,57,44,36,36,36,59,49,77,65,65,57,41,36,36,20,43,43,33,37,41,41,42,65,40,77,42,42],"gold":588,"neow_bonus":"TRANSFORM_CARD","is_daily":false,"chose_seed":false,"campfire_upgraded":4,"win_rate":0.0,"timestamp":1610715933,"path_taken":["M","?","M","M","M","E","R","M","T","$","E","M","R","?","R","BOSS","M","M","M","M","M","R","?","R","T","E","M","M","R","?","R","BOSS","M"],"items_purchased_type":["Card"],"build_version":"2020-12-22","purchased_purges":1,"victory":false,"max_hp_per_floor":[72,77,77,77,77,77,77,77,77,77,77,77,77,77,77,77,77,77,77,77,77,77,77,77,77,77,77,77,77,77,77,77,77,77,77,77],"card_choices":[{"not_picked":["ThirdEye","Weave"],"picked":"SignatureMove","floor":1},{"not_picked":["ThirdEye","FollowUp"],"picked":"Consecrate","floor":3},{"not_picked":["BowlingBash","Prostrate"],"picked":"DeceiveReality","floor":4},{"not_picked":["ReachHeaven","Vengeance"],"picked":"DeusExMachina","floor":5},{"not_picked":["Wireheading","ForeignInfluence"],"picked":"Evaluate","floor":6},{"not_picked":["FlyingSleeves","Evaluate"],"picked":"SandsOfTime","floor":8},{"not_picked":["Meditate","Weave","Study"],"picked":"SKIP","floor":11},{"not_picked":["CrushJoints","EmptyMind","Consecrate"],"picked":"SKIP","floor":12},{"not_picked":["LessonLearned","DeusExMachina"],"picked":"Establishment","floor":16},{"not_picked":["Evaluate","Consecrate"],"picked":"BowlingBash","floor":18},{"not_picked":["CutThroughFate+1","EmptyBody+1"],"picked":"SandsOfTime","floor":19},{"not_picked":["Wireheading","Prostrate+1"],"picked":"EmptyFist","floor":20},{"not_picked":["ThirdEye+1","BowlingBash+1"],"picked":"Sanctity","floor":21},{"not_picked":["Pray","ForeignInfluence"],"picked":"Protect","floor":22},{"not_picked":["BowlingBash","Halt"],"picked":"DeusExMachina","floor":24},{"not_picked":["Prostrate","Meditate"],"picked":"ForeignInfluence+1","floor":27},{"not_picked":["EmptyBody","Protect","FlyingSleeves"],"picked":"SKIP","floor":28},{"not_picked":["CutThroughFate+1","ConjureBlade"],"picked":"Tantrum","floor":29},{"not_picked":["Adaptation","CrushJoints"],"picked":"FlurryOfBlows","floor":31},{"not_picked":["LessonLearned","Judgement"],"picked":"DeusExMachina","floor":33}],"player_experience":736207,"relics_obtained":[{"floor":6,"key":"Akabeko"},{"floor":9,"key":"Bird Faced Urn"},{"floor":11,"key":"Sundial"},{"floor":26,"key":"Bag of Preparation"},{"floor":27,"key":"Girya"}],"event_choices":[{"damage_healed":0,"gold_gain":0,"player_choice":"Donut","damage_taken":0,"max_hp_gain":5,"max_hp_loss":0,"event_name":"Big Fish","floor":2,"gold_loss":0},{"damage_healed":0,"gold_gain":100,"player_choice":"Pray","damage_taken":0,"max_hp_gain":0,"max_hp_loss":0,"event_name":"Golden Shrine","floor":14,"gold_loss":0}],"is_beta":false,"boss_relics":[{"not_picked":["Velvet Choker","Runic Dome"],"picked":"Cursed Key"},{"not_picked":["Calling Bell","Snecko Eye"],"picked":"Pandora\u0027s Box"}],"items_purged_floors":[10],"is_endless":false,"potions_floor_spawned":[4,6,8,12,16,19,21,24,28,33],"killed_by":"3 Darklings","ascension_level":2}}