{"host":"se20ljqv46lcf1zi","time":1610717215,"event":{"mods":["Aspiration","BaseMod","Beaked The Cultist","BetterRewards","Block Reminder","Colored Map","Colored Powertips","Downfall","Halation","Hermit","Hubris","Infinite Spire","Jedi Mod","Minty Spire (QoL Compilation)","Random Character Button","Relic Stats","Replay The Spire","Shade Mod","Shop Mod","Spicy Shops","StSLib","The Cursed","The Forsaken","The Hierophant","The Judge","The Jungle","The Necromancer","The Servant 0.9.4","Waifu the Spire","vexMod"],"gold_per_floor":[211,136,411,425,435,435,435,450,476,491,491,502,502,531,531,632,1298,1318,1318,1318,135,135,135,150,150,177,177,5,25,25,40,40,136,136,153,172,24,24,42,74,74,0,25,25,41,59,59,59,71,71,71,71,71],"floor_reached":52,"language":"ENG","playtime":2529,"items_purged":["Defend_S","Pride","Pride"],"score":557,"play_id":"2a884089-2649-4950-a49c-dabb4864f87e","local_time":"20210115142655","is_ascension_mode":false,"campfire_choices":[{"data":"Potential","floor":6,"key":"SMITH"},{"floor":13,"key":"REST"},{"floor":15,"key":"REST"},{"floor":23,"key":"RECALL"},{"floor":25,"key":"REST"},{"floor":32,"key":"DIG"},{"floor":41,"key":"REST"}],"circlet_count":0,"master_deck":["Strike_S","Strike_S","Strike_S","Strike_S","Defend_S","Defend_S","Defend_S","KidneyShot","Exchange","Ricochet","Potential+1","Rearm","Potential","InstantArmor","Dilation","Pride","Alleviate","hubris:DuctTapeCard","Injury","Starlight+1","theForsaken:PlagueCurse","Injury","BestPractice","ReplayTheSpireMod:Black Plague","FloweringNight","FastForward+1","Misdirection","expansioncontent:Collect","TheWorld","Sabotage+1"],"relics":["Uniform","infinitespire:Lucky Rock","aspiration:EmptySkull","vexMod:RockOfEvil","hubris:Towel","aspiration:RitualStick","aspiration:Nostalgia","m_SnakeCloak","hubris:ToyBattleship","hubris:DuctTape","HandDrill","MerchantsRug","hubris:GlazedTorus","theForsaken:PlagueMask","Tingsha","Busted Crown","Darkstone Periapt","hubris:Backtick","Shuriken","vexMod:FocusSash","Garlic","Red Mask","theForsaken:Gavel","infinitespire:BottledMercury","halation:EternalFortune"],"acts_visited":["Exordium","TheCity","TheBeyond"],"potions_floor_usage":[12,16,16,29,31,31,31,33,33,45,49,52],"damage_taken":[{"damage":2,"enemies":"Small Slimes","floor":1,"turns":5},{"damage":2,"enemies":"Cultist","floor":4,"turns":3},{"damage":1,"enemies":"2 Louse","floor":5,"turns":2},{"damage":11,"enemies":"Exordium Wildlife","floor":8,"turns":3},{"damage":44,"enemies":"Gremlin Gang","floor":10,"turns":5},{"damage":1,"enemies":"2 Fungi Beasts","floor":12,"turns":2},{"damage":24,"enemies":"Gremlin Nob","floor":14,"turns":4},{"damage":21,"enemies":"Slime Boss","floor":16,"turns":11},{"damage":39,"enemies":"Shell Parasite","floor":18,"turns":7},{"damage":4,"enemies":"3 Byrds","floor":24,"turns":4},{"damage":0,"enemies":"Shelled Parasite and Fungi","floor":29,"turns":1},{"damage":0,"enemies":"Snecko","floor":31,"turns":3},{"damage":6,"enemies":"Collector","floor":33,"turns":7},{"damage":24,"enemies":"3 Shapes","floor":35,"turns":3},{"damage":31,"enemies":"3 Darklings","floor":36,"turns":4},{"damage":0,"enemies":"Maw","floor":39,"turns":6},{"damage":3,"enemies":"Nightmare","floor":40,"turns":7},{"damage":29,"enemies":"Sphere and 2 Shapes","floor":45,"turns":4},{"damage":0,"enemies":"3 Darklings","floor":46,"turns":7},{"damage":0,"enemies":"Writhing Mass","floor":49,"turns":4},{"damage":8,"enemies":"hubris:GrandSnecko","floor":52,"turns":2}],"seed_played":"-8082330097561485644","potions_obtained":[{"floor":10,"key":"Energy Potion"},{"floor":12,"key":"Fruit Juice"},{"floor":14,"key":"sneckomod:MuddlingPotion"},{"floor":24,"key":"SmokeBomb"},{"floor":29,"key":"EntropicBrew"},{"floor":36,"key":"Fire Potion"},{"floor":40,"key":"Cursed Concoction"},{"floor":46,"key":"Adrenaline Potion"}],"is_trial":false,"path_per_floor":["M","$","?","M","M","R","?","M","T","M","$","M","R","E","R","B",null,"M","?","?","$","?","R","M","R","T","?","$","M","AVR","M","R_BF","B",null,"M","M","$","?","M","NM","R","?","T","?","M","M","PTL","PTL","M","T","R_BF","B"],"character_chosen":"THE_SERVANT","items_purchased":["aspiration:Nostalgia","hubris:ToyBattleship","hubris:DuctTape","HandDrill","MerchantsRug","hubris:GlazedTorus","Tingsha","Energy Potion","vexMod:FocusSash"],"campfire_rested":4,"item_purchase_floors":[21,21,21,21,21,21,28,28,37],"current_hp_per_floor":[63,63,63,61,60,60,65,54,54,10,10,14,35,11,32,11,70,31,31,17,17,17,17,13,34,34,34,34,34,34,34,34,28,70,46,15,15,15,15,12,33,33,33,33,4,4,4,4,4,4,7,0,0],"gold":71,"neow_bonus":"HUNDRED_GOLD","is_daily":false,"chose_seed":false,"campfire_upgraded":1,"win_rate":0.0,"timestamp":1610717215,"path_taken":["M","$","?","M","?","R","?","M","T","M","?","M","R","E","R","BOSS","M","?","?","$","?","R","M","R","T","?","$","M","AVR","M","R_BF","BOSS","M","M","$","?","M","NM","R","?","T","?","M","M","PTL","PTL","M","?","R_BF","BOSS"],"items_purchased_type":["Relic","Relic","Relic","Relic","Relic","Relic","Relic","Potion","Relic"],"build_version":"2020-12-22","purchased_purges":3,"victory":false,"max_hp_per_floor":[65,65,65,65,65,65,65,65,65,65,65,70,70,70,70,70,70,70,70,70,70,70,70,70,70,70,70,70,70,70,70,70,70,70,70,70,70,70,70,70,70,70,70,70,70,70,70,70,70,70,73,73,73],"relic_stats":{"Darkstone Periapt":0,"Busted Crown":52,"counters":[21,94],"Shuriken":[11],"Tingsha":[114],"HandDrill":[22],"obtain_stats":[{"Darkstone Periapt":32,"infinitespire:BottledMercury":50,"Uniform":0,"vexMod:RockOfEvil":17,"theForsaken:PlagueMask":27,"theForsaken:Gavel":43,"aspiration:RitualStick":20,"hubris:Backtick":34,"HandDrill":21,"Red Mask":42,"hubris:GlazedTorus":21,"m_SnakeCloak":21,"MerchantsRug":21,"hubris:DuctTape":21,"aspiration:Nostalgia":21,"Tingsha":28,"infinitespire:Lucky Rock":9,"vexMod:FocusSash":37,"hubris:Towel":19,"aspiration:EmptySkull":14,"Busted Crown":30,"Shuriken":34,"halation:EternalFortune":51,"hubris:ToyBattleship":21,"Garlic":40},{"Darkstone Periapt":12,"infinitespire:BottledMercury":20,"Uniform":0,"vexMod:RockOfEvil":8,"theForsaken:PlagueMask":10,"theForsaken:Gavel":17,"aspiration:RitualStick":9,"hubris:Backtick":13,"HandDrill":9,"Red Mask":17,"hubris:GlazedTorus":9,"m_SnakeCloak":9,"MerchantsRug":9,"hubris:DuctTape":9,"aspiration:Nostalgia":9,"Tingsha":10,"infinitespire:Lucky Rock":4,"vexMod:FocusSash":15,"hubris:Towel":9,"aspiration:EmptySkull":7,"Busted Crown":11,"Shuriken":13,"halation:EternalFortune":20,"hubris:ToyBattleship":9,"Garlic":17},{"Darkstone Periapt":50,"infinitespire:BottledMercury":92,"Uniform":0,"vexMod:RockOfEvil":35,"theForsaken:PlagueMask":46,"theForsaken:Gavel":77,"aspiration:RitualStick":42,"hubris:Backtick":57,"HandDrill":42,"Red Mask":77,"hubris:GlazedTorus":42,"m_SnakeCloak":42,"MerchantsRug":42,"hubris:DuctTape":42,"aspiration:Nostalgia":42,"Tingsha":46,"infinitespire:Lucky Rock":13,"vexMod:FocusSash":64,"hubris:Towel":42,"aspiration:EmptySkull":24,"Busted Crown":47,"Shuriken":57,"halation:EternalFortune":92,"hubris:ToyBattleship":42,"Garlic":77}],"aspiration:RitualStick":[0]},"card_choices":[{"not_picked":["ReturningBlade","TimeWarp"],"picked":"Ricochet","floor":1},{"not_picked":["WasteNot","Ricochet"],"picked":"Potential","floor":4},{"not_picked":["Replace","ShiftingGears"],"picked":"BestPractice","floor":5},{"not_picked":["FanOfKnives","Moondial"],"picked":"BestPractice","floor":8},{"not_picked":["FanOfKnives","Alleviate"],"picked":"Rearm","floor":10},{"not_picked":["BottledTime","Spin"],"picked":"Potential","floor":12},{"not_picked":["Read","BottledTime"],"picked":"InstantArmor","floor":14},{"not_picked":["Deny","KillingDoll"],"picked":"Dilation","floor":16},{"not_picked":["Defy","Potential"],"picked":"Alleviate","floor":18},{"not_picked":["TimeWarp","Ricochet"],"picked":"Starlight+1","floor":24},{"not_picked":["DualDimension","FastForward"],"picked":"BestPractice","floor":29},{"not_picked":["Spin+1"],"picked":"SKIP","floor":31},{"not_picked":[],"picked":"FloweringNight","floor":33},{"not_picked":[],"picked":"FastForward+1","floor":35},{"not_picked":[],"picked":"Misdirection","floor":36},{"not_picked":["Ricochet+1"],"picked":"SKIP","floor":39},{"not_picked":["Unruled"],"picked":"SKIP","floor":40},{"not_picked":[],"picked":"expansioncontent:Collect","floor":44},{"not_picked":["Replace"],"picked":"SKIP","floor":45},{"not_picked":[],"picked":"TheWorld","floor":46},{"not_picked":[],"picked":"Sabotage+1","floor":49}],"player_experience":294992,"relics_obtained":[{"floor":9,"key":"infinitespire:Lucky Rock"},{"floor":14,"key":"aspiration:EmptySkull"},{"floor":32,"key":"Darkstone Periapt"},{"floor":40,"key":"Garlic"},{"floor":43,"key":"theForsaken:Gavel"},{"floor":50,"key":"infinitespire:BottledMercury"}],"event_choices":[{"damage_healed":0,"gold_gain":275,"player_choice":"Desecrate","damage_taken":0,"max_hp_gain":0,"max_hp_loss":0,"event_name":"Golden Shrine","floor":3,"gold_loss":0,"cards_obtained":["Regret"]},{"cards_removed":["Regret"],"damage_healed":0,"gold_gain":0,"player_choice":"Elegance","damage_taken":0,"max_hp_gain":0,"max_hp_loss":0,"event_name":"Back to Basics","floor":22,"gold_loss":0},{"damage_healed":0,"gold_gain":0,"player_choice":"Obtain Plague Curse","damage_taken":0,"max_hp_gain":0,"max_hp_loss":0,"event_name":"Plague Doctor","floor":27,"gold_loss":0,"cards_obtained":["theForsaken:PlagueCurse"]},{"damage_healed":0,"gold_gain":0,"player_choice":"Paid","damage_taken":0,"relics_obtained":["Red Mask"],"max_hp_gain":0,"max_hp_loss":0,"event_name":"Tomb of Lord Red Mask","floor":42,"gold_loss":74},{"damage_healed":0,"gold_gain":0,"player_choice":"Memory 1","damage_taken":0,"max_hp_gain":0,"max_hp_loss":0,"event_name":"SensoryStone","floor":44,"gold_loss":0}],"is_beta":false,"boss_relics":[{"not_picked":["Replay:Wanted Poster","aspiration:FutureDiary"],"picked":"vexMod:RockOfEvil"},{"not_picked":["hubris:BlackHole","Black Star"],"picked":"hubris:Backtick"}],"items_purged_floors":[2,21,21],"is_endless":true,"potions_floor_spawned":[10,12,14,24,29,36,40,46],"killed_by":"hubris:GrandSnecko","ascension_level":0}}