{"host":"oe6yjh9x9s1jtd6c","time":1610682474,"event":{"mods":["Act Like it!","BaseMod","Jorbs\u0027s Wanderer Trilogy","Minty Spire (QoL Compilation)","Permanent Neow","Relic Stats","StSLib","The Jungle"],"gold_per_floor":[11,24,44,63,63,93,93,110,110,138,155,155,165,165,165,269,269,299,312,312,324,324,349,369,402,414,460,5,5,5],"floor_reached":29,"language":"ENG","playtime":2821,"items_purged":["stsjorbsmod:Strike_Wanderer"],"score":382,"play_id":"d75398e5-587b-4af9-a197-5889fdcc9d0b","local_time":"20210115034754","is_ascension_mode":true,"campfire_choices":[{"floor":7.0,"key":"REST"},{"data":"stsjorbsmod:Determination","floor":12.0,"key":"SMITH"},{"data":"stsjorbsmod:ChatteringStrike","floor":15.0,"key":"SMITH"}],"circlet_count":0,"master_deck":["stsjorbsmod:ForbiddenGrimoire+1","stsjorbsmod:Strike_Wanderer+1","stsjorbsmod:Strike_Wanderer+1","stsjorbsmod:Strike_Wanderer+1","stsjorbsmod:Defend_Wanderer+1","stsjorbsmod:Defend_Wanderer","stsjorbsmod:Defend_Wanderer+1","stsjorbsmod:Defend_Wanderer+1","stsjorbsmod:FreshAdventure+1","stsjorbsmod:EyeOfTheStorm","stsjorbsmod:Determination+1","stsjorbsmod:ChatteringStrike+1","stsjorbsmod:Mania","stsjorbsmod:HoldMonster+1","stsjorbsmod:BookOfTongues+1","stsjorbsmod:ColorSpray+1","stsjorbsmod:WanderingMind","stsjorbsmod:ChainLightning","stsjorbsmod:Pyromancy","stsjorbsmod:FranticSearch","stsjorbsmod:BookOfTongues+1","stsjorbsmod:Stalwart+1","stsjorbsmod:Mania","stsjorbsmod:ScorchingRay","stsjorbsmod:BookOfTongues+1","stsjorbsmod:ScorchingRay","stsjorbsmod:FindFamiliar+1","stsjorbsmod:DoubleCheck"],"relics":["stsjorbsmod:GrimoireRelic","Tiny Chest","Happy Flower","Akabeko","Black Star","Omamori","Singing Bowl","Torii","MawBank","Bag of Marbles","Bottled Lightning","Juzu Bracelet","Frozen Egg 2","DollysMirror","Anchor"],"acts_visited":["Exordium","Exordium"],"potions_floor_usage":[21],"damage_taken":[{"damage":0.0,"enemies":"Small Slimes","floor":1.0,"turns":5.0},{"damage":14.0,"enemies":"Jaw Worm","floor":2.0,"turns":7.0},{"damage":3.0,"enemies":"2 Louse","floor":3.0,"turns":4.0},{"damage":24.0,"enemies":"Lots of Slimes","floor":4.0,"turns":5.0},{"damage":10.0,"enemies":"Lagavulin","floor":6.0,"turns":7.0},{"damage":10.0,"enemies":"Exordium Thugs","floor":8.0,"turns":4.0},{"damage":5.0,"enemies":"3 Sentries","floor":10.0,"turns":6.0},{"damage":2.0,"enemies":"Red Slaver","floor":11.0,"turns":3.0},{"damage":0.0,"enemies":"3 Louse","floor":13.0,"turns":2.0},{"damage":0.0,"enemies":"Hexaghost","floor":16.0,"turns":7.0},{"damage":7,"enemies":"theJungle:5_Spyders","floor":18,"turns":7},{"damage":8,"enemies":"theJungle:Flameango_and_Byrd","floor":19,"turns":4},{"damage":15,"enemies":"theJungle:2_Snecko_Cultists","floor":21,"turns":5},{"damage":7,"enemies":"theJungle:Cassacara","floor":23,"turns":5},{"damage":4,"enemies":"theJungle:JungleHuntersEncounter","floor":24,"turns":5},{"damage":13,"enemies":"theJungle:MamaSnecko","floor":25,"turns":5},{"damage":20,"enemies":"theJungle:Cassacara","floor":27,"turns":7},{"damage":16,"enemies":"theJungle:Lyon","floor":29,"turns":2}],"seed_played":"3430805872990685740","potions_obtained":[{"floor":2.0,"key":"GamblersBrew"},{"floor":4.0,"key":"Energy Potion"},{"floor":6.0,"key":"GamblersBrew"},{"floor":10.0,"key":"Strength Potion"},{"floor":13.0,"key":"DistilledChaos"},{"floor":19,"key":"SmokeBomb"},{"floor":24,"key":"FearPotion"},{"floor":25,"key":"AttackPotion"}],"is_trial":false,"path_per_floor":["M","M","M","M","?","E","R","M","T","E","M","R","M","?","R","B",null,"M","M","?","M","T","E","M","E","T","E","$","M"],"character_chosen":"WANDERER","items_purchased":["DollysMirror","stsjorbsmod:FindFamiliar+1","Anchor","stsjorbsmod:DoubleCheck"],"campfire_rested":1,"item_purchase_floors":[28,28,28,28],"current_hp_per_floor":[68,59,57,35,35,25,46,37,37,35,34,34,34,20,20,22,70,68,61,61,50,50,46,45,36,36,16,16,0,0],"gold":5,"neow_bonus":"THREE_RARE_CARDS","is_daily":false,"chose_seed":false,"campfire_upgraded":2,"win_rate":0.0,"timestamp":1610682474,"path_taken":["M","M","M","M","?","E","R","M","T","E","M","R","M","?","R","BOSS","M","M","?","?","?","E","?","E","T","E","$","M"],"items_purchased_type":["Relic","Card","Relic","Card"],"build_version":"2020-12-22","purchased_purges":1,"victory":false,"max_hp_per_floor":[68,70,70,70,70,70,70,70,70,70,70,70,70,70,70,70,70,74,74,74,76,76,76,76,78,78,78,78,78,78],"relic_stats":{"Happy Flower":[20],"Singing Bowl":2,"Torii":6,"counters":[18,90],"Tiny Chest":1,"Black Star":3,"Juzu Bracelet":0,"MawBank":36,"obtain_stats":[{"Happy Flower":9,"Singing Bowl":23,"Torii":23,"stsjorbsmod:GrimoireRelic":0,"Omamori":22,"Juzu Bracelet":27,"Frozen Egg 2":27,"MawBank":25,"Akabeko":10,"Anchor":28,"DollysMirror":28,"Tiny Chest":6,"Black Star":17,"Bag of Marbles":25,"Bottled Lightning":26},{"Happy Flower":6,"Singing Bowl":14,"Torii":14,"stsjorbsmod:GrimoireRelic":0,"Omamori":13,"Juzu Bracelet":17,"Frozen Egg 2":17,"MawBank":16,"Akabeko":7,"Anchor":17,"DollysMirror":17,"Tiny Chest":5,"Black Star":10,"Bag of Marbles":16,"Bottled Lightning":16},{"Happy Flower":32,"Singing Bowl":71,"Torii":71,"stsjorbsmod:GrimoireRelic":0,"Omamori":66,"Juzu Bracelet":88,"Frozen Egg 2":88,"MawBank":81,"Akabeko":38,"Anchor":88,"DollysMirror":88,"Tiny Chest":28,"Black Star":50,"Bag of Marbles":81,"Bottled Lightning":81}]},"card_choices":[{"not_picked":["stsjorbsmod:Entangle","stsjorbsmod:Feast"],"picked":"stsjorbsmod:Determination","floor":0.0},{"not_picked":["stsjorbsmod:Channel","stsjorbsmod:Hibernate"],"picked":"stsjorbsmod:ChatteringStrike","floor":1.0},{"not_picked":["stsjorbsmod:Index","stsjorbsmod:Materialize"],"picked":"stsjorbsmod:Mania","floor":2.0},{"not_picked":["stsjorbsmod:Message","stsjorbsmod:Hibernate"],"picked":"stsjorbsmod:HoldMonster","floor":3.0},{"not_picked":["stsjorbsmod:BurningFlask","stsjorbsmod:DisguiseSelf"],"picked":"stsjorbsmod:BookOfTongues","floor":4.0},{"not_picked":["stsjorbsmod:ParryingBlow","stsjorbsmod:UnseenServant"],"picked":"stsjorbsmod:ColorSpray","floor":6.0},{"not_picked":["stsjorbsmod:ChatteringStrike","stsjorbsmod:MageArmor"],"picked":"stsjorbsmod:WanderingMind","floor":8.0},{"not_picked":["stsjorbsmod:Materialize","stsjorbsmod:BlackTentacles","stsjorbsmod:DoubleCheck"],"picked":"SKIP","floor":10.0},{"not_picked":["stsjorbsmod:WanderingMind","stsjorbsmod:BlackTentacles"],"picked":"stsjorbsmod:ChainLightning","floor":11.0},{"not_picked":["stsjorbsmod:Hibernate","stsjorbsmod:RayOfFrost","stsjorbsmod:Mending"],"picked":"SKIP","floor":13.0},{"not_picked":["stsjorbsmod:IvoryTower","stsjorbsmod:CorrodingBarrier"],"picked":"stsjorbsmod:Pyromancy","floor":16.0},{"not_picked":["stsjorbsmod:DoubleCheck","stsjorbsmod:MageArmor"],"picked":"stsjorbsmod:FranticSearch","floor":18},{"not_picked":["stsjorbsmod:FracturedMind+1","stsjorbsmod:SchoolsOfMagic"],"picked":"stsjorbsmod:BookOfTongues","floor":19},{"not_picked":["stsjorbsmod:BlackTentacles","stsjorbsmod:DisguiseSelf+1"],"picked":"stsjorbsmod:Stalwart+1","floor":21},{"not_picked":["stsjorbsmod:Materialize","stsjorbsmod:Counterspell"],"picked":"stsjorbsmod:Mania","floor":23},{"not_picked":["stsjorbsmod:WeightOfMemory","stsjorbsmod:Counterspell+1"],"picked":"stsjorbsmod:ScorchingRay","floor":24},{"not_picked":["stsjorbsmod:Hurt","stsjorbsmod:Channel+1","stsjorbsmod:DeathThroes"],"picked":"Singing Bowl","floor":25},{"not_picked":["stsjorbsmod:MagicMirror+1","stsjorbsmod:MageArmor"],"picked":"stsjorbsmod:BookOfTongues+1","floor":27}],"player_experience":473139,"relics_obtained":[{"floor":6.0,"key":"Tiny Chest"},{"floor":9.0,"key":"Happy Flower"},{"floor":10.0,"key":"Akabeko"},{"floor":22,"key":"Omamori"},{"floor":23,"key":"Singing Bowl"},{"floor":23,"key":"Torii"},{"floor":25,"key":"MawBank"},{"floor":25,"key":"Bag of Marbles"},{"floor":26,"key":"Bottled Lightning"},{"floor":27,"key":"Juzu Bracelet"},{"floor":27,"key":"Frozen Egg 2"}],"event_choices":[{"damage_healed":0.0,"max_hp_gain":0.0,"max_hp_loss":0.0,"gold_gain":0.0,"event_name":"Liars Game","player_choice":"Ignored","floor":5.0,"gold_loss":0.0,"damage_taken":0.0},{"damage_healed":0.0,"max_hp_gain":0.0,"max_hp_loss":0.0,"gold_gain":0.0,"event_name":"Shining Light","player_choice":"Entered Light","floor":14.0,"gold_loss":0.0,"damage_taken":14.0,"cards_upgraded":["stsjorbsmod:Strike_Wanderer","stsjorbsmod:Defend_Wanderer"]},{"damage_healed":0,"gold_gain":0,"player_choice":"Upgraded","damage_taken":0,"max_hp_gain":0,"max_hp_loss":0,"event_name":"Upgrade Shrine","floor":20,"gold_loss":0,"cards_upgraded":["stsjorbsmod:BookOfTongues"]}],"is_beta":false,"boss_relics":[{"not_picked":["Ectoplasm","Calling Bell"],"picked":"Black Star"}],"items_purged_floors":[28],"is_endless":false,"potions_floor_spawned":[2,4,6,10,13,19,24,25],"killed_by":"theJungle:Lyon","ascension_level":2}}