{"host":"9slw7l0ws16384qq","time":1610710660,"event":{"mods":["BaseMod","Colored Map","Hubris","Minty Spire (QoL Compilation)","Replay The Spire","Shedinja","StSLib","The Dragon Tamer","The Marked"],"gold_per_floor":[112,112,112,1,12,39,39,39,39,59,59,79,144,44,44,44,44],"floor_reached":16,"language":"FRA","playtime":378,"items_purged":["Shedinja:Endure","Shedinja:Endure"],"score":123,"play_id":"3406b609-af4d-4a8f-85bc-f5d5edba2347","local_time":"20210115123740","is_ascension_mode":false,"campfire_choices":[{"data":"Shedinja:GigaDrain","floor":7,"key":"SMITH"},{"data":"Shedinja:FocusSash","floor":11,"key":"SMITH"},{"data":"Shedinja:Protect","floor":15,"key":"SMITH"}],"circlet_count":0,"master_deck":["Shedinja:Scratch","Shedinja:Scratch","Shedinja:Scratch","Shedinja:Scratch","Shedinja:Scratch","Shedinja:Endure","Shedinja:Endure","Shedinja:Endure","Shedinja:FocusSash+1","Shedinja:FocusSash","Shedinja:Elixir","Shedinja:GigaDrain+1","Shedinja:StringShot","Shedinja:Protect+1"],"relics":["Shedinja:WonderGuard","NeowsBlessing","hubris:OldNail","hubris:Towel","Happy Flower","hubris:MedicalManual","Frozen Egg 2","Pen Nib"],"acts_visited":["Exordium"],"potions_floor_usage":[16],"damage_taken":[{"damage":0,"enemies":"Cultist","floor":1,"turns":1},{"damage":0,"enemies":"Small Slimes","floor":5,"turns":1},{"damage":0,"enemies":"3 Sentries","floor":6,"turns":2},{"damage":0,"enemies":"Jaw Worm","floor":10,"turns":5},{"damage":0,"enemies":"2 Fungi Beasts","floor":12,"turns":5},{"damage":10,"enemies":"Fading Forest","floor":16,"turns":8}],"seed_played":"3954957382904230495","potions_obtained":[{"floor":5,"key":"Dexterity Potion"},{"floor":6,"key":"Ancient Potion"},{"floor":13,"key":"Venom Potion"},{"floor":13,"key":"Swift Potion"}],"is_trial":false,"path_per_floor":["M","?","?","$","M","E","R","?","T","M","R","M","?","$","R","B"],"character_chosen":"THE_DEFAULT","items_purchased":["Shedinja:Elixir"],"campfire_rested":0,"item_purchase_floors":[4],"current_hp_per_floor":[1,1,1,1,1,1,1,1,1,1,1,1,1,1,1,0,0],"gold":44,"neow_bonus":"THREE_ENEMY_KILL","is_daily":false,"chose_seed":false,"campfire_upgraded":3,"win_rate":0.0,"timestamp":1610710660,"path_taken":["M","?","?","$","M","E","R","?","T","M","R","?","?","$","R","BOSS"],"items_purchased_type":["Card"],"build_version":"2020-12-22","purchased_purges":2,"victory":false,"max_hp_per_floor":[1,1,1,1,1,1,1,1,1,1,1,1,1,1,1,1,1],"card_choices":[{"not_picked":["Shedinja:ArtifactCard","Shedinja:ShadowBall","Shedinja:SuckerPunch"],"picked":"SKIP","floor":1},{"not_picked":["Shedinja:Mimic","Shedinja:ArtifactCard"],"picked":"Shedinja:GigaDrain","floor":5},{"not_picked":["Shedinja:ConfuseRay","Shedinja:FurySwipes","Shedinja:ShadowBall"],"picked":"SKIP","floor":6},{"not_picked":["Shedinja:Harden","Shedinja:ArtifactCard","Shedinja:PowerBelt"],"picked":"SKIP","floor":10},{"not_picked":["Shedinja:StruggleBug","Shedinja:WillOWisp"],"picked":"Shedinja:StringShot","floor":12},{"not_picked":["Shedinja:StruggleBug","Shedinja:WillOWisp"],"picked":"Shedinja:Protect","floor":13}],"player_experience":1623394,"relics_obtained":[{"floor":6,"key":"Happy Flower"},{"floor":9,"key":"Frozen Egg 2"},{"floor":13,"key":"Pen Nib"}],"event_choices":[{"damage_healed":0,"gold_gain":0,"player_choice":"Gave Potion","damage_taken":0,"relics_obtained":["hubris:MedicalManual"],"max_hp_gain":0,"max_hp_loss":0,"event_name":"WeMeetAgain","floor":8,"gold_loss":0}],"is_beta":false,"boss_relics":[],"items_purged_floors":[4,14],"is_endless":false,"potions_floor_spawned":[5,6],"killed_by":"Fading Forest","ascension_level":0}}