{"host":"ormi09wwzv7sq47a","time":1610681540,"event":{"mods":["2.2 Compatiblity","AchievementEnabler","Act Like it!","BaseMod","Bestiary","Better Altar","Better Note","Better Sensory Stone","Better Silent Start","Better Skull","Better Third Choice","Better Vampires","BetterRewards","Block Reminder","Card Forge","Colored Map","Colored Powertips","Curses Come First","DeckTracker","Downfall","Highlight Path","Minty Spire (QoL Compilation)","Permanent Neow","Quick Restart","Rare Cards Sparkle","Relic Stats","Shop Mod","StSLib","The Jungle"],"gold_per_floor":[110,127,127,46,58,58,75,75,130,155,155,155,168,212,212,310,310,345,357,419,431,457,469,506,558,597,609,48,48,81,97,97,193,193,208,208,221,246,3,3,44,68,68,68,81,19,19,35,35,35,35,35,35],"floor_reached":51,"language":"ENG","playtime":3252,"items_purged":["Slimebound:Tackle"],"score":1921,"play_id":"6cb05e45-56b4-4a1a-b33b-d9c2976e31ee","local_time":"20210115013220","is_ascension_mode":true,"campfire_choices":[{"data":"Slimebound:Split","floor":6.0,"key":"SMITH"},{"data":"Slimebound:LeechEnergy","floor":8.0,"key":"SMITH"},{"data":"Slimebound:CorrosiveSpit","floor":11.0,"key":"SMITH"},{"data":"Slimebound:GoopSpray","floor":15.0,"key":"SMITH"},{"data":"Slimebound:MassFeed","floor":23.0,"key":"SMITH"},{"floor":27.0,"key":"REST"},{"data":"Slimebound:RejuvenatingLick","floor":29.0,"key":"SMITH"},{"data":"expansioncontent:DefensiveStance","floor":32.0,"key":"SMITH"},{"data":"Slimebound:TongueLash","floor":40,"key":"SMITH"},{"data":"Slimebound:RejuvenatingLick","floor":44,"key":"SMITH"},{"floor":47,"key":"RECALL"},{"data":"Slimebound:DisruptingSlam","floor":49,"key":"SMITH"}],"circlet_count":0,"master_deck":["AscendersBane","Slimebound:Strike_Slimebound+1","Slimebound:Strike_Slimebound+1","Slimebound:Strike_Slimebound+1","Slimebound:Defend_Slimebound+1","Slimebound:Defend_Slimebound+1","Slimebound:Defend_Slimebound+1","Slimebound:Defend_Slimebound+1","Slimebound:Split+1","Slimebound:CorrosiveSpit+1","Good Instincts","Slimebound:FormOfPuddle+1","Slimebound:GoopSpray+1","expansioncontent:DefensiveStance+1","Slimebound:DisruptingSlam+1","Slimebound:LeechEnergy+1","Slimebound:RejuvenatingLick+1","Slimebound:LeechingTouch","Slimebound:Recycling","Slimebound:SlimeSpikes","Slimebound:Recollect","Slimebound:MassFeed+1","Slimebound:Nibble+1","Slimebound:RejuvenatingLick+1","Slimebound:RejuvenatingLick+1","expansioncontent:Corrupt+1","Slimebound:DouseInSlime+1","Slimebound:SplitMire+1","Slimebound:WasteNot+1","Slimebound:SlimeTap+1","Slimebound:Dissolve+1","Slimebound:SamplingLick+1","Slimebound:MegaLick+1","Slimebound:TongueLash+1","Slimebound:HauntingLick+1","Slimebound:Recollect+1","Slimebound:SamplingLick+1"],"relics":["Slimebound:AbsorbEndCombatUpgraded","Hammer of Thor","Seething Fire","Anvil of the Gods","FossilizedHelix","Omamori","Slimebound:SlimedSkullRelic","MealTicket","Oddly Smooth Stone","Golden Idol","Prayer Wheel","Calling Bell","MawBank","Sundial","Ginger","Question Card","Blood Vial","Toxic Egg 2","Lantern","Bag of Preparation","Kunai","TungstenRod"],"acts_visited":["Exordium","TheCity","TheBeyond"],"potions_floor_usage":[33,37,45],"damage_taken":[{"damage":7.0,"enemies":"Small Slimes","floor":1.0,"turns":4.0},{"damage":7.0,"enemies":"Jaw Worm","floor":2.0,"turns":4.0},{"damage":9.0,"enemies":"Cultist","floor":5.0,"turns":4.0},{"damage":8.0,"enemies":"Gremlin Gang","floor":7.0,"turns":4.0},{"damage":4.0,"enemies":"Lagavulin","floor":10.0,"turns":7.0},{"damage":4.0,"enemies":"Exordium Thugs","floor":13.0,"turns":4.0},{"damage":2.0,"enemies":"Gremlin Nob","floor":14.0,"turns":5.0},{"damage":19.0,"enemies":"The Guardian","floor":16.0,"turns":11.0},{"damage":8.0,"enemies":"Shell Parasite","floor":18.0,"turns":6.0},{"damage":57.0,"enemies":"3 Byrds","floor":22.0,"turns":5.0},{"damage":32.0,"enemies":"3 Cultists","floor":24.0,"turns":5.0},{"damage":38.0,"enemies":"Book of Stabbing","floor":25.0,"turns":7.0},{"damage":36.0,"enemies":"Gremlin Leader","floor":30.0,"turns":7.0},{"damage":4.0,"enemies":"Shelled Parasite and Fungi","floor":31.0,"turns":8.0},{"damage":70,"enemies":"Collector","floor":33,"turns":9},{"damage":16,"enemies":"Orb Walker","floor":35,"turns":4},{"damage":25,"enemies":"3 Darklings","floor":37,"turns":6},{"damage":43,"enemies":"Writhing Mass","floor":38,"turns":7},{"damage":72,"enemies":"Nemesis","floor":41,"turns":7},{"damage":9,"enemies":"Spire Growth","floor":45,"turns":4},{"damage":33,"enemies":"4 Shapes","floor":48,"turns":3},{"damage":52,"enemies":"Awakened One","floor":50,"turns":10},{"damage":127,"enemies":"Time Eater","floor":51,"turns":11}],"seed_played":"-4927580933580042517","potions_obtained":[{"floor":1.0,"key":"Slimebound:SlimyTonguePotion"},{"floor":5.0,"key":"AttackPotion"},{"floor":13.0,"key":"CultistPotion"},{"floor":14.0,"key":"GamblersBrew"},{"floor":18.0,"key":"Weak Potion"},{"floor":22.0,"key":"champ:CounterPotion"},{"floor":25.0,"key":"EssenceOfSteel"},{"floor":30.0,"key":"Weak Potion"},{"floor":35,"key":"sneckomod:MuddlingPotion"},{"floor":41,"key":"LiquidMemories"}],"is_trial":false,"path_per_floor":["M","M","?","$","M","R","M","R","T","E","R","?","M","E","R","B",null,"M","?","?","?","M","R","M","E","T","R","$","R","E","M","R","B",null,"M","?","M","M","$","R","E","T","T","R","M","?","R","M","R","B","B"],"character_chosen":"SLIMEBOUND","items_purchased":["Omamori","Slimebound:SlimedSkullRelic","Good Instincts","Slimebound:DisruptingSlam","Toxic Egg 2","Slimebound:RejuvenatingLick+1","expansioncontent:Corrupt+1","Bag of Preparation","Slimebound:HauntingLick+1"],"campfire_rested":1,"item_purchase_floors":[0,0,0,4,28,28,28,39,39],"current_hp_per_floor":[38,39,39,39,44,44,48,48,48,54,54,54,54,54,54,51,53,54,54,54,54,31,31,19,15,15,32,47,47,58,62,62,33,55,66,66,66,55,66,66,40,40,40,40,70,70,70,70,70,74,0,0,0],"gold":35,"neow_bonus":"","is_daily":false,"chose_seed":false,"campfire_upgraded":10,"win_rate":0.0,"timestamp":1610681540,"path_taken":["M","M","?","?","?","R","M","R","T","E","R","?","M","E","R","BOSS","M","?","?","?","M","R","M","E","T","R","$","R","E","M","R","BOSS","M","?","?","M","$","R","E","?","T","R","M","?","R","M","R","BOSS","BOSS"],"items_purchased_type":["Relic","Relic","Card","Card","Relic","Card","Card","Relic","Card"],"build_version":"2020-12-22","purchased_purges":1,"victory":false,"max_hp_per_floor":[54,54,54,54,54,54,54,54,54,54,54,54,54,54,54,54,54,54,54,54,54,54,54,58,58,58,58,58,58,58,62,62,62,62,66,66,66,66,66,66,66,66,66,66,70,70,70,70,70,74,74,74,74],"relic_stats":{"counters":[211,988],"Golden Idol":126,"Bag of Preparation":[10],"Ginger":[10],"MawBank":132,"Question Card":15,"Blood Vial":6,"Sundial":[12],"MealTicket":26,"Prayer Wheel":24,"Kunai":[5],"obtain_stats":[{"Whetstone":23,"Ginger":17,"Boot":28,"Old Coin":10,"Blood Vial":41,"Sundial":45,"MealTicket":43,"Kunai":38,"Slimebound:AggressiveSlimeRelic":38,"MerchantsRug":38,"Pear":20,"Blue Candle":10,"Eternal Feather":6,"Guardian:PocketSentry":0,"Akabeko":9,"SlaversCollar":17,"Bird Faced Urn":54,"Pandora\u0027s Box":34,"StrikeDummy":25,"Unceasing Top":0,"Slimebound:SlimedTailRelic":30,"Regal Pillow":0,"Lantern":3,"Torii":31,"StoneCalendar":24,"Bag of Preparation":37,"Ancient Tea Set":10,"Matryoshka":26,"Slimebound:MaxSlimesRelic":9,"Shovel":0,"Toolbox":53,"WingedGreaves":0,"InkBottle":11,"Golden Idol":3,"Thread and Needle":54,"PreservedInsect":9,"Omamori":26,"Seething Fire":0,"Frozen Egg 2":28,"MawBank":17,"Ornamental Fan":9,"Bloody Idol":21,"Turnip":42,"Slimebound:AbsorbEndCombat":0,"Art of War":47,"Bottled Lightning":41,"hexamod:BolsterEngine":26,"Slimebound:AbsorbEndCombatUpgraded":34,"Toy Ornithopter":11,"Calipers":8,"Gremlin Horn":6,"Vajra":48,"Hammer of Thor":0,"Sozu":17,"Lizard Tail":0,"Centennial Puzzle":26,"Strawberry":9,"Philosopher\u0027s Stone":34,"Prayer Wheel":36,"Toxic Egg 2":11,"Astrolabe":17,"Oddly Smooth Stone":27,"Letter Opener":0,"War Paint":4,"Question Card":25,"Du-Vu Doll":41,"Anvil of the Gods":0,"Shuriken":54,"Bronze Scales":47,"Molten Egg 2":26,"Black Star":34,"Slimebound:SlimedSkullRelic":0,"Meat on the Bone":48,"Darkstone Periapt":30,"SacredBark":34,"Incense Burner":0,"Empty Cage":17,"ClockworkSouvenir":38,"Nunchaku":12,"TheAbacus":47,"Mummified Hand":17,"Gambling Chip":12,"Tiny Chest":17,"Red Mask":21,"Odd Mushroom":14,"Orichalcum":47,"Medical Kit":0,"White Beast Statue":8,"Mercury Hourglass":54,"Peace Pipe":22,"Slimebound:GreedOozeRelic":7,"Calling Bell":17,"CaptainsWheel":0,"Bag of Marbles":3,"Coffee Dripper":34,"Membership Card":0,"FossilizedHelix":0,"TungstenRod":46},{"Whetstone":30,"Ginger":196,"Boot":85,"Old Coin":23,"Blood Vial":39,"Sundial":119,"MealTicket":39,"Kunai":38,"Slimebound:AggressiveSlimeRelic":38,"MerchantsRug":38,"Pear":12,"Blue Candle":50,"Eternal Feather":4,"Guardian:PocketSentry":146,"Akabeko":5,"SlaversCollar":132,"Bird Faced Urn":72,"Pandora\u0027s Box":138,"StrikeDummy":31,"Unceasing Top":18,"Slimebound:SlimedTailRelic":111,"Regal Pillow":18,"Lantern":20,"Torii":111,"StoneCalendar":57,"Bag of Preparation":90,"Ancient Tea Set":78,"Matryoshka":31,"Slimebound:MaxSlimesRelic":77,"Shovel":124,"Toolbox":97,"WingedGreaves":99,"InkBottle":6,"Golden Idol":2,"Thread and Needle":187,"PreservedInsect":164,"Omamori":134,"Seething Fire":0,"Frozen Egg 2":110,"MawBank":196,"Ornamental Fan":22,"Bloody Idol":133,"Turnip":67,"Slimebound:AbsorbEndCombat":0,"Art of War":95,"Bottled Lightning":66,"hexamod:BolsterEngine":57,"Slimebound:AbsorbEndCombatUpgraded":203,"Toy Ornithopter":102,"Calipers":77,"Gremlin Horn":76,"Vajra":41,"Hammer of Thor":0,"Sozu":10,"Lizard Tail":73,"Centennial Puzzle":84,"Strawberry":101,"Philosopher\u0027s Stone":35,"Prayer Wheel":37,"Toxic Egg 2":23,"Astrolabe":53,"Oddly Smooth Stone":32,"Letter Opener":18,"War Paint":2,"Question Card":200,"Du-Vu Doll":142,"Anvil of the Gods":0,"Shuriken":187,"Bronze Scales":69,"Molten Egg 2":15,"Black Star":176,"Slimebound:SlimedSkullRelic":188,"Meat on the Bone":41,"Darkstone Periapt":136,"SacredBark":88,"Incense Burner":0,"Empty Cage":26,"ClockworkSouvenir":38,"Nunchaku":51,"TheAbacus":41,"Mummified Hand":105,"Gambling Chip":24,"Tiny Chest":105,"Red Mask":170,"Odd Mushroom":9,"Orichalcum":95,"Medical Kit":0,"White Beast Statue":5,"Mercury Hourglass":123,"Peace Pipe":83,"Slimebound:GreedOozeRelic":101,"Calling Bell":105,"CaptainsWheel":73,"Bag of Marbles":46,"Coffee Dripper":61,"Membership Card":18,"FossilizedHelix":44,"TungstenRod":208},{"Whetstone":105,"Ginger":889,"Boot":374,"Old Coin":85,"Blood Vial":132,"Sundial":524,"MealTicket":132,"Kunai":129,"Slimebound:AggressiveSlimeRelic":129,"MerchantsRug":129,"Pear":52,"Blue Candle":181,"Eternal Feather":13,"Guardian:PocketSentry":656,"Akabeko":19,"SlaversCollar":585,"Bird Faced Urn":311,"Pandora\u0027s Box":620,"StrikeDummy":108,"Unceasing Top":73,"Slimebound:SlimedTailRelic":493,"Regal Pillow":73,"Lantern":77,"Torii":493,"StoneCalendar":219,"Bag of Preparation":391,"Ancient Tea Set":340,"Matryoshka":108,"Slimebound:MaxSlimesRelic":335,"Shovel":551,"Toolbox":427,"WingedGreaves":439,"InkBottle":25,"Golden Idol":6,"Thread and Needle":839,"PreservedInsect":721,"Omamori":596,"Seething Fire":0,"Frozen Egg 2":490,"MawBank":889,"Ornamental Fan":81,"Bloody Idol":591,"Turnip":279,"Slimebound:AbsorbEndCombat":0,"Art of War":415,"Bottled Lightning":274,"hexamod:BolsterEngine":219,"Slimebound:AbsorbEndCombatUpgraded":936,"Toy Ornithopter":451,"Calipers":335,"Gremlin Horn":328,"Vajra":139,"Hammer of Thor":0,"Sozu":45,"Lizard Tail":319,"Centennial Puzzle":370,"Strawberry":447,"Philosopher\u0027s Stone":121,"Prayer Wheel":127,"Toxic Egg 2":85,"Astrolabe":198,"Oddly Smooth Stone":110,"Letter Opener":73,"War Paint":6,"Question Card":912,"Du-Vu Doll":639,"Anvil of the Gods":0,"Shuriken":839,"Bronze Scales":289,"Molten Egg 2":59,"Black Star":794,"Slimebound:SlimedSkullRelic":847,"Meat on the Bone":139,"Darkstone Periapt":607,"SacredBark":386,"Incense Burner":0,"Empty Cage":95,"ClockworkSouvenir":129,"Nunchaku":186,"TheAbacus":139,"Mummified Hand":465,"Gambling Chip":89,"Tiny Chest":465,"Red Mask":759,"Odd Mushroom":35,"Orichalcum":415,"Medical Kit":0,"White Beast Statue":19,"Mercury Hourglass":544,"Peace Pipe":367,"Slimebound:GreedOozeRelic":447,"Calling Bell":465,"CaptainsWheel":319,"Bag of Marbles":164,"Coffee Dripper":245,"Membership Card":73,"FossilizedHelix":156,"TungstenRod":964}],"TungstenRod":34},"card_choices":[{"not_picked":["Slimebound:Repurpose","Slimebound:ComboTackle"],"picked":"Slimebound:FormOfPuddle","floor":1.0},{"not_picked":["Slimebound:FormOfPuddle","Slimebound:ViciousTackle"],"picked":"Slimebound:GoopSpray","floor":2.0},{"not_picked":["Enlightenment","Blind"],"picked":"expansioncontent:DefensiveStance","floor":3.0},{"not_picked":["Slimebound:FirmFortitude","Slimebound:DuplicatedForm"],"picked":"Slimebound:LeechEnergy","floor":5.0},{"not_picked":["Slimebound:PressTheAttack","Slimebound:ComboTackle"],"picked":"Slimebound:RejuvenatingLick","floor":7.0},{"not_picked":["Slimebound:FinishingTackle","Slimebound:SplitBruiser","Slimebound:Schlurp"],"picked":"SKIP","floor":10.0},{"not_picked":["Slimebound:GoopSpray","Slimebound:Chomp"],"picked":"Slimebound:LeechingTouch","floor":13.0},{"not_picked":["Slimebound:SplitLeeching","Slimebound:SlimeBarrage","Slimebound:RollThrough"],"picked":"SKIP","floor":14.0},{"not_picked":["Slimebound:SelfFormingGoo","Slimebound:LeechLife"],"picked":"Slimebound:Recycling","floor":16.0},{"not_picked":["Slimebound:GrowthPunch","Slimebound:Prepare"],"picked":"Slimebound:SlimeSpikes","floor":18.0},{"not_picked":["Slimebound:GoopSpray","Slimebound:ProtectTheBoss"],"picked":"Slimebound:Recollect","floor":18.0},{"not_picked":["Slimebound:MegaLick","Slimebound:BestDefense"],"picked":"Slimebound:MassFeed","floor":22.0},{"not_picked":["Slimebound:ViciousTackle","Slimebound:SplitMire","Slimebound:GoopSpray"],"picked":"SKIP","floor":22.0},{"not_picked":["Slimebound:GrowthPunch","Slimebound:Grow"],"picked":"Slimebound:Nibble+1","floor":24.0},{"not_picked":["Slimebound:SlimeSpikes","Slimebound:Equalize","Slimebound:FinishingTackle"],"picked":"SKIP","floor":24.0},{"not_picked":["Slimebound:ViciousTackle","Slimebound:SlimeBrawl"],"picked":"Slimebound:RejuvenatingLick","floor":25.0},{"not_picked":["Slimebound:FinishingTackle","Slimebound:GoopTackle+1","Slimebound:SamplingLick+1"],"picked":"Slimebound:DouseInSlime+1","floor":30.0},{"not_picked":["Slimebound:FinishingTackle+1","Slimebound:Replication+1","Slimebound:SplitLeeching+1"],"picked":"Slimebound:SplitMire+1","floor":31.0},{"not_picked":["Slimebound:FlameTackle","Slimebound:ForwardTackle","Slimebound:PressTheAttack+1","Slimebound:ViciousTackle"],"picked":"SKIP","floor":31.0},{"not_picked":["Slimebound:DuplicatedForm","Slimebound:SlimeSlap","Slimebound:MassRepurpose+1"],"picked":"Slimebound:WasteNot+1","floor":33},{"not_picked":["Slimebound:FlameTackle","Slimebound:DisruptingSlam","Slimebound:FirmFortitude"],"picked":"Slimebound:SlimeTap+1","floor":35},{"not_picked":["Slimebound:DisruptingSlam","Slimebound:Replication+1","Slimebound:Prepare+1"],"picked":"Slimebound:Dissolve+1","floor":35},{"not_picked":["Slimebound:SlimeTap+1","Slimebound:ViciousTackle+1","Slimebound:LeechingTouch"],"picked":"Slimebound:SamplingLick+1","floor":37},{"not_picked":["Slimebound:ComboTackle","Slimebound:PressTheAttack","Slimebound:HauntingLick+1"],"picked":"Slimebound:MegaLick+1","floor":37},{"not_picked":["Slimebound:GoopSpray+1","Slimebound:SpikyOuterGoop","Slimebound:SplitBruiser+1"],"picked":"Slimebound:TongueLash","floor":38},{"not_picked":["Slimebound:LeechEnergy","Slimebound:SplitLeeching+1","Slimebound:Repurpose+1","Slimebound:ComboTackle"],"picked":"SKIP","floor":38},{"not_picked":["Slimebound:HauntingLick+1","Slimebound:SamplingLick+1","Slimebound:GrowthPunch"],"picked":"Slimebound:Recollect+1","floor":41},{"not_picked":["Slimebound:Schlurp+1","Slimebound:FirmFortitude+1","Slimebound:ComboTackle","Slimebound:Equalize"],"picked":"SKIP","floor":45},{"not_picked":["Slimebound:PressTheAttack","Slimebound:SplitAcid+1","Slimebound:Chomp","Slimebound:Equalize"],"picked":"SKIP","floor":45},{"not_picked":["Slimebound:GoopTackle+1","Slimebound:SlimeSpikes+1","Slimebound:LeechingTouch"],"picked":"Slimebound:SamplingLick+1","floor":48},{"not_picked":["Slimebound:OneTwoCombo","Slimebound:SplitBruiser+1","Slimebound:GoopSpray+1","Slimebound:GrowthPunch"],"picked":"SKIP","floor":48}],"player_experience":967895,"relics_obtained":[{"floor":9.0,"key":"MealTicket"},{"floor":10.0,"key":"Oddly Smooth Stone"},{"floor":14.0,"key":"Prayer Wheel"},{"floor":17.0,"key":"MawBank"},{"floor":17.0,"key":"Sundial"},{"floor":17.0,"key":"Ginger"},{"floor":25.0,"key":"Question Card"},{"floor":26.0,"key":"Blood Vial"},{"floor":30.0,"key":"Lantern"},{"floor":43,"key":"Kunai"}],"event_choices":[{"damage_healed":0.0,"max_hp_gain":0.0,"max_hp_loss":0.0,"gold_gain":1.0,"event_name":"betterStone:BetterStone","player_choice":"1","floor":3.0,"gold_loss":0.0,"damage_taken":0.0},{"damage_healed":0.0,"max_hp_gain":0.0,"max_hp_loss":0.0,"gold_gain":0.0,"event_name":"Golden Idol","player_choice":"Take Wound","floor":12.0,"gold_loss":0.0,"damage_taken":0.0,"relics_obtained":["Golden Idol"],"cards_obtained":["Injury"]},{"damage_healed":0.0,"max_hp_gain":0.0,"max_hp_loss":7.0,"gold_gain":0.0,"event_name":"betterThird:BetterWriting","player_choice":"Simplicity","floor":19.0,"gold_loss":0.0,"damage_taken":0.0},{"damage_healed":0.0,"max_hp_gain":0.0,"max_hp_loss":0.0,"gold_gain":50.0,"event_name":"betterThird:BetterNest","player_choice":"Steal","floor":20.0,"gold_loss":0.0,"damage_taken":0.0},{"damage_healed":0,"gold_gain":0,"player_choice":"Forge","damage_taken":0,"max_hp_gain":0,"max_hp_loss":0,"event_name":"Accursed Blacksmith","floor":36,"gold_loss":0,"cards_upgraded":["Slimebound:FormOfPuddle"]},{"damage_healed":0,"gold_gain":0,"player_choice":"Paid Gold","damage_taken":0,"relics_obtained":["TungstenRod"],"max_hp_gain":0,"max_hp_loss":0,"event_name":"WeMeetAgain","floor":46,"gold_loss":62}],"is_beta":false,"boss_relics":[{"not_picked":["Cursed Key","SacredBark"],"picked":"Calling Bell"},{"not_picked":["Astrolabe","Fusion Hammer"],"picked":"Slimebound:AbsorbEndCombatUpgraded"}],"items_purged_floors":[0],"is_endless":false,"potions_floor_spawned":[1,5,13,14,18,22,25,30,35,41],"killed_by":"Time Eater","ascension_level":20}}