{"host":"mbj2cbgnaexp1bjw","time":1610712552,"event":{"mods":["BaseMod","DNKmod","Energized Spire","Friendly Minions","Grow up Mod","Highlight Path","Minty Spire (QoL Compilation)","Remove Card Discount Mod","Replay The Spire","Spicy Shops","StSLib","The Servant 0.9.4"],"gold_per_floor":[1019,549,563,209,209,243,243,270,293,468,494,32,48,78,78,177,177,193,204,204,223,247,278,278,310,383,383,396,427,427,226,226,328,328,342,551,601,601,620,655,669,669,669,699,699,699,198,198,198,198,198,198,42,67,67],"floor_reached":56,"language":"ZHS","playtime":3112,"items_purged":["Strike_S","Strike_S","Strike_S","Strike_S","Defend_S","Defend_S","Defend_S","Defend_S","Exchange","Defy","Doubt","Doubt","KidneyShot+1","Starlight+1","SilverBlades+1","Ricochet+1","Gouge+1","SurpressingFire+1","SurpressingFire+1","Pride","CommonCold"],"score":1913,"play_id":"4c1a07a9-35d3-4d53-a24b-35f9232ad5a9","local_time":"20210115200912","is_ascension_mode":true,"campfire_choices":[{"floor":7.0,"key":"RECALL"},{"data":"FlawlessForm","floor":15.0,"key":"SMITH"},{"data":"Solidify","floor":15.0,"key":"SMITH"},{"data":"SilverBlades","floor":24.0,"key":"SMITH"},{"data":"SurpressingFire","floor":24.0,"key":"SMITH"},{"data":"TheWorld","floor":27.0,"key":"SMITH"},{"data":"SurpressingFire","floor":27.0,"key":"SMITH"},{"data":"GearUp","floor":30.0,"key":"SMITH"},{"data":"Misdirection","floor":30.0,"key":"SMITH"},{"data":"FastForward","floor":32.0,"key":"SMITH"},{"data":"Read","floor":42,"key":"SMITH"},{"data":"Contraction","floor":42,"key":"SMITH"},{"floor":52,"key":"REST"}],"circlet_count":0,"master_deck":["FastForward+1","LightFlow+1","GearUp+1","FlawlessForm+1","Solidify+1","Initiator+1","DoubleEdge+1","Rearm+1","TheWorld+1","Misdirection+1","DoubleEdge+1","BottledTime+1","LightFlow+1","Moondial+1","Reset+1","Read+1","Contraction+1","LightFlow+1","Contraction","Unruled+1"],"relics":["Uniform","NeowsBlessing","Membership Card","Blue Doll","Whetstone","Medical Kit","Torii","War Paint","Replay:Baseball","Iron Hammer","Anchor","Replay:Towering Pillar of Hats","Pan","Molten Egg 2","Replay:Arrowhead","Gremlin Horn","Dream Catcher","energizedSpire:MagnifyingGlass","Nloth\u0027s Gift","Boot","Juzu Bracelet","Replay:Wax Seal","Darkstone Periapt","Replay:Bottled Steam","Snack Pack","Replay:WaspNest","Ring of Chaos","CaptainsWheel","Bottled Lightning","MealTicket","StoneCalendar","Ring of Peace","Ring of Fury","Replay:Accelerometer","PreservedInsect","BargainBundle","Ancient Tea Set","Question Card","Bag of Marbles","Blood Vial"],"acts_visited":["Exordium","TheCity","TheBeyond","TheEnding"],"potions_floor_usage":[],"damage_taken":[{"damage":0.0,"enemies":"Small Slimes","floor":1.0,"turns":1.0},{"damage":0.0,"enemies":"2 Louse","floor":3.0,"turns":1.0},{"damage":0.0,"enemies":"Gremlin Nob","floor":6.0,"turns":1.0},{"damage":0.0,"enemies":"Lagavulin","floor":8.0,"turns":2.0},{"damage":0.0,"enemies":"Jaw Worm","floor":13.0,"turns":1.0},{"damage":0.0,"enemies":"Gremlin Nob","floor":14.0,"turns":2.0},{"damage":40.0,"enemies":"Hexaghost","floor":16.0,"turns":5.0},{"damage":0.0,"enemies":"3 Byrds","floor":18.0,"turns":2.0},{"damage":0.0,"enemies":"2 Thieves","floor":19.0,"turns":1.0},{"damage":0.0,"enemies":"Snecko","floor":21.0,"turns":2.0},{"damage":6.0,"enemies":"Slavers","floor":23.0,"turns":2.0},{"damage":0.0,"enemies":"Book of Stabbing","floor":25.0,"turns":2.0},{"damage":0.0,"enemies":"Centurion and Healer","floor":28.0,"turns":2.0},{"damage":6.0,"enemies":"Slavers","floor":29.0,"turns":2.0},{"damage":0.0,"enemies":"Automaton","floor":33.0,"turns":4.0},{"damage":0,"enemies":"3 Darklings","floor":35,"turns":1},{"damage":0,"enemies":"Mind Bloom Boss Battle","floor":37,"turns":2},{"damage":0,"enemies":"3 Shapes","floor":39,"turns":1},{"damage":0,"enemies":"R_Hoarder","floor":40,"turns":3},{"damage":0,"enemies":"Spire Growth","floor":41,"turns":1},{"damage":0,"enemies":"Reptomancer","floor":44,"turns":2},{"damage":0,"enemies":"Time Eater","floor":50,"turns":4},{"damage":0,"enemies":"Shield and Spear","floor":54,"turns":2},{"damage":0,"enemies":"The Heart","floor":55,"turns":5}],"seed_played":"7569084586714513241","potions_obtained":[{"floor":1.0,"key":"Swift Potion"},{"floor":8.0,"key":"ColorlessPotion"},{"floor":13.0,"key":"Venom Potion"},{"floor":14.0,"key":"EntropicBrew"},{"floor":28.0,"key":"Elixir"},{"floor":37,"key":"DuplicationPotion"}],"is_trial":false,"path_per_floor":["M","$","M","$","?","E","R","E","T","?","T","$","M","E","R","B",null,"M","M","?","M","T","E","R","E","T","R","M","E","R","$","R","B",null,"M","?","?","?","M","E","M","R","T","E","?","?","$","?","R","B",null,"R","$","E","B",null],"character_chosen":"THE_SERVANT","items_purchased":["Membership Card","Blue Doll","SurpressingFire","Defy","LightFlow","Whetstone","Medical Kit","Torii","Lantern","Defy","War Paint","Replay:Towering Pillar of Hats","Pan","FlawlessForm","Molten Egg 2","Replay:Arrowhead","Ricochet+1","Gremlin Horn","BottledTime+1","Snack Pack","Replay:WaspNest","Replay:Accelerometer","PreservedInsect","BargainBundle","Ancient Tea Set","Question Card","Contraction","Bag of Marbles"],"campfire_rested":1,"item_purchase_floors":[2,2,2,2,2,2,4,4,4,4,4,12,12,12,12,12,12,12,31,31,31,47,47,47,47,47,53,53],"current_hp_per_floor":[120,130,140,150,160,170,180,190,200,210,220,230,240,250,260,230,280,290,300,310,320,330,334,344,354,364,374,384,388,398,414,424,446,456,466,476,486,496,506,516,526,536,546,556,572,572,592,602,612,622,632,642,652,662,672],"gold":67,"neow_bonus":"THREE_ENEMY_KILL","is_daily":false,"chose_seed":false,"campfire_upgraded":11,"win_rate":0.0,"timestamp":1610712552,"path_taken":["M","$","M","$","?","E","R","E","T","?","?","?","?","E","R","BOSS","M","M","?","?","?","E","R","E","T","R","M","E","R","$","R","BOSS","M","?","?","?","M","E","M","R","T","E","?","?","$","?","R","BOSS","R","$","E","BOSS"],"items_purchased_type":["Relic","Relic","Card","Card","Card","Relic","Relic","Relic","Relic","Card","Relic","Relic","Relic","Card","Relic","Relic","Card","Relic","Card","Relic","Relic","Relic","Relic","Relic","Relic","Relic","Card","Relic"],"build_version":"2020-12-22","purchased_purges":21,"victory":true,"max_hp_per_floor":[120,130,140,150,160,170,180,190,200,210,220,230,240,250,260,270,280,290,300,310,320,330,340,350,360,370,380,390,400,410,426,436,446,456,466,476,486,496,506,516,526,536,546,556,572,582,592,602,612,622,632,642,652,662,672],"card_choices":[{"not_picked":["Snipe","ShatteredReality"],"picked":"FastForward","floor":1.0},{"not_picked":["Foresight","Deadline","Unruled"],"picked":"SKIP","floor":3.0},{"not_picked":["Unruled","Snipe"],"picked":"GearUp","floor":6.0},{"not_picked":["Desolation","GearUp"],"picked":"SurpressingFire","floor":8.0},{"not_picked":["Manipulate","Alleviate","StarChef"],"picked":"SKIP","floor":13.0},{"not_picked":["Defy","Snipe+1"],"picked":"Solidify","floor":14.0},{"not_picked":["SoulSculpture+1","FlawlessForm"],"picked":"Initiator+1","floor":16.0},{"not_picked":["TimeWarp+1","TimeTheft+1"],"picked":"Starlight+1","floor":18.0},{"not_picked":["ShatteredReality+1","Rearm"],"picked":"DoubleEdge+1","floor":19.0},{"not_picked":["FastForward","Unruled+1"],"picked":"SilverBlades","floor":21.0},{"not_picked":["Revamp","Rewind"],"picked":"Rearm+1","floor":23.0},{"not_picked":["RealityMarble","FastForward"],"picked":"TheWorld","floor":25.0},{"not_picked":["Potential+1","ShatteredReality+1"],"picked":"Misdirection","floor":28.0},{"not_picked":["ShatteredReality+1","Rewind"],"picked":"DoubleEdge+1","floor":29.0},{"not_picked":["Duplication","Sunlight+1"],"picked":"LightFlow+1","floor":33.0},{"not_picked":["ShatteredReality+1","StarChef","Sunlight+1"],"picked":"SKIP","floor":35},{"not_picked":["Potential+1","Unruled+1"],"picked":"Moondial+1","floor":36},{"not_picked":["Barrier+1","Rewind"],"picked":"Reset+1","floor":37},{"not_picked":["TimeWarp+1","Starlight+1","Ricochet+1"],"picked":"SKIP","floor":39},{"not_picked":["SurpressingFire","DualDimension"],"picked":"Read","floor":40},{"not_picked":["Revamp","RealityMarble+1"],"picked":"Contraction","floor":41},{"not_picked":["DoubleEdge+1","Spin+1"],"picked":"LightFlow+1","floor":44},{"not_picked":["FanOfKnives+1","MurderousAura","Rewind+1"],"picked":"Unruled+1","floor":54}],"player_experience":75399,"relics_obtained":[{"floor":6.0,"key":"Replay:Baseball"},{"floor":8.0,"key":"Iron Hammer"},{"floor":11.0,"key":"Anchor"},{"floor":14.0,"key":"Dream Catcher"},{"floor":22.0,"key":"Boot"},{"floor":23.0,"key":"Juzu Bracelet"},{"floor":25.0,"key":"Replay:Wax Seal"},{"floor":26.0,"key":"Darkstone Periapt"},{"floor":29.0,"key":"Replay:Bottled Steam"},{"floor":37,"key":"CaptainsWheel"},{"floor":40,"key":"Bottled Lightning"},{"floor":43,"key":"MealTicket"},{"floor":44,"key":"StoneCalendar"},{"floor":45,"key":"Ring of Peace"},{"floor":45,"key":"Ring of Fury"},{"floor":54,"key":"Blood Vial"}],"event_choices":[{"damage_healed":0.0,"max_hp_gain":0.0,"max_hp_loss":0.0,"gold_gain":175.0,"event_name":"Liars Game","player_choice":"AGREE","floor":10.0,"gold_loss":0.0,"damage_taken":0.0,"cards_obtained":["Doubt"]},{"damage_healed":0.0,"max_hp_gain":0.0,"max_hp_loss":0.0,"gold_gain":0.0,"event_name":"N\u0027loth","player_choice":"Traded Relic","floor":20.0,"relics_lost":["Lantern"],"gold_loss":0.0,"damage_taken":0.0,"relics_obtained":["Nloth\u0027s Gift"]},{"damage_healed":0,"gold_gain":0,"player_choice":"Fight","damage_taken":0,"max_hp_gain":0,"max_hp_loss":0,"event_name":"MindBloom","floor":37,"gold_loss":0},{"damage_healed":0,"gold_gain":0,"player_choice":"Ignored","damage_taken":0,"max_hp_gain":0,"max_hp_loss":0,"event_name":"Tomb of Lord Red Mask","floor":38,"gold_loss":0},{"damage_healed":0,"gold_gain":0,"player_choice":"Memory 3","damage_taken":10,"max_hp_gain":0,"max_hp_loss":0,"event_name":"SensoryStone","floor":46,"gold_loss":0},{"cards_removed":["Defy"],"damage_healed":0,"gold_gain":0,"player_choice":"Removed Skill","damage_taken":0,"max_hp_gain":0,"max_hp_loss":0,"event_name":"Falling","floor":48,"gold_loss":0}],"is_beta":false,"boss_relics":[{"not_picked":["Ectoplasm","Kintsugi"],"picked":"energizedSpire:MagnifyingGlass"},{"not_picked":["energizedSpire:HugeHouse","Cursed Key"],"picked":"Ring of Chaos"}],"items_purged_floors":[2,2,2,2,2,2,2,2,2,4,12,12,31,31,31,31,31,31,31,31,47],"is_endless":false,"potions_floor_spawned":[1,8,13,14,18,28,33,37,41,44],"ascension_level":2}}