{"host":"4qkvkh7pd9qr2mca","time":1610724233,"event":{"mods":["AchievementEnabler","Act Like it!","BaseMod","Colored Map","Colored Powertips","Highlight Path","Minty Spire (QoL Compilation)","Pale of the Ancients","Permanent Neow","Quick Restart","Relic Stats","StSLib","SuperFastMode"],"gold_per_floor":[118,132,149,149,167,195,195,215,270,282,292,292,318,337,337,416,416,433,358,358,374,147,147,147,147],"floor_reached":24,"language":"ENG","playtime":1158,"items_purged":["Strike_G","Decay"],"score":420,"play_id":"660214dd-5b81-44fc-8958-dd00aa1c1a1d","local_time":"20210115162353","is_ascension_mode":true,"campfire_choices":[{"data":"Thinking Ahead","floor":7,"key":"SMITH"},{"floor":12,"key":"REST"},{"data":"A Thousand Cuts","floor":15,"key":"SMITH"},{"data":"After Image","floor":23,"key":"SMITH"}],"circlet_count":0,"master_deck":["AscendersBane","Strike_G","Strike_G","Strike_G","Strike_G","Defend_G","Defend_G","Defend_G","Defend_G","Defend_G","Survivor","Neutralize","Thinking Ahead+1","Blade Dance","Masterful Stab","Footwork+1","Blur","Crippling Poison","A Thousand Cuts+1","PiercingWail","Accuracy","Accuracy","After Image+1","Deflect","Tactician","Blur","Accuracy"],"relics":["Ring of the Snake","Akabeko","Lantern","Meat on the Bone","Black Star"],"acts_visited":["Exordium","TheCity"],"potions_floor_usage":[6,21,24],"damage_taken":[{"damage":0,"enemies":"Jaw Worm","floor":1,"turns":5},{"damage":0,"enemies":"Cultist","floor":2,"turns":4},{"damage":0,"enemies":"2 Louse","floor":3,"turns":2},{"damage":5,"enemies":"Blue Slaver","floor":5,"turns":4},{"damage":26,"enemies":"3 Sentries","floor":6,"turns":17},{"damage":0,"enemies":"2 Fungi Beasts","floor":8,"turns":4},{"damage":3,"enemies":"Exordium Thugs","floor":10,"turns":3},{"damage":0,"enemies":"Red Slaver","floor":11,"turns":5},{"damage":25,"enemies":"Lagavulin","floor":13,"turns":10},{"damage":7,"enemies":"Exordium Wildlife","floor":14,"turns":4},{"damage":22,"enemies":"The Guardian","floor":16,"turns":13},{"damage":7,"enemies":"Spheric Guardian","floor":18,"turns":8},{"damage":7,"enemies":"Chosen","floor":21,"turns":6},{"damage":39,"enemies":"Gremlin Leader","floor":24,"turns":8}],"seed_played":"-8323973582207288732","potions_obtained":[{"floor":2,"key":"Weak Potion"},{"floor":5,"key":"SkillPotion"},{"floor":8,"key":"SneckoOil"},{"floor":16,"key":"Dexterity Potion"}],"is_trial":false,"path_per_floor":["M","M","M","?","M","E","R","M","T","M","M","R","E","M","R","B",null,"M","$","?","M","$","R","E"],"character_chosen":"THE_SILENT","items_purchased":["Blur","Accuracy"],"campfire_rested":1,"item_purchase_floors":[22,22],"current_hp_per_floor":[59,59,59,59,54,28,28,28,28,25,25,43,18,23,23,13,48,41,41,41,34,34,34,0,0],"gold":147,"neow_bonus":"RANDOM_COLORLESS_2","is_daily":false,"chose_seed":false,"campfire_upgraded":3,"win_rate":0.0,"timestamp":1610724233,"path_taken":["M","M","M","?","M","E","R","?","T","M","M","R","E","M","R","BOSS","M","$","?","M","$","R","E"],"items_purchased_type":["Card","Card"],"build_version":"2020-12-22","purchased_purges":2,"victory":false,"max_hp_per_floor":[60,60,60,60,60,60,60,60,60,60,60,60,60,60,60,60,60,60,60,60,60,60,60,60,60],"relic_stats":{"counters":[14,93],"Black Star":0,"obtain_stats":[{"Lantern":9,"Black Star":17,"Akabeko":6,"Ring of the Snake":0,"Meat on the Bone":13},{"Lantern":6,"Black Star":11,"Akabeko":5,"Ring of the Snake":0,"Meat on the Bone":9},{"Lantern":36,"Black Star":71,"Akabeko":32,"Ring of the Snake":0,"Meat on the Bone":54}],"Ring of the Snake":[28],"Meat on the Bone":24},"card_choices":[{"not_picked":["Secret Technique","Secret Weapon"],"picked":"Thinking Ahead","floor":0},{"not_picked":["Infinite Blades","Caltrops"],"picked":"Blade Dance","floor":1},{"not_picked":["Deflect","Underhanded Strike"],"picked":"Masterful Stab","floor":2},{"not_picked":["Bouncing Flask","Slice"],"picked":"Footwork","floor":3},{"not_picked":["Envenom","Bane"],"picked":"Blur","floor":5},{"not_picked":["Skewer","Cloak And Dagger","Poisoned Stab"],"picked":"SKIP","floor":6},{"not_picked":["Outmaneuver","Terror"],"picked":"Crippling Poison","floor":8},{"not_picked":["Flying Knee","Prepared"],"picked":"A Thousand Cuts","floor":10},{"not_picked":["Eviscerate","Prepared"],"picked":"PiercingWail","floor":11},{"not_picked":["Deflect","Acrobatics"],"picked":"Accuracy","floor":13},{"not_picked":["Outmaneuver","Dagger Spray"],"picked":"Accuracy","floor":14},{"not_picked":["Corpse Explosion","Phantasmal Killer"],"picked":"After Image","floor":16},{"not_picked":["Deadly Poison","Quick Slash"],"picked":"Deflect","floor":18},{"not_picked":["Caltrops","Bane"],"picked":"Tactician","floor":21}],"player_experience":558926,"relics_obtained":[{"floor":6,"key":"Akabeko"},{"floor":9,"key":"Lantern"},{"floor":13,"key":"Meat on the Bone"}],"event_choices":[{"damage_healed":0,"gold_gain":0,"player_choice":"Upgraded","damage_taken":0,"max_hp_gain":0,"max_hp_loss":0,"event_name":"Upgrade Shrine","floor":4,"gold_loss":0,"cards_upgraded":["Footwork"]},{"damage_healed":0,"gold_gain":0,"player_choice":"Cursed","damage_taken":0,"max_hp_gain":0,"max_hp_loss":0,"event_name":"Wheel of Change","floor":20,"gold_loss":0,"cards_obtained":["Decay"]}],"is_beta":false,"boss_relics":[{"not_picked":["Runic Dome","Snecko Eye"],"picked":"Black Star"}],"items_purged_floors":[19,22],"is_endless":false,"potions_floor_spawned":[2,5,8,13,16],"killed_by":"Gremlin Leader","ascension_level":20}}