{"host":"vje6bedaj0fhalec","time":1610702305,"event":{"mods":["Act Like it!","BaseMod","Minty Spire (QoL Compilation)","Quick Restart","StSLib"],"gold_per_floor":[113,113,125,125,139,165,175,175,175,195,215,290,322,335,335,431,431,449,449,461,471,471,471],"floor_reached":22,"language":"ZHS","playtime":2069,"items_purged":[],"score":200,"play_id":"6d8a68ff-a4ef-447f-91bf-419e15002df3","local_time":"20210115171825","is_ascension_mode":false,"campfire_choices":[{"data":"Chaos","floor":15,"key":"SMITH"}],"circlet_count":0,"master_deck":["Strike_B","Strike_B","Strike_B","Defend_B","Defend_B","Defend_B","Zap","Dualcast","Coolheaded","Conserve Battery","Conserve Battery","Buffer","Redo","Chaos+1","Glacier","Chill","Amplify","Biased Cognition","Double Energy","Capacitor","Go for the Eyes+1"],"relics":["Cracked Core","NeowsBlessing","Sundial","Bag of Preparation","Letter Opener","Regal Pillow","Inserter"],"acts_visited":["Exordium","TheCity"],"potions_floor_usage":[10,20],"damage_taken":[{"damage":0.0,"enemies":"2 Louse","floor":1.0,"turns":1.0},{"damage":0.0,"enemies":"Cultist","floor":3.0,"turns":1.0},{"damage":0.0,"enemies":"Small Slimes","floor":5.0,"turns":1.0},{"damage":6.0,"enemies":"Lagavulin","floor":6.0,"turns":9.0},{"damage":0.0,"enemies":"Looter","floor":7.0,"turns":4.0},{"damage":4,"enemies":"Exordium Wildlife","floor":10,"turns":2},{"damage":2,"enemies":"2 Fungi Beasts","floor":11,"turns":3},{"damage":1,"enemies":"3 Sentries","floor":13,"turns":10},{"damage":4,"enemies":"Looter","floor":14,"turns":3},{"damage":22,"enemies":"The Guardian","floor":16,"turns":17},{"damage":0,"enemies":"Spheric Guardian","floor":18,"turns":5},{"damage":6,"enemies":"2 Thieves","floor":20,"turns":2},{"damage":0,"enemies":"Snake Plant","floor":21,"turns":5},{"damage":15,"enemies":"Centurion and Healer","floor":22,"turns":9}],"seed_played":"3464207520239910443","potions_obtained":[{"floor":5.0,"key":"EssenceOfSteel"},{"floor":6.0,"key":"Weak Potion"},{"floor":7.0,"key":"PowerPotion"},{"floor":11,"key":"EntropicBrew"},{"floor":13,"key":"PowerPotion"},{"floor":20,"key":"Explosive Potion"}],"is_trial":false,"path_per_floor":["M","?","M","T","M","E","M","?","T","M","M","?","E","M","R","B",null,"M","?","M","M","M"],"character_chosen":"DEFECT","items_purchased":[],"campfire_rested":0,"item_purchase_floors":[],"current_hp_per_floor":[75,75,75,75,75,69,69,74,74,70,68,57,56,52,52,30,80,80,80,74,74,59,59],"gold":471,"neow_bonus":"THREE_ENEMY_KILL","is_daily":false,"chose_seed":false,"campfire_upgraded":1,"win_rate":0.0,"timestamp":1610702305,"path_taken":["M","?","?","?","M","E","?","?","T","M","M","?","E","?","R","BOSS","M","?","M","M","M"],"items_purchased_type":[],"build_version":"2020-12-22","purchased_purges":0,"victory":false,"max_hp_per_floor":[75,75,75,75,75,75,75,80,80,80,80,80,80,80,80,80,80,80,80,80,80,80,80],"card_choices":[{"not_picked":["Hello World","Cold Snap"],"picked":"Coolheaded","floor":1.0},{"not_picked":["Leap","BootSequence"],"picked":"Conserve Battery","floor":3.0},{"not_picked":["Blizzard","Fusion"],"picked":"Conserve Battery","floor":5.0},{"not_picked":["Go for the Eyes","Doom and Gloom"],"picked":"Buffer","floor":6.0},{"not_picked":["Go for the Eyes","Conserve Battery"],"picked":"Redo","floor":7.0},{"not_picked":["Hologram","Cold Snap"],"picked":"Chaos","floor":10},{"not_picked":["Aggregate","Storm"],"picked":"Glacier","floor":11},{"not_picked":["Redo","Scrape"],"picked":"Chill","floor":13},{"not_picked":["Beam Cell","Streamline"],"picked":"Amplify","floor":14},{"not_picked":["Thunder Strike","Amplify"],"picked":"Biased Cognition","floor":16},{"not_picked":["Gash","Conserve Battery"],"picked":"Double Energy","floor":18},{"not_picked":["Chill+1","Redo"],"picked":"Capacitor","floor":20},{"not_picked":["Leap","Steam+1"],"picked":"Go for the Eyes+1","floor":21}],"player_experience":102957,"relics_obtained":[{"floor":4.0,"key":"Sundial"},{"floor":6.0,"key":"Bag of Preparation"},{"floor":9,"key":"Letter Opener"},{"floor":13,"key":"Regal Pillow"}],"event_choices":[{"cards_removed":["Defend_B"],"damage_healed":0.0,"max_hp_gain":0.0,"max_hp_loss":0.0,"gold_gain":0.0,"event_name":"Wheel of Change","player_choice":"Card Removal","floor":2.0,"gold_loss":0.0,"damage_taken":0.0},{"damage_healed":0,"gold_gain":0,"player_choice":"Donut","damage_taken":0,"max_hp_gain":5,"max_hp_loss":0,"event_name":"Big Fish","floor":8,"gold_loss":0},{"damage_healed":0,"gold_gain":75,"player_choice":"Gather Gold","damage_taken":11,"max_hp_gain":0,"max_hp_loss":0,"event_name":"World of Goop","floor":12,"gold_loss":0},{"cards_removed":["Strike_B"],"damage_healed":0,"gold_gain":0,"player_choice":"Elegance","damage_taken":0,"max_hp_gain":0,"max_hp_loss":0,"event_name":"Back to Basics","floor":19,"gold_loss":0}],"is_beta":false,"boss_relics":[{"not_picked":["Pandora\u0027s Box","Tiny House"],"picked":"Inserter"}],"items_purged_floors":[],"is_endless":false,"potions_floor_spawned":[5,6,7,11,13,20,21],"killed_by":"Centurion and Healer","ascension_level":0}}