{"host":"35imbhfqm50fkok9","time":1610713178,"event":{"mods":["BaseMod","Downfall","Marisa£®ÏF”Í°°ƒß¿Ì…≥£©","Minty Spire (QoL Compilation)","StSLib","The Cursed","The Servant 0.9.4"],"gold_per_floor":[99,99,99,99,119,294,319,319,351,369,394,394,427,7,27,27,27,27],"floor_reached":16,"language":"ZHS","playtime":1700,"items_purged":["Regret"],"score":106,"play_id":"b3fb191d-1e35-42dd-b108-e8472619cf83","local_time":"20210115201938","is_ascension_mode":false,"campfire_choices":[{"floor":1,"key":"RECALL"},{"data":"Slimebound:Split","floor":12,"key":"SMITH"}],"circlet_count":0,"master_deck":["Slimebound:Strike_Slimebound+1","Slimebound:Strike_Slimebound","Slimebound:Strike_Slimebound","Slimebound:Tackle","Slimebound:Defend_Slimebound+1","Slimebound:Defend_Slimebound+1","Slimebound:Defend_Slimebound","Slimebound:Defend_Slimebound","Slimebound:Split+1","Slimebound:CorrosiveSpit","Slimebound:SamplingLick","Slimebound:ForwardTackle","Slimebound:AcidTongue","Slimebound:Gluttony","Doubt","Slimebound:GoopSpray","Slimebound:ItLooksTasty","Slimebound:SplitMire","Slimebound:ProtectTheBoss","Slimebound:LevelUp+1","Slimebound:ProtectTheBoss+1"],"relics":["Slimebound:AbsorbEndCombat","downfall:HeartsMalice","Slimebound:AggressiveSlimeRelic","HornCleat","Art of War","Frozen Egg 2"],"acts_visited":["Exordium"],"potions_floor_usage":[13,14,16],"damage_taken":[{"damage":0,"enemies":"Cultist","floor":2,"turns":1},{"damage":0,"enemies":"Jaw Worm","floor":3,"turns":1},{"damage":0,"enemies":"Small Slimes","floor":4,"turns":1},{"damage":16,"enemies":"2 Fungi Beasts","floor":5,"turns":4},{"damage":27,"enemies":"Lagavulin","floor":9,"turns":6},{"damage":15,"enemies":"Lots of Slimes","floor":10,"turns":4},{"damage":36,"enemies":"3 Sentries","floor":13,"turns":5},{"damage":20,"enemies":"downfall:FleeingMerchant","floor":14,"turns":4},{"damage":12,"enemies":"Exordium Wildlife","floor":15,"turns":2},{"damage":69,"enemies":"downfall:Defect","floor":16,"turns":5}],"seed_played":"-8281820739385581192","potions_obtained":[{"floor":5,"key":"FearPotion"},{"floor":9,"key":"SkillPotion"},{"floor":10,"key":"Swift Potion"}],"is_trial":false,"path_per_floor":["R","M","M","M","M","?","T","?","E","M","T","R","E","$","M","B"],"character_chosen":"SLIMEBOUND","items_purchased":["Frozen Egg 2","Slimebound:LevelUp+1"],"campfire_rested":0,"item_purchase_floors":[14,14],"current_hp_per_floor":[60,60,60,60,53,53,53,53,44,43,43,43,31,35,37,0,0,0],"gold":27,"neow_bonus":"THREE_ENEMY_KILL","is_daily":false,"chose_seed":false,"campfire_upgraded":1,"win_rate":0.0,"timestamp":1610713178,"path_taken":["R","M","M","M","M","?","T","?","E","M","?","R","E","?","M","BOSS"],"items_purchased_type":["Relic","Card"],"build_version":"2020-12-22","purchased_purges":1,"victory":false,"max_hp_per_floor":[60,60,60,60,60,60,60,60,60,60,60,60,60,60,60,60,60,60],"card_choices":[{"not_picked":["Slimebound:DisruptingSlam","Slimebound:TongueLash"],"picked":"Slimebound:SamplingLick","floor":2},{"not_picked":["Slimebound:RainOfGoop","Slimebound:FinishingTackle"],"picked":"Slimebound:ForwardTackle","floor":3},{"not_picked":["Slimebound:SplitMire","Slimebound:Nibble"],"picked":"Slimebound:AcidTongue","floor":4},{"not_picked":["Slimebound:SplitAcid","Slimebound:GrowthPunch"],"picked":"Slimebound:Gluttony","floor":5},{"not_picked":["Slimebound:Repurpose","Slimebound:Schlurp"],"picked":"Slimebound:GoopSpray","floor":9},{"not_picked":["Slimebound:SamplingLick","Slimebound:BestDefense"],"picked":"Slimebound:ItLooksTasty","floor":10},{"not_picked":["Slimebound:SplitLeeching","Slimebound:FinishingTackle"],"picked":"Slimebound:SplitMire","floor":13},{"not_picked":["Slimebound:DouseInSlime","Slimebound:SplitBruiser"],"picked":"Slimebound:ProtectTheBoss","floor":14},{"not_picked":["Slimebound:SplitBruiser","Slimebound:RollThrough"],"picked":"Slimebound:ProtectTheBoss+1","floor":15}],"player_experience":45187,"relics_obtained":[{"floor":7,"key":"Slimebound:AggressiveSlimeRelic"},{"floor":9,"key":"HornCleat"},{"floor":13,"key":"Art of War"}],"event_choices":[],"is_beta":false,"boss_relics":[],"items_purged_floors":[14],"is_endless":false,"potions_floor_spawned":[5,9,10],"killed_by":"downfall:Defect","ascension_level":0}}