{"host":"0z6l31g9ps0v9zzp","time":1610688425,"event":{"mods":["Act Like it!","Arknights The Spire","BaseMod","CapriCore","Minty Spire (QoL Compilation)","StSLib"],"gold_per_floor":[117,131,131,131,131,131,131,131,131,131,162,162,162,180,180,180,180],"floor_reached":16,"language":"ZHS","playtime":374,"items_purged":[],"score":192,"play_id":"6b6e4a31-f359-445e-84d8-09df57e09af6","local_time":"20210115132705","daily_mods":["Heirloom","Flight"],"is_ascension_mode":true,"campfire_choices":[{"floor":6,"key":"DIG"},{"floor":7,"key":"DIG"},{"data":"ats:Armor Crushing Shot","floor":10,"key":"SMITH"},{"floor":12,"key":"DIG"},{"floor":13,"key":"DIG"},{"data":"ats:Sword Rain","floor":15,"key":"SMITH"}],"circlet_count":0,"master_deck":["AscendersBane","ats:Strike C","ats:Strike G","ats:Strike S","ats:Strike V","ats:Armor Crushing Shot+1","ats:Defend","ats:Defend","ats:Defend","ats:Defend","ats:Emotion Absorption+1","ats:Sword Rain+1","ats:Explosion Area Strengthen"],"relics":["ats:Sanity","Shovel","Gambling Chip","Centennial Puzzle","ats:Berate","ats:Ability Aura","Sundial","ats:Originium","Mango","Boot","Ornamental Fan"],"acts_visited":["Exordium"],"potions_floor_usage":[16],"damage_taken":[{"damage":2.0,"enemies":"Cultist","floor":1.0,"turns":4.0},{"damage":14.0,"enemies":"Small Slimes","floor":2.0,"turns":4.0},{"damage":29,"enemies":"Lagavulin","floor":11,"turns":7},{"damage":2,"enemies":"Jaw Worm","floor":14,"turns":2},{"damage":26,"enemies":"Hexaghost","floor":16,"turns":9}],"seed_played":"-5152984711256539282","potions_obtained":[{"floor":1.0,"key":"SpeedPotion"},{"floor":11,"key":"FairyPotion"}],"is_trial":true,"path_per_floor":["M","M","?","?","?","R","R","T","T","R","E","R","R","M","R","B"],"character_chosen":"DOCTOR_CLASS","items_purchased":[],"campfire_rested":0,"item_purchase_floors":[],"current_hp_per_floor":[63,49,72,72,46,46,46,46,46,46,31,31,31,29,29,3,3],"gold":180,"neow_bonus":"","is_daily":false,"chose_seed":false,"campfire_upgraded":2,"win_rate":0.0,"timestamp":1610688425,"path_taken":["M","?","?","?","?","R","R","?","T","R","E","R","R","M","R","BOSS"],"items_purchased_type":[],"build_version":"2020-12-22","purchased_purges":0,"victory":false,"max_hp_per_floor":[72,72,72,72,72,72,72,72,72,72,86,86,86,86,86,86,86],"card_choices":[{"not_picked":["ats:Neurotoxin","ats:Soul Absorption"],"picked":"ats:Sword Rain","floor":1.0},{"not_picked":["ats:Counter Healing Mode","ats:Apocalypse","ats:Poison Spread"],"picked":"SKIP","floor":2.0},{"not_picked":["ats:Cat Scratch","ats:Poison Spread","ats:Shell Defense"],"picked":"SKIP","floor":11},{"not_picked":["ats:Curse Doll","ats:Apocalypse"],"picked":"ats:Explosion Area Strengthen","floor":14}],"player_experience":279932,"relics_obtained":[{"floor":6,"key":"Centennial Puzzle"},{"floor":7,"key":"ats:Berate"},{"floor":8,"key":"ats:Ability Aura"},{"floor":9,"key":"Sundial"},{"floor":11,"key":"ats:Originium"},{"floor":11,"key":"Mango"},{"floor":12,"key":"Boot"},{"floor":13,"key":"Ornamental Fan"}],"event_choices":[{"damage_healed":24.0,"max_hp_gain":0.0,"max_hp_loss":0.0,"gold_gain":0.0,"event_name":"Big Fish","player_choice":"Banana","floor":3.0,"gold_loss":0.0,"damage_taken":0.0},{"damage_healed":0,"gold_gain":0,"player_choice":"Grow","damage_taken":0,"max_hp_gain":0,"max_hp_loss":0,"event_name":"Living Wall","floor":4,"gold_loss":0,"cards_upgraded":["ats:Emotion Absorption"]},{"damage_healed":0,"gold_gain":0,"player_choice":"Success","damage_taken":26,"relics_obtained":["Gambling Chip"],"max_hp_gain":0,"max_hp_loss":0,"event_name":"Scrap Ooze","floor":5,"gold_loss":0}],"is_beta":false,"boss_relics":[],"items_purged_floors":[],"is_endless":false,"potions_floor_spawned":[1,11],"killed_by":"Hexaghost","ascension_level":20}}