{"host":"ohuqxemsk44kggmp","time":1610700700,"event":{"mods":["Act Like it!","BaseMod","Better Third Choice","Colored Powertips","Conspire","Marked Mod","Minty Spire (QoL Compilation)","Pale of the Ancients","Replay The Spire","StSLib","The Animator","Waifu the Spire"],"gold_per_floor":[128,151,173,135,135,178,198,235,262,290,290,332,351,116,116,243,243,267,72,100,120,120,120,169,184,236,248,248,248,278,320,320,444,444,464,483,483,504,528,528,571,571,598,598,301,301,320,357,357,373,399,418,418,10,10,34,34,59,59,75,75],"floor_reached":60,"language":"ENG","playtime":8257,"items_purged":[],"score":1180,"play_id":"e105bda6-0277-40c3-8cc0-7a174ad8d845","local_time":"20210115095140","is_ascension_mode":false,"campfire_choices":[{"floor":11.0,"key":"REST"},{"floor":15.0,"key":"REST"},{"floor":23.0,"key":"RECALL"},{"floor":28.0,"key":"REST"},{"floor":40.0,"key":"REST"},{"data":"animator:Hibiki","floor":44.0,"key":"SMITH"},{"floor":46.0,"key":"REST"},{"floor":49.0,"key":"REST"},{"data":"animator:Vesta","floor":55.0,"key":"SMITH"},{"floor":57.0,"key":"REST"}],"circlet_count":0,"master_deck":["animator:Strike_Konosuba+1","animator:Defend_Konosuba+1","animator:Strike","animator:Strike+1","animator:Defend","animator:Defend+1","animator:Kazuma","animator:Aqua","animator:TukaLunaMarceau","animator:Chris","animator:IzunaHatsuse","animator:Megumin+44","animator:RoryMercury","animator:Chris","animator:YuiTsuruno","animator:Souei","animator:Hibiki+1","animator:Millim+4","animator:Rimuru","animator:SwordMaiden","animator:Entoma+6","animator:Kazuma+1","animator:Benimaru+1","animator:Darkness","animator:IzunaHatsuse+1","animator:YachiyoNanami","animator:Benimaru","animator:ItamiYouji","animator:Verdia","animator:Souei","animator:Tyuule","animator:KyokoSakura+1","animator:Vesta+1","animator:Kaijin","animator:NagisaMomoe","animator:Aqua"],"relics":["animator:LivingPicture","animator:TheMissingPiece","Whetstone","betterThird:SlimedRelic","Potion Belt","Onion Ring","Replay:Bottled Snecko","conspire:SpecialSausage","Anchor","PreservedInsect","Shuriken","conspire:SlowCooker","conspire:Dentures","ReplayTheSpireMod:TigerMarble","Lantern","DollysMirror","Sundial","paleoftheancients:Timepiece","paleoftheancients:KeyRelic","Ice Cream","Bronze Scales","Lee\u0027s Waffle","ReplayTheSpireMod:Shallot","ReplayFunnel"],"acts_visited":["Exordium","TheCity","TheBeyond","TheBeyond"],"potions_floor_usage":[60,60,60,60],"damage_taken":[{"damage":8.0,"enemies":"Cultist","floor":1.0,"turns":7.0},{"damage":0.0,"enemies":"Small Slimes","floor":3.0,"turns":3.0},{"damage":35.0,"enemies":"3 Sentries","floor":6.0,"turns":12.0},{"damage":1.0,"enemies":"Jaw Worm","floor":7.0,"turns":2.0},{"damage":29.0,"enemies":"Lagavulin","floor":8.0,"turns":7.0},{"damage":0.0,"enemies":"Large Slime","floor":10.0,"turns":4.0},{"damage":5.0,"enemies":"Exordium Thugs","floor":12.0,"turns":5.0},{"damage":0.0,"enemies":"2 Fungi Beasts","floor":13.0,"turns":1.0},{"damage":33.0,"enemies":"Slime Boss","floor":16.0,"turns":12.0},{"damage":0.0,"enemies":"Chosen","floor":18.0,"turns":3.0},{"damage":11.0,"enemies":"3 Byrds","floor":20.0,"turns":7.0},{"damage":7.0,"enemies":"conspire:HollyBat","floor":21.0,"turns":8.0},{"damage":7.0,"enemies":"animator:HornedBat","floor":24.0,"turns":6.0},{"damage":24.0,"enemies":"Snecko","floor":25.0,"turns":5.0},{"damage":13.0,"enemies":"Sentry and Sphere","floor":27.0,"turns":4.0},{"damage":19.0,"enemies":"conspire:HollyBat","floor":30.0,"turns":9.0},{"damage":8.0,"enemies":"Gremlin Leader","floor":31.0,"turns":5.0},{"damage":15.0,"enemies":"Pondfish","floor":33.0,"turns":12.0},{"damage":4.0,"enemies":"3 Darklings","floor":35.0,"turns":3.0},{"damage":6.0,"enemies":"Orb Walker","floor":36.0,"turns":3.0},{"damage":6.0,"enemies":"Spire Growth","floor":38.0,"turns":4.0},{"damage":28.0,"enemies":"Sphere and 2 Shapes","floor":39.0,"turns":5.0},{"damage":32.0,"enemies":"Reptomancer","floor":41.0,"turns":4.0},{"damage":0.0,"enemies":"Transient","floor":47.0,"turns":5.0},{"damage":12.0,"enemies":"Giant Head","floor":48.0,"turns":6.0},{"damage":73.0,"enemies":"Time Eater","floor":50.0,"turns":10.0},{"damage":102.0,"enemies":"Time Eater","floor":51.0,"turns":10.0},{"damage":56.0,"enemies":"Time Eater","floor":52.0,"turns":8.0},{"damage":55.0,"enemies":"Time Eater","floor":56.0,"turns":6.0},{"damage":191,"enemies":"paleoftheancients:N","floor":60,"turns":12}],"seed_played":"-1081940668365119964","potions_obtained":[{"floor":1.0,"key":"PowerPotion"},{"floor":6.0,"key":"CultistPotion"},{"floor":7.0,"key":"Swift Potion"},{"floor":10.0,"key":"FairyPotion"},{"floor":16.0,"key":"BlessingOfTheForge"},{"floor":18.0,"key":"Dexterity Potion"},{"floor":25.0,"key":"Elixir"},{"floor":27.0,"key":"animator:FalseLifePotion"},{"floor":31.0,"key":"LiquidMemories"},{"floor":36.0,"key":"AttackPotion"},{"floor":41.0,"key":"Explosive Potion"},{"floor":52.0,"key":"Explosive Potion"},{"floor":56.0,"key":"BlessingOfTheForge"}],"is_trial":false,"path_per_floor":["M","T","M","?","?","E","M","E","T","M","R","M","M","$","R","B",null,"M","$","M","M","$","R","E","M","T","M","R","?","M","E","R","B",null,"M","M","?","M","M","R","E","?","T","R","$","R","M","E","R","B","M","M","?","$","R","M","R","T","?","B"],"character_chosen":"THE_ANIMATOR","items_purchased":["animator:Hibiki","animator:Millim","animator:SwordMaiden","animator:Entoma","Lantern","DollysMirror","Lee\u0027s Waffle","ReplayTheSpireMod:Shallot"],"campfire_rested":7,"item_purchase_floors":[14,14,19,19,45,45,54,54],"current_hp_per_floor":[64,64,66,55,55,22,22,4,4,14,36,33,33,33,55,24,74,74,74,67,62,62,62,57,37,37,27,50,50,33,27,50,39,79,80,76,76,72,49,74,46,46,46,46,46,72,74,64,87,87,58,24,24,95,95,42,70,70,70,0,0],"gold":75,"neow_bonus":"TEN_PERCENT_HP_BONUS","is_daily":false,"chose_seed":false,"campfire_upgraded":2,"win_rate":0.0,"timestamp":1610700700,"path_taken":["M","?","M","?","?","E","?","E","T","M","R","M","M","$","R","BOSS","M","$","M","M","$","R","E","?","T","M","R","?","M","E","R","BOSS","M","M","?","M","M","R","E","?","T","R","$","R","M","E","R","BOSS","M","M","?","$","R","M","R","T","?","BOSS"],"items_purchased_type":["Card","Card","Card","Card","Relic","Relic","Relic","Relic"],"build_version":"2020-12-22","purchased_purges":0,"victory":false,"max_hp_per_floor":[72,72,72,72,72,72,73,74,74,74,74,74,74,74,74,74,74,74,74,76,76,76,76,76,76,76,77,77,77,77,77,77,79,79,82,82,82,82,85,85,87,87,87,87,87,87,87,87,87,87,88,88,88,95,95,95,95,95,95,95,95],"card_choices":[{"not_picked":["animator:DolaStephanie","animator:Kazuma"],"picked":"animator:TukaLunaMarceau","floor":1.0},{"not_picked":["animator:ChlammyZell","animator:Demiurge"],"picked":"animator:Chris","floor":3.0},{"not_picked":["animator:OrikoMikuni","animator:LizardPriest"],"picked":"animator:IzunaHatsuse","floor":6.0},{"not_picked":["animator:YunYun","animator:Verdia"],"picked":"animator:Megumin","floor":7.0},{"not_picked":["animator:Priestess","animator:PandorasActor"],"picked":"animator:RoryMercury","floor":8.0},{"not_picked":["animator:Darkness","animator:Priestess"],"picked":"animator:Chris","floor":10.0},{"not_picked":["animator:Verdia","animator:Shalltear"],"picked":"animator:YuiTsuruno","floor":12.0},{"not_picked":["animator:Hakurou","animator:Shion"],"picked":"animator:Souei","floor":13.0},{"not_picked":["animator:Kyubey","animator:MadokaKaname"],"picked":"animator:Rimuru","floor":16.0},{"not_picked":["animator:OrikoMikuni","animator:IrohaTamaki"],"picked":"animator:Millim","floor":18.0},{"not_picked":["animator:ChlammyZell","animator:Hakurou"],"picked":"animator:Kazuma+1","floor":20.0},{"not_picked":["animator:Verdia","animator:DolaCouronne"],"picked":"animator:Benimaru+1","floor":21.0},{"not_picked":["animator:Chris","animator:Aqua"],"picked":"animator:Darkness","floor":24.0},{"not_picked":["animator:SuzuneAmano","animator:DolaCouronne"],"picked":"animator:IzunaHatsuse+1","floor":25.0},{"not_picked":["animator:Chris","animator:Shion+1"],"picked":"animator:YachiyoNanami","floor":27.0},{"not_picked":["animator:YaoHaDucy+1","animator:Verdia"],"picked":"animator:Millim","floor":30.0},{"not_picked":["animator:Shuna","animator:Shion"],"picked":"animator:Benimaru","floor":31.0},{"not_picked":["animator:SwordMaiden","animator:Sora"],"picked":"animator:ItamiYouji","floor":33.0},{"not_picked":["animator:TukaLunaMarceau","animator:Souei+1"],"picked":"animator:Verdia","floor":35.0},{"not_picked":["animator:Mitsurugi+1","animator:DolaSchwi+1"],"picked":"animator:Souei","floor":36.0},{"not_picked":["animator:Jibril+1","animator:DolaSchwi+1","animator:Spearman"],"picked":"SKIP","floor":38.0},{"not_picked":["animator:RoryMercury","animator:LeleiLaLalena"],"picked":"animator:Tyuule","floor":39.0},{"not_picked":["animator:Sebas","animator:Cocytus+1"],"picked":"animator:KyokoSakura+1","floor":41.0},{"not_picked":["animator:YuiTsuruno+1","animator:Arpeggio"],"picked":"animator:Vesta","floor":47.0},{"not_picked":["animator:Megumin","animator:NarberalGamma+1"],"picked":"animator:Kaijin","floor":48.0},{"not_picked":["animator:OrikoMikuni","animator:MamiTomoe"],"picked":"animator:NagisaMomoe","floor":51.0},{"not_picked":["animator:DolaCouronne+1","animator:RoryMercury"],"picked":"animator:Aqua","floor":52.0},{"not_picked":["animator:Spearman+1","animator:Mitsurugi"],"picked":"animator:Millim+1","floor":56.0}],"player_experience":488747,"relics_obtained":[{"floor":2.0,"key":"Whetstone"},{"floor":6.0,"key":"Onion Ring"},{"floor":8.0,"key":"Replay:Bottled Snecko"},{"floor":24.0,"key":"Anchor"},{"floor":26.0,"key":"PreservedInsect"},{"floor":31.0,"key":"Shuriken"},{"floor":41.0,"key":"conspire:Dentures"},{"floor":43.0,"key":"ReplayTheSpireMod:TigerMarble"},{"floor":48.0,"key":"Sundial"},{"floor":58.0,"key":"ReplayFunnel"}],"event_choices":[{"damage_healed":0.0,"max_hp_gain":0.0,"max_hp_loss":0.0,"gold_gain":0.0,"event_name":"betterThird:BetterGoop","player_choice":"Slimed","floor":4.0,"gold_loss":38.0,"damage_taken":11.0},{"damage_healed":0.0,"max_hp_gain":0.0,"max_hp_loss":0.0,"gold_gain":0.0,"event_name":"WeMeetAgain","player_choice":"Gave Potion","floor":5.0,"gold_loss":0.0,"damage_taken":0.0,"relics_obtained":["Potion Belt"]},{"damage_healed":0.0,"max_hp_gain":0.0,"max_hp_loss":0.0,"gold_gain":0.0,"event_name":"conspire:Investor","player_choice":"Leave","floor":29.0,"gold_loss":0.0,"damage_taken":0.0},{"cards_removed":["animator:Defend"],"damage_healed":0.0,"max_hp_gain":0.0,"max_hp_loss":0.0,"gold_gain":0.0,"event_name":"Purifier","player_choice":"Purged","floor":37.0,"gold_loss":0.0,"damage_taken":0.0},{"cards_removed":["animator:Strike"],"damage_healed":0.0,"max_hp_gain":0.0,"max_hp_loss":0.0,"gold_gain":0.0,"event_name":"Falling","player_choice":"Removed Attack","floor":42.0,"gold_loss":0.0,"damage_taken":0.0},{"damage_healed":0.0,"max_hp_gain":0.0,"max_hp_loss":0.0,"gold_gain":0.0,"event_name":"Transmorgrifier","player_choice":"Ignored","floor":53.0,"gold_loss":0.0,"damage_taken":0.0}],"is_beta":false,"boss_relics":[{"not_picked":["Cursed Key","Calling Bell"],"picked":"conspire:SpecialSausage"},{"not_picked":["Astrolabe","ReplayTheSpireMod:DimensionalGlitch"],"picked":"conspire:SlowCooker"}],"items_purged_floors":[],"is_endless":false,"potions_floor_spawned":[1,6,7,10,16,18,25,27,31,36,41,48,52,56],"killed_by":"paleoftheancients:N","ascension_level":0}}