{"host":"13o02hya6v6rzuva","time":1610710324,"event":{"mods":["BaseMod","Minty Spire (QoL Compilation)","Relic Stats"],"gold_per_floor":[119,119,119,119,44,79,79,120,143,181,181,202,102,127,127,258,258,272,272,25,38,38,38,78,78,78,94,109,109,150,166,166,287,287,287,310,310,2,0,0,0,0,0,0,0,21,36,61,61,61,61],"floor_reached":50,"language":"ENG","playtime":1703,"items_purged":["Regret","Injury"],"score":907,"play_id":"bdb6af54-2989-4da6-9170-44ac46384f96","local_time":"20210115123204","is_ascension_mode":true,"campfire_choices":[{"data":"Feed","floor":7.0,"key":"SMITH"},{"data":"Inflame","floor":15.0,"key":"SMITH"},{"floor":23,"key":"RECALL"},{"data":"Inflame","floor":25,"key":"SMITH"},{"data":"Fire Breathing","floor":32,"key":"SMITH"},{"data":"Power Through","floor":40,"key":"SMITH"},{"data":"Impervious","floor":42,"key":"SMITH"},{"floor":49,"key":"REST"}],"circlet_count":0,"master_deck":["AscendersBane","Strike_R+1","Strike_R+1","Strike_R+1","Strike_R+1","Strike_R+1","Defend_R+1","Defend_R+1","Defend_R+1","Defend_R+1","Bash+1","Inflame+1","Feed+1","Perfected Strike+1","Sword Boomerang","Shrug It Off","Impervious+1","Power Through+1","Inflame+1","Pommel Strike","Feed+1","Fire Breathing+1","Pommel Strike","Swift Strike","Bandage Up","Swift Strike","Madness","Madness","Intimidate+1","Flame Barrier+1"],"relics":["Black Blood","NeowsBlessing","Boot","Golden Idol","Torii","Potion Belt","Whetstone","Blue Candle","Snecko Eye","Pear","Mercury Hourglass","TungstenRod","ClockworkSouvenir","Juzu Bracelet","Red Mask","Eternal Feather"],"acts_visited":["Exordium","TheCity","TheBeyond"],"potions_floor_usage":[28,28,35,46,47,50],"damage_taken":[{"damage":0.0,"enemies":"Jaw Worm","floor":1.0,"turns":1.0},{"damage":0.0,"enemies":"Gremlin Nob","floor":6.0,"turns":1.0},{"damage":0.0,"enemies":"3 Sentries","floor":8.0,"turns":2.0},{"damage":24.0,"enemies":"Lagavulin","floor":10.0,"turns":5.0},{"damage":6.0,"enemies":"2 Louse","floor":12.0,"turns":2.0},{"damage":0.0,"enemies":"Small Slimes","floor":14.0,"turns":2.0},{"damage":41.0,"enemies":"The Guardian","floor":16.0,"turns":12.0},{"damage":29.0,"enemies":"Shell Parasite","floor":18.0,"turns":4.0},{"damage":10,"enemies":"2 Thieves","floor":21,"turns":5},{"damage":22,"enemies":"Book of Stabbing","floor":24,"turns":5},{"damage":1,"enemies":"Snecko","floor":27,"turns":3},{"damage":16,"enemies":"3 Cultists","floor":28,"turns":4},{"damage":0,"enemies":"Gremlin Leader","floor":30,"turns":5},{"damage":30,"enemies":"Centurion and Healer","floor":31,"turns":7},{"damage":66,"enemies":"Collector","floor":33,"turns":8},{"damage":0,"enemies":"3 Darklings","floor":35,"turns":3},{"damage":8,"enemies":"3 Shapes","floor":36,"turns":4},{"damage":67,"enemies":"Writhing Mass","floor":46,"turns":6},{"damage":22,"enemies":"Jaw Worm Horde","floor":47,"turns":6},{"damage":19,"enemies":"Transient","floor":48,"turns":5},{"damage":91,"enemies":"Awakened One","floor":50,"turns":8}],"seed_played":"8769605036272439165","potions_obtained":[{"floor":6.0,"key":"DuplicationPotion"},{"floor":8.0,"key":"Strength Potion"},{"floor":14.0,"key":"SpeedPotion"},{"floor":18,"key":"SteroidPotion"},{"floor":27,"key":"Block Potion"},{"floor":30,"key":"SmokeBomb"},{"floor":33,"key":"FearPotion"},{"floor":36,"key":"ColorlessPotion"},{"floor":48,"key":"GamblersBrew"}],"is_trial":false,"path_per_floor":["M","?","?","?","$","E","R","E","T","E","?","M","$","M","R","B",null,"M","?","$","M","?","R","E","R","T","M","M","?","E","M","R","B",null,"M","M","$","$","?","R","?","R","T","?","?","M","M","M","R","B"],"character_chosen":"IRONCLAD","items_purchased":["Pear","ClockworkSouvenir","Juzu Bracelet"],"campfire_rested":1,"item_purchase_floors":[20,38,38],"current_hp_per_floor":[78,78,78,62,62,68,68,78,78,60,60,64,64,74,74,39,79,56,86,96,96,96,96,80,80,80,85,79,79,91,87,87,31,93,105,117,117,117,117,117,108,108,108,94,94,43,37,30,85,0,0],"gold":61,"neow_bonus":"THREE_ENEMY_KILL","is_daily":false,"chose_seed":false,"campfire_upgraded":6,"win_rate":0.0,"timestamp":1610710324,"path_taken":["M","?","?","?","$","E","R","E","T","E","?","?","?","M","R","BOSS","M","?","$","M","?","R","E","R","T","M","M","?","E","M","R","BOSS","M","M","?","$","?","R","?","R","T","?","?","M","M","M","R","BOSS"],"items_purchased_type":["Relic","Relic","Relic"],"build_version":"2020-12-22","purchased_purges":2,"victory":false,"max_hp_per_floor":[80,80,80,80,80,80,80,84,84,84,84,88,88,92,92,92,92,92,92,102,106,106,106,106,106,106,106,110,110,110,110,110,114,114,114,122,122,122,122,122,122,122,122,122,122,122,126,126,126,130,130],"relic_stats":{"Torii":40,"counters":[21,97],"Golden Idol":138,"Blue Candle":[0],"Black Blood":150,"Eternal Feather":18,"Juzu Bracelet":0,"Whetstone":["Bash","Perfected Strike"],"Boot":[37],"Mercury Hourglass":[260],"Snecko Eye":[113,127,128,136],"obtain_stats":[{"Potion Belt":8,"Pear":20,"NeowsBlessing":0,"Torii":6,"Golden Idol":3,"Blue Candle":10,"Black Blood":34,"Eternal Feather":43,"Juzu Bracelet":38,"Whetstone":9,"Boot":2,"Burning Blood":0,"Mercury Hourglass":24,"ClockworkSouvenir":38,"Snecko Eye":17,"Red Mask":39,"TungstenRod":30},{"Potion Belt":3,"Pear":8,"NeowsBlessing":0,"Torii":2,"Golden Idol":1,"Blue Candle":4,"Black Blood":15,"Eternal Feather":17,"Juzu Bracelet":17,"Whetstone":3,"Boot":1,"Burning Blood":0,"Mercury Hourglass":10,"ClockworkSouvenir":17,"Snecko Eye":7,"Red Mask":17,"TungstenRod":13},{"Potion Belt":4,"Pear":29,"NeowsBlessing":0,"Torii":2,"Golden Idol":1,"Blue Candle":9,"Black Blood":66,"Eternal Feather":73,"Juzu Bracelet":73,"Whetstone":4,"Boot":1,"Burning Blood":0,"Mercury Hourglass":39,"ClockworkSouvenir":73,"Snecko Eye":25,"Red Mask":73,"TungstenRod":51}],"TungstenRod":36},"card_choices":[{"not_picked":["Iron Wave","Rupture"],"picked":"Inflame","floor":1.0},{"not_picked":["Body Slam","Clothesline"],"picked":"Feed","floor":6.0},{"not_picked":["Flex","Metallicize"],"picked":"Perfected Strike","floor":8.0},{"not_picked":["Wild Strike","Havoc"],"picked":"Sword Boomerang","floor":10.0},{"not_picked":["Body Slam","Sever Soul"],"picked":"Shrug It Off","floor":12.0},{"not_picked":["Thunderclap","Seeing Red","Blood for Blood"],"picked":"SKIP","floor":14.0},{"not_picked":["Exhume","Brutality"],"picked":"Impervious","floor":16.0},{"not_picked":["Headbutt","Cleave+1"],"picked":"Power Through","floor":18},{"not_picked":["Rampage","Shrug It Off"],"picked":"Inflame","floor":21},{"not_picked":["Power Through","Combust+1"],"picked":"Pommel Strike","floor":24},{"not_picked":["Thunderclap","Power Through","Shrug It Off"],"picked":"SKIP","floor":27},{"not_picked":["Shockwave","Anger"],"picked":"Reaper","floor":28},{"not_picked":["Combust","Armaments+1"],"picked":"Fire Breathing","floor":30},{"not_picked":["Heavy Blade","Power Through+1"],"picked":"Pommel Strike","floor":31},{"not_picked":["Thunderclap","Rampage+1","Sword Boomerang+1"],"picked":"SKIP","floor":36},{"not_picked":["HandOfGreed","Flash of Steel"],"picked":"Swift Strike","floor":41},{"not_picked":["HandOfGreed","Good Instincts"],"picked":"Bandage Up","floor":41},{"not_picked":["PanicButton","Finesse"],"picked":"Swift Strike","floor":41},{"not_picked":["Burning Pact","Seeing Red+1","Combust+1"],"picked":"SKIP","floor":46},{"not_picked":["Armaments+1","Headbutt"],"picked":"Intimidate+1","floor":47},{"not_picked":["Headbutt","Perfected Strike"],"picked":"Flame Barrier+1","floor":48}],"player_experience":1126239,"relics_obtained":[{"floor":6.0,"key":"Torii"},{"floor":8.0,"key":"Potion Belt"},{"floor":9.0,"key":"Whetstone"},{"floor":10.0,"key":"Blue Candle"},{"floor":24,"key":"Mercury Hourglass"},{"floor":30,"key":"TungstenRod"},{"floor":43,"key":"Eternal Feather"}],"event_choices":[{"damage_healed":0.0,"max_hp_gain":0.0,"max_hp_loss":0.0,"gold_gain":0.0,"event_name":"Big Fish","player_choice":"Box","floor":2.0,"gold_loss":0.0,"damage_taken":0.0,"relics_obtained":["Boot"],"cards_obtained":["Regret"]},{"damage_healed":0.0,"max_hp_gain":0.0,"max_hp_loss":0.0,"gold_gain":0.0,"event_name":"Golden Idol","player_choice":"Take Wound","floor":3.0,"gold_loss":0.0,"damage_taken":0.0,"relics_obtained":["Golden Idol"],"cards_obtained":["Injury"]},{"damage_healed":0.0,"max_hp_gain":0.0,"max_hp_loss":0.0,"gold_gain":0.0,"event_name":"Shining Light","player_choice":"Entered Light","floor":4.0,"gold_loss":0.0,"damage_taken":16.0,"cards_upgraded":["Strike_R","Defend_R"]},{"damage_healed":0.0,"max_hp_gain":0.0,"max_hp_loss":0.0,"gold_gain":0.0,"event_name":"The Cleric","player_choice":"Leave","floor":11.0,"gold_loss":0.0,"damage_taken":0.0},{"damage_healed":30,"gold_gain":0,"player_choice":"Heal","damage_taken":0,"max_hp_gain":0,"max_hp_loss":0,"event_name":"The Library","floor":19,"gold_loss":0},{"damage_healed":0,"gold_gain":0,"player_choice":"Simplicity","damage_taken":0,"max_hp_gain":0,"max_hp_loss":0,"event_name":"Back to Basics","floor":22,"gold_loss":0,"cards_upgraded":["Strike_R","Strike_R","Strike_R","Strike_R","Defend_R","Defend_R","Defend_R"]},{"damage_healed":0,"gold_gain":0,"player_choice":"Copied","damage_taken":0,"max_hp_gain":0,"max_hp_loss":0,"event_name":"Duplicator","floor":29,"gold_loss":0,"cards_obtained":["Feed"]},{"damage_healed":0,"gold_gain":0,"player_choice":"Paid","damage_taken":0,"relics_obtained":["Red Mask"],"max_hp_gain":0,"max_hp_loss":0,"event_name":"Tomb of Lord Red Mask","floor":39,"gold_loss":2},{"damage_healed":0,"gold_gain":0,"player_choice":"Memory 3","damage_taken":10,"max_hp_gain":0,"max_hp_loss":0,"event_name":"SensoryStone","floor":41,"gold_loss":0},{"damage_healed":0,"gold_gain":0,"player_choice":"Embrace Madness","damage_taken":15,"max_hp_gain":0,"max_hp_loss":0,"event_name":"Winding Halls","floor":44,"gold_loss":0,"cards_obtained":["Madness","Madness"]},{"cards_removed":["Reaper"],"damage_healed":0,"gold_gain":0,"player_choice":"Removed Attack","damage_taken":0,"max_hp_gain":0,"max_hp_loss":0,"event_name":"Falling","floor":45,"gold_loss":0}],"is_beta":false,"boss_relics":[{"not_picked":["Velvet Choker","Busted Crown"],"picked":"Snecko Eye"},{"not_picked":["Philosopher\u0027s Stone","Sozu"],"picked":"Black Blood"}],"items_purged_floors":[5,13],"is_endless":false,"potions_floor_spawned":[6,8,14,18,27,30,33,36,48],"killed_by":"Awakened One","ascension_level":10}}