{"host":"jfbo3eu2ui08ej1u","time":1610723289,"event":{"mods":["2.2 Compatiblity","AchievementEnabler","Act Like it!","Aspiration","BaseMod","Better Altar","Better Match","Better Note","Better Sensory Stone","Better Skull","Better Third Choice","Block Reminder","Colored Map","Colored Powertips","Conspire","DeckTracker","Displayed Cursed Tome","Downfall","Energized Spire","Fox Events","GifTheSpireLib","Hubris","Infinite Spire","Marked Mod","Minty Spire (QoL Compilation)","Pale of the Ancients","Quick Restart","RRrroohrrRGHHhhh!!","Relic Filter","Reorder Act Four","Replay The Spire","Shop Mod","Spicy Shops","StSLib","Stuff the Spire","The Blue Laboratory","The Disciple","The Forsaken","The Hierophant","The Marked","Uncapped","Unceasing Turn Reminder","Wandering Minibosses"],"gold_per_floor":[119,69,84,84,142,142,20,45,45,80,106,134,134,134,134,136,136],"floor_reached":16,"language":"ENG","playtime":800,"items_purged":[],"score":286,"play_id":"71ea2fb7-d955-4790-bc76-d715862b21dd","local_time":"20210115100809","is_ascension_mode":true,"campfire_choices":[{"data":"Hemokinesis","floor":6.0,"key":"SMITH"},{"floor":13.0,"key":"REST"},{"data":"Life Link","floor":15.0,"key":"SMITH"}],"circlet_count":0,"master_deck":["AscendersBane","Strike_R","Strike_R","Strike_R","Strike_R","Strike_R","Defend_R+1","Defend_R","Defend_R+1","Defend_R","Bash","Hemokinesis+1","Clothesline","conspire:SpireCoStock","Shrug It Off","Carnage","Pommel Strike","Armaments","Life Link+1","Thunderclap","Disarm","rorgmod:Ache"],"relics":["Burning Blood","conspire:Dentures","Simple Rune","conspire:DecoderRing","Art of War","Pen Nib","Golden Idol"],"acts_visited":["Exordium"],"potions_floor_usage":[],"damage_taken":[{"damage":9.0,"enemies":"Jaw Worm","floor":1.0,"turns":5.0},{"damage":2.0,"enemies":"2 Louse","floor":3.0,"turns":3.0},{"damage":8.0,"enemies":"conspire:RoseBush","floor":5.0,"turns":7.0},{"damage":14.0,"enemies":"Lagavulin","floor":8.0,"turns":5.0},{"damage":31.0,"enemies":"Replay:BlueRogue","floor":10.0,"turns":7.0},{"damage":12.0,"enemies":"Exordium Wildlife","floor":11.0,"turns":2.0},{"damage":2.0,"enemies":"Gremlin Nob","floor":12.0,"turns":2.0},{"damage":43,"enemies":"Hexaghost","floor":16,"turns":9}],"seed_played":"-5963657218426000199","potions_obtained":[{"floor":5.0,"key":"Block Potion"},{"floor":8.0,"key":"Fire Potion"},{"floor":10.0,"key":"FearPotion"}],"is_trial":false,"path_per_floor":["M","?","M","?","M","R","$","E","T","E","M","E","R","?","R","B"],"character_chosen":"IRONCLAD","items_purchased":["Pommel Strike","Armaments"],"campfire_rested":1,"item_purchase_floors":[7,7],"current_hp_per_floor":[65,65,69,58,56,56,56,48,48,23,17,21,43,43,43,0,0],"gold":136,"neow_bonus":"RANDOM_EVENT","is_daily":false,"chose_seed":false,"campfire_upgraded":2,"win_rate":0.0,"timestamp":1610723289,"path_taken":["M","?","M","?","M","R","$","E","T","E","M","E","R","?","R","BOSS"],"items_purchased_type":["Card","Card"],"build_version":"2020-12-22","purchased_purges":0,"victory":false,"max_hp_per_floor":[75,75,75,75,75,75,75,75,75,75,75,75,75,75,75,75,75],"card_choices":[{"not_picked":["Havoc","Flex"],"picked":"Clothesline","floor":1.0},{"not_picked":["Bloodletting","ReplayTheSpireMod:Corrosion Curse"],"picked":"Shrug It Off","floor":3.0},{"not_picked":["Wild Strike","Havoc"],"picked":"Carnage","floor":5.0},{"not_picked":["True Grit","Sever Soul"],"picked":"Life Link","floor":8.0},{"not_picked":["hubris:SharpeningStone","Armaments"],"picked":"Thunderclap","floor":10.0},{"not_picked":["Inflame","Life Link","StuffTheSpire:RockThrow"],"picked":"SKIP","floor":11.0},{"not_picked":["Thunderclap","StuffTheSpire:Incineration"],"picked":"Disarm","floor":12.0}],"player_experience":1225365,"relics_obtained":[{"floor":8.0,"key":"Simple Rune"},{"floor":9.0,"key":"conspire:DecoderRing"},{"floor":10.0,"key":"Art of War"},{"floor":12.0,"key":"Pen Nib"}],"event_choices":[{"damage_healed":0.0,"max_hp_gain":0.0,"max_hp_loss":0.0,"gold_gain":0.0,"event_name":"conspire:Investor","player_choice":"Invest 1","floor":2.0,"gold_loss":0.0,"damage_taken":0.0},{"damage_healed":0.0,"max_hp_gain":0.0,"max_hp_loss":0.0,"gold_gain":0.0,"event_name":"betterThird:BetterScrap","player_choice":"Relic ","floor":4.0,"gold_loss":0.0,"damage_taken":11.0,"cards_obtained":["ReplayTheSpireMod:From All Sides"]},{"damage_healed":0.0,"max_hp_gain":0.0,"max_hp_loss":0.0,"gold_gain":0.0,"event_name":"Golden Idol","player_choice":"Take Wound","floor":14.0,"gold_loss":0.0,"damage_taken":0.0,"relics_obtained":["Golden Idol"],"cards_obtained":["rorgmod:Ache"]}],"is_beta":false,"boss_relics":[],"items_purged_floors":[],"is_endless":false,"potions_floor_spawned":[5,8,10],"killed_by":"Hexaghost","ascension_level":20}}