{"host":"51fyd6gkml7xavq8","time":1610697811,"event":{"mods":["BaseMod","BetterRewards","Colored Map","Energized Spire","Infinite Spire","Minty Spire (QoL Compilation)","Replay The Spire","Shop Mod","Spicy Shops","StSLib","The Blue Laboratory","[IsaacMod]????"],"gold_per_floor":[119,119,40,40,40,40,73,73,73,23,49,97,97,120,120,232,232,323,345,260,288,312,312,340,340,366,404,269,321,341,387,387,487,487,505,538,538,545,611,611,710,905,980,1064,1064,1089,1089,1116,1116,1136],"floor_reached":51,"language":"ENG","playtime":3312,"items_purged":["Bash","Strike_R","Looming Evil","Pain","Fire Breathing+1","Defend_R","Normality","Thunderclap+1"],"score":1537,"play_id":"b8c61e5a-defb-4092-a8c8-c868baecbe64","local_time":"20210115050331","is_ascension_mode":true,"campfire_choices":[{"floor":6.0,"key":"REST"},{"data":"EpicFetus","floor":6.0,"key":"SMITH"},{"floor":8.0,"key":"REST"},{"data":"Inflame","floor":8.0,"key":"SMITH"},{"floor":13.0,"key":"REST"},{"data":"True Grit","floor":13.0,"key":"SMITH"},{"data":"Defend_R","floor":15.0,"key":"SMITH"},{"floor":23.0,"key":"REST"},{"data":"Defend_R","floor":23.0,"key":"SMITH"},{"floor":32.0,"key":"REST"},{"data":"Limit Break","floor":32.0,"key":"SMITH"},{"floor":40,"key":"REST"},{"data":"Defend_R","floor":40,"key":"SMITH"},{"floor":45,"key":"REST"},{"data":"Impervious","floor":45,"key":"SMITH"},{"data":"Defend_R+2","floor":47,"key":"SMITH"},{"data":"Defend_R+3","floor":49,"key":"SMITH"}],"circlet_count":0,"master_deck":["Defend_R+4","Defend_R+2","Defend_R+1","EpicFetus+1","Inflame+1","Body Slam+1","True Grit+1","Impervious+1","Exhume","Limit Break+1","Ghostly Armor+1","Juggernaut+1","EpicFetus+1","True Grit+1","Fire Breathing+1"],"relics":["Ring of the Snake","HushsDoor","SalivaCoin","MerchantsRug","infinitespire:Magic Flask","SteamSale","infinitespire:Cubic Diamond","Toy Ornithopter","infinitespire:BottledMercury","Velvet Choker","Centennial Puzzle","Replay:Blank Codex","Art of War","Ring of Peace","ReplayTheSpireMod:Ring of Exchange","Juzu Bracelet","Anchor","infinitespire:WardingShard","Toxic Egg 2","Astrolabe","Membership Card","infinitespire:PuzzleCube","Kunai","Replay:Towering Pillar of Hats","Onion Ring","Quantum Egg","Blue Doll","Gambling Chip","Eternal Feather","infinitespire:Cupcake","DollysMirror","ReplayTheSpireMod:Ninjato","Black Star","Iron Hammer","Frozen Egg 2","Blood Vial","Replay:Accelerometer","Honey Jar","Simple Rune","Dream Catcher","ReplayTheSpireMod:Lightbulb","Replay:Bandana"],"acts_visited":["Exordium","TheCity","TheBeyond"],"potions_floor_usage":[],"damage_taken":[{"damage":6.0,"enemies":"2 Louse","floor":1.0,"turns":3.0},{"damage":14.0,"enemies":"Small Slimes","floor":7.0,"turns":3.0},{"damage":12.0,"enemies":"Jaw Worm","floor":11.0,"turns":3.0},{"damage":0.0,"enemies":"Gremlin Nob","floor":12.0,"turns":3.0},{"damage":13.0,"enemies":"Blue Slaver","floor":14.0,"turns":4.0},{"damage":26.0,"enemies":"The Guardian","floor":16.0,"turns":7.0},{"damage":12.0,"enemies":"3 Byrds","floor":18.0,"turns":5.0},{"damage":4.0,"enemies":"Shell Parasite","floor":19.0,"turns":3.0},{"damage":10.0,"enemies":"Shelled Parasite and Fungi","floor":24.0,"turns":4.0},{"damage":3.0,"enemies":"Slavers","floor":27.0,"turns":5.0},{"damage":16.0,"enemies":"Book of Stabbing","floor":29.0,"turns":6.0},{"damage":0.0,"enemies":"Snake Plant","floor":30.0,"turns":3.0},{"damage":14.0,"enemies":"Gremlin Leader","floor":31.0,"turns":4.0},{"damage":0.0,"enemies":"Champ","floor":33.0,"turns":9.0},{"damage":0.0,"enemies":"Orb Walker","floor":35.0,"turns":4.0},{"damage":18.0,"enemies":"3 Darklings","floor":36.0,"turns":4.0},{"damage":9,"enemies":"Hiden Room Battle","floor":41,"turns":3},{"damage":0,"enemies":"Nemesis","floor":46,"turns":7},{"damage":0,"enemies":"R_Hoarder","floor":48,"turns":5},{"damage":0,"enemies":"Awakened One","floor":50,"turns":6}],"seed_played":"-1550949818605432081","potions_obtained":[{"floor":16.0,"key":"ColorlessPotion"},{"floor":24.0,"key":"Adrenaline Potion"},{"floor":29.0,"key":"blueLaboratory:FrostheartPotion"},{"floor":30.0,"key":"blueLaboratory:ForbiddenFruitJuice"},{"floor":46,"key":"Death Potion"}],"is_trial":false,"path_per_floor":["M","?","$","?","$","R","M","R","T","$","M","E","R","M","R","B",null,"M","M","?","?","T","R","M","?","T","E","$","E","M","E","R","B",null,"M","M","?","?","$","R","?","$","T","$","R","E","R","E","R","B",null],"character_chosen":"IRONCLAD","items_purchased":["MerchantsRug","infinitespire:Magic Flask","Molten Egg 2","Inflame","SteamSale","Lee\u0027s Waffle","Membership Card","Electric Blood","Reflective Coating","blueLaboratory:PyrophylliteBrew","blueLaboratory:ExaltedPotion","infinitespire:PuzzleCube","Fruit Juice","Kunai","Replay:Towering Pillar of Hats","Onion Ring","Juggernaut+1","Gambling Chip","Eternal Feather","infinitespire:Cupcake","SkillPotion","BloodPotion","blueLaboratory:Moonshine","blueLaboratory:AbyssPotion","DollysMirror","Black Star","Iron Hammer","Frozen Egg 2","Blood Vial","Replay:Accelerometer","Toxic Potion","blueLaboratory:CorrosionFlask","blueLaboratory:FrostheartPotion","blueLaboratory:BubblePotion","Honey Jar"],"campfire_rested":7,"item_purchase_floors":[0,0,0,0,3,28,39,39,39,39,39,39,39,39,39,39,42,42,42,42,42,42,42,42,42,44,44,44,44,44,44,44,44,44,44],"current_hp_per_floor":[29,29,29,29,29,53,39,63,63,63,51,51,75,62,62,36,69,57,53,53,37,37,61,51,51,51,58,87,71,71,57,83,83,86,86,68,68,48,48,74,65,65,65,65,87,87,87,87,87,87],"gold":1136,"neow_bonus":"","is_daily":false,"chose_seed":false,"campfire_upgraded":10,"win_rate":0.0,"timestamp":1610697811,"path_taken":["M","?","$","?","$","R","?","R","T","$","M","E","R","M","R","BOSS","M","M","?","?","?","R","M","?","T","E","$","E","M","E","R","BOSS","M","M","?","?","$","R","?","$","T","?","R","E","R","E","R","BOSS"],"items_purchased_type":["Relic","Relic","Relic","Card","Relic","Relic","Relic","Relic","Potion","Potion","Potion","Relic","Potion","Relic","Relic","Relic","Card","Relic","Relic","Relic","Potion","Potion","Potion","Potion","Relic","Relic","Relic","Relic","Relic","Relic","Potion","Potion","Potion","Potion","Relic"],"build_version":"2020-12-22","purchased_purges":8,"victory":true,"max_hp_per_floor":[80,80,80,80,80,80,80,80,80,80,80,80,80,80,80,80,80,80,80,80,80,80,80,80,80,80,80,87,87,87,87,87,87,87,87,87,87,87,87,87,87,87,87,87,87,87,87,87,87,87],"card_choices":[{"not_picked":[],"picked":"EpicFetus","floor":0.0},{"not_picked":["Second Wind","Cleave+1"],"picked":"Body Slam+1","floor":1.0},{"not_picked":["Shrug It Off","Dark Embrace","Burning Pact"],"picked":"SKIP","floor":7.0},{"not_picked":["Hemogenesis","Replay:Undeath\u0027s Touch"],"picked":"True Grit","floor":11.0},{"not_picked":["Havoc","Bloodletting","Wild Strike"],"picked":"SKIP","floor":12.0},{"not_picked":["Power Through","Pummel","Armaments"],"picked":"SKIP","floor":14.0},{"not_picked":["Replay:Many Hands","Bludgeon"],"picked":"Impervious","floor":16.0},{"not_picked":["Cleave","Shrug It Off+1","Pommel Strike+1"],"picked":"SKIP","floor":18.0},{"not_picked":["Body Slam","Thunderclap","Rupture"],"picked":"SKIP","floor":19.0},{"not_picked":["Perfected Strike","Shrug It Off"],"picked":"Exhume","floor":24.0},{"not_picked":["Cleave+1","Sword Boomerang","Burning Pact"],"picked":"SKIP","floor":27.0},{"not_picked":["Run Through","Hemokinesis"],"picked":"Limit Break","floor":29.0},{"not_picked":["Pommel Strike","Armaments","True Grit+1"],"picked":"SKIP","floor":30.0},{"not_picked":["Second Wind+1","Anger","Sword Boomerang"],"picked":"SKIP","floor":31.0},{"not_picked":["Hemokinesis+1","Spot Weakness+1","Sword Boomerang"],"picked":"SKIP","floor":35.0},{"not_picked":["Sword Boomerang+1","Iron Wave+1","Cleave+1"],"picked":"SKIP","floor":36.0},{"not_picked":["Clash","Limit Break+1","Carnage+1"],"picked":"True Grit+1","floor":46},{"not_picked":["Sever Soul","Rampage+1","Power Through+1"],"picked":"Fire Breathing+1","floor":48}],"player_experience":532448,"relics_obtained":[{"floor":9.0,"key":"Toy Ornithopter"},{"floor":12.0,"key":"infinitespire:BottledMercury"},{"floor":21.0,"key":"Replay:Blank Codex"},{"floor":22.0,"key":"Art of War"},{"floor":25.0,"key":"Ring of Peace"},{"floor":25.0,"key":"ReplayTheSpireMod:Ring of Exchange"},{"floor":26.0,"key":"Juzu Bracelet"},{"floor":27.0,"key":"Anchor"},{"floor":29.0,"key":"infinitespire:WardingShard"},{"floor":31.0,"key":"Toxic Egg 2"},{"floor":41,"key":"Quantum Egg"},{"floor":41,"key":"Blue Doll"},{"floor":43,"key":"ReplayTheSpireMod:Ninjato"},{"floor":46,"key":"Simple Rune"},{"floor":46,"key":"Dream Catcher"},{"floor":48,"key":"ReplayTheSpireMod:Lightbulb"},{"floor":48,"key":"Replay:Bandana"}],"event_choices":[{"damage_healed":0.0,"max_hp_gain":0.0,"max_hp_loss":0.0,"gold_gain":0.0,"event_name":"Addict","player_choice":"Obtained Relic","floor":20.0,"gold_loss":85.0,"damage_taken":0.0,"relics_obtained":["Centennial Puzzle"]},{"damage_healed":0.0,"max_hp_gain":0.0,"max_hp_loss":0.0,"gold_gain":0.0,"event_name":"Cursed Tome","player_choice":"Obtained Book","floor":21.0,"gold_loss":0.0,"damage_taken":16.0},{"damage_healed":0,"gold_gain":0,"player_choice":"Fight","damage_taken":0,"max_hp_gain":0,"max_hp_loss":0,"event_name":"HidenRoomEvent","floor":41,"gold_loss":0}],"is_beta":false,"boss_relics":[{"not_picked":["Fusion Hammer","Replay:Drink Me"],"picked":"Velvet Choker"},{"not_picked":[]},{"not_picked":["Abe\u0027s Treasure","PrismaticShard"],"picked":"Astrolabe"},{"not_picked":[]}],"items_purged_floors":[0,10,28,39,42,42,44,44],"is_endless":false,"potions_floor_spawned":[16,24,29,30,33,36,46],"ascension_level":6}}