{"host":"71zygvukkr9gbg44","time":1610725043,"event":{"mods":["BaseMod","Downfall","Marisa£®ÏF”Í°°ƒß¿Ì…≥£©","Minty Spire (QoL Compilation)","StSLib","The Bug Knight"],"gold_per_floor":[113,188,1,1,13,13,42,42,42,52,52,82,82,95,95,194,194,210,285,303,320,88,88,118,132,132,149,163,163,189,207,207,311,311,328,345,345,345,355,380,135,166,166,179,189,203,203,203,203],"floor_reached":48,"language":"ZHS","playtime":2888,"items_purged":["HollowMod:QuickDashStart","HollowMod:InfectedAttack"],"score":569,"play_id":"730e5197-ef3c-407a-8166-cae97406bc5f","local_time":"20210115233723","is_ascension_mode":false,"campfire_choices":[{"data":"Apotheosis","floor":6.0,"key":"SMITH"},{"data":"HollowMod:VengefulSpirit","floor":8.0,"key":"SMITH"},{"data":"HollowMod:DashSlash","floor":11.0,"key":"SMITH"},{"floor":13.0,"key":"REST"},{"data":"HollowMod:GreatSlash","floor":15.0,"key":"SMITH"},{"data":"HollowMod:HuntersJournal","floor":23.0,"key":"SMITH"},{"data":"HollowMod:SlysStrikes","floor":29.0,"key":"SMITH"},{"data":"HollowMod:MantisMark","floor":32.0,"key":"SMITH"},{"floor":47.0,"key":"RECALL"}],"circlet_count":0,"master_deck":["HollowMod:NailStrikeStart","HollowMod:NailStrikeStart","HollowMod:NailStrikeStart","HollowMod:NailStrikeStart","HollowMod:QuickDashStart","HollowMod:QuickDashStart","HollowMod:QuickDashStart","HollowMod:FocusHealStart","HollowMod:PogoStrike","Apotheosis+1","HollowMod:GreatSlash+1","HollowMod:VengefulSpirit+1","HollowMod:DashSlash+1","HollowMod:GoodIntentions","HollowMod:SlysStrikes+1","HollowMod:MantisMark+1","HollowMod:HuntersJournal+1","HollowMod:CycloneSlash","HollowMod:MantisMark+1","HollowMod:ChannelNail+1","HollowMod:VoidDash","HollowMod:SoulEater","Madness","Madness","HollowMod:MantisMark+1","HollowMod:NewJinnsSoul","HollowMod:PerfectDash+1","HollowMod:SoulVessel+1","HollowMod:Grubsong+1","HollowMod:SoulSplash+1"],"relics":["HollowMod:VesselMask","NeowsBlessing","Letter Opener","HollowMod:PaleOreRelic","Calipers","Coffee Dripper","Membership Card","FossilizedHelix","Meat on the Bone","Runic Pyramid","Blue Candle","Pear","Strange Spoon","Blood Vial","Peace Pipe"],"acts_visited":["Exordium","TheCity","TheBeyond"],"potions_floor_usage":[48],"damage_taken":[{"damage":0.0,"enemies":"2 Louse","floor":1.0,"turns":1.0},{"damage":0.0,"enemies":"Cultist","floor":5.0,"turns":1.0},{"damage":0.0,"enemies":"Gremlin Nob","floor":7.0,"turns":1.0},{"damage":18.0,"enemies":"Small Slimes","floor":10.0,"turns":2.0},{"damage":35.0,"enemies":"Lagavulin","floor":12.0,"turns":4.0},{"damage":3.0,"enemies":"Red Slaver","floor":14.0,"turns":4.0},{"damage":1.0,"enemies":"Slime Boss","floor":16.0,"turns":7.0},{"damage":3.0,"enemies":"Spheric Guardian","floor":18.0,"turns":3.0},{"damage":3.0,"enemies":"Chosen","floor":20.0,"turns":4.0},{"damage":16.0,"enemies":"Snake Plant","floor":21.0,"turns":6.0},{"damage":11.0,"enemies":"Book of Stabbing","floor":24.0,"turns":5.0},{"damage":6.0,"enemies":"3 Cultists","floor":25.0,"turns":5.0},{"damage":0.0,"enemies":"Cultist and Chosen","floor":27.0,"turns":5.0},{"damage":10.0,"enemies":"Shelled Parasite and Fungi","floor":28.0,"turns":4.0},{"damage":13.0,"enemies":"Gremlin Leader","floor":30.0,"turns":5.0},{"damage":0.0,"enemies":"3 Cultists","floor":31.0,"turns":3.0},{"damage":44.0,"enemies":"Automaton","floor":33.0,"turns":8.0},{"damage":9.0,"enemies":"3 Darklings","floor":35.0,"turns":4.0},{"damage":2.0,"enemies":"3 Shapes","floor":36.0,"turns":3.0},{"damage":34.0,"enemies":"3 Darklings","floor":39.0,"turns":4.0},{"damage":23.0,"enemies":"Giant Head","floor":40.0,"turns":7.0},{"damage":31.0,"enemies":"HollowMod:StalkingDevout","floor":42.0,"turns":5.0},{"damage":0.0,"enemies":"Maw","floor":44.0,"turns":7.0},{"damage":22.0,"enemies":"Jaw Worm Horde","floor":45.0,"turns":4.0},{"damage":14.0,"enemies":"4 Shapes","floor":46.0,"turns":5.0},{"damage":49,"enemies":"HollowMod:SlobberingHusk","floor":48,"turns":4}],"seed_played":"-4393329322291269150","potions_obtained":[{"floor":4.0,"key":"EssenceOfSteel"},{"floor":4.0,"key":"EssenceOfSteel"},{"floor":4.0,"key":"Dexterity Potion"},{"floor":10.0,"key":"CultistPotion"},{"floor":16.0,"key":"Fire Potion"},{"floor":28.0,"key":"LiquidBronze"},{"floor":31.0,"key":"SkillPotion"},{"floor":33.0,"key":"SmokeBomb"},{"floor":36.0,"key":"Dexterity Potion"},{"floor":40.0,"key":"PowerPotion"}],"is_trial":false,"path_per_floor":["M","?","$","?","M","R","E","R","T","M","R","E","R","M","R","B",null,"M","?","M","M","$","R","E","M","T","M","M","R","E","M","R","B",null,"M","M","?","?","M","E","$","E","T","M","M","M","R","M"],"character_chosen":"THE_BUGKNIGHT","items_purchased":["Apotheosis","Membership Card","HollowMod:HuntersJournal","Pear","Strange Spoon"],"campfire_rested":1,"item_purchase_floors":[3,22,22,41,41],"current_hp_per_floor":[75,64,64,64,64,64,64,64,64,46,46,17,39,42,42,41,75,72,65,62,58,58,58,57,57,57,67,63,63,60,66,66,40,75,72,75,75,66,38,33,43,34,34,46,38,44,44,0,0],"gold":203,"neow_bonus":"THREE_ENEMY_KILL","is_daily":false,"chose_seed":false,"campfire_upgraded":7,"win_rate":0.0,"timestamp":1610725043,"path_taken":["M","?","$","?","M","R","E","R","T","M","R","E","R","?","R","BOSS","M","?","M","?","$","R","E","M","T","M","M","R","E","M","R","BOSS","M","M","?","?","M","E","$","E","T","M","?","M","R","M"],"items_purchased_type":["Card","Relic","Card","Relic","Relic"],"build_version":"2020-12-22","purchased_purges":2,"victory":false,"max_hp_per_floor":[75,75,75,75,75,75,75,75,75,75,75,75,75,75,75,75,75,75,75,75,75,75,75,75,75,75,75,75,75,75,75,75,75,75,75,75,75,75,75,75,85,85,85,85,85,85,85,85,85],"card_choices":[{"not_picked":["HollowMod:AbyssShriek","HollowMod:HeavyBlow"],"picked":"HollowMod:InfectedAttack","floor":1.0},{"not_picked":["HollowMod:ShadowDash","HollowMod:SiblingsSouls"],"picked":"HollowMod:GreatSlash","floor":5.0},{"not_picked":["HollowMod:InfectedAttack","HollowMod:SoulVessel"],"picked":"HollowMod:VengefulSpirit","floor":7.0},{"not_picked":["HollowMod:ChannelNail","HollowMod:CrystalDash"],"picked":"HollowMod:DashSlash","floor":10.0},{"not_picked":["HollowMod:NewLittleFool","HollowMod:SiblingsSouls"],"picked":"HollowMod:GoodIntentions","floor":12.0},{"not_picked":["HollowMod:DreamGate","HollowMod:GoodIntentions","HollowMod:HowlingWraiths"],"picked":"SKIP","floor":14.0},{"not_picked":["HollowMod:NewInfectedGuardian","HollowMod:SoulMaster"],"picked":"HollowMod:SlysStrikes","floor":16.0},{"not_picked":["HollowMod:LifebloodCocoon","HollowMod:SiblingsSouls"],"picked":"HollowMod:BaldurShell","floor":18.0},{"not_picked":["HollowMod:NewGlowingWomb","HollowMod:HowlingWraiths","HollowMod:InfectedCysts"],"picked":"SKIP","floor":20.0},{"not_picked":["HollowMod:SoulEater","HollowMod:CloakDash"],"picked":"HollowMod:MantisMark+1","floor":21.0},{"not_picked":["HollowMod:BaldurShell","HollowMod:VengefulSpirit","HollowMod:HowlingWraiths+1"],"picked":"SKIP","floor":24.0},{"not_picked":["HollowMod:NewGlowingWomb","HollowMod:LifebloodCocoon"],"picked":"HollowMod:CycloneSlash","floor":25.0},{"not_picked":["HollowMod:SlysStrikes","HollowMod:LifebloodCocoon"],"picked":"HollowMod:MantisMark","floor":27.0},{"not_picked":["HollowMod:BlackTendrils","HollowMod:ShadowDash"],"picked":"HollowMod:ChannelNail+1","floor":28.0},{"not_picked":["HollowMod:NewLittleFool","HollowMod:CycloneSlash","HollowMod:HowlingWraiths"],"picked":"SKIP","floor":30.0},{"not_picked":["HollowMod:Grubsong","HollowMod:CoiledNail+1","HollowMod:InfectedCysts"],"picked":"SKIP","floor":31.0},{"not_picked":["HollowMod:MidwifesHunger","HollowMod:ElderbugsWisdom"],"picked":"HollowMod:VoidDash","floor":33.0},{"not_picked":["HollowMod:WraithStrike+1","HollowMod:VengefulVoid+1"],"picked":"HollowMod:SoulEater","floor":35.0},{"not_picked":["HollowMod:SharpenedShadows","HollowMod:NewGlowingWomb","HollowMod:NewLittleFool+1"],"picked":"SKIP","floor":36.0},{"not_picked":["HollowMod:DashSlash+1","HollowMod:HeavyBlow"],"picked":"HollowMod:MantisMark+1","floor":39.0},{"not_picked":["HollowMod:CycloneSlash+1","HollowMod:VengefulSpirit"],"picked":"HollowMod:NewJinnsSoul","floor":40.0},{"not_picked":["HollowMod:SiblingsSouls+1","HollowMod:theNailsmith"],"picked":"HollowMod:PerfectDash+1","floor":42.0},{"not_picked":["HollowMod:ShadowDash","HollowMod:HowlingWraiths+1"],"picked":"HollowMod:SoulVessel+1","floor":44.0},{"not_picked":["HollowMod:InfectedCysts+1","HollowMod:SharpenedNail"],"picked":"HollowMod:Grubsong+1","floor":45.0},{"not_picked":["HollowMod:NewJinnsSoul+1","HollowMod:FallenFury"],"picked":"HollowMod:SoulSplash+1","floor":46.0}],"player_experience":50628,"relics_obtained":[{"floor":7.0,"key":"Letter Opener"},{"floor":9.0,"key":"HollowMod:PaleOreRelic"},{"floor":12.0,"key":"Calipers"},{"floor":24.0,"key":"FossilizedHelix"},{"floor":30.0,"key":"Meat on the Bone"},{"floor":40.0,"key":"Blue Candle"},{"floor":42.0,"key":"Blood Vial"},{"floor":43.0,"key":"Peace Pipe"}],"event_choices":[{"damage_healed":0.0,"max_hp_gain":0.0,"max_hp_loss":0.0,"gold_gain":75.0,"event_name":"World of Goop","player_choice":"Gather Gold","floor":2.0,"gold_loss":0.0,"damage_taken":11.0},{"damage_healed":0.0,"max_hp_gain":0.0,"max_hp_loss":0.0,"gold_gain":0.0,"event_name":"Lab","player_choice":"Got Potions","floor":4.0,"gold_loss":0.0,"damage_taken":0.0},{"damage_healed":0.0,"max_hp_gain":0.0,"max_hp_loss":0.0,"gold_gain":75.0,"event_name":"FaceTrader","player_choice":"Touch","floor":19.0,"gold_loss":0.0,"damage_taken":7.0},{"cards_removed":["HollowMod:BaldurShell"],"damage_healed":0.0,"max_hp_gain":0.0,"max_hp_loss":0.0,"gold_gain":0.0,"event_name":"Falling","player_choice":"Removed Power","floor":37.0,"gold_loss":0.0,"damage_taken":0.0},{"damage_healed":0.0,"max_hp_gain":0.0,"max_hp_loss":0.0,"gold_gain":0.0,"event_name":"Winding Halls","player_choice":"Embrace Madness","floor":38.0,"gold_loss":0.0,"damage_taken":9.0,"cards_obtained":["Madness","Madness"]}],"is_beta":false,"boss_relics":[{"not_picked":["Empty Cage","Ectoplasm"],"picked":"Coffee Dripper"},{"not_picked":["Astrolabe","Tiny House"],"picked":"Runic Pyramid"}],"items_purged_floors":[22,41],"is_endless":false,"potions_floor_spawned":[7,10,14,16,18,21,28,31,33,36,40,42],"killed_by":"HollowMod:SlobberingHusk","ascension_level":0}}