{"host":"3qkmyeoym75lj4wn","time":1610731801,"event":{"mods":["2.2 Compatiblity","BaseMod","Block Reminder","Colored Powertips","Highlight Path","Minty Spire (QoL Compilation)","Permanent Neow","Potion Indicator Mod","Rare Cards Sparkle","Relic Stats","StSLib","Unceasing Turn Reminder"],"gold_per_floor":[209,155,155,165,165,165,179,179,179,209,209,222,234,234,234],"floor_reached":14,"language":"ENG","playtime":378,"items_purged":[],"score":160,"play_id":"8154c4a2-415b-447d-a118-fc08b62d9b88","local_time":"20210115173001","is_ascension_mode":true,"campfire_choices":[{"data":"Fusion","floor":6,"key":"SMITH"},{"data":"Loop","floor":8,"key":"SMITH"}],"circlet_count":0,"master_deck":["AscendersBane","Strike_B","Strike_B","Strike_B","Defend_B","Defend_B","Defend_B","Defend_B","Zap+1","Dualcast","Loop+1","Ball Lightning","Fusion+1","Ball Lightning","Coolheaded"],"relics":["Cracked Core","Eternal Feather","InkBottle"],"acts_visited":["Exordium"],"potions_floor_usage":[13],"damage_taken":[{"damage":9,"enemies":"Jaw Worm","floor":1,"turns":4},{"damage":4,"enemies":"Small Slimes","floor":4,"turns":4},{"damage":9,"enemies":"2 Louse","floor":7,"turns":3},{"damage":22,"enemies":"Lots of Slimes","floor":12,"turns":4},{"damage":17,"enemies":"Gremlin Gang","floor":13,"turns":3},{"damage":13,"enemies":"Lagavulin","floor":14,"turns":4}],"seed_played":"-6581680663937604695","potions_obtained":[{"floor":12,"key":"SkillPotion"}],"is_trial":false,"path_per_floor":["M","$","?","M","?","R","M","R","T","?","?","M","M","E"],"character_chosen":"DEFECT","items_purchased":["Ball Lightning"],"campfire_rested":0,"item_purchase_floors":[2],"current_hp_per_floor":[55,55,60,56,56,56,47,47,47,47,47,25,8,0,0],"gold":234,"neow_bonus":"HUNDRED_GOLD","is_daily":false,"chose_seed":false,"campfire_upgraded":2,"win_rate":0.0,"timestamp":1610731801,"path_taken":["M","$","?","M","?","R","M","R","T","?","?","?","?","E"],"items_purchased_type":["Card"],"build_version":"2020-12-22","purchased_purges":0,"victory":false,"max_hp_per_floor":[71,71,76,76,76,76,76,76,76,76,76,76,76,76,76],"relic_stats":{"counters":[6,21],"Eternal Feather":0,"obtain_stats":[{"Eternal Feather":9,"Cracked Core":0,"InkBottle":10},{"Eternal Feather":3,"Cracked Core":0,"InkBottle":3},{"Eternal Feather":11,"Cracked Core":0,"InkBottle":11}],"InkBottle":[3]},"card_choices":[{"not_picked":["Turbo","Redo"],"picked":"Loop","floor":1},{"not_picked":["Skim","Blizzard"],"picked":"Fusion","floor":4},{"not_picked":["Conserve Battery","Gash","Melter"],"picked":"SKIP","floor":7},{"not_picked":["Genetic Algorithm","Reinforced Body"],"picked":"Ball Lightning","floor":12},{"not_picked":["Gash","Compile Driver"],"picked":"Coolheaded","floor":13}],"player_experience":1679316,"relics_obtained":[{"floor":9,"key":"Eternal Feather"}],"event_choices":[{"damage_healed":0,"gold_gain":0,"player_choice":"Donut","damage_taken":0,"max_hp_gain":5,"max_hp_loss":0,"event_name":"Big Fish","floor":3,"gold_loss":0},{"damage_healed":0,"gold_gain":0,"player_choice":"Grow","damage_taken":0,"max_hp_gain":0,"max_hp_loss":0,"event_name":"Living Wall","floor":5,"gold_loss":0,"cards_upgraded":["Zap"]},{"damage_healed":0,"gold_gain":30,"player_choice":"Searched \u00273\u0027 times","damage_taken":0,"relics_obtained":["InkBottle"],"max_hp_gain":0,"max_hp_loss":0,"event_name":"Dead Adventurer","floor":10,"gold_loss":0},{"cards_removed":["Strike_B"],"damage_healed":0,"gold_gain":0,"player_choice":"Purged","damage_taken":0,"max_hp_gain":0,"max_hp_loss":0,"event_name":"Purifier","floor":11,"gold_loss":0}],"is_beta":false,"boss_relics":[],"items_purged_floors":[],"is_endless":false,"potions_floor_spawned":[12],"killed_by":"Lagavulin","ascension_level":20}}