{"host":"6h0diz2ap0m56grs","time":1610741605,"event":{"mods":["2.2 Compatiblity","BaseMod","Colored Map","Marisa????????","Minty Spire (QoL Compilation)","Quick Restart","Replay The Spire","Shop Mod","StSLib","The Servant 0.9.4"],"gold_per_floor":[119,62,62,72,147,180,208,208,233,288,288,333,397,448,448,569,569,599,578,578,41,41,88,148,223,249,312,373,435,435,534,534,659,659,683,538,390,390,453,516,589,601,636,546,546,608,608,673,673,761],"floor_reached":51,"language":"ENG","playtime":1635,"items_purged":["SoulSculpture"],"score":1635,"play_id":"7ca53e68-cb56-413d-89cc-6f2303a7c6bc","local_time":"20210115141325","daily_mods":["SealedDeck","Heirloom","Time Dilation","Flight"],"is_ascension_mode":true,"campfire_choices":[{"data":"SilverBlades","floor":8,"key":"SMITH"},{"data":"Orbit","floor":15,"key":"SMITH"},{"data":"SurpressingFire","floor":30,"key":"SMITH"},{"data":"Gouge","floor":32,"key":"SMITH"},{"data":"TimeTheft","floor":42,"key":"SMITH"},{"data":"Defy","floor":47,"key":"SMITH"},{"data":"Starlight","floor":49,"key":"SMITH"}],"circlet_count":0,"master_deck":["Rearm","Starlight+1","TimeTheft+1","Gouge+1","Defy+1","Ricochet+1","SilverBlades+1","Misdirection","Ricochet","Misdirection","Barrier+1","Desolation+1","Orbit+1","Defy","Sabotage","KillingDoll+1","Misdirection","Defy","Orbit+1","SurpressingFire+1","GearUp","Sunlight+1","SilverBlades+1","GearUp+1","Deadline+1"],"relics":["Uniform","replay:Trail_Library","Pondfish Scales","Unceasing Top","Replay:Bandana","Orichalcum","Bag of Marbles","Sozu","MerchantsRug","Counterbalance","ReplayFunnel","Smiling Mask","Iron Hammer","Replay:Wax Seal","ReplayTheSpireMod:TigerMarble","Nunchaku","Anchor","PreservedInsect","Coffee Dripper","Guide Book","Oddly Smooth Stone","CatCart","Replay:Baseball","MawBank","Art of War","Whetstone","Quantum Egg"],"acts_visited":["Exordium","TheCity","TheBeyond"],"potions_floor_usage":[10,13,50],"damage_taken":[{"damage":2,"enemies":"Jaw Worm","floor":1,"turns":3},{"damage":0,"enemies":"2 Louse","floor":4,"turns":1},{"damage":1,"enemies":"Gremlin Nob","floor":6,"turns":3},{"damage":0,"enemies":"Replay:BlueRogue","floor":7,"turns":4},{"damage":0,"enemies":"3 Sentries","floor":10,"turns":3},{"damage":0,"enemies":"Replay:BlueRogue","floor":12,"turns":4},{"damage":0,"enemies":"3 Sentries","floor":13,"turns":3},{"damage":0,"enemies":"Lagavulin","floor":14,"turns":6},{"damage":0,"enemies":"Slime Boss","floor":16,"turns":4},{"damage":0,"enemies":"Spheric Guardian","floor":18,"turns":3},{"damage":0,"enemies":"Replay:Snechameleon","floor":23,"turns":5},{"damage":0,"enemies":"Gremlin Leader","floor":24,"turns":3},{"damage":0,"enemies":"Slavers","floor":25,"turns":2},{"damage":0,"enemies":"Gremlin Leader","floor":27,"turns":2},{"damage":0,"enemies":"Book of Stabbing","floor":28,"turns":2},{"damage":0,"enemies":"Gremlin Leader","floor":29,"turns":2},{"damage":0,"enemies":"Pondfish","floor":33,"turns":6},{"damage":0,"enemies":"3 Shapes","floor":35,"turns":2},{"damage":0,"enemies":"Orin","floor":39,"turns":6},{"damage":0,"enemies":"Reptomancer","floor":40,"turns":2},{"damage":0,"enemies":"Giant Head","floor":41,"turns":3},{"damage":0,"enemies":"R_Hoarder","floor":46,"turns":3},{"damage":0,"enemies":"Nemesis","floor":48,"turns":3},{"damage":0,"enemies":"Replay:Hell Engine","floor":50,"turns":5}],"seed_played":"7253907804793941209","potions_obtained":[{"floor":4,"key":"SkillPotion"},{"floor":6,"key":"LiquidMemories"},{"floor":10,"key":"Reflective Coating"},{"floor":13,"key":"DistilledChaos"}],"is_trial":true,"path_per_floor":["M","$","?","M","?","E","E","R","T","E","?","E","E","E","R","B",null,"M","$","$","$","?","E","E","E","T","E","E","E","R","?","R","B",null,"M","$","$","?","?","E","E","R","T","$","?","E","R","E","R","B",null],"character_chosen":"THE_SERVANT","items_purchased":["Barrier+1","MerchantsRug","Counterbalance","ReplayFunnel","Misdirection","Guide Book","Oddly Smooth Stone","Deadline+1"],"campfire_rested":0,"item_purchase_floors":[2,19,21,21,21,36,37,44],"current_hp_per_floor":[63,63,63,63,52,51,51,51,51,51,56,56,56,56,56,56,70,70,70,70,70,70,70,70,70,70,70,70,70,70,70,70,70,70,70,70,70,70,70,70,70,70,70,70,66,66,66,66,66,66],"gold":761,"neow_bonus":"","is_daily":false,"chose_seed":false,"campfire_upgraded":7,"win_rate":0.0,"timestamp":1610741605,"path_taken":["M","$","?","M","?","E","E","R","T","E","?","E","E","E","R","BOSS","M","$","$","$","?","E","E","E","T","E","E","E","R","?","R","BOSS","M","$","$","?","?","E","E","R","T","$","?","E","R","E","R","BOSS"],"items_purchased_type":["Card","Relic","Relic","Relic","Card","Relic","Relic","Card"],"build_version":"2020-12-22","purchased_purges":1,"victory":true,"max_hp_per_floor":[65,65,65,65,65,65,65,65,65,65,70,70,70,70,70,70,70,70,70,70,70,70,70,70,70,70,70,70,70,70,70,70,70,70,70,70,70,70,70,70,70,70,70,70,66,66,66,66,66,66],"card_choices":[{"not_picked":["Alleviate","Gouge","TimeWarp"],"picked":"SKIP","floor":1},{"not_picked":["Reset","Collapse"],"picked":"Desolation","floor":4},{"not_picked":["DualDimension","DoubleEdge","BottledTime"],"picked":"SKIP","floor":6},{"not_picked":["Spin","TimeWarp"],"picked":"Orbit","floor":7},{"not_picked":["Unruled","TimeTheft"],"picked":"Defy","floor":10},{"not_picked":["Foresight","TimeWarp"],"picked":"Sabotage","floor":12},{"not_picked":["TimeWarp","Unruled","SpecialFormula"],"picked":"SKIP","floor":13},{"not_picked":["Replace","FanOfKnives","ShiftingGears"],"picked":"SKIP","floor":14},{"not_picked":["TrueSight","Initiator"],"picked":"KillingDoll","floor":16},{"not_picked":["FastForward","Potential","WasteNot"],"picked":"SKIP","floor":18},{"not_picked":["ShiftingGears+1","ShatteredReality+1"],"picked":"Orbit+1","floor":23},{"not_picked":["Spin","Rearm","Luminosity"],"picked":"SKIP","floor":24},{"not_picked":["Ricochet+1","Duplication","DoubleEdge"],"picked":"SKIP","floor":25},{"not_picked":["ShatteredReality","TheWorld"],"picked":"SurpressingFire","floor":27},{"not_picked":["TimeWarp","KillingDoll","Replace"],"picked":"SKIP","floor":28},{"not_picked":["Replace+1","Rewind","Ricochet"],"picked":"SKIP","floor":29},{"not_picked":["LightFlow","FloweringNight"],"picked":"Sunlight","floor":33},{"not_picked":["Snipe","BottledTime"],"picked":"SilverBlades+1","floor":35},{"not_picked":["DoubleEdge","Deadline"],"picked":"GearUp+1","floor":39},{"not_picked":["Potential","TimeWarp+1","WasteNot+1"],"picked":"SKIP","floor":40},{"not_picked":["Advance","Collapse+1","Unruled+1"],"picked":"SKIP","floor":41},{"not_picked":["Unruled","Rewind","Moondial"],"picked":"SKIP","floor":46},{"not_picked":["Barrier+1","Revamp+1","ShiftingGears"],"picked":"SKIP","floor":48}],"player_experience":181160,"relics_obtained":[{"floor":6,"key":"Pet Ghost"},{"floor":7,"key":"Unceasing Top"},{"floor":9,"key":"Replay:Bandana"},{"floor":10,"key":"Broom"},{"floor":12,"key":"Replay:Bottled Snecko"},{"floor":13,"key":"Orichalcum"},{"floor":14,"key":"Bag of Marbles"},{"floor":23,"key":"Smiling Mask"},{"floor":24,"key":"Iron Hammer"},{"floor":25,"key":"Replay:Wax Seal"},{"floor":26,"key":"ReplayTheSpireMod:TigerMarble"},{"floor":27,"key":"Nunchaku"},{"floor":28,"key":"Anchor"},{"floor":29,"key":"PreservedInsect"},{"floor":39,"key":"CatCart"},{"floor":40,"key":"Replay:Baseball"},{"floor":41,"key":"MawBank"},{"floor":43,"key":"Art of War"},{"floor":46,"key":"Whetstone"},{"floor":48,"key":"Quantum Egg"}],"event_choices":[{"damage_healed":0,"gold_gain":75,"player_choice":"Gather Gold","damage_taken":11,"max_hp_gain":0,"max_hp_loss":0,"event_name":"World of Goop","floor":5,"gold_loss":0},{"damage_healed":0,"gold_gain":0,"player_choice":"Donut","damage_taken":0,"max_hp_gain":5,"max_hp_loss":0,"event_name":"Big Fish","floor":11,"gold_loss":0},{"damage_healed":0,"gold_gain":99,"player_choice":"Stole From Cult","damage_taken":0,"max_hp_gain":0,"max_hp_loss":0,"event_name":"Nest","floor":31,"gold_loss":0},{"damage_healed":0,"gold_gain":0,"player_choice":"Ignored","damage_taken":0,"max_hp_gain":0,"max_hp_loss":0,"event_name":"Tomb of Lord Red Mask","floor":38,"gold_loss":0},{"damage_healed":0,"gold_gain":0,"player_choice":"Fight","damage_taken":0,"max_hp_gain":0,"max_hp_loss":0,"event_name":"OrinTheCat","floor":39,"gold_loss":0},{"damage_healed":0,"gold_gain":0,"player_choice":"Max HP","damage_taken":0,"max_hp_gain":0,"max_hp_loss":4,"event_name":"Winding Halls","floor":45,"gold_loss":0}],"is_beta":false,"boss_relics":[{"not_picked":["Empty Cage","Black Star"],"picked":"Sozu"},{"not_picked":["ChewingGum","SlaversCollar"],"picked":"Coffee Dripper"}],"items_purged_floors":[44],"is_endless":false,"potions_floor_spawned":[4,6,10,13,24,25,29,46],"ascension_level":1}}