{"host":"ibonnlq6s1c814xj","time":1610698852,"event":{"mods":["BaseMod","BetterRewards","Good Game Mod","Minty Spire (QoL Compilation)","Shop Mod","【功能Mod】聪明的最终Boss"],"gold_per_floor":[109,124,124,138,151,151,37,63,90,90,107,107,182,82,82,186,186,199,199,218,231,245,245,260,260,286,297,46,60,60,72,72,172,172,191,204,218,16,16,16,35,65,65,80,8,37,37,52,52,52,52],"floor_reached":50,"language":"ZHS","playtime":2295,"items_purged":["All For One","Multi-Cast","Leap"],"score":713,"play_id":"50c568b6-3f84-472f-8dd5-a779071c5366","local_time":"20210115162052","is_ascension_mode":true,"campfire_choices":[{"data":"Storm","floor":6,"key":"SMITH"},{"floor":15,"key":"REST"},{"data":"White Noise","floor":23,"key":"SMITH"},{"data":"White Noise","floor":25,"key":"SMITH"},{"data":"Seek","floor":32,"key":"SMITH"},{"data":"Defragment","floor":40,"key":"SMITH"},{"data":"Heatsinks","floor":47,"key":"SMITH"},{"data":"Defragment","floor":49,"key":"SMITH"}],"circlet_count":0,"master_deck":["Zap","Dualcast","Seek+1","Electrodynamics","Rainbow","Ball Lightning","Loop","White Noise+1","Storm+1","Defragment+1","Buffer+1","Chaos+1","Barrage+1","Self Repair+1","White Noise+1","Glacier+1","Heatsinks+1","Creative AI","Creative AI","Self Repair","Defragment+1","Capacitor"],"relics":["Pandora\u0027s Box","CultistMask","Bag of Preparation","Orichalcum","Boot","Astrolabe","Nloth\u0027s Gift","Oddly Smooth Stone","Mummified Hand","Black Star","Pen Nib","Bag of Marbles","Molten Egg 2","Strawberry","Gremlin Horn"],"acts_visited":["Exordium","TheCity","TheBeyond"],"potions_floor_usage":[22,27,46,50,50],"damage_taken":[{"damage":0,"enemies":"Small Slimes","floor":1,"turns":3},{"damage":1,"enemies":"Cultist","floor":2,"turns":3},{"damage":10,"enemies":"Jaw Worm","floor":4,"turns":2},{"damage":13,"enemies":"3 Louse","floor":5,"turns":3},{"damage":6,"enemies":"2 Fungi Beasts","floor":11,"turns":3},{"damage":0,"enemies":"Slime Boss","floor":16,"turns":4},{"damage":5,"enemies":"Spheric Guardian","floor":18,"turns":3},{"damage":16,"enemies":"2 Thieves","floor":20,"turns":2},{"damage":34,"enemies":"Snake Plant","floor":21,"turns":4},{"damage":6,"enemies":"Cultist and Chosen","floor":22,"turns":3},{"damage":8,"enemies":"Centurion and Healer","floor":24,"turns":3},{"damage":8,"enemies":"Snecko","floor":27,"turns":3},{"damage":6,"enemies":"Cultist and Chosen","floor":29,"turns":2},{"damage":14,"enemies":"Centurion and Healer","floor":31,"turns":2},{"damage":0,"enemies":"Collector","floor":33,"turns":5},{"damage":0,"enemies":"3 Darklings","floor":35,"turns":2},{"damage":24,"enemies":"3 Shapes","floor":36,"turns":2},{"damage":0,"enemies":"Sphere and 2 Shapes","floor":37,"turns":1},{"damage":0,"enemies":"Maw","floor":41,"turns":3},{"damage":0,"enemies":"Nemesis","floor":42,"turns":3},{"damage":0,"enemies":"Spire Growth","floor":44,"turns":2},{"damage":24,"enemies":"Reptomancer","floor":46,"turns":3},{"damage":0,"enemies":"4 Shapes","floor":48,"turns":1},{"damage":85,"enemies":"Donu and Deca","floor":50,"turns":10}],"seed_played":"3135781591035990064","potions_obtained":[{"floor":16,"key":"BlessingOfTheForge"},{"floor":20,"key":"AttackPotion"},{"floor":27,"key":"FocusPotion"},{"floor":29,"key":"PowerPotion"},{"floor":31,"key":"SpeedPotion"},{"floor":33,"key":"LiquidMemories"},{"floor":44,"key":"Regen Potion"}],"is_trial":false,"path_per_floor":["M","M","?","M","M","R","$","T","T","$","M","?","?","$","R","B",null,"M","?","M","M","M","R","M","R","T","M","$","M","$","M","R","B",null,"M","M","M","$","?","R","M","E","T","M","$","E","R","M","R","B"],"character_chosen":"DEFECT","items_purchased":["Defragment","Mummified Hand","Defragment","Capacitor"],"campfire_rested":1,"item_purchase_floors":[7,28,38,45],"current_hp_per_floor":[75,74,74,64,51,51,51,51,51,51,45,45,34,34,56,56,75,75,75,59,25,29,29,31,31,31,33,33,37,37,33,33,43,75,75,58,65,65,65,65,75,75,75,75,75,75,75,82,82,0,0],"gold":52,"neow_bonus":"BOSS_RELIC","is_daily":false,"chose_seed":false,"campfire_upgraded":7,"win_rate":0.0,"timestamp":1610698852,"path_taken":["M","M","?","?","M","R","?","?","T","$","M","?","?","$","R","BOSS","M","?","?","M","M","R","M","R","T","M","$","M","?","M","R","BOSS","M","M","M","$","?","R","M","E","T","M","$","E","R","M","R","BOSS"],"items_purchased_type":["Card","Relic","Card","Card"],"build_version":"2020-12-22","purchased_purges":3,"victory":false,"max_hp_per_floor":[75,75,75,75,75,75,75,75,75,75,75,75,75,75,75,75,75,75,75,75,75,75,75,75,75,75,75,75,75,75,75,75,75,75,75,75,75,75,75,75,75,75,75,75,75,82,82,82,82,82,82],"card_choices":[{"not_picked":["Conserve Battery","Steam Power"],"picked":"Loop","floor":1},{"not_picked":["Rebound","Conserve Battery"],"picked":"White Noise","floor":2},{"not_picked":["Coolheaded","Reboot"],"picked":"Leap","floor":4},{"not_picked":["Redo","Consume"],"picked":"Storm","floor":5},{"not_picked":["Beam Cell","Self Repair","Auto Shields"],"picked":"SKIP","floor":11},{"not_picked":["Electrodynamics","Biased Cognition"],"picked":"Buffer","floor":16},{"not_picked":["Fusion","Go for the Eyes","Auto Shields"],"picked":"SKIP","floor":18},{"not_picked":["Aggregate","Gash"],"picked":"White Noise","floor":20},{"not_picked":["Gash","Skim","Sweeping Beam"],"picked":"SKIP","floor":21},{"not_picked":["Cold Snap","Genetic Algorithm"],"picked":"Glacier+1","floor":22},{"not_picked":["Coolheaded","Darkness"],"picked":"Heatsinks","floor":24},{"not_picked":["Beam Cell","Go for the Eyes+1","Blizzard"],"picked":"SKIP","floor":27},{"not_picked":["Loop","Aggregate","Hologram+1"],"picked":"SKIP","floor":29},{"not_picked":["Conserve Battery","Self Repair"],"picked":"Creative AI","floor":31},{"not_picked":["All For One","Machine Learning"],"picked":"Creative AI","floor":33},{"not_picked":["Double Energy+1","Turbo"],"picked":"Self Repair","floor":35},{"not_picked":["Leap","Stack+1","Rip and Tear+1"],"picked":"SKIP","floor":36},{"not_picked":["Melter","Coolheaded","Gash"],"picked":"SKIP","floor":37},{"not_picked":["Barrage","Turbo","Redo+1"],"picked":"SKIP","floor":41},{"not_picked":["Fusion","Scrape","Streamline+1"],"picked":"SKIP","floor":42},{"not_picked":["Hello World","Meteor Strike+1","Melter+1"],"picked":"SKIP","floor":44},{"not_picked":["Coolheaded+1","Hologram+1","Stack"],"picked":"SKIP","floor":46},{"not_picked":["Coolheaded","Go for the Eyes+1","Aggregate"],"picked":"SKIP","floor":48}],"player_experience":216165,"relics_obtained":[{"floor":8,"key":"Bag of Preparation"},{"floor":9,"key":"Orichalcum"},{"floor":26,"key":"Oddly Smooth Stone"},{"floor":42,"key":"Pen Nib"},{"floor":42,"key":"Bag of Marbles"},{"floor":43,"key":"Molten Egg 2"},{"floor":46,"key":"Strawberry"},{"floor":46,"key":"Gremlin Horn"}],"event_choices":[{"damage_healed":0,"gold_gain":0,"player_choice":"Trade","damage_taken":0,"relics_obtained":["CultistMask"],"max_hp_gain":0,"max_hp_loss":0,"event_name":"FaceTrader","floor":3,"gold_loss":0},{"damage_healed":0,"gold_gain":0,"player_choice":"Searched \u00271\u0027 times","damage_taken":0,"relics_obtained":["Boot"],"max_hp_gain":0,"max_hp_loss":0,"event_name":"Dead Adventurer","floor":12,"gold_loss":0},{"damage_healed":0,"gold_gain":75,"player_choice":"Gather Gold","damage_taken":11,"max_hp_gain":0,"max_hp_loss":0,"event_name":"World of Goop","floor":13,"gold_loss":0},{"damage_healed":0,"gold_gain":0,"player_choice":"Traded Relic","damage_taken":0,"relics_obtained":["Nloth\u0027s Gift"],"max_hp_gain":0,"max_hp_loss":0,"event_name":"N\u0027loth","floor":19,"relics_lost":["REME:ComplimentaryCards"],"gold_loss":0},{"damage_healed":0,"gold_gain":0,"player_choice":"Forge","damage_taken":0,"max_hp_gain":0,"max_hp_loss":0,"event_name":"Accursed Blacksmith","floor":39,"gold_loss":0,"cards_upgraded":["Buffer"]}],"is_beta":false,"boss_relics":[{"not_picked":["Coffee Dripper","SacredBark"],"picked":"Astrolabe"},{"not_picked":["Calling Bell","Sozu"],"picked":"Black Star"}],"items_purged_floors":[7,14,38],"is_endless":false,"potions_floor_spawned":[16,20,27,29,31,33,37,41,44],"killed_by":"Donu and Deca","ascension_level":2}}