{"host":"r9o2ao9489xj0j9f","time":1610684440,"event":{"mods":["AchievementEnabler","BaseMod","Minty Spire (QoL Compilation)","StSLib"],"gold_per_floor":[114,129,129,304,304,304,319,349,349,349,364,364,379,394,394,494,494,509,524,24,24,24,24,24,54,54,84,99,99,99],"floor_reached":29,"language":"ENG","playtime":1852,"items_purged":[],"score":338,"play_id":"eb533e58-4984-4863-a9ce-b1a72b7ed74a","local_time":"20210114232040","daily_mods":["Shiny","Blue Cards","Elite Swarm"],"is_ascension_mode":false,"campfire_choices":[{"floor":6,"key":"REST"},{"floor":10,"key":"REST"},{"floor":12,"key":"REST"},{"floor":15,"key":"REST"},{"data":"Hyperbeam","floor":23,"key":"SMITH"}],"circlet_count":0,"master_deck":["Multi-Cast","Hyperbeam+1","Thunder Strike","Biased Cognition","Machine Learning+1","Electrodynamics","Buffer","Rainbow","Seek","Meteor Strike","Echo Form","All For One","Reboot","Amplify","Creative AI","Fission","Core Surge","Judgement","ConjureBlade","MasterReality+1","Brilliance","Devotion","Blasphemy","Ragnarok","LessonLearned","Scrawl","Vault","Alpha","Wish","Omniscience","Establishment","SpiritShield","DevaForm","DeusExMachina","Consecrate","Recycle","Doubt","Crescendo","Devotion+1","FlyingSleeves","Auto Shields+1","EmptyFist","Omniscience+1","Turbo+1","Swivel+1","Bite","Bite","Bite","Bite","Bite","Wish+1","Echo Form","ClearTheMind+1"],"relics":["PureWater","PreservedInsect","Pear","Toxic Egg 2","Letter Opener","Pen Nib","Bag of Preparation","Toy Ornithopter","Pantograph"],"acts_visited":["Exordium","TheCity"],"potions_floor_usage":[8,13,16,20,27,27,27,29],"damage_taken":[{"damage":16,"enemies":"Cultist","floor":1,"turns":6},{"damage":11,"enemies":"Jaw Worm","floor":2,"turns":2},{"damage":10,"enemies":"Small Slimes","floor":7,"turns":2},{"damage":26,"enemies":"Gremlin Nob","floor":8,"turns":4},{"damage":9,"enemies":"Exordium Wildlife","floor":11,"turns":4},{"damage":45,"enemies":"Lots of Slimes","floor":13,"turns":4},{"damage":0,"enemies":"Exordium Thugs","floor":14,"turns":2},{"damage":47,"enemies":"Hexaghost","floor":16,"turns":5},{"damage":10,"enemies":"2 Thieves","floor":18,"turns":2},{"damage":18,"enemies":"Shell Parasite","floor":19,"turns":3},{"damage":41,"enemies":"Gremlin Leader","floor":25,"turns":5},{"damage":27,"enemies":"Slavers","floor":27,"turns":4},{"damage":0,"enemies":"Snake Plant","floor":28,"turns":1},{"damage":14,"enemies":"Gremlin Leader","floor":29,"turns":1}],"seed_played":"5830580211590973081","potions_obtained":[{"floor":7,"key":"BottledMiracle"},{"floor":8,"key":"Swift Potion"},{"floor":13,"key":"GamblersBrew"},{"floor":16,"key":"SteroidPotion"},{"floor":18,"key":"Ancient Potion"},{"floor":25,"key":"LiquidMemories"},{"floor":28,"key":"EssenceOfSteel"}],"is_trial":false,"path_per_floor":["M","M","?","?","?","R","M","E","T","R","M","R","M","M","R","B",null,"M","M","$","?","$","R","?","E","T","E","M","E"],"character_chosen":"WATCHER","items_purchased":["Letter Opener","Pen Nib","Fruit Juice"],"campfire_rested":4,"item_purchase_floors":[20,20,20],"current_hp_per_floor":[56,45,38,38,43,66,56,40,40,66,57,83,38,38,64,17,87,77,59,64,64,64,64,53,16,16,6,6,0,0],"gold":99,"neow_bonus":"","is_daily":true,"chose_seed":false,"campfire_upgraded":1,"win_rate":0.0,"timestamp":1610684440,"path_taken":["M","M","?","?","?","R","?","E","T","R","M","R","M","?","R","BOSS","M","M","$","?","$","R","?","E","T","E","M","E"],"items_purchased_type":["Relic","Relic","Potion"],"build_version":"2020-12-22","purchased_purges":0,"victory":false,"max_hp_per_floor":[72,72,72,72,77,77,77,87,87,87,87,87,87,87,87,87,87,87,87,92,64,64,64,69,69,69,69,69,69,69],"card_choices":[{"not_picked":["Double Energy","Static Discharge"],"picked":"Consecrate","floor":1},{"not_picked":["Barrage","Capacitor"],"picked":"Recycle","floor":2},{"not_picked":["CrushJoints","WreathOfFlame"],"picked":"Crescendo","floor":7},{"not_picked":["DevaForm","SpiritShield"],"picked":"Devotion","floor":8},{"not_picked":["Sweeping Beam","Sanctity+1"],"picked":"FlyingSleeves","floor":11},{"not_picked":["Leap+1","Stack+1"],"picked":"Auto Shields+1","floor":13},{"not_picked":["Halt+1","Stack+1"],"picked":"EmptyFist","floor":14},{"not_picked":["Wish+1","Multi-Cast+1"],"picked":"Omniscience+1","floor":16},{"not_picked":["Reinforced Body+1","SignatureMove+1"],"picked":"Turbo+1","floor":18},{"not_picked":["Wireheading","Barrage"],"picked":"Swivel+1","floor":19},{"not_picked":["DevaForm","Thunder Strike"],"picked":"Wish+1","floor":25},{"not_picked":["Biased Cognition","SpiritShield+1"],"picked":"Echo Form","floor":27},{"not_picked":["Doom and Gloom","Sweeping Beam"],"picked":"ClearTheMind+1","floor":28}],"player_experience":132272,"relics_obtained":[{"floor":8,"key":"Pear"},{"floor":9,"key":"Toxic Egg 2"},{"floor":25,"key":"Bag of Preparation"},{"floor":26,"key":"Toy Ornithopter"},{"floor":27,"key":"Pantograph"}],"event_choices":[{"damage_healed":0,"gold_gain":0,"player_choice":"Success","damage_taken":7,"relics_obtained":["PreservedInsect"],"max_hp_gain":0,"max_hp_loss":0,"event_name":"Scrap Ooze","floor":3,"gold_loss":0},{"damage_healed":0,"gold_gain":175,"player_choice":"AGREE","damage_taken":0,"max_hp_gain":0,"max_hp_loss":0,"event_name":"Liars Game","floor":4,"gold_loss":0,"cards_obtained":["Doubt"]},{"damage_healed":0,"gold_gain":0,"player_choice":"Donut","damage_taken":0,"max_hp_gain":5,"max_hp_loss":0,"event_name":"Big Fish","floor":5,"gold_loss":0},{"damage_healed":0,"gold_gain":0,"player_choice":"Became a vampire","damage_taken":0,"max_hp_gain":0,"max_hp_loss":28,"event_name":"Vampires","floor":21,"gold_loss":0,"cards_obtained":["Bite","Bite","Bite","Bite","Bite"]},{"damage_healed":0,"gold_gain":0,"player_choice":"Shed Blood","damage_taken":16,"max_hp_gain":5,"max_hp_loss":0,"event_name":"Forgotten Altar","floor":24,"gold_loss":0}],"is_beta":false,"boss_relics":[{"not_picked":["Cursed Key","Sozu","Coffee Dripper"]}],"items_purged_floors":[],"is_endless":false,"potions_floor_spawned":[7,8,13,16,18,25,28],"killed_by":"Gremlin Leader","ascension_level":0}}