{"host":"a3oe3gstxz77c7qu","time":1610739320,"event":{"mods":["2.2 Compatiblity","Act Like it!","Astrologer","BaseMod","Bestiary","Better Altar","Better Match","Better Note","Better Skull","Better Third Choice","Block Reminder","Curses Come First","Custom Start","Dark Map","Downfall","Fox Events","Friendly Minions","GifTheSpireLib","Hallownest","Hermit","Jorbs\u0027s Wanderer Trilogy","Lobotomy","LobotomyExtend","Marisa????????","Minty Spire (QoL Compilation)","Permanent Neow","Quick Restart","Relic Stats","Replay The Spire","StSLib","The Bug Knight","The Cursed","The Disciple","The Jungle","Uncapped","Unknown Chances","Wandering Minibosses"],"gold_per_floor":[115,130,130,141,141,175,175,187,187,220,220,220,220,48,48,119,119,138,138,138,152,152,185,201,76,76,106,117,72,86,182,182,310,310,352,227,247,97,109,191,191,266,266,325,380,380,380,380,380,9,9,9],"floor_reached":53,"language":"ENG","playtime":3851,"items_purged":[],"score":1961,"play_id":"724bd267-6769-4c3b-8b6c-b6d4ee760a1a","local_time":"20210115193520","is_ascension_mode":true,"campfire_choices":[{"data":"Neutralize","floor":7.0,"key":"SMITH"},{"data":"Blade Dance","floor":11.0,"key":"SMITH"},{"data":"Blade Dance","floor":13.0,"key":"SMITH"},{"floor":15.0,"key":"RECALL"},{"data":"1","floor":41,"key":"LIFT"},{"data":"2","floor":47,"key":"LIFT"},{"data":"3","floor":49,"key":"LIFT"}],"circlet_count":0,"master_deck":["AscendersBane","Strike_G","Strike_G","Strike_G","Strike_G","Strike_G","Survivor","Neutralize+1","Blade Dance+1","GreedKing","Blur","Hallownest:skillSlugHide+1","Hallownest:skillSlugHide","Hallownest:skillSlugHide","Hallownest:skillSlugHide","Hallownest:skillSlugHide","Blur","Blade Dance+1","Burst","Dagger Spray","Leg Sweep+1","QueenOfHatred","SnowQueen","Master of Strategy+1","ReplayTheSpireMod:Shiv Toss","Infinite Blades","Footwork+1","expansioncontent:Flail","Terror","Cloak And Dagger+1","Freischutz"],"relics":["Ring of the Serpent","CogitoBucket","RabbitCall","LetterFromLob","Hallownest:DreamNailRelic","Pondfish Scales","Prayer Wheel","Replay:Towering Pillar of Hats","ClockworkSouvenir","HellTrain","Vajra","Art of War","Hallownest:WatcherSealRelic","Orichalcum","The Courier","Vampiric Spirits","ChangeAnything","Cursed Key","AtMidnight","LuminousBracelet","Hallownest:SoulVesselRelic","Girya","Onion Ring","Blood Vial","Hallownest:BeastSealRelic"],"acts_visited":["Exordium","TheCity","TheCity","Hallownest:CityofTears"],"potions_floor_usage":[37,50],"damage_taken":[{"damage":0.0,"enemies":"Hallownest:2_MossCreeps","floor":1.0,"turns":8.0},{"damage":8.0,"enemies":"Hallownest:2_Tiktiks_and_1_Crawlid","floor":2.0,"turns":8.0},{"damage":0.0,"enemies":"Hallownest:2_Baldur","floor":4.0,"turns":4.0},{"damage":11.0,"enemies":"Hallownest:eliteMossKnight","floor":6.0,"turns":9.0},{"damage":0.0,"enemies":"Hallownest:monsterFoolEater","floor":8.0,"turns":6.0},{"damage":10.0,"enemies":"Hallownest:eliteVengeflyKing","floor":10.0,"turns":8.0},{"damage":18.0,"enemies":"Hallownest:BossHornet","floor":16.0,"turns":10.0},{"damage":0.0,"enemies":"Hallownest:Flukemon_and_Top","floor":18.0,"turns":5.0},{"damage":0.0,"enemies":"Hallownest:2_Mistakes","floor":21.0,"turns":4.0},{"damage":11.0,"enemies":"Hallownest:eliteWatcherKnight","floor":23.0,"turns":10.0},{"damage":0.0,"enemies":"Hallownest:Warrior_and_Youth","floor":24.0,"turns":3.0},{"damage":0.0,"enemies":"Hallownest:Nosk","floor":27.0,"turns":4.0},{"damage":10.0,"enemies":"Hallownest:2_Husk_Sentries","floor":28.0,"turns":6.0},{"damage":0.0,"enemies":"Hallownest:monsterMisterMushroom","floor":30.0,"turns":3.0},{"damage":20.0,"enemies":"Hallownest:3_Mistakes","floor":31.0,"turns":9.0},{"damage":37.0,"enemies":"Hallownest:BossMantisLord","floor":33.0,"turns":6.0},{"damage":3.0,"enemies":"Hallownest:Shield_Heavy","floor":35.0,"turns":4.0},{"damage":9,"enemies":"Hallownest:2_Littles","floor":37,"turns":5},{"damage":0,"enemies":"Hallownest:monsterPrimalAspid","floor":39,"turns":3},{"damage":34,"enemies":"Hallownest:StalkingDevout","floor":40,"turns":5},{"damage":21,"enemies":"Hallownest:eliteHiveKnight","floor":42,"turns":5},{"damage":4,"enemies":"Hallownest:Slobbering_and_Violent","floor":44,"turns":5},{"damage":2,"enemies":"Hallownest:eliteCollector","floor":45,"turns":3},{"damage":27,"enemies":"Hallownest:Radiance","floor":50,"turns":3},{"damage":41,"enemies":"Hallownest:BossGreyPrinceZote","floor":51,"turns":5}],"seed_played":"-8214837849667704875","potions_obtained":[{"floor":2.0,"key":"Flashbang"},{"floor":8.0,"key":"SkillPotion"},{"floor":16.0,"key":"Block Potion"},{"floor":23.0,"key":"Ancient Potion"},{"floor":28.0,"key":"Swift Potion"},{"floor":33.0,"key":"FearPotion"},{"floor":37,"key":"Fire Potion"},{"floor":44,"key":"Energy Potion"}],"is_trial":false,"path_per_floor":["M","M","?","M","?","E","R","M","T","?","R","E","R","$","R","B",null,"M","?","?","M","?","E","M","?","T","E","M","?","M","M","R","B",null,"M","?","M","?","M","E","R","E","T","M","E","?","R","?","R","B","B",null,null],"character_chosen":"THE_SILENT","items_purchased":["ClockworkSouvenir"],"campfire_rested":0,"item_purchase_floors":[14],"current_hp_per_floor":[59,51,51,51,51,40,40,40,40,30,30,46,46,46,46,28,64,64,66,33,33,33,43,49,49,49,55,45,51,65,45,66,35,63,70,70,78,78,79,64,64,57,57,71,83,83,83,83,83,62,65,65],"gold":9,"neow_bonus":"","is_daily":false,"chose_seed":false,"campfire_upgraded":3,"win_rate":0.0,"timestamp":1610739320,"path_taken":["M","M","?","?","?","E","R","M","T","?","R","E","R","?","R","BOSS","M","?","?","?","?","E","M","?","T","E","M","?","?","M","R","BOSS","M","?","M","?","?","E","R","E","T","M","E","?","R","?","R","BOSS","BOSS"],"items_purchased_type":["Relic"],"build_version":"2020-12-22","purchased_purges":0,"victory":true,"max_hp_per_floor":[66,66,66,66,66,66,66,66,66,66,66,66,66,66,66,66,66,66,66,66,66,66,66,66,66,66,66,66,72,72,72,72,72,72,72,72,87,87,87,87,87,87,87,87,87,87,87,87,87,87,87,87],"relic_stats":{"Blood Vial":4,"counters":[28,144],"Prayer Wheel":11,"Art of War":[9],"Orichalcum":[12],"Cursed Key":0,"obtain_stats":[{"RabbitCall":0,"Vampiric Spirits":27,"Vajra":20,"LuminousBracelet":37,"Hallownest:DreamNailRelic":3,"Cursed Key":34,"ClockworkSouvenir":14,"Blood Vial":45,"CogitoBucket":0,"Prayer Wheel":9,"Ring of the Snake":0,"Hallownest:BeastSealRelic":48,"Girya":40,"Replay:Towering Pillar of Hats":10,"Hallownest:SoulVesselRelic":38,"The Courier":26,"Orichalcum":23,"Pondfish Scales":6,"Hallownest:WatcherSealRelic":22,"AtMidnight":37,"Onion Ring":42,"LetterFromLob":1,"Art of War":20,"HellTrain":18,"ChangeAnything":28,"Ring of the Serpent":17},{"RabbitCall":0,"Vampiric Spirits":13,"Vajra":9,"LuminousBracelet":21,"Hallownest:DreamNailRelic":2,"Cursed Key":18,"ClockworkSouvenir":6,"Blood Vial":26,"CogitoBucket":0,"Prayer Wheel":5,"Ring of the Snake":0,"Hallownest:BeastSealRelic":26,"Girya":23,"Replay:Towering Pillar of Hats":6,"Hallownest:SoulVesselRelic":21,"The Courier":12,"Orichalcum":11,"Pondfish Scales":4,"Hallownest:WatcherSealRelic":10,"AtMidnight":21,"Onion Ring":24,"LetterFromLob":1,"Art of War":9,"HellTrain":9,"ChangeAnything":15,"Ring of the Serpent":7},{"RabbitCall":0,"Vampiric Spirits":80,"Vajra":59,"LuminousBracelet":115,"Hallownest:DreamNailRelic":16,"Cursed Key":105,"ClockworkSouvenir":43,"Blood Vial":136,"CogitoBucket":0,"Prayer Wheel":35,"Ring of the Snake":0,"Hallownest:BeastSealRelic":136,"Girya":123,"Replay:Towering Pillar of Hats":43,"Hallownest:SoulVesselRelic":115,"The Courier":76,"Orichalcum":73,"Pondfish Scales":29,"Hallownest:WatcherSealRelic":63,"AtMidnight":115,"Onion Ring":128,"LetterFromLob":8,"Art of War":59,"HellTrain":59,"ChangeAnything":87,"Ring of the Serpent":53}]},"card_choices":[{"not_picked":["Eviscerate","PiercingWail"],"picked":"Blade Dance","floor":1.0},{"not_picked":["PunishingBird","SpiderBud"],"picked":"GreedKing","floor":1.0},{"not_picked":["DreamingCurrent","WhitesApple","FieryBird"],"picked":"Singing Bowl","floor":2.0},{"not_picked":["Concentrate","Bane","Expertise"],"picked":"SKIP","floor":2.0},{"not_picked":["Acrobatics","Flying Knee"],"picked":"Blur","floor":4.0},{"not_picked":["ShyLook","MHz","LongBird"],"picked":"Singing Bowl","floor":4.0},{"not_picked":["Underhanded Strike","Dodge and Roll"],"picked":"Blur","floor":6.0},{"not_picked":["LaLuna","Porccubus","CrumblingArmor"],"picked":"Singing Bowl","floor":6.0},{"not_picked":["CrumblingArmor","HappyTeddy","SnowQueen"],"picked":"Singing Bowl","floor":8.0},{"not_picked":["Outmaneuver","Deflect","Flying Knee"],"picked":"SKIP","floor":8.0},{"not_picked":["Prepared","Dagger Throw"],"picked":"Blade Dance","floor":10.0},{"not_picked":["OSAHOGD","HeroicMonk","Bloodbath"],"picked":"Singing Bowl","floor":10.0},{"not_picked":["Night Terror","Wraith Form v2"],"picked":"Burst","floor":16.0},{"not_picked":["Laetitia","BeautyBeast","DreamingCurrent"],"picked":"Singing Bowl","floor":16.0},{"not_picked":["Acrobatics","Backstab"],"picked":"Dagger Spray","floor":18.0},{"not_picked":["SpiderBud","VoidDream","CENSORED"],"picked":"Singing Bowl","floor":18.0},{"not_picked":["Noxious Fumes","Deadly Poison","Slice"],"picked":"SKIP","floor":18.0},{"not_picked":["Slice","Bane"],"picked":"Leg Sweep+1","floor":21.0},{"not_picked":["MeatLantern","CherryBlossoms","ShyLook"],"picked":"Singing Bowl","floor":21.0},{"not_picked":["PunishingBird","CherryBlossoms"],"picked":"QueenOfHatred","floor":21.0},{"not_picked":["Predator","Prepared","Dodge and Roll"],"picked":"SKIP","floor":21.0},{"not_picked":["Funeral","Mercenary"],"picked":"SnowQueen","floor":23.0},{"not_picked":["Sucker Punch+1","Dodge and Roll","Deadly Poison"],"picked":"SKIP","floor":23.0},{"not_picked":["LittlePrince","Yin","Murderer"],"picked":"Singing Bowl","floor":24.0},{"not_picked":["Tactician","Reflex","Setup"],"picked":"SKIP","floor":24.0},{"not_picked":["Escape Plan","Underhanded Strike","Backflip"],"picked":"SKIP","floor":24.0},{"not_picked":["Midas Touch+1","ReplayTheSpireMod:Brewmster+1"],"picked":"Master of Strategy+1","floor":25.0},{"not_picked":["Mercenary","FieryBird","NothingThere"],"picked":"Singing Bowl","floor":27.0},{"not_picked":["Choke","Hidden Blade+1","ReplayTheSpireMod:The Works"],"picked":"SKIP","floor":27.0},{"not_picked":["Bane","ReplayTheSpireMod:Scrap Shanks"],"picked":"ReplayTheSpireMod:Shiv Toss","floor":28.0},{"not_picked":["Bloodbath","ShyLook","Mercenary"],"picked":"Singing Bowl","floor":28.0},{"not_picked":["Cloak And Dagger","Flying Knee","Deadly Poison+1"],"picked":"SKIP","floor":28.0},{"not_picked":["Bane+1","Draining Mist+1"],"picked":"Infinite Blades","floor":30.0},{"not_picked":["ShyLook","FieryBird","Scorched"],"picked":"Singing Bowl","floor":30.0},{"not_picked":["Dodge and Roll","Backflip","Hidden Blade"],"picked":"SKIP","floor":30.0},{"not_picked":["HeroicMonk","BigBadWolf","MHz"],"picked":"Singing Bowl","floor":31.0},{"not_picked":["Replay:Poison Smokescreen+1","Backflip","Sucker Punch+1"],"picked":"SKIP","floor":31.0},{"not_picked":["Cloak And Dagger","Backflip+1","Blade Dance"],"picked":"SKIP","floor":31.0},{"not_picked":["LaLuna","OSAHOGD","Freischutz"],"picked":"Singing Bowl","floor":33.0},{"not_picked":["ReplayTheSpireMod:Exploit Weakness+1","Prepared"],"picked":"Footwork+1","floor":35},{"not_picked":["Footwork","Sucker Punch","Acrobatics"],"picked":"SKIP","floor":35},{"not_picked":["Trip","expansioncontent:PolyBeam"],"picked":"expansioncontent:Flail","floor":36},{"not_picked":["Bloodbath","Alriune","OSAHOGD"],"picked":"Singing Bowl","floor":37},{"not_picked":["Skewer","Sneak Up+1"],"picked":"Terror","floor":37},{"not_picked":["Backflip","Cloak And Dagger","Deadly Poison+1"],"picked":"SKIP","floor":37},{"not_picked":["Deflect","Riddle With Holes"],"picked":"Cloak And Dagger+1","floor":39},{"not_picked":["PunishingBird","BodiesMountain","Yin"],"picked":"Singing Bowl","floor":39},{"not_picked":["Sucker Punch+1","Dagger Throw","Acrobatics"],"picked":"SKIP","floor":39},{"not_picked":["Porccubus","LaLuna","MeltingLove"],"picked":"Singing Bowl","floor":40},{"not_picked":["Dodge and Roll","Escape Plan","Dagger Throw"],"picked":"SKIP","floor":40},{"not_picked":["BodiesMountain","CENSORED","SingingMachine"],"picked":"Singing Bowl","floor":42},{"not_picked":["Well Laid Plans+1","Quick Slash","Flying Knee+1"],"picked":"SKIP","floor":42},{"not_picked":["QueenBee","Laetitia","SilentOrchestra"],"picked":"Singing Bowl","floor":44},{"not_picked":["Calculated Gamble","Skewer","Acrobatics"],"picked":"SKIP","floor":44},{"not_picked":["Blade Dance","Cloak And Dagger","Dagger Spray"],"picked":"SKIP","floor":44},{"not_picked":["GalaxyChild","Porccubus","CrumblingArmor"],"picked":"Singing Bowl","floor":45},{"not_picked":["Bloodbath","LongBird"],"picked":"Freischutz","floor":45},{"not_picked":["Terror","Deadly Poison","Dagger Throw"],"picked":"SKIP","floor":45}],"player_experience":1030937,"relics_obtained":[{"floor":1.0,"key":"LetterFromLob"},{"floor":6.0,"key":"Pondfish Scales"},{"floor":9.0,"key":"Prayer Wheel"},{"floor":10.0,"key":"Replay:Towering Pillar of Hats"},{"floor":23.0,"key":"Orichalcum"},{"floor":26.0,"key":"The Courier"},{"floor":27.0,"key":"Vampiric Spirits"},{"floor":37,"key":"AtMidnight"},{"floor":40,"key":"Girya"},{"floor":42,"key":"Onion Ring"},{"floor":45,"key":"Blood Vial"}],"event_choices":[{"damage_healed":0.0,"max_hp_gain":0.0,"max_hp_loss":0.0,"gold_gain":0.0,"event_name":"betterSkull:BetterSkull","player_choice":"RE RE ","floor":20.0,"gold_loss":0.0,"damage_taken":37.0,"cards_upgraded":[],"relics_obtained":["Vajra","Art of War"]},{"damage_healed":0.0,"max_hp_gain":0.0,"max_hp_loss":0.0,"gold_gain":0.0,"event_name":"betterMatch:BetterMatch","player_choice":"2","floor":25.0,"gold_loss":0.0,"damage_taken":0.0,"cards_obtained":["betterMatch:ColorlessRareCard"]},{"damage_healed":0,"gold_gain":0,"player_choice":"1","damage_taken":0,"max_hp_gain":0,"max_hp_loss":0,"event_name":"betterMatch:BetterMatch","floor":36,"gold_loss":0,"cards_obtained":["betterMatch:ColorlessUncommonCard","betterMatch:ColorlessUncommonCard","betterMatch:CommonCard"]}],"is_beta":false,"boss_relics":[{"not_picked":["Snecko Heart","Replay:Grab Bag"],"picked":"Ring of the Serpent"},{"not_picked":["ChewingGum","Pandora\u0027s Box"],"picked":"Cursed Key"}],"items_purged_floors":[],"is_endless":false,"potions_floor_spawned":[2,8,16,23,28,31,33,35,37,42,44,45],"ascension_level":20}}