{"host":"bh8a33xhefk4gdoh","time":1610723171,"event":{"mods":["100% Spire Juice","ATMod(阿瑾Mod)","Act Like it!","Alarm Clock","Ascension Reborn","BaseMod","Chinese 32Bit Patch","Colored Powertips","Defuse TimeMaze Blight","Easy Mod","Friendly Minions","Minty Spire (QoL Compilation)","MostiFishMod","Quick Restart","Relic Stats","Remove Card Discount Mod","Shop Mod","Spicy Shops","StSLib","【功能Mod】Neow奖励","【功能Mod】混沌之环修复补丁","【遗物Mod】简单游戏","【遗物卡牌】REMEMod","篝火指南"],"gold_per_floor":[114,189,199,215,227,254,6,36,36,137,169,169,281,324,324,672,72,150,273,398,537,670,884,884,1117,1117,1203,1203,1253,1362,1480,438,863,863,926,1054,1227,352,460,460,486,658,683,1167,503,503,44,302,302,818],"floor_reached":51,"language":"ZHS","playtime":4183,"items_purged":["AT_WindFlip","Doubt","Decay","Moonworks:BigBangBell+1"],"score":914,"play_id":"52f26ac8-b56b-4f8d-af9e-c3cb4af667ff","local_time":"20210115230611","is_ascension_mode":true,"campfire_choices":[{"floor":12.0,"key":"REST"},{"data":"Moonworks:RedAndBlue","floor":15.0,"key":"SMITH"},{"data":"Moonworks:TreasureThief","floor":24.0,"key":"SMITH"},{"data":"Buffer","floor":28.0,"key":"SMITH"},{"data":"MostiFishMod:SephirahHod","floor":40.0,"key":"SMITH"},{"data":"Moonworks:RagingMadness","floor":49.0,"key":"SMITH"}],"circlet_count":0,"master_deck":["Moonworks:Strike","Moonworks:Strike","Moonworks:Strike","Moonworks:Strike","Moonworks:Defend","Moonworks:Defend","Moonworks:Defend","Moonworks:Defend","Moonworks:Ambush","Moonworks:LongDistanceShot","Moonworks:EvilSpyWorkPreparation","Moonworks:LulusLuckyEgg+1","Moonworks:CloudOfSeagulls","Moonworks:Dash+1","Moonworks:ForcedRevival","Moonworks:JonathanRush","Moonworks:LulusLuckyEgg","Moonworks:JonathanRush","Moonworks:RedAndBlue+1","Moonworks:TreasureThief+1","Moonworks:MiracleWalker","Moonworks:JonathanRush+1","Moonworks:DeployBits+1","Buffer+1","Moonworks:JonathanRush","Moonworks:RagingMadness+1","Moonworks:SinkOrSwim+1","MostiFishMod:SephirahHod+1","Moonworks:CloudOfSeagulls"],"relics":["Moonworks:BrokenBomb","Moonworks:Homemark","EasyRelic","REME_ComplimentaryCards","AT_ATBox","DaveBox","Brimstone","SynthV:TestCard","AT_DeathDance","MerchantsRug","Technique","AT_SeraphEmbrace","EasyMod:Easy_6","Odd Mushroom","xbg","Bottled Lightning","Blood Vial","Eternal Feather","EasyMod:Easy_7","BrkXgEgg","InkBottle","Medical Kit","Gremlin Horn","Art of War","MostiFishMod:Hod","Lizard Tail","CombinedTypeHook","DaCapo","Ice Cream","Boot","AT_RabadonDeathcap","Lantern","Omamori","Akabeko","AT_BellDemon","Bronze Scales","Orichalcum"],"acts_visited":["Exordium","TheCity","TheBeyond"],"potions_floor_usage":[50],"damage_taken":[{"damage":0.0,"enemies":"Small Slimes","floor":1.0,"turns":2.0},{"damage":1.0,"enemies":"Cultist","floor":3.0,"turns":3.0},{"damage":5.0,"enemies":"Jaw Worm","floor":4.0,"turns":3.0},{"damage":6.0,"enemies":"Gremlin Gang","floor":5.0,"turns":2.0},{"damage":3.0,"enemies":"3 Sentries","floor":6.0,"turns":4.0},{"damage":13.0,"enemies":"Gremlin Nob","floor":8.0,"turns":3.0},{"damage":2.0,"enemies":"The Mushroom Lair","floor":10.0,"turns":4.0},{"damage":9.0,"enemies":"Lots of Slimes","floor":11.0,"turns":4.0},{"damage":0.0,"enemies":"Large Slime","floor":13.0,"turns":3.0},{"damage":2.0,"enemies":"Blue Slaver","floor":14.0,"turns":3.0},{"damage":26.0,"enemies":"Hexaghost","floor":16.0,"turns":6.0},{"damage":0.0,"enemies":"Chosen","floor":18.0,"turns":3.0},{"damage":0.0,"enemies":"3 Byrds","floor":19.0,"turns":3.0},{"damage":2.0,"enemies":"Centurion and Healer","floor":20.0,"turns":3.0},{"damage":0.0,"enemies":"Cultist and Chosen","floor":21.0,"turns":4.0},{"damage":0.0,"enemies":"3 Cultists","floor":22.0,"turns":4.0},{"damage":11.0,"enemies":"Book of Stabbing","floor":23.0,"turns":3.0},{"damage":14.0,"enemies":"REME_1_Revenger","floor":25.0,"turns":4.0},{"damage":0.0,"enemies":"Shelled Parasite and Fungi","floor":27.0,"turns":3.0},{"damage":0.0,"enemies":"Snecko","floor":30.0,"turns":2.0},{"damage":0.0,"enemies":"3 Cultists","floor":31.0,"turns":1.0},{"damage":0.0,"enemies":"Champ","floor":33.0,"turns":5.0},{"damage":0.0,"enemies":"3 Shapes","floor":35.0,"turns":2.0},{"damage":0.0,"enemies":"3 Darklings","floor":36.0,"turns":3.0},{"damage":2.0,"enemies":"4 Shapes","floor":37.0,"turns":3.0},{"damage":0.0,"enemies":"Writhing Mass","floor":39.0,"turns":2.0},{"damage":0.0,"enemies":"Sphere and 2 Shapes","floor":41.0,"turns":2.0},{"damage":0.0,"enemies":"Reptomancer","floor":42.0,"turns":2.0},{"damage":0.0,"enemies":"Transient","floor":44.0,"turns":5.0},{"damage":0.0,"enemies":"Maw","floor":48.0,"turns":3.0},{"damage":69,"enemies":"Awakened One","floor":50,"turns":5}],"seed_played":"2628476117528919057","potions_obtained":[{"floor":1.0,"key":"Dexterity Potion"},{"floor":5.0,"key":"CultistPotion"},{"floor":10.0,"key":"AttackPotion"},{"floor":11.0,"key":"EssenceOfSteel"},{"floor":19.0,"key":"Ancient Potion"},{"floor":31.0,"key":"Fruit Juice"},{"floor":42.0,"key":"DuplicationPotion"}],"is_trial":false,"path_per_floor":["M","?","M","M","M","E","R","E","T","?","M","R","M","M","R","B",null,"M","M","M","M","M","E","R","E","T","M","R","?","M","M","R","B",null,"M","M","M","$","M","R","M","E","T","M","R","?","R","M","R","B",null],"character_chosen":"THE_STARBREAKER","items_purchased":["MerchantsRug","Technique","EasyMod:Easy_7","BrkXgEgg","InkBottle","Medical Kit","Gremlin Horn","Art of War","Moonworks:RagingMadness","Lizard Tail","CombinedTypeHook","DaCapo","AT_RabadonDeathcap","Lantern","Omamori","Akabeko","AT_BellDemon","Bronze Scales","Orichalcum"],"campfire_rested":1,"item_purchase_floors":[7,7,32,32,32,32,32,32,32,38,38,38,45,45,45,45,47,47,47],"current_hp_per_floor":[60,49,48,43,37,34,34,21,21,24,20,38,43,46,46,25,60,60,60,58,60,60,49,49,35,35,42,57,57,59,65,65,65,65,65,65,63,63,65,65,65,65,65,65,65,65,65,65,65,12],"gold":818,"neow_bonus":"REMOVE_CARD","is_daily":false,"chose_seed":false,"campfire_upgraded":5,"win_rate":0.0,"timestamp":1610723171,"path_taken":["M","?","M","M","M","E","R","E","T","?","M","R","M","M","R","BOSS","M","M","M","M","M","E","R","E","T","M","R","?","M","?","R","BOSS","M","M","M","$","M","R","M","E","T","M","R","?","R","M","R","BOSS"],"items_purchased_type":["Relic","Relic","Relic","Relic","Relic","Relic","Relic","Relic","Card","Relic","Relic","Relic","Relic","Relic","Relic","Relic","Relic","Relic","Relic"],"build_version":"2020-12-22","purchased_purges":4,"victory":true,"max_hp_per_floor":[60,60,60,60,60,60,60,60,60,60,60,60,60,60,60,60,60,60,60,60,60,60,60,60,60,60,60,60,60,60,65,65,65,65,65,65,65,65,65,65,65,65,65,65,65,65,65,65,65,65],"relic_stats":{"Blood Vial":7,"Lizard Tail":0,"Gremlin Horn":[14,14],"counters":[31,98],"Bronze Scales":[16],"Eternal Feather":15,"Art of War":[1],"Orichalcum":[6],"Medical Kit":[1],"Boot":[54],"obtain_stats":[{"AT_SeraphEmbrace":25,"Ice Cream":42,"AT_BellDemon":47,"CombinedTypeHook":38,"Lantern":45,"AT_ATBox":0,"DaveBox":0,"Gremlin Horn":32,"AT_ArchangelStaff":8,"Boot":43,"Blood Vial":25,"Lizard Tail":38,"EasyMod:Easy_6":9,"EasyMod:Easy_7":32,"DaCapo":38,"InkBottle":32,"MerchantsRug":7,"MostiFishMod:Hod":34,"AT_RabadonDeathcap":45,"Eternal Feather":26,"BrkXgEgg":32,"Omamori":45,"Odd Mushroom":10,"Orichalcum":47,"Medical Kit":32,"Akabeko":45,"EasyRelic":0,"SynthV:TestCard":1,"Brimstone":0,"Moonworks:Homemark":0,"Bronze Scales":47,"Art of War":32,"Technique":7,"Bottled Lightning":23,"AT_DeathDance":6,"xbg":17,"Moonworks:BrokenBomb":0,"REME_ComplimentaryCards":0},{"AT_SeraphEmbrace":18,"Ice Cream":28,"AT_BellDemon":29,"CombinedTypeHook":25,"Lantern":29,"AT_ATBox":0,"DaveBox":0,"Gremlin Horn":21,"AT_ArchangelStaff":6,"Boot":28,"Blood Vial":18,"Lizard Tail":25,"EasyMod:Easy_6":6,"EasyMod:Easy_7":21,"DaCapo":25,"InkBottle":21,"MerchantsRug":5,"MostiFishMod:Hod":22,"AT_RabadonDeathcap":29,"Eternal Feather":18,"BrkXgEgg":21,"Omamori":29,"Odd Mushroom":7,"Orichalcum":29,"Medical Kit":21,"Akabeko":29,"EasyRelic":0,"SynthV:TestCard":1,"Brimstone":0,"Moonworks:Homemark":0,"Bronze Scales":29,"Art of War":21,"Technique":5,"Bottled Lightning":17,"AT_DeathDance":5,"xbg":11,"Moonworks:BrokenBomb":0,"REME_ComplimentaryCards":0},{"AT_SeraphEmbrace":58,"Ice Cream":85,"AT_BellDemon":90,"CombinedTypeHook":80,"Lantern":90,"AT_ATBox":0,"DaveBox":0,"Gremlin Horn":67,"AT_ArchangelStaff":17,"Boot":85,"Blood Vial":61,"Lizard Tail":80,"EasyMod:Easy_6":17,"EasyMod:Easy_7":67,"DaCapo":80,"InkBottle":67,"MerchantsRug":14,"MostiFishMod:Hod":72,"AT_RabadonDeathcap":90,"Eternal Feather":61,"BrkXgEgg":67,"Omamori":90,"Odd Mushroom":21,"Orichalcum":90,"Medical Kit":67,"Akabeko":90,"EasyRelic":0,"SynthV:TestCard":2,"Brimstone":0,"Moonworks:Homemark":0,"Bronze Scales":90,"Art of War":67,"Technique":14,"Bottled Lightning":57,"AT_DeathDance":14,"xbg":37,"Moonworks:BrokenBomb":0,"REME_ComplimentaryCards":0}],"InkBottle":[30]},"card_choices":[{"not_picked":["Moonworks:CastOff","Moonworks:BigMagnum"],"picked":"Moonworks:EvilSpyWorkPreparation","floor":1.0},{"not_picked":["Moonworks:ImOnFire","Moonworks:ForcedRevival","Moonworks:x16BigRocket","Moonworks:CookingTime"],"picked":"Moonworks:LulusLuckyEgg","floor":3.0},{"not_picked":["Moonworks:UnpaidWork","Moonworks:DeployBits","Moonworks:ImOnFire","Moonworks:NicePresent"],"picked":"Moonworks:CloudOfSeagulls","floor":4.0},{"not_picked":["Moonworks:LuckyCharm","Moonworks:SakisCookie","Moonworks:SelfDestruct","Moonworks:CloudOfSeagulls"],"picked":"Moonworks:Dash","floor":5.0},{"not_picked":["Moonworks:MeltingMemories","Moonworks:EvilSpyWorkPreparation","Moonworks:IndiscriminateFireSupport","Moonworks:BigMagnum"],"picked":"Moonworks:ForcedRevival","floor":6.0},{"not_picked":["Moonworks:ImmovableObject","Moonworks:SakisCookie","Moonworks:ImOnFire","Moonworks:Assault"],"picked":"Moonworks:JonathanRush","floor":8.0},{"not_picked":["Moonworks:IntelligenceOfficer","Moonworks:CloudOfSeagulls","Moonworks:DeployBits","Moonworks:EvilSpyWorkPreparation"],"picked":"Moonworks:LulusLuckyEgg","floor":10.0},{"not_picked":["Moonworks:ReproductionOfRecords","Moonworks:FinalSurgery","Moonworks:ExtendedPhotonRifle","Moonworks:DeployBits"],"picked":"Moonworks:JonathanRush","floor":11.0},{"not_picked":["Moonworks:CookingTime","Moonworks:DeployBits","Moonworks:SelfDestruct","Moonworks:x16BigRocket"],"picked":"Moonworks:RedAndBlue","floor":13.0},{"not_picked":["Moonworks:LulusLuckyEgg","Moonworks:CloudOfSeagulls","Moonworks:NicePresent","Moonworks:SealedMemories"],"picked":"Moonworks:DeployBits","floor":14.0},{"not_picked":["Moonworks:EvilSpyWorkPreparation","Moonworks:CloudOfSeagulls","Moonworks:NicePresent","Moonworks:BigMagnum"],"picked":"Moonworks:TreasureThief","floor":18.0},{"not_picked":["Moonworks:NicePresent","Moonworks:Dash+1","Moonworks:IndiscriminateFireSupport","Moonworks:ReproductionOfRecords"],"picked":"Moonworks:MiracleWalker","floor":19.0},{"not_picked":["Moonworks:BindingChains+1","Moonworks:ForcedRevival","Moonworks:CompletionReward","Moonworks:ImOnFire","Moonworks:Assault"],"picked":"SKIP","floor":20.0},{"not_picked":["Moonworks:BigMagnum","Moonworks:Dinner","Moonworks:CloudOfSeagulls","Moonworks:BeyondHell+1","Moonworks:Assault+1"],"picked":"SKIP","floor":21.0},{"not_picked":["Moonworks:AwakeningOfTalent","Moonworks:ForcedRevival","Moonworks:Bloodlust","Moonworks:StarBlastingFuse"],"picked":"Moonworks:JonathanRush+1","floor":22.0},{"not_picked":["Moonworks:StarBlastingFuse","Moonworks:ImOnFire","Moonworks:Poppoformation","Moonworks:SakisCookie+1"],"picked":"Moonworks:DeployBits+1","floor":23.0},{"not_picked":["Moonworks:IndiscriminateFireSupport","Moonworks:CloudOfSeagulls","Moonworks:BeyondHell","Moonworks:GoAway","Moonworks:UnpaidWork"],"picked":"SKIP","floor":25.0},{"not_picked":["Moonworks:Assault+1","Moonworks:CastOff","Moonworks:BigMagnum","Moonworks:Dash","Moonworks:IndiscriminateFireSupport"],"picked":"SKIP","floor":27.0},{"not_picked":["Moonworks:Assault","Moonworks:EvilSpyWorkPreparation","Moonworks:LulusLuckyEgg","Moonworks:IndiscriminateFireSupport","Moonworks:StarBlastingFuse"],"picked":"SKIP","floor":30.0},{"not_picked":["Moonworks:LulusLuckyEgg","Moonworks:FinalSurgery+1","Moonworks:MixPhenomenon","Moonworks:CastOff"],"picked":"Moonworks:JonathanRush","floor":31.0},{"not_picked":["Moonworks:Blazing+1","Moonworks:ReflectiveShell+1","Moonworks:Wanted+1","Moonworks:GoAway+1"],"picked":"Moonworks:SinkOrSwim+1","floor":33.0},{"not_picked":["Moonworks:IndiscriminateFireSupport+1","Moonworks:ImOnFire+1","Moonworks:FinalSurgery+1","Moonworks:EvilSpyWorkPreparation"],"picked":"Moonworks:CloudOfSeagulls","floor":35.0},{"not_picked":["Moonworks:AwakeningOfTalent+1","Moonworks:Assault+1","Moonworks:SakisCookie+1","Moonworks:AngelHand+1","Moonworks:Dinner"],"picked":"SKIP","floor":36.0},{"not_picked":["Moonworks:Bloodlust","Moonworks:NicePresent","Moonworks:ScrambledEve","Moonworks:SelfDestruct+1","Moonworks:BigMagnum+1"],"picked":"SKIP","floor":37.0},{"not_picked":["Moonworks:ExtendedPhotonRifle","Moonworks:BigMagnum+1","Moonworks:ForcedRevival+1","Moonworks:EvilSpyWorkPreparation+1"],"picked":"Moonworks:BigBangBell+1","floor":39.0},{"not_picked":["Moonworks:DeployBits","Moonworks:SinkOrSwim+1","Moonworks:EvilSpyWorkPreparation+1","Moonworks:JonathanRush+1","Moonworks:ImOnFire+1"],"picked":"SKIP","floor":41.0},{"not_picked":["Moonworks:DevilHand+1","Moonworks:Bloodlust","Moonworks:IntelligenceOfficer+1","Moonworks:UnpaidWork+1","Moonworks:Assault"],"picked":"SKIP","floor":42.0},{"not_picked":["Moonworks:BigMagnum+1","Moonworks:NicePresent+1","Moonworks:UnpaidWork+1","Moonworks:ImOnFire","Moonworks:Dash+1"],"picked":"SKIP","floor":44.0},{"not_picked":["Moonworks:CloudOfSeagulls+1","Moonworks:BigMagnum","Moonworks:FullSpeedAlicianrone","Moonworks:EvilSpyWorkPreparation","Moonworks:SakisCookie+1"],"picked":"SKIP","floor":48.0}],"player_experience":203781,"relics_obtained":[{"floor":1.0,"key":"SynthV:TestCard"},{"floor":6.0,"key":"AT_DeathDance"},{"floor":8.0,"key":"AT_ArchangelStaff"},{"floor":9.0,"key":"EasyMod:Easy_6"},{"floor":10.0,"key":"Odd Mushroom"},{"floor":23.0,"key":"Bottled Lightning"},{"floor":25.0,"key":"Blood Vial"},{"floor":26.0,"key":"Eternal Feather"},{"floor":42.0,"key":"Ice Cream"},{"floor":43.0,"key":"Boot"}],"event_choices":[{"damage_healed":0.0,"max_hp_gain":0.0,"max_hp_loss":0.0,"gold_gain":75.0,"event_name":"World of Goop","player_choice":"Gather Gold","floor":2.0,"gold_loss":0.0,"damage_taken":11.0},{"damage_healed":0.0,"max_hp_gain":0.0,"max_hp_loss":0.0,"gold_gain":0.0,"event_name":"Mushrooms","player_choice":"Fought Mushrooms","floor":10.0,"gold_loss":0.0,"damage_taken":0.0},{"damage_healed":0.0,"max_hp_gain":0.0,"max_hp_loss":0.0,"gold_gain":100.0,"event_name":"The Joust","player_choice":"Bet on Murderer","floor":29.0,"gold_loss":50.0,"damage_taken":0.0},{"cards_removed":["Moonworks:DeployBits"],"damage_healed":0.0,"max_hp_gain":0.0,"max_hp_loss":0.0,"gold_gain":0.0,"event_name":"Falling","player_choice":"Removed Skill","floor":46.0,"gold_loss":0.0,"damage_taken":0.0}],"is_beta":false,"boss_relics":[{"not_picked":["ChiXiaoBlade","Fusion Hammer"],"picked":"xbg"},{"not_picked":["TakeMeEscape","Pandora\u0027s Box"],"picked":"MostiFishMod:Hod"}],"items_purged_floors":[32,32,45,45],"is_endless":false,"potions_floor_spawned":[1,5,10,11,13,18,19,23,30,31,33,42,44,48],"ascension_level":0}}