{"host":"yii5it3292r9xs7s","time":1610717515,"event":{"mods":["ATMod(阿瑾Mod)","Act Like it!","BaseMod","Colored Powertips","Energized Spire","Minty Spire (QoL Compilation)","Pale of the Ancients","Red Circlet Mod","RumiaBox-露米娅的神秘盒子","Spicy Shops","StSLib","The Saiyan","The Servant 0.9.4","Waifu the Spire","noobMod","vexMod","【功能Mod】混沌之环修复补丁","【遗物卡牌】REMEMod","篝火指南"],"gold_per_floor":[89,106,106,121,121,121,135,135,135,164,90,90,103,113,113,216,216,226,276,292,309,320,320,320,320,320,338,356,381,381,413,413,512,512,523,536,588,588,604,629,43,70,97,107,107,107,118,132,132,132,147,157,132,132,132,146,146,146,146,146],"floor_reached":61,"language":"ZHS","playtime":2333,"items_purged":[],"score":1477,"play_id":"9d0f137f-9a26-4e5b-8c5e-6e8589e3434e","local_time":"20210115213155","is_ascension_mode":false,"campfire_choices":[{"floor":6,"key":"RECALL"},{"data":"Saiyan:SuperSaiyanThree","floor":15,"key":"SMITH"},{"floor":23,"key":"REST"},{"data":"Saiyan:SoulSpice","floor":32,"key":"SMITH"},{"data":"Saiyan:SoulSpice","floor":45,"key":"SMITH"},{"data":"Saiyan:UltraInstinct","floor":55,"key":"SMITH"},{"data":"Saiyan:Furor","floor":57,"key":"SMITH"}],"circlet_count":0,"master_deck":["Saiyan:SAIYA_Strike","Saiyan:SAIYA_Strike","Saiyan:SAIYA_Strike","Saiyan:SAIYA_Strike","Saiyan:SAIYA_Defend","Saiyan:SAIYA_Defend","Saiyan:SAIYA_Defend+1","Saiyan:SAIYA_Defend+1","Saiyan:EnergyBlast","Saiyan:KaioKen","Saiyan:RuthlessBlow","AT_FamilyPortrait","Saiyan:UltraInstinct+1","Saiyan:BigBangAttack","Saiyan:AugmentedBlast","Saiyan:PowerStance+1","Saiyan:PowerUp","Saiyan:Makankosappo","Saiyan:SuperSaiyanThree+1","Saiyan:DoubleMasenko","Saiyan:SoulSpice+1","Saiyan:DragonFist","Saiyan:PlotArmor","Saiyan:Afterimage+1","Saiyan:Overexert+1","Saiyan:ExtremeSpeed","Saiyan:MonkeyTail","Saiyan:Teleport+1","Saiyan:SoulSpice+1","Saiyan:Furor+1","Madness","Madness","Saiyan:GenkiDama","Saiyan:ConcussiveBlow+1","Saiyan:WarmUp","Saiyan:Flurry","Saiyan:PlotArmor","Clumsy","Saiyan:MonkeyTail","Saiyan:ThirstForFight","Saiyan:Furor+1","Saiyan:Furor+1","Pain","Saiyan:Fly+1","Parasite"],"relics":["SaiyanSoul","SaiyanHeart","AT_ATBox","REME_ComplimentaryCards","ice","NeowsBlessing","vexMod:PlasmaPancake","vexMod:ScavengeHelm","vexMod:EndlessSickness","CaptainsWheel","Mercury Hourglass","AT_Kusabimaru","HornCleat","Cursed Key","Pocketwatch","AT_GoldPhoenixTree","SecretRecord","AT_BladeRuinedKing","REME_HandOfSuture","vexMod:FocusSash","paleoftheancients:Timepiece","paleoftheancients:KeyRelic","Gremlin Horn","CultistMask","paleoftheancients:SoulOfTheShapes","AT_ChloranthyRing","White Beast Statue"],"acts_visited":["Exordium","TheCity","TheBeyond","paleoftheancients:PaleOfTheAncients"],"potions_floor_usage":[13,33,52,60,60],"damage_taken":[{"damage":0,"enemies":"Jaw Worm","floor":1,"turns":1},{"damage":0,"enemies":"Small Slimes","floor":2,"turns":1},{"damage":0,"enemies":"2 Louse","floor":4,"turns":1},{"damage":10,"enemies":"Blue Slaver","floor":7,"turns":4},{"damage":29,"enemies":"Gremlin Nob","floor":10,"turns":6},{"damage":2,"enemies":"Red Slaver","floor":13,"turns":3},{"damage":6,"enemies":"3 Louse","floor":14,"turns":2},{"damage":9,"enemies":"The Guardian","floor":16,"turns":10},{"damage":16,"enemies":"Spheric Guardian","floor":18,"turns":4},{"damage":5,"enemies":"3 Byrds","floor":20,"turns":3},{"damage":22,"enemies":"Sentry and Sphere","floor":21,"turns":7},{"damage":23,"enemies":"Centurion and Healer","floor":22,"turns":4},{"damage":14,"enemies":"Chosen and Byrds","floor":27,"turns":6},{"damage":15,"enemies":"Shelled Parasite and Fungi","floor":28,"turns":2},{"damage":8,"enemies":"Book of Stabbing","floor":29,"turns":7},{"damage":23,"enemies":"Slavers","floor":31,"turns":4},{"damage":19,"enemies":"Collector","floor":33,"turns":6},{"damage":15,"enemies":"3 Darklings","floor":35,"turns":3},{"damage":4,"enemies":"Orb Walker","floor":36,"turns":4},{"damage":9,"enemies":"2 Orb Walkers","floor":37,"turns":5},{"damage":16,"enemies":"4 Shapes","floor":39,"turns":2},{"damage":22,"enemies":"Giant Head","floor":40,"turns":6},{"damage":15,"enemies":"Reptomancer","floor":42,"turns":5},{"damage":15,"enemies":"Maw","floor":44,"turns":5},{"damage":0,"enemies":"Transient","floor":47,"turns":5},{"damage":0,"enemies":"Writhing Mass","floor":48,"turns":3},{"damage":51,"enemies":"Time Eater","floor":50,"turns":7},{"damage":37,"enemies":"Time Eater","floor":51,"turns":5},{"damage":54,"enemies":"Time Eater","floor":52,"turns":5},{"damage":91,"enemies":"Time Eater","floor":56,"turns":5},{"damage":116,"enemies":"paleoftheancients:N","floor":60,"turns":8}],"seed_played":"-6475332157685638800","potions_obtained":[{"floor":1,"key":"ColorlessPotion"},{"floor":4,"key":"EssenceOfSteel"},{"floor":10,"key":"Swift Potion"},{"floor":20,"key":"SpeedPotion"},{"floor":25,"key":"DuplicationPotion"},{"floor":25,"key":"FairyPotion"},{"floor":28,"key":"EntropicBrew"},{"floor":35,"key":"Energy Potion"},{"floor":44,"key":"CultistPotion"},{"floor":56,"key":"Strength Potion"}],"is_trial":false,"path_per_floor":["M","M","?","M","?","R","M","T","T","E","$","?","M","M","R","B",null,"M","?","M","M","M","R","?","?","T","M","M","E","?","E","R","B",null,"M","M","?","?","M","E","$","E","T","M","R","?","M","M","R","B","M","M","?","T","R","M","R","T","?","B",null],"character_chosen":"SAIYAJIN","items_purchased":["Saiyan:SuperSaiyanThree","SecretRecord","AT_BladeRuinedKing","Saiyan:WarmUp","Saiyan:Flurry"],"campfire_rested":1,"item_purchase_floors":[11,41,41,41,41],"current_hp_per_floor":[60,60,60,60,60,60,52,52,58,30,30,16,15,10,10,2,72,60,60,57,36,15,39,39,39,39,26,13,6,95,76,76,58,100,86,83,75,62,46,27,27,108,108,97,97,97,99,101,101,139,129,125,125,125,125,115,115,115,115,206],"gold":146,"neow_bonus":"THREE_ENEMY_KILL","is_daily":false,"chose_seed":false,"campfire_upgraded":5,"win_rate":0.0,"timestamp":1610717515,"path_taken":["M","M","?","M","?","R","M","?","T","E","$","?","M","M","R","BOSS","M","?","M","M","?","R","?","?","T","?","M","E","?","E","R","BOSS","M","M","?","?","M","E","$","E","T","M","R","?","M","M","R","BOSS","M","M","?","T","R","M","R","T","?","BOSS"],"items_purchased_type":["Card","Relic","Relic","Card","Card"],"build_version":"2020-12-22","purchased_purges":0,"victory":true,"max_hp_per_floor":[60,60,60,60,60,60,62,62,68,69,69,69,70,71,71,72,72,76,76,78,79,81,81,81,81,81,82,84,85,95,99,99,100,100,101,102,103,103,103,106,106,110,110,116,116,116,123,129,129,139,153,170,170,170,170,190,190,190,190,206],"card_choices":[{"not_picked":["Saiyan:SaiyanHubris","Saiyan:Endure"],"picked":"Saiyan:BigBangAttack","floor":1},{"not_picked":["Saiyan:Flurry","Saiyan:MeteorDash"],"picked":"Saiyan:AugmentedBlast","floor":2},{"not_picked":["Saiyan:RemoveWeights","Saiyan:BigBangAttack"],"picked":"Saiyan:PowerStance","floor":4},{"not_picked":["Saiyan:Scouter","Saiyan:FingerParry"],"picked":"Saiyan:PowerUp","floor":7},{"not_picked":["Saiyan:Pacing","Saiyan:BigBangAttack"],"picked":"Saiyan:Makankosappo","floor":10},{"not_picked":["Saiyan:PlotArmor","Saiyan:Planning","Saiyan:Momentum"],"picked":"SKIP","floor":13},{"not_picked":["Saiyan:Scouter","Saiyan:RemoveWeights"],"picked":"Saiyan:DoubleMasenko","floor":14},{"not_picked":["Saiyan:SolarFlare","Saiyan:Rekindle"],"picked":"Saiyan:GenkiDama","floor":16},{"not_picked":["Saiyan:KameHameHa","Saiyan:ExpandingShockwave"],"picked":"Saiyan:SoulSpice","floor":18},{"not_picked":["Saiyan:FingerParry","Saiyan:SaiyanHubris"],"picked":"Saiyan:DragonFist","floor":20},{"not_picked":["Saiyan:SaiyanHubris+1","Saiyan:Scouter"],"picked":"Saiyan:PlotArmor","floor":21},{"not_picked":["Saiyan:Planning+1","Saiyan:KiExplosion+1"],"picked":"Saiyan:Afterimage+1","floor":22},{"not_picked":["Saiyan:BackAttack","Saiyan:Scouter+1","Saiyan:DragonFist+1"],"picked":"SKIP","floor":27},{"not_picked":["Saiyan:FingerParry","Saiyan:PowerStance"],"picked":"Saiyan:Overexert+1","floor":28},{"not_picked":["Saiyan:ReverberatingForce","Saiyan:BigBangAttack","Saiyan:BackAttack+1"],"picked":"SKIP","floor":29},{"not_picked":["Saiyan:TheBomb","Saiyan:Scouter"],"picked":"Saiyan:ExtremeSpeed","floor":31},{"not_picked":["Saiyan:TheBomb","Saiyan:Momentum"],"picked":"Saiyan:MonkeyTail","floor":33},{"not_picked":["Saiyan:Scouter+1","Saiyan:PowerUp+1"],"picked":"Saiyan:Teleport+1","floor":35},{"not_picked":["Saiyan:BackAttack","Saiyan:FinalFlash"],"picked":"Saiyan:SoulSpice","floor":36},{"not_picked":["Saiyan:KameHameHa","Saiyan:Flurry"],"picked":"Saiyan:Furor+1","floor":37},{"not_picked":["Saiyan:ExpandingShockwave+1","Saiyan:ExtremeSpeed+1"],"picked":"Saiyan:GenkiDama","floor":39},{"not_picked":["Saiyan:KiStrike","Saiyan:FingerParry+1"],"picked":"Saiyan:ConcussiveBlow+1","floor":40},{"not_picked":["Saiyan:Quickening+1","Saiyan:MeteorDash"],"picked":"Saiyan:PlotArmor","floor":42},{"not_picked":["Saiyan:Quickening","Saiyan:Scouter+1"],"picked":"Saiyan:MonkeyTail","floor":44},{"not_picked":["Saiyan:RemoveWeights+1","Saiyan:FingerParry"],"picked":"Saiyan:ThirstForFight","floor":47},{"not_picked":["Saiyan:DoubleMasenko+1","Saiyan:FinalFlash"],"picked":"Saiyan:Furor+1","floor":48},{"not_picked":["Saiyan:SaiyanHubris","Saiyan:MeteorDash+1","Saiyan:Pacing+1"],"picked":"SKIP","floor":51},{"not_picked":["Saiyan:Makankosappo","Saiyan:FingerParry+1"],"picked":"Saiyan:Furor","floor":52},{"not_picked":["Saiyan:PlotArmor","Saiyan:BigBangAttack+1"],"picked":"Saiyan:Fly+1","floor":56}],"player_experience":16318,"relics_obtained":[{"floor":9,"key":"vexMod:PlasmaPancake"},{"floor":10,"key":"vexMod:ScavengeHelm"},{"floor":26,"key":"Mercury Hourglass"},{"floor":29,"key":"AT_Kusabimaru"},{"floor":31,"key":"HornCleat"},{"floor":37,"key":"Pocketwatch"},{"floor":40,"key":"AT_GoldPhoenixTree"},{"floor":42,"key":"REME_HandOfSuture"},{"floor":43,"key":"vexMod:FocusSash"},{"floor":51,"key":"paleoftheancients:SoulOfTheShapes"},{"floor":54,"key":"AT_ChloranthyRing"},{"floor":56,"key":"paleoftheancients:SoulOfTheHexaghost"},{"floor":58,"key":"White Beast Statue"}],"event_choices":[{"damage_healed":0,"gold_gain":0,"player_choice":"Leave","damage_taken":0,"max_hp_gain":0,"max_hp_loss":0,"event_name":"The Cleric","floor":3,"gold_loss":0},{"damage_healed":0,"gold_gain":0,"player_choice":"Grow","damage_taken":0,"max_hp_gain":0,"max_hp_loss":0,"event_name":"Living Wall","floor":5,"gold_loss":0,"cards_upgraded":["Saiyan:PowerStance"]},{"damage_healed":0,"gold_gain":0,"player_choice":"Entered Light","damage_taken":14,"max_hp_gain":0,"max_hp_loss":0,"event_name":"Shining Light","floor":12,"gold_loss":0,"cards_upgraded":["Saiyan:SAIYA_Defend","Saiyan:SAIYA_Defend"]},{"damage_healed":0,"gold_gain":100,"player_choice":"Bet on Murderer","damage_taken":0,"max_hp_gain":0,"max_hp_loss":0,"event_name":"The Joust","floor":19,"gold_loss":50},{"damage_healed":0,"gold_gain":0,"player_choice":"Opened","damage_taken":0,"relics_obtained":["CaptainsWheel"],"max_hp_gain":0,"max_hp_loss":0,"event_name":"The Mausoleum","floor":24,"gold_loss":0},{"damage_healed":0,"gold_gain":0,"player_choice":"Got Potions","damage_taken":0,"max_hp_gain":0,"max_hp_loss":0,"event_name":"Lab","floor":25,"gold_loss":0},{"cards_removed":["Saiyan:GenkiDama"],"damage_healed":79,"gold_gain":0,"player_choice":"Offered Rare","damage_taken":0,"max_hp_gain":10,"max_hp_loss":0,"event_name":"Bonfire Elementals","floor":30,"gold_loss":0},{"damage_healed":0,"gold_gain":0,"player_choice":"Fight","damage_taken":0,"max_hp_gain":0,"max_hp_loss":0,"event_name":"Mysterious Sphere","floor":37,"gold_loss":0},{"damage_healed":0,"gold_gain":0,"player_choice":"Embrace Madness","damage_taken":13,"max_hp_gain":0,"max_hp_loss":0,"event_name":"Winding Halls","floor":38,"gold_loss":0,"cards_obtained":["Madness","Madness"]},{"cards_removed":["Iron Wave"],"damage_healed":0,"gold_gain":0,"player_choice":"Took Card","damage_taken":0,"max_hp_gain":0,"max_hp_loss":0,"event_name":"NoteForYourself","floor":46,"gold_loss":0,"cards_obtained":["Iron Wave"]}],"is_beta":false,"boss_relics":[{"not_picked":["REME_DuelDisc","REME_LowDesire"],"picked":"vexMod:EndlessSickness"},{"not_picked":["Fusion Hammer","Runic Pyramid"],"picked":"Cursed Key"}],"items_purged_floors":[],"is_endless":false,"potions_floor_spawned":[1,4,10,20,22,28,35,36,44,47,56],"ascension_level":0}}