{"host":"jvd5k9mqzerszifx","time":1610691272,"event":{"mods":["AchievementEnabler","Act Like it!","BaseMod","Better Note","Better Third Choice","Colored Map","Colored Powertips","Conspire","Gensokyo","Hallownest","Hermit","Hubris","Koishi","Marisa（F雨　魔理沙）","Minty Spire (QoL Compilation)","MostiFishMod","Relic Stats","Replay The Spire","Reworked Bosses","Spicy Shops","StSLib","The Administrix","The Bug Knight","The Factory","The Hierophant","The Jungle","【功能Mod】聪明的最终Boss"],"gold_per_floor":[142,448,481,535,577,658,658,688,688,688,688],"floor_reached":10,"language":"ZHS","playtime":690,"items_purged":[],"score":99,"play_id":"60fbdb96-71f6-4009-bedf-ce1a509d64e3","local_time":"20210115141432","is_ascension_mode":true,"campfire_choices":[{"data":"AdministrixMod:Strike_Administrix","floor":7,"key":"PURGE"},{"data":"AdministrixMod:Strike_Administrix","floor":7,"key":"PURGE"},{"data":"AdministrixMod:Defend_Administrix","floor":7,"key":"PURGE"},{"data":"AdministrixMod:Defend_Administrix","floor":7,"key":"PURGE"},{"data":"AdministrixMod:Defend_Administrix","floor":7,"key":"PURGE"},{"data":"AdministrixMod:Strike_Administrix","floor":7,"key":"PURGE"},{"data":"AdministrixMod:Strike_Administrix","floor":7,"key":"SMITH"},{"data":"AdministrixMod:RedCloak","floor":7,"key":"SMITH"},{"data":"AdministrixMod:Defend_Administrix","floor":7,"key":"SMITH"},{"data":"AdministrixMod:BlueCloak","floor":7,"key":"SMITH"},{"data":"AdministrixMod:SipOfSparks","floor":7,"key":"SMITH"},{"data":"AdministrixMod:NoblePath","floor":7,"key":"SMITH"},{"data":"AdministrixMod:RebukeDesires","floor":7,"key":"SMITH"},{"data":"AdministrixMod:PassageOfAges","floor":7,"key":"SMITH"},{"data":"AdministrixMod:BloodBargain","floor":7,"key":"SMITH"},{"data":"AdministrixMod:TrickOfTheLight","floor":7,"key":"SMITH"},{"data":"AdministrixMod:ImmortalGrace","floor":7,"key":"SMITH"},{"data":"AdministrixMod:TouchOfCinnabar","floor":7,"key":"PURGE"},{"floor":7,"key":"RECALL"}],"circlet_count":0,"master_deck":["AdministrixMod:Strike_Administrix+1","AdministrixMod:RedCloak+1","AdministrixMod:Defend_Administrix+1","AdministrixMod:BlueCloak+1","AdministrixMod:SipOfSparks+1","AdministrixMod:NoblePath+1","AdministrixMod:RebukeDesires+1","AdministrixMod:PassageOfAges+1","AdministrixMod:BloodBargain+1","AdministrixMod:TrickOfTheLight+1","AdministrixMod:ImmortalGrace+1","AdministrixMod:Wuji"],"relics":["AdministrixMod:ConductorRitualBaton","Peace Pipe","Ginger","Turnip","Unceasing Top","Omamori","Ice Cream","The Courier","Medical Kit","WingedGreaves","HandDrill","Frozen Eye","DaveBox","NeowsBlessing","BionicSphere","SynthV:TestCard","conspire:Dentures","Replay:Ringing Soul"],"acts_visited":["Gensokyo:Gensokyo"],"potions_floor_usage":[],"damage_taken":[{"damage":0,"enemies":"Gensokyo:Python","floor":1,"turns":1},{"damage":0,"enemies":"Gensokyo:2_Kodama","floor":3,"turns":1},{"damage":0,"enemies":"Gensokyo:Gryphon","floor":4,"turns":1},{"damage":0,"enemies":"Gensokyo:VengefulSpirit","floor":5,"turns":3},{"damage":0,"enemies":"Gensokyo:Aya","floor":6,"turns":5},{"damage":0,"enemies":"Gensokyo:Gryphon_and_Rabbit","floor":8,"turns":2},{"damage":0,"enemies":"Gensokyo:Cirno","floor":10,"turns":2}],"seed_played":"-7682949580467345910","potions_obtained":[{"floor":1,"key":"Block Potion"},{"floor":4,"key":"LiquidMemories"},{"floor":6,"key":"AttackPotion"}],"is_trial":false,"path_per_floor":["M","?","M","M","M","E","R","M","T","E"],"character_chosen":"TheAdministrix","items_purchased":[],"campfire_rested":0,"item_purchase_floors":[],"current_hp_per_floor":[65,65,65,65,65,65,65,65,65,65,65],"gold":688,"neow_bonus":"THREE_ENEMY_KILL","is_daily":false,"chose_seed":false,"campfire_upgraded":11,"win_rate":0.0,"timestamp":1610691272,"path_taken":["M","?","M","M","?","E","R","M","T","E"],"items_purchased_type":[],"build_version":"2020-12-22","purchased_purges":0,"victory":false,"max_hp_per_floor":[65,65,65,65,65,65,65,65,65,65,65],"relic_stats":{"Peace Pipe":8,"counters":[7,15],"Turnip":[13],"HandDrill":[6],"Ginger":[4],"Medical Kit":[0],"obtain_stats":[{"Ice Cream":0,"conspire:Dentures":6,"DaveBox":0,"NeowsBlessing":0,"AdministrixMod:ConductorRitualBaton":0,"The Courier":0,"Omamori":0,"Ginger":0,"Medical Kit":0,"Peace Pipe":0,"Frozen Eye":0,"Replay:Ringing Soul":9,"SynthV:TestCard":1,"BionicSphere":0,"Turnip":0,"WingedGreaves":0,"HandDrill":0,"Unceasing Top":0},{"Ice Cream":0,"conspire:Dentures":5,"DaveBox":0,"NeowsBlessing":0,"AdministrixMod:ConductorRitualBaton":0,"The Courier":0,"Omamori":0,"Ginger":0,"Medical Kit":0,"Peace Pipe":0,"Frozen Eye":0,"Replay:Ringing Soul":6,"SynthV:TestCard":1,"BionicSphere":0,"Turnip":0,"WingedGreaves":0,"HandDrill":0,"Unceasing Top":0},{"Ice Cream":0,"conspire:Dentures":11,"DaveBox":0,"NeowsBlessing":0,"AdministrixMod:ConductorRitualBaton":0,"The Courier":0,"Omamori":0,"Ginger":0,"Medical Kit":0,"Peace Pipe":0,"Frozen Eye":0,"Replay:Ringing Soul":13,"SynthV:TestCard":1,"BionicSphere":0,"Turnip":0,"WingedGreaves":0,"HandDrill":0,"Unceasing Top":0}],"Unceasing Top":[4]},"card_choices":[{"not_picked":["AdministrixMod:Katabasis","AdministrixMod:GuanyinBlessing"],"picked":"AdministrixMod:SipOfSparks","floor":1},{"not_picked":["AdministrixMod:TouchOfCinnabar","AdministrixMod:CenturiesAscent","AdministrixMod:ImmortalPurity","AdministrixMod:Schism"],"picked":"AdministrixMod:NoblePath","floor":2},{"not_picked":["AdministrixMod:SyncreticSurge","AdministrixMod:HarmonicReverence","AdministrixMod:QuietConspiracy","AdministrixMod:Metempsychosis"],"picked":"AdministrixMod:RebukeDesires","floor":2},{"not_picked":["AdministrixMod:CrackingPangu","AdministrixMod:RisingSunPrince","AdministrixMod:LightOfYourLife","AdministrixMod:FuneraryRites"],"picked":"AdministrixMod:PassageOfAges","floor":2},{"not_picked":["AdministrixMod:SipOfSparks","AdministrixMod:DiversionaryTactic","AdministrixMod:SealAway","AdministrixMod:RebukeDesires"],"picked":"AdministrixMod:TouchOfCinnabar","floor":3},{"not_picked":["AdministrixMod:SeventeenArticleLaser","AdministrixMod:Overdrive","AdministrixMod:BloodlessSapphire","AdministrixMod:Wuji"],"picked":"AdministrixMod:BloodBargain","floor":4},{"not_picked":["AdministrixMod:PassageOfAges","AdministrixMod:SyncreticSurge","AdministrixMod:CastOffRegrets","AdministrixMod:FeastOfDew"],"picked":"AdministrixMod:TrickOfTheLight","floor":5},{"not_picked":["AdministrixMod:Overdrive","AdministrixMod:PassageOfAges","AdministrixMod:Metempsychosis","AdministrixMod:TrickOfTheLight"],"picked":"AdministrixMod:ImmortalGrace","floor":6},{"not_picked":["AdministrixMod:QuietConspiracy","AdministrixMod:DiversionaryTactic","AdministrixMod:Transition","AdministrixMod:TouchOfCinnabar"],"picked":"AdministrixMod:Wuji","floor":8}],"player_experience":254402,"relics_obtained":[{"floor":1,"key":"SynthV:TestCard"},{"floor":6,"key":"conspire:Dentures"},{"floor":9,"key":"Replay:Ringing Soul"}],"event_choices":[],"is_beta":false,"boss_relics":[],"items_purged_floors":[],"is_endless":false,"potions_floor_spawned":[1,4,6],"killed_by":"Gensokyo:Cirno","ascension_level":1}}