{"host":"5l3fd535wdxfzl1g","time":1610719850,"event":{"mods":["2.2 Compatiblity","AchievementEnabler","BaseMod","Better Third Choice","Better Vampires","Colored Powertips","Downfall","Minty Spire (QoL Compilation)","Permanent Neow","Quick Restart","Rare Cards Sparkle","Replay The Spire","StSLib","UnlockEverythingMod"],"gold_per_floor":[99,99,99,249,249,349,374,386,406,406,425,450,450,465,475,578,578,578,589,699,699,699,699,753,507,536,536,563,648,648,221,231,333,383,383,395,445,496,356,356,404,404,92,92,92,92,92,62,74,74,74,74],"floor_reached":50,"language":"ZHS","playtime":5272,"items_purged":["Slimebound:Icky","Guardian:Strike_Guardian","Guardian:ConstructionForm","Guardian:CurlUp"],"score":543,"play_id":"3c4c03af-3d6a-4e91-a5bd-9854631d2832","local_time":"20210115221050","is_ascension_mode":false,"campfire_choices":[{"data":"Guardian:TwinSlam","floor":1.0,"key":"SMITH"},{"data":"Guardian:ArmoredProtocol","floor":10.0,"key":"SMITH"},{"data":"Guardian:ShieldSpikes","floor":18.0,"key":"SMITH"},{"data":"Guardian:PrismaticBarrier","floor":23.0,"key":"SMITH"},{"data":"Guardian:Harden","floor":30,"key":"SMITH"},{"data":"Guardian:BaubleBeam","floor":35,"key":"SMITH"},{"data":"Guardian:Defend_Guardian","floor":40,"key":"PURGE"},{"data":"Pain","floor":47,"key":"PURGE"}],"circlet_count":0,"master_deck":["Guardian:TwinSlam+1","Guardian:ArmoredProtocol+1","Guardian:Suspension","Guardian:Recover","Guardian:PrismaticBarrier+1","Guardian:ShieldSpikes+1","Guardian:BaubleBeam+1","Guardian:RollAttack","Guardian:Harden+1","Guardian:Emergency","Guardian:BaubleBeam+1","Thinking Ahead","Thinking Ahead","Guardian:ArmoredProtocol","Guardian:ExploitGems+1","Guardian:Preprogram+1","Replay:SS_hec_4","Guardian:CrystalBeam+1","Guardian:Gem_Red","Guardian:Gem_Green","Guardian:Gem_Green"],"relics":["Guardian:ModeShifter","downfall:HeartsMalice","Potion Belt","Simple Rune","Ring of Chaos","downfall:RedIOU","Blue Doll","BargainBundle","Juzu Bracelet","Blood Vial","Replay:PocketPolymizer","Tiny House","Ice Cream","Replay:Multitool","Lantern","downfall:TeleportStone"],"acts_visited":["Exordium","TheCity","TheBeyond"],"potions_floor_usage":[28,32,33,33,38,38,48],"damage_taken":[{"damage":0.0,"enemies":"2 Louse","floor":3.0,"turns":1.0},{"damage":0.0,"enemies":"Small Slimes","floor":5.0,"turns":1.0},{"damage":0.0,"enemies":"downfall:LadyInBlue","floor":6.0,"turns":1.0},{"damage":0.0,"enemies":"Jaw Worm","floor":8.0,"turns":4.0},{"damage":9.0,"enemies":"Lots of Slimes","floor":9.0,"turns":4.0},{"damage":4.0,"enemies":"Blue Slaver","floor":11.0,"turns":4.0},{"damage":6.0,"enemies":"Lagavulin","floor":12.0,"turns":7.0},{"damage":10.0,"enemies":"Exordium Wildlife","floor":14.0,"turns":8.0},{"damage":5.0,"enemies":"3 Louse","floor":15.0,"turns":3.0},{"damage":14.0,"enemies":"downfall:Watcher","floor":16.0,"turns":25.0},{"damage":0.0,"enemies":"3 Byrds","floor":19.0,"turns":3.0},{"damage":0.0,"enemies":"downfall:FleeingMerchant","floor":25.0,"turns":4.0},{"damage":19.0,"enemies":"Slavers","floor":26.0,"turns":8.0},{"damage":26,"enemies":"Book of Stabbing","floor":28,"turns":8},{"damage":2,"enemies":"downfall:FleeingMerchant","floor":31,"turns":4},{"damage":5,"enemies":"Chosen","floor":32,"turns":10},{"damage":4,"enemies":"downfall:Silent","floor":33,"turns":8},{"damage":6,"enemies":"3 Shapes","floor":36,"turns":7},{"damage":8,"enemies":"Mind Bloom Boss Battle","floor":37,"turns":11},{"damage":44,"enemies":"2 Orb Walkers","floor":38,"turns":8},{"damage":0,"enemies":"downfall:FleeingMerchant","floor":39,"turns":4},{"damage":0,"enemies":"downfall:FleeingMerchant","floor":43,"turns":4},{"damage":0,"enemies":"downfall:FleeingMerchant","floor":48,"turns":4},{"damage":16,"enemies":"3 Darklings","floor":49,"turns":4},{"damage":70,"enemies":"downfall:Defect","floor":50,"turns":10}],"seed_played":"-1090327778228650653","potions_obtained":[{"floor":6.0,"key":"Fire Potion"},{"floor":6.0,"key":"Weak Potion"},{"floor":6.0,"key":"Weak Potion"},{"floor":6.0,"key":"Strength Potion"},{"floor":8.0,"key":"Slimebound:ThreeZeroPotion"},{"floor":14.0,"key":"Languid Potion"},{"floor":15.0,"key":"SteroidPotion"},{"floor":16.0,"key":"GamblersBrew"},{"floor":28,"key":"Fire Potion"},{"floor":32,"key":"FearPotion"},{"floor":34,"key":"GamblersBrew"},{"floor":38,"key":"Strength Potion"},{"floor":49,"key":"DistilledChaos"}],"is_trial":false,"path_per_floor":["R","?","M","?","M","?","T","M","M","R","M","E","?","M","M","B",null,"R","M","?","?","?","R","T","$","E","?","E","?","R","$","M","B",null,"R","M","?","?","$","R","T","?","$","R","?","?","R","$","M","B"],"character_chosen":"GUARDIAN","items_purchased":["BargainBundle","Guardian:BaubleBeam+1","Adrenaline Potion","Thinking Ahead","Languid Potion","Replay:PocketPolymizer","Lantern","Guardian:Gem_Green"],"campfire_rested":0,"item_purchase_floors":[25,25,25,25,25,31,43,48],"current_hp_per_floor":[80,80,80,80,80,80,80,80,71,71,67,61,61,51,46,32,80,80,80,80,80,80,80,80,80,61,61,35,19,19,19,16,14,85,85,79,73,31,33,33,33,23,25,50,62,62,62,64,50,0,0,0],"gold":74,"neow_bonus":"THREE_ENEMY_KILL","is_daily":false,"chose_seed":false,"campfire_upgraded":6,"win_rate":0.0,"timestamp":1610719850,"path_taken":["R","?","M","?","M","?","T","M","?","R","M","E","?","M","M","BOSS","R","M","?","?","?","R","T","$","E","?","E","?","R","$","M","BOSS","R","M","?","?","$","R","T","?","?","R","?","?","R","$","M","BOSS"],"items_purchased_type":["Relic","Card","Potion","Card","Potion","Relic","Relic","Card"],"build_version":"2020-12-22","purchased_purges":4,"victory":false,"max_hp_per_floor":[80,80,80,80,80,80,80,80,80,80,80,80,80,80,80,80,80,80,80,80,80,80,80,80,80,80,80,80,80,80,80,80,80,85,85,85,85,85,85,85,85,85,85,85,97,97,97,97,97,97,97,97],"card_choices":[{"not_picked":["Guardian:TemporalShield","Guardian:Gem_Fragmented"],"picked":"Guardian:Gem_White","floor":3.0},{"not_picked":["Guardian:Reroute","Guardian:Recover"],"picked":"Guardian:ArmoredProtocol","floor":5.0},{"not_picked":["Guardian:FloatingOrbs","Guardian:ChargeCore"],"picked":"Guardian:Suspension","floor":6.0},{"not_picked":["Guardian:ChargeUp","Guardian:TemporalStrike","Guardian:EvasiveProtocol"],"picked":"SKIP","floor":8.0},{"not_picked":["Guardian:Repulse","Guardian:ChargeUp"],"picked":"Guardian:Recover","floor":9.0},{"not_picked":["Guardian:TimeCapacitor","Guardian:PrimingBeam"],"picked":"Guardian:ConstructionForm","floor":11.0},{"not_picked":["Guardian:ShieldCharger","Guardian:Repulse"],"picked":"Guardian:PrismaticBarrier","floor":12.0},{"not_picked":["Guardian:RollAttack","Guardian:ChargeCore"],"picked":"Guardian:Gem_Blue","floor":14.0},{"not_picked":["Guardian:Reroute","Guardian:ChargeCore"],"picked":"Guardian:ShieldSpikes","floor":15.0},{"not_picked":["Guardian:FastForward","Guardian:Gem_Synthetic"],"picked":"Guardian:BaubleBeam","floor":16.0},{"not_picked":["Guardian:TemporalStrike","Guardian:Reroute"],"picked":"Guardian:Gem_Red","floor":19.0},{"not_picked":["Guardian:SentryBeam","Guardian:Clone"],"picked":"Guardian:Gem_Lightblue","floor":20.0},{"not_picked":["Guardian:Planning","Guardian:FloatingOrbs"],"picked":"Guardian:RollAttack","floor":20.0},{"not_picked":["Guardian:Preprogram+1","Guardian:PrismaticBarrier"],"picked":"Guardian:Gem_Green","floor":20.0},{"not_picked":["Guardian:PolyBeam","Guardian:RollAttack"],"picked":"Guardian:Gem_Lightblue","floor":25.0},{"not_picked":["Guardian:CrystalBeam","Guardian:DonusPower"],"picked":"Guardian:ArmoredProtocol","floor":26.0},{"not_picked":["Guardian:ChargeCore","Guardian:RollAttack"],"picked":"Guardian:Gem_Synthetic","floor":28},{"not_picked":["Guardian:Suspension","Guardian:PrimingBeam"],"picked":"Guardian:Gem_Blue","floor":31},{"not_picked":["Guardian:PiercingHide","Guardian:ShieldCharger","Guardian:Gem_Red"],"picked":"SKIP","floor":32},{"not_picked":["Guardian:SphericShield","Guardian:StasisStrike"],"picked":"Guardian:ExploitGems","floor":33},{"not_picked":["Guardian:RollAttack","Guardian:Incinerate+1"],"picked":"Guardian:Gem_Green","floor":34},{"not_picked":["Guardian:Emergency+1","Guardian:RefractedBeam+1"],"picked":"Guardian:Gem_Purple","floor":36},{"not_picked":["Guardian:PrismaticBeam","Guardian:Gem_White"],"picked":"Guardian:Gem_Orange","floor":39},{"not_picked":["Replay:SS_forest_2","Replay:SS_forest_5"],"picked":"Replay:SS_hec_4","floor":42},{"not_picked":["Guardian:Repulse+1","Guardian:TimeCapacitor+1"],"picked":"Guardian:CrystalBeam+1","floor":43},{"not_picked":["Guardian:ShieldCharger+1","Guardian:Repulse+1"],"picked":"Guardian:Gem_Red","floor":48},{"not_picked":["Guardian:RollAttack+1","Guardian:ShieldSpikes+1"],"picked":"Guardian:Gem_Green","floor":49}],"player_experience":95617,"relics_obtained":[{"floor":6.0,"key":"Potion Belt"},{"floor":7.0,"key":"Simple Rune"},{"floor":12.0,"key":"Tiny Chest"},{"floor":24.0,"key":"Blue Doll"},{"floor":26.0,"key":"Juzu Bracelet"},{"floor":28,"key":"Blood Vial"},{"floor":37,"key":"Ice Cream"},{"floor":38,"key":"Replay:Multitool"}],"event_choices":[{"damage_healed":0.0,"max_hp_gain":0.0,"max_hp_loss":0.0,"gold_gain":0.0,"cards_transformed":["Guardian:Strike_Guardian","Guardian:Strike_Guardian"],"event_name":"Drug Dealer","player_choice":"Became Test Subject","floor":22.0,"gold_loss":0.0,"damage_taken":0.0,"cards_obtained":["Guardian:Harden","Guardian:Emergency"]},{"damage_healed":0,"gold_gain":0,"player_choice":"Fight","damage_taken":0,"max_hp_gain":0,"max_hp_loss":0,"event_name":"Mysterious Sphere","floor":38,"gold_loss":0}],"is_beta":false,"boss_relics":[{"not_picked":["downfall:Hecktoplasm","SacredBark"],"picked":"Ring of Chaos"},{"not_picked":["Runic Pyramid","Fusion Hammer"],"picked":"Tiny House"}],"items_purged_floors":[25,31,39,43],"is_endless":false,"potions_floor_spawned":[6,8,9,14,15,16,28,32,38,49],"killed_by":"downfall:Defect","ascension_level":0}}