{"host":"pletss163z7s8pvv","time":1610679644,"event":{"mods":["AchievementEnabler","BaseMod","Colored Map","Colored Powertips","Minty Spire (QoL Compilation)"],"gold_per_floor":[114,129,129,47,222,222,222,260,260,260,279,279,298,342,342,342,342],"floor_reached":16,"language":"ENG","playtime":472,"items_purged":[],"score":125,"play_id":"33d37bd7-1baa-4f72-89a4-9c54678ef310","local_time":"20210114210044","daily_mods":["Shiny","Blue Cards","Elite Swarm"],"is_ascension_mode":false,"campfire_choices":[{"floor":6,"key":"REST"},{"floor":10,"key":"REST"},{"floor":12,"key":"REST"},{"floor":15,"key":"REST"}],"circlet_count":0,"master_deck":["Multi-Cast","Hyperbeam+1","Thunder Strike","Biased Cognition","Machine Learning","Electrodynamics","Buffer","Rainbow","Seek","Meteor Strike","Echo Form","All For One+1","Reboot","Amplify","Creative AI","Fission","Core Surge","Judgement","ConjureBlade+1","MasterReality","Brilliance","Devotion","Blasphemy","Ragnarok","LessonLearned","Scrawl","Vault","Alpha","Wish","Omniscience","Establishment","SpiritShield","DevaForm","DeusExMachina","Consecrate","Barrage","Loop","ClearTheMind","Doubt","Injury","Rainbow","ClearTheMind+1","Compile Driver","Halt+1"],"relics":["PureWater","PreservedInsect","Golden Idol","Pear","Toxic Egg 2"],"acts_visited":["Exordium"],"potions_floor_usage":[16,16],"damage_taken":[{"damage":15,"enemies":"Cultist","floor":1,"turns":4},{"damage":11,"enemies":"Jaw Worm","floor":2,"turns":2},{"damage":32,"enemies":"Gremlin Nob","floor":8,"turns":5},{"damage":22,"enemies":"Small Slimes","floor":11,"turns":4},{"damage":26,"enemies":"Exordium Wildlife","floor":13,"turns":5},{"damage":31,"enemies":"Lots of Slimes","floor":14,"turns":3},{"damage":34,"enemies":"Hexaghost","floor":16,"turns":7}],"seed_played":"5830580211590973081","potions_obtained":[{"floor":11,"key":"Energy Potion"},{"floor":13,"key":"SteroidPotion"},{"floor":14,"key":"Ancient Potion"}],"is_trial":false,"path_per_floor":["M","M","?","$","?","R","?","E","T","R","M","R","M","M","R","B"],"character_chosen":"WATCHER","items_purchased":["Loop","ClearTheMind"],"campfire_rested":4,"item_purchase_floors":[4,4],"current_hp_per_floor":[57,46,39,39,39,60,60,38,38,62,40,64,38,7,31,0,0],"gold":342,"neow_bonus":"","is_daily":true,"chose_seed":false,"campfire_upgraded":0,"win_rate":0.0,"timestamp":1610679644,"path_taken":["M","M","?","$","?","R","?","E","T","R","M","R","M","?","R","BOSS"],"items_purchased_type":["Card","Card"],"build_version":"2020-12-22","purchased_purges":0,"victory":false,"max_hp_per_floor":[72,72,72,72,72,72,72,82,82,82,82,82,82,82,82,82,82],"card_choices":[{"not_picked":["Double Energy","Static Discharge"],"picked":"Consecrate","floor":1},{"not_picked":["Recycle","Capacitor"],"picked":"Barrage","floor":2},{"not_picked":["LessonLearned","Meteor Strike"],"picked":"Rainbow","floor":8},{"not_picked":["Genetic Algorithm+1","Gash"],"picked":"ClearTheMind+1","floor":11},{"not_picked":["Go for the Eyes","Hologram+1"],"picked":"Compile Driver","floor":13},{"not_picked":["Stack+1","Genetic Algorithm+1"],"picked":"Halt+1","floor":14}],"player_experience":417548,"relics_obtained":[{"floor":8,"key":"Pear"},{"floor":9,"key":"Toxic Egg 2"}],"event_choices":[{"damage_healed":0,"gold_gain":0,"player_choice":"Success","damage_taken":7,"relics_obtained":["PreservedInsect"],"max_hp_gain":0,"max_hp_loss":0,"event_name":"Scrap Ooze","floor":3,"gold_loss":0},{"damage_healed":0,"gold_gain":175,"player_choice":"AGREE","damage_taken":0,"max_hp_gain":0,"max_hp_loss":0,"event_name":"Liars Game","floor":5,"gold_loss":0,"cards_obtained":["Doubt"]},{"damage_healed":0,"gold_gain":0,"player_choice":"Take Wound","damage_taken":0,"relics_obtained":["Golden Idol"],"max_hp_gain":0,"max_hp_loss":0,"event_name":"Golden Idol","floor":7,"gold_loss":0,"cards_obtained":["Injury"]}],"is_beta":false,"boss_relics":[],"items_purged_floors":[],"is_endless":false,"potions_floor_spawned":[11,13,14],"killed_by":"Hexaghost","ascension_level":0}}