{"host":"vje6bedaj0fhalec","time":1610720805,"event":{"mods":["Act Like it!","BaseMod","Minty Spire (QoL Compilation)","Quick Restart","StSLib"],"gold_per_floor":[109,109,109,123,123,123,157,169,194,211,211,226,256,271,271,371,371,381,235,255,180,180,209,209,225,225,241,241,255,290,69,69,174,174,186,204,204,104,123,123,123,138,215,265,196,206,206,216,216,216],"floor_reached":51,"language":"ZHS","playtime":3005,"items_purged":["Strike_B","Defend_B"],"score":969,"play_id":"cf72704a-3cf0-4864-b51f-12dae5a3938a","local_time":"20210115222645","is_ascension_mode":true,"campfire_choices":[{"data":"Defragment","floor":6.0,"key":"SMITH"},{"data":"Zap","floor":11.0,"key":"SMITH"},{"data":"Echo Form","floor":15.0,"key":"SMITH"},{"data":"Aggregate","floor":24.0,"key":"SMITH"},{"data":"Reboot","floor":28.0,"key":"SMITH"},{"data":"Capacitor","floor":32.0,"key":"SMITH"},{"data":"Electrodynamics","floor":40.0,"key":"SMITH"},{"data":"Thinking Ahead","floor":47,"key":"SMITH"},{"data":"Dualcast","floor":49,"key":"SMITH"}],"circlet_count":0,"master_deck":["Strike_B","Defend_B","Defend_B","Zap+1","Dualcast+1","Chill","Rebound","Defragment+1","Echo Form+1","Self Repair","Tempest","Conserve Battery","Glacier","Reboot+1","Aggregate+1","Conserve Battery","Ghostly","Ghostly","Ghostly","Ghostly","Ghostly","Turbo+1","Chill+1","Hello World","Capacitor+1","Electrodynamics+1","Double Energy+1","Thinking Ahead+1"],"relics":["Cracked Core","NeowsBlessing","Strawberry","Bronze Scales","HornCleat","Sozu","Mango","Dead Branch","Gremlin Horn","Bag of Preparation","Inserter","Eternal Feather","Girya","Orichalcum"],"acts_visited":["Exordium","TheCity","TheBeyond"],"potions_floor_usage":[],"damage_taken":[{"damage":0.0,"enemies":"Jaw Worm","floor":1.0,"turns":1.0},{"damage":0.0,"enemies":"2 Louse","floor":4.0,"turns":1.0},{"damage":0.0,"enemies":"Lagavulin","floor":7.0,"turns":1.0},{"damage":7.0,"enemies":"Small Slimes","floor":8.0,"turns":4.0},{"damage":13.0,"enemies":"Red Slaver","floor":10.0,"turns":3.0},{"damage":3.0,"enemies":"Large Slime","floor":12.0,"turns":5.0},{"damage":25.0,"enemies":"3 Sentries","floor":13.0,"turns":6.0},{"damage":4.0,"enemies":"Blue Slaver","floor":14.0,"turns":3.0},{"damage":4.0,"enemies":"Hexaghost","floor":16.0,"turns":9.0},{"damage":0.0,"enemies":"3 Byrds","floor":18.0,"turns":2.0},{"damage":0.0,"enemies":"Shell Parasite","floor":20.0,"turns":5.0},{"damage":1.0,"enemies":"Book of Stabbing","floor":23.0,"turns":5.0},{"damage":20.0,"enemies":"Chosen and Byrds","floor":25.0,"turns":7.0},{"damage":0.0,"enemies":"Snake Plant","floor":27.0,"turns":3.0},{"damage":0.0,"enemies":"Sentry and Sphere","floor":29.0,"turns":5.0},{"damage":0.0,"enemies":"Slavers","floor":30.0,"turns":6.0},{"damage":0.0,"enemies":"Collector","floor":33.0,"turns":7.0},{"damage":20.0,"enemies":"3 Darklings","floor":35.0,"turns":3.0},{"damage":0.0,"enemies":"3 Shapes","floor":36.0,"turns":6.0},{"damage":0.0,"enemies":"3 Darklings","floor":39.0,"turns":3.0},{"damage":0.0,"enemies":"Transient","floor":42.0,"turns":5.0},{"damage":3.0,"enemies":"Mind Bloom Boss Battle","floor":44.0,"turns":6.0},{"damage":0,"enemies":"Jaw Worm Horde","floor":46,"turns":3},{"damage":0,"enemies":"4 Shapes","floor":48,"turns":5},{"damage":0,"enemies":"Awakened One","floor":50,"turns":11}],"seed_played":"-7386425426294426557","potions_obtained":[{"floor":1.0,"key":"EssenceOfDarkness"},{"floor":4.0,"key":"Weak Potion"},{"floor":5.0,"key":"Fruit Juice"},{"floor":5.0,"key":"SmokeBomb"}],"is_trial":false,"path_per_floor":["M","?","?","M","?","R","E","M","T","M","R","M","E","M","R","B",null,"M","$","M","?","?","E","R","M","T","M","R","M","E","$","R","B",null,"M","M","?","$","M","R","?","M","T","?","?","M","R","M","R","B",null],"character_chosen":"DEFECT","items_purchased":["Aggregate","Capacitor","Bag of Preparation"],"campfire_rested":0,"item_purchase_floors":[19,31,31],"current_hp_per_floor":[75,80,80,80,85,85,92,85,85,79,79,83,65,61,61,57,92,92,92,92,92,46,60,60,47,47,54,54,60,60,60,60,60,60,47,54,54,54,60,60,60,60,60,60,60,60,60,60,60,60],"gold":216,"neow_bonus":"THREE_ENEMY_KILL","is_daily":false,"chose_seed":false,"campfire_upgraded":9,"win_rate":0.0,"timestamp":1610720805,"path_taken":["M","?","?","?","?","R","E","M","T","M","R","?","E","M","R","BOSS","M","$","M","?","?","E","R","M","T","M","R","M","E","$","R","BOSS","M","M","?","$","M","R","?","?","T","?","?","M","R","M","R","BOSS"],"items_purchased_type":["Card","Card","Relic"],"build_version":"2020-12-22","purchased_purges":2,"victory":true,"max_hp_per_floor":[75,80,80,80,85,85,92,92,92,92,92,92,92,92,92,92,92,92,92,92,92,46,60,60,60,60,60,60,60,60,60,60,60,60,60,60,60,60,60,60,60,60,60,60,60,60,60,60,60,60],"card_choices":[{"not_picked":["Sweeping Beam","FTL"],"picked":"Chill","floor":1.0},{"not_picked":["BootSequence","Lockon"],"picked":"Defragment","floor":4.0},{"not_picked":["Rebound","Stack"],"picked":"Echo Form","floor":7.0},{"not_picked":["Fusion","Static Discharge"],"picked":"Self Repair","floor":8.0},{"not_picked":["Compile Driver","Melter"],"picked":"Tempest","floor":10.0},{"not_picked":["Beam Cell","Gash","Scrape"],"picked":"SKIP","floor":12.0},{"not_picked":["Sweeping Beam","Skim"],"picked":"Conserve Battery","floor":13.0},{"not_picked":["Steam","Conserve Battery"],"picked":"Glacier","floor":14.0},{"not_picked":["Thunder Strike","Biased Cognition"],"picked":"Reboot","floor":16.0},{"not_picked":["Steam","Redo","Sunder"],"picked":"SKIP","floor":18.0},{"not_picked":["Gash","Rip and Tear"],"picked":"Conserve Battery","floor":20.0},{"not_picked":["Skim","Leap"],"picked":"Turbo+1","floor":23.0},{"not_picked":["Redo","Reinforced Body+1","Barrage"],"picked":"SKIP","floor":25.0},{"not_picked":["Redo+1","Steam"],"picked":"Chill+1","floor":27.0},{"not_picked":["Redo+1","Conserve Battery"],"picked":"Hello World","floor":29.0},{"not_picked":["Redo","Melter","Go for the Eyes+1"],"picked":"SKIP","floor":30.0},{"not_picked":["Multi-Cast","Biased Cognition"],"picked":"Electrodynamics","floor":33.0},{"not_picked":["Compile Driver+1","Consume+1"],"picked":"Double Energy+1","floor":35.0},{"not_picked":["Beam Cell","Steam","Undo+1"],"picked":"SKIP","floor":36.0},{"not_picked":["Recycle","Rainbow","Stack+1"],"picked":"SKIP","floor":39.0},{"not_picked":["Swift Strike","Madness"],"picked":"Thinking Ahead","floor":41.0},{"not_picked":["Gash+1","Barrage+1","Go for the Eyes"],"picked":"SKIP","floor":42.0},{"not_picked":["Beam Cell","All For One","Scrape+1"],"picked":"SKIP","floor":46},{"not_picked":["Glacier+1","Go for the Eyes","Turbo"],"picked":"SKIP","floor":48}],"player_experience":118291,"relics_obtained":[{"floor":7.0,"key":"Strawberry"},{"floor":9.0,"key":"Bronze Scales"},{"floor":13.0,"key":"HornCleat"},{"floor":23.0,"key":"Mango"},{"floor":26.0,"key":"Dead Branch"},{"floor":30.0,"key":"Gremlin Horn"},{"floor":43.0,"key":"Eternal Feather"},{"floor":44,"key":"Girya"}],"event_choices":[{"damage_healed":0.0,"max_hp_gain":5.0,"max_hp_loss":0.0,"gold_gain":0.0,"event_name":"Big Fish","player_choice":"Donut","floor":2.0,"gold_loss":0.0,"damage_taken":0.0},{"damage_healed":0.0,"max_hp_gain":0.0,"max_hp_loss":0.0,"gold_gain":0.0,"cards_transformed":["Defend_B"],"event_name":"Living Wall","player_choice":"Change","floor":3.0,"gold_loss":0.0,"damage_taken":0.0,"cards_obtained":["Rebound"]},{"damage_healed":0.0,"max_hp_gain":0.0,"max_hp_loss":0.0,"gold_gain":0.0,"event_name":"Lab","player_choice":"Got Potions","floor":5.0,"gold_loss":0.0,"damage_taken":0.0},{"cards_removed":["Strike_B"],"damage_healed":0.0,"max_hp_gain":0.0,"max_hp_loss":0.0,"gold_gain":0.0,"event_name":"Beggar","player_choice":"Gave Gold","floor":21.0,"gold_loss":75.0,"damage_taken":0.0},{"damage_healed":0.0,"max_hp_gain":0.0,"max_hp_loss":46.0,"gold_gain":0.0,"event_name":"Ghosts","player_choice":"Became a Ghost","floor":22.0,"gold_loss":0.0,"damage_taken":0.0,"cards_obtained":["Ghostly","Ghostly","Ghostly","Ghostly","Ghostly"]},{"cards_removed":["Strike_B"],"damage_healed":0.0,"max_hp_gain":0.0,"max_hp_loss":0.0,"gold_gain":0.0,"event_name":"Falling","player_choice":"Removed Attack","floor":37.0,"gold_loss":0.0,"damage_taken":0.0},{"damage_healed":0.0,"max_hp_gain":0.0,"max_hp_loss":0.0,"gold_gain":0.0,"event_name":"SensoryStone","player_choice":"Memory 1","floor":41.0,"gold_loss":0.0,"damage_taken":0.0},{"damage_healed":0.0,"max_hp_gain":0.0,"max_hp_loss":0.0,"gold_gain":0.0,"event_name":"MindBloom","player_choice":"Fight","floor":44.0,"gold_loss":0.0,"damage_taken":0.0},{"damage_healed":0,"gold_gain":0,"player_choice":"Paid Gold","damage_taken":0,"relics_obtained":["Orichalcum"],"max_hp_gain":0,"max_hp_loss":0,"event_name":"WeMeetAgain","floor":45,"gold_loss":69}],"is_beta":false,"boss_relics":[{"not_picked":["Black Star","Nuclear Battery"],"picked":"Sozu"},{"not_picked":["Runic Pyramid","Cursed Key"],"picked":"Inserter"}],"items_purged_floors":[19,38],"is_endless":false,"potions_floor_spawned":[1,4,8,13,23,25,27,30,36,39,42,44,48],"ascension_level":3}}