{"host":"yv7ijgyl7mqt7c0r","time":1610684546,"event":{"mods":["2.2 Compatiblity","Act Like it!","Aspiration","BaseMod","Bestiary","Better Note","Better Skull","Conspire","DeckTracker","Elementarium","Energized Spire","Friendly Minions","Gensokyo","GifTheSpireLib","Hallownest","Mari Mod (Legacy)","Mari\u0027s V1 Patch","Marisa????????","Menagerie","Minty Spire (QoL Compilation)","Prisma Mod","Random Character Button","Reimu??????","Remilia_Scarlet Moed?????·?????3.3.5","StSLib","Stuff the Spire","The Bug Knight","The Factory","The Jungle","The Senshi","The Servant 0.9.4","Wandering Minibosses"],"gold_per_floor":[117,117,144,56,71,71,398,398,398,623,633,619,634,634,634,734,734,657,71,86,86,1,31,31,44,44,60,60,73,92,191,191,288,288,302,322,342,355,355,355,368,368,421,421,189,286,296,296,296,296],"floor_reached":51,"language":"ENG","playtime":5651,"items_purged":["Parasite"],"score":706,"play_id":"000a7b9b-d921-4882-aa77-47671bee2ba2","local_time":"20210114222226","is_ascension_mode":false,"campfire_choices":[{"floor":6,"key":"REST"},{"floor":8,"key":"REST"},{"floor":15,"key":"REST"},{"floor":24,"key":"REST"},{"floor":28,"key":"REST"},{"floor":32,"key":"REST"},{"floor":40,"key":"REST"},{"floor":44,"key":"REST"},{"floor":49,"key":"REST"}],"circlet_count":0,"master_deck":["Strike_Lin:ReiMu+1","Strike_Lin:ReiMu+1","Strike_Lin:ReiMu+1","Strike_Lin:ReiMu+1","Defend_Lin:ReiMu+1","Defend_Lin:ReiMu+1","Defend_Lin:ReiMu+1","Defend_Lin:ReiMu+1","NB:ReiMu","Stagnation:ReiMu","SafetyPray:ReiMu+1","InherentArray:ReiMu+1","UpKicking:ReiMu","Conquer:ReiMu+1","Meditation:ReiMu","Amulet:ReiMu","ShadowOfCrow2:ReiMu+1","DependentForm:ReiMu","SpringWay:ReiMu","FoulBorder2:ReiMu","Intuition:ReiMu+1","AirStrike:ReiMu+1","Conquer:ReiMu+1","CareerPray:ReiMu+1","StuffTheSpire:PestControl","MikOfLucky:ReiMu","TakeOff:ReiMu","SubcavityInstant:ReiMu","Authority:ReiMu+1","SafetyPray:ReiMu+1","Authority:ReiMu+1","AirStrike:ReiMu+1","SpreadBorder2:ReiMu+1","TightArray:ReiMu+1","Intuition:ReiMu+1","YinYangSange:ReiMu+1","InherentArray:ReiMu+1","ShadowOfCrow2:ReiMu+1","PrepareRite:ReiMu+1","AirStrike:ReiMu+1","PrepareRite:ReiMu+1","SubAcupoint:ReiMu"],"relics":["StuffTheSpire:OccultApparatus","Gensokyo:CelestialsFlawlessClothing","aspiration:ChemicalBlood","Pear","Gremlin Horn","StuffTheSpire:Experiment12","CrownOfHeavens:ReiMu","TentaclePot:ReiMu","Strawberry","Pen Nib","Sundial","StuffTheSpire:ForceGauntlet","MariMod:MariFestivalBadge","StuffTheSpire:GrapeVine","wanderingMiniBosses:ThiefScarf","Ginger","Oddly Smooth Stone"],"acts_visited":["Gensokyo:Gensokyo","TheCity","TheBeyond"],"potions_floor_usage":[7,7,12,16,16,18,18,23,23,25,25,33,33,33,33,35,37,41,46,50,50,50,50,50],"damage_taken":[{"damage":0,"enemies":"Gensokyo:Gryphon","floor":1,"turns":5},{"damage":19,"enemies":"Gensokyo:Python","floor":5,"turns":10},{"damage":48,"enemies":"Gensokyo:Aya","floor":7,"turns":15},{"damage":10,"enemies":"Gensokyo:Cirno","floor":10,"turns":9},{"damage":0,"enemies":"Gensokyo:2_Kodama","floor":11,"turns":6},{"damage":9,"enemies":"Gensokyo:Gryphon_and_Rabbit","floor":12,"turns":7},{"damage":0,"enemies":"Gensokyo:5_Fairies","floor":13,"turns":3},{"damage":3,"enemies":"Gensokyo:Kokoro","floor":16,"turns":13},{"damage":28,"enemies":"2 Thieves","floor":18,"turns":6},{"damage":0,"enemies":"3 Byrds","floor":20,"turns":4},{"damage":26,"enemies":"Slavers","floor":23,"turns":4},{"damage":1,"enemies":"Snecko","floor":25,"turns":3},{"damage":20,"enemies":"Sentry and Sphere","floor":27,"turns":7},{"damage":0,"enemies":"Chosen and Byrds","floor":29,"turns":4},{"damage":4,"enemies":"Shelled Parasite and Fungi","floor":30,"turns":6},{"damage":47,"enemies":"Automaton","floor":33,"turns":8},{"damage":27,"enemies":"3 Darklings","floor":35,"turns":4},{"damage":0,"enemies":"3 Shapes","floor":36,"turns":4},{"damage":18,"enemies":"Writhing Mass","floor":37,"turns":4},{"damage":10,"enemies":"4 Shapes","floor":38,"turns":7},{"damage":18,"enemies":"Spire Growth","floor":41,"turns":4},{"damage":29,"enemies":"3 Darklings","floor":46,"turns":4},{"damage":0,"enemies":"Transient","floor":47,"turns":5},{"damage":85,"enemies":"conspire:OrnateMirror","floor":50,"turns":6}],"seed_played":"-8678624229655469492","potions_obtained":[{"floor":1,"key":"Dexterity Potion"},{"floor":5,"key":"Ancient Potion"},{"floor":7,"key":"LiquidBronze"},{"floor":12,"key":"PinkPotion:ReiMu"},{"floor":13,"key":"Strength Potion"},{"floor":18,"key":"AttackPotion"},{"floor":23,"key":"LiquidFlight:ReiMu"},{"floor":27,"key":"EntropicBrew"},{"floor":33,"key":"ColorlessPotion"},{"floor":33,"key":"ColorlessPotion"},{"floor":35,"key":"Strength Potion"},{"floor":37,"key":"MagicPotion:ReiMu"},{"floor":41,"key":"SkillPotion"},{"floor":46,"key":"BlessingOfTheForge"},{"floor":50,"key":"GrandPatriotsElixir:ReiMu"},{"floor":50,"key":"BottledKami:ReiMu"}],"is_trial":false,"path_per_floor":["M","?","T","COS","M","R","E","R","T","E","M","M","M","?","R","B",null,"M","$","M","?","?","E","R","M","T","M","R","M","M","?","R","B",null,"M","M","M","M","?","R","M","?","T","R","$","M","M","?","R","B",null],"character_chosen":"REIMU","items_purchased":["TentaclePot:ReiMu","Strawberry","FoulBorder2:ReiMu","Intuition:ReiMu","AirStrike:ReiMu","Conquer:ReiMu","InherentArray:ReiMu","ShadowOfCrow2:ReiMu","PrepareRite:ReiMu","AirStrike:ReiMu"],"campfire_rested":9,"item_purchase_floors":[19,19,19,19,19,19,45,45,45,45],"current_hp_per_floor":[65,49,49,49,30,49,11,33,33,23,23,14,14,22,44,41,75,47,54,54,34,34,8,31,30,30,10,33,33,29,29,52,5,79,52,52,34,24,24,47,29,29,29,52,52,23,35,35,58,54],"gold":296,"neow_bonus":"ONE_RARE_RELIC","is_daily":false,"chose_seed":false,"campfire_upgraded":0,"win_rate":0.0,"timestamp":1610684546,"path_taken":["M","?","?","COS","?","R","E","R","T","E","M","M","M","?","R","BOSS","M","$","M","?","?","E","R","M","T","M","R","M","?","?","R","BOSS","M","M","M","M","?","R","M","?","T","R","$","M","M","?","R","BOSS"],"items_purchased_type":["Relic","Relic","Card","Card","Card","Card","Card","Card","Card","Card"],"build_version":"2020-12-22","purchased_purges":1,"victory":true,"max_hp_per_floor":[65,65,65,65,65,65,75,75,75,75,75,75,75,75,75,75,75,75,79,79,79,79,79,79,79,79,79,79,79,79,79,79,79,79,79,79,79,79,79,79,79,79,79,79,79,79,79,79,79,79],"card_choices":[{"not_picked":["Mountainwind:ReiMu","AlertArray:ReiMu"],"picked":"SafetyPray:ReiMu","floor":1},{"not_picked":["AlertArray:ReiMu","BarrageOfMoneybags:ReiMu"],"picked":"InherentArray:ReiMu","floor":5},{"not_picked":["AirStrike:ReiMu","SpringWay:ReiMu"],"picked":"UpKicking:ReiMu","floor":7},{"not_picked":["ForcedLanding:ReiMu","HakureiPhantom:ReiMu"],"picked":"Conquer:ReiMu","floor":10},{"not_picked":["FantasyMoon:ReiMu","Conquer:ReiMu"],"picked":"Meditation:ReiMu","floor":11},{"not_picked":["RainPray2:ReiMu","YinYangSign:ReiMu"],"picked":"Amulet:ReiMu","floor":12},{"not_picked":["Enchanting:ReiMu","ForcedLanding:ReiMu"],"picked":"ShadowOfCrow2:ReiMu","floor":13},{"not_picked":["BlastKick2:ReiMu","CardOfSanctity:ReiMu"],"picked":"DependentForm:ReiMu","floor":16},{"not_picked":["Dreaming2:ReiMu","KamiSacrifice:ReiMu+1"],"picked":"SpringWay:ReiMu","floor":18},{"not_picked":["UpKicking:ReiMu","EmergencyTakeOff:ReiMu"],"picked":"CareerPray:ReiMu+1","floor":20},{"not_picked":["MountainWay:ReiMu","RainPray2:ReiMu"],"picked":"MikOfLucky:ReiMu","floor":23},{"not_picked":["RainPray2:ReiMu","Meditation:ReiMu"],"picked":"TakeOff:ReiMu","floor":25},{"not_picked":["Conquer:ReiMu","FoulBorder2:ReiMu+1"],"picked":"SubcavityInstant:ReiMu","floor":27},{"not_picked":["FantasyBorder:ReiMu","AirManeuver:ReiMu"],"picked":"Authority:ReiMu","floor":29},{"not_picked":["ManaGlint:ReiMu","OrbThrow:ReiMu"],"picked":"SafetyPray:ReiMu","floor":30},{"not_picked":["OctopathSalyBorderN:ReiMu","PrayRite:ReiMu"],"picked":"Authority:ReiMu","floor":33},{"not_picked":["FantasyBorder:ReiMu","CareerPray:ReiMu+1"],"picked":"AirStrike:ReiMu+1","floor":35},{"not_picked":["SubAcupoint:ReiMu+1","Free:ReiMu"],"picked":"SpreadBorder2:ReiMu+1","floor":36},{"not_picked":["AlertArray:ReiMu","PassingAway:ReiMu"],"picked":"TightArray:ReiMu+1","floor":37},{"not_picked":["FantasyBorder:ReiMu+1","OrbThrow:ReiMu"],"picked":"Intuition:ReiMu","floor":38},{"not_picked":["AlertArray:ReiMu+1","EmergencyTakeOff:ReiMu+1"],"picked":"YinYangSange:ReiMu+1","floor":41},{"not_picked":["AirStrike:ReiMu","EmergencyTakeOff:ReiMu"],"picked":"PrepareRite:ReiMu","floor":46},{"not_picked":["Enchanting:ReiMu","SubcavityFantasy:ReiMu"],"picked":"SubAcupoint:ReiMu","floor":47}],"player_experience":488941,"relics_obtained":[{"floor":3,"key":"aspiration:ChemicalBlood"},{"floor":7,"key":"Pear"},{"floor":9,"key":"Gremlin Horn"},{"floor":10,"key":"StuffTheSpire:Experiment12"},{"floor":23,"key":"Sundial"},{"floor":26,"key":"StuffTheSpire:ForceGauntlet"},{"floor":43,"key":"StuffTheSpire:GrapeVine"},{"floor":46,"key":"wanderingMiniBosses:ThiefScarf"},{"floor":46,"key":"Ginger"},{"floor":46,"key":"Oddly Smooth Stone"}],"event_choices":[{"damage_healed":0,"gold_gain":0,"player_choice":"Obtained Relic","damage_taken":0,"relics_obtained":["Pen Nib"],"max_hp_gain":0,"max_hp_loss":0,"event_name":"Addict","floor":22,"gold_loss":85},{"damage_healed":0,"gold_gain":99,"player_choice":"Stole From Cult","damage_taken":0,"max_hp_gain":0,"max_hp_loss":0,"event_name":"Nest","floor":31,"gold_loss":0},{"damage_healed":0,"gold_gain":0,"player_choice":"Ignored","damage_taken":0,"max_hp_gain":0,"max_hp_loss":0,"event_name":"Tomb of Lord Red Mask","floor":42,"gold_loss":0},{"damage_healed":0,"gold_gain":0,"player_choice":"Ignored","damage_taken":0,"max_hp_gain":0,"max_hp_loss":0,"event_name":"Mysterious Sphere","floor":48,"gold_loss":0}],"is_beta":false,"boss_relics":[{"not_picked":["aspiration:SilentSkillbook","aspiration:PoetsPen_weak"],"picked":"CrownOfHeavens:ReiMu"},{"not_picked":["aspiration:RitualDagger","Philosopher\u0027s Stone"],"picked":"MariMod:MariFestivalBadge"}],"items_purged_floors":[19],"is_endless":false,"potions_floor_spawned":[1,5,12,13,18,23,27,37,41,47],"ascension_level":0}}