{"host":"h5mpg8xef8fl8s1y","time":1610690842,"event":{"mods":["100% Spire Juice","AchievementEnabler","BaseMod","Bestiary","Block Reminder","CapriCore","Colored Map","Colored Powertips","Curses Come First","Dark Map","Displayed Cursed Tome","Googly Eyes","Koishi","Marisa????????","Minty Spire (QoL Compilation)","Permanent Neow","Quick Restart","Random Character Button","Rare Cards Sparkle","Reimu??????","Relic Stats","Remilia??????","StSLib","Starting Relic: Pandora\u0027s Box","The Immortal","The Marked","The Senshi","The Servant 0.9.4","TheVelvet","Waifu the Spire","Yakumo Yukari mod","Yuyuko","everything is the same but u backflip on backflip"],"gold_per_floor":[369,1,12,12,24,49,49,49,49,49,69,69,84,84,84],"floor_reached":14,"language":"ENG","playtime":1029,"items_purged":[],"score":95,"play_id":"c0178f52-fc91-4c07-bfe8-c62addf4b3aa","local_time":"20210115010722","is_ascension_mode":true,"campfire_choices":[{"data":"Apotheosis","floor":8,"key":"SMITH"},{"floor":12,"key":"REST"}],"circlet_count":0,"master_deck":["theSenshi:RoseThrow","theSenshi:MoonPrismPowerMakeUp+1","theSenshi:LunaWiseMentor","theSenshi:EncouragingSpeech","theSenshi:SailorV","theSenshi:SailorMarsAssists","theSenshi:SailorPlanetAttack","theSenshi:MoonTiaraMagic","theSenshi:MoonPunch","theSenshi:MoonTiaraMagic","Normality","theSenshi:TallSilhouette","theSenshi:MoonCrisisMakeUp","Apotheosis+1","theSenshi:InTheNickOfTime","theSenshi:SailorMercuryAssists","theSenshi:MoonCosmicPowerMakeUp","theSenshi:UranusStrength","theSenshi:SailorMercuryAssists","theSenshi:Overload","theSenshi:MoonCrystalPowerMakeUp"],"relics":["theSenshi:TransformationBroochRelic","Pen Nib","Prayer Wheel","Potion Belt","theSenshi:TransformationPenRelic"],"acts_visited":["Exordium"],"potions_floor_usage":[],"damage_taken":[{"damage":0,"enemies":"Cultist","floor":1,"turns":4},{"damage":1,"enemies":"2 Louse","floor":3,"turns":4},{"damage":0,"enemies":"Small Slimes","floor":5,"turns":4},{"damage":10,"enemies":"3 Sentries","floor":6,"turns":7},{"damage":16,"enemies":"Exordium Thugs","floor":11,"turns":5},{"damage":9,"enemies":"Looter","floor":13,"turns":2},{"damage":48,"enemies":"Gremlin Nob","floor":14,"turns":5}],"seed_played":"4703683866009394869","potions_obtained":[{"floor":1,"key":"Block Potion"},{"floor":5,"key":"Explosive Potion"}],"is_trial":false,"path_per_floor":["M","$","M","?","M","E","?","R","T","?","M","R","M","E"],"character_chosen":"THE_SENSHI","items_purchased":["Pen Nib","theSenshi:MoonCrisisMakeUp","Apotheosis"],"campfire_rested":1,"item_purchase_floors":[2,2,2],"current_hp_per_floor":[75,75,74,49,49,39,44,44,44,44,28,52,43,0,0],"gold":84,"neow_bonus":"TWO_FIFTY_GOLD","is_daily":false,"chose_seed":false,"campfire_upgraded":1,"win_rate":0.0,"timestamp":1610690842,"path_taken":["M","$","M","?","M","E","?","R","T","?","?","R","M","E"],"items_purchased_type":["Relic","Card","Card"],"build_version":"2020-12-22","purchased_purges":0,"victory":false,"max_hp_per_floor":[75,75,75,75,75,75,80,80,80,80,80,80,80,80,80],"relic_stats":{"counters":[7,31],"Prayer Wheel":3,"Pen Nib":[2],"obtain_stats":[{"Potion Belt":6,"theSenshi:TransformationBroochRelic":0,"theSenshi:TransformationPenRelic":9,"Prayer Wheel":4,"Pen Nib":2},{"Potion Belt":4,"theSenshi:TransformationBroochRelic":0,"theSenshi:TransformationPenRelic":4,"Prayer Wheel":2,"Pen Nib":1},{"Potion Belt":19,"theSenshi:TransformationBroochRelic":0,"theSenshi:TransformationPenRelic":19,"Prayer Wheel":8,"Pen Nib":4}]},"card_choices":[{"not_picked":["theSenshi:EncouragingSpeech","theSenshi:TuxedoMaskAssists"],"picked":"theSenshi:TallSilhouette","floor":1},{"not_picked":["theSenshi:SailorV","theSenshi:YouCanTalk"],"picked":"theSenshi:InTheNickOfTime","floor":3},{"not_picked":["theSenshi:SailorVenusAssists","theSenshi:Sidestep"],"picked":"theSenshi:SailorMercuryAssists","floor":5},{"not_picked":["theSenshi:Sidestep","theSenshi:SailorMercuryAssists"],"picked":"theSenshi:MoonCosmicPowerMakeUp","floor":5},{"not_picked":["theSenshi:DramaticEntrance","theSenshi:VenusGlamour","theSenshi:MoonTiaraMagic"],"picked":"SKIP","floor":6},{"not_picked":["theSenshi:RainbowMoonHeartAche","theSenshi:MoonPunch"],"picked":"theSenshi:UranusStrength","floor":11},{"not_picked":["theSenshi:SailorV","theSenshi:SailorMarsAssists"],"picked":"theSenshi:SailorMercuryAssists","floor":11},{"not_picked":["theSenshi:LunasBite","theSenshi:TuxedoMaskAssists"],"picked":"theSenshi:Overload","floor":13},{"not_picked":["theSenshi:SchoolBag","theSenshi:DramaticEntrance"],"picked":"theSenshi:MoonCrystalPowerMakeUp","floor":13}],"player_experience":231561,"relics_obtained":[{"floor":6,"key":"Potion Belt"},{"floor":9,"key":"theSenshi:TransformationPenRelic"}],"event_choices":[{"damage_healed":0,"gold_gain":0,"player_choice":"Success","damage_taken":25,"relics_obtained":["Prayer Wheel"],"max_hp_gain":0,"max_hp_loss":0,"event_name":"Scrap Ooze","floor":4,"gold_loss":0},{"damage_healed":0,"gold_gain":0,"player_choice":"Donut","damage_taken":0,"max_hp_gain":5,"max_hp_loss":0,"event_name":"Big Fish","floor":7,"gold_loss":0},{"damage_healed":0,"gold_gain":0,"player_choice":"Forge","damage_taken":0,"max_hp_gain":0,"max_hp_loss":0,"event_name":"Accursed Blacksmith","floor":10,"gold_loss":0,"cards_upgraded":["theSenshi:MoonPrismPowerMakeUp"]}],"is_beta":false,"boss_relics":[],"items_purged_floors":[],"is_endless":false,"potions_floor_spawned":[1,5],"killed_by":"Gremlin Nob","ascension_level":1}}