{"host":"450g1opcost04h3o","time":1610752825,"event":{"mods":["BaseMod","Colored Powertips","Koishi","Marisa????????","Minty Spire (QoL Compilation)","Prisma Mod","StSLib","Td1madao Mod","The Servant 0.9.4","thorton"],"gold_per_floor":[109,126,126,126,139,166,42,52,52,52,92,72,72,105,105,225,225,238,254,254,43,43,43,74,74,128,77,77,91,291,311,311,311,311],"floor_reached":33,"language":"ENG","playtime":1431,"items_purged":["Regret"],"score":281,"play_id":"981dbe7e-60b3-407c-bdfb-036071265907","local_time":"20210116002025","is_ascension_mode":false,"campfire_choices":[{"floor":13,"key":"REST"},{"data":"Perfected Strike","floor":15,"key":"SMITH"},{"floor":23,"key":"REST"},{"floor":25,"key":"REST"},{"floor":28,"key":"REST"},{"data":"Inflame","floor":32,"key":"SMITH"}],"circlet_count":0,"master_deck":["Strike_R+1","Strike_R","Strike_R","Strike_R","Strike_R","Defend_R","Defend_R","Bash","Armaments","Cleave","Pommel Strike","Whirlwind","Perfected Strike+1","Perfected Strike","Uppercut","Thunderclap","Feed","Iron Wave+1","Clash","Inflame+1","Ghostly Armor","Anger","Carnage","Twin Strike"],"relics":["Burning Blood","Juzu Bracelet","Gremlin Horn","Letter Opener","Toy Ornithopter","Golden Idol","Omamori","Bag of Preparation","Empty Cage","Necronomicon","Sling","MutagenicStrength","Dead Branch","Happy Flower"],"acts_visited":["Exordium","TheCity"],"potions_floor_usage":[6,11,14,29,31,33],"damage_taken":[{"damage":0,"enemies":"Cultist","floor":1,"turns":3},{"damage":1,"enemies":"Jaw Worm","floor":2,"turns":4},{"damage":2,"enemies":"Small Slimes","floor":5,"turns":3},{"damage":33,"enemies":"Lagavulin","floor":6,"turns":5},{"damage":6,"enemies":"2 Fungi Beasts","floor":8,"turns":2},{"damage":13,"enemies":"3 Sentries","floor":11,"turns":3},{"damage":14,"enemies":"Gremlin Nob","floor":14,"turns":3},{"damage":24,"enemies":"Slime Boss","floor":16,"turns":7},{"damage":27,"enemies":"3 Byrds","floor":18,"turns":4},{"damage":10,"enemies":"2 Thieves","floor":19,"turns":3},{"damage":30,"enemies":"Gremlin Leader","floor":24,"turns":3},{"damage":0,"enemies":"Snake Plant","floor":29,"turns":3},{"damage":10,"enemies":"Cultist and Chosen","floor":31,"turns":2},{"damage":112,"enemies":"Automaton","floor":33,"turns":6}],"seed_played":"1007918430923837765","potions_obtained":[{"floor":2,"key":"SkillPotion"},{"floor":6,"key":"Fire Potion"},{"floor":12,"key":"AttackPotion"},{"floor":14,"key":"Ancient Potion"},{"floor":24,"key":"Block Potion"},{"floor":29,"key":"Strength Potion"}],"is_trial":false,"path_per_floor":["M","M","?","?","M","E","$","M","T","?","E","?","R","E","R","B",null,"M","M","?","$","?","R","E","R","T","$","R","M","?","M","R","B"],"character_chosen":"IRONCLAD","items_purchased":["Perfected Strike","Inflame","Sling","Anger"],"campfire_rested":4,"item_purchase_floors":[7,21,21,27],"current_hp_per_floor":[80,80,80,73,77,50,50,50,50,50,48,48,70,66,66,48,74,53,52,36,36,36,59,35,58,58,58,77,77,77,73,73,0,0],"gold":311,"neow_bonus":"UPGRADE_CARD","is_daily":false,"chose_seed":false,"campfire_upgraded":2,"win_rate":0.0,"timestamp":1610752825,"path_taken":["M","M","?","?","M","E","$","M","T","?","E","?","R","E","R","BOSS","M","M","?","$","?","R","E","R","T","$","R","M","?","M","R","BOSS"],"items_purchased_type":["Card","Card","Relic","Card"],"build_version":"2020-12-22","purchased_purges":1,"victory":false,"max_hp_per_floor":[80,80,80,80,80,80,80,80,80,74,74,74,74,74,74,74,74,74,77,77,77,77,77,77,77,77,77,77,77,77,77,77,77,77],"card_choices":[{"not_picked":["Iron Wave","Sword Boomerang"],"picked":"Armaments","floor":1},{"not_picked":["Wild Strike","Seeing Red"],"picked":"Cleave","floor":2},{"not_picked":["Shockwave","Armaments"],"picked":"Pommel Strike","floor":5},{"not_picked":["Havoc","Body Slam"],"picked":"Whirlwind","floor":6},{"not_picked":["Clothesline","Armaments"],"picked":"Perfected Strike","floor":8},{"not_picked":["Fire Breathing","Havoc"],"picked":"Uppercut","floor":11},{"not_picked":["Feel No Pain","Entrench"],"picked":"Thunderclap","floor":14},{"not_picked":["Barricade","Juggernaut"],"picked":"Feed","floor":16},{"not_picked":["Uppercut","Burning Pact"],"picked":"Iron Wave+1","floor":18},{"not_picked":["Second Wind+1","Intimidate"],"picked":"Clash","floor":19},{"not_picked":["Whirlwind","Berserk"],"picked":"Ghostly Armor","floor":24},{"not_picked":["Body Slam","Warcry+1"],"picked":"Carnage","floor":29},{"not_picked":["Sword Boomerang","Warcry+1"],"picked":"Twin Strike","floor":31}],"player_experience":105261,"relics_obtained":[{"floor":6,"key":"Letter Opener"},{"floor":9,"key":"Toy Ornithopter"},{"floor":11,"key":"Omamori"},{"floor":14,"key":"Bag of Preparation"},{"floor":20,"key":"Necronomicon"},{"floor":24,"key":"Dead Branch"},{"floor":26,"key":"Happy Flower"}],"event_choices":[{"damage_healed":0,"gold_gain":0,"player_choice":"Box","damage_taken":0,"relics_obtained":["Juzu Bracelet"],"max_hp_gain":0,"max_hp_loss":0,"event_name":"Big Fish","floor":3,"gold_loss":0,"cards_obtained":["Regret"]},{"damage_healed":0,"gold_gain":0,"player_choice":"Success","damage_taken":7,"relics_obtained":["Gremlin Horn"],"max_hp_gain":0,"max_hp_loss":0,"event_name":"Scrap Ooze","floor":4,"gold_loss":0},{"damage_healed":0,"gold_gain":0,"player_choice":"Lose Max HP","damage_taken":0,"relics_obtained":["Golden Idol"],"max_hp_gain":0,"max_hp_loss":6,"event_name":"Golden Idol","floor":10,"gold_loss":0},{"damage_healed":0,"gold_gain":0,"player_choice":"Bought 1 Potion","damage_taken":0,"max_hp_gain":0,"max_hp_loss":0,"event_name":"The Woman in Blue","floor":12,"gold_loss":0},{"damage_healed":0,"gold_gain":0,"player_choice":"Obtained Book","damage_taken":16,"max_hp_gain":0,"max_hp_loss":0,"event_name":"Cursed Tome","floor":20,"gold_loss":0},{"damage_healed":0,"gold_gain":0,"player_choice":"Inject Mutagens","damage_taken":0,"relics_obtained":["MutagenicStrength"],"max_hp_gain":0,"max_hp_loss":0,"event_name":"Drug Dealer","floor":22,"gold_loss":0},{"damage_healed":0,"gold_gain":200,"player_choice":"Gold","damage_taken":0,"max_hp_gain":0,"max_hp_loss":0,"event_name":"Wheel of Change","floor":30,"gold_loss":0}],"is_beta":false,"boss_relics":[{"not_picked":["Pandora\u0027s Box","Snecko Eye"],"picked":"Empty Cage"}],"items_purged_floors":[7],"is_endless":false,"potions_floor_spawned":[2,6,14,24,29],"killed_by":"Automaton","ascension_level":0}}