{"host":"f5gffvlv6a66yqkd","time":1610731163,"event":{"mods":["2.2 Compatiblity","Alarm Clock","BaseMod","Colored Map","Custom Start","DeckTracker","Keyboard Shortcuts","Minty Spire (QoL Compilation)","Permanent Neow","Quick Restart","Relic Stats","StSLib","SuperFastMode"],"gold_per_floor":[115,265,265,280,147,191,191,209,255,255,281,34,34,84,84,166,166,186,205,63,63,90,90,90,90],"floor_reached":24,"language":"KOR","playtime":454,"items_purged":["Doubt","Defend_P","Strike_P"],"score":554,"play_id":"d011f2ad-6dff-4c53-9c4e-066d714eea36","local_time":"20210116021923","is_ascension_mode":true,"campfire_choices":[{"data":"Adaptation","floor":7.0,"key":"SMITH"},{"data":"Wallop","floor":13.0,"key":"SMITH"},{"data":"SandsOfTime","floor":15.0,"key":"SMITH"},{"data":"EmptyBody","floor":23.0,"key":"SMITH"}],"circlet_count":0,"master_deck":["AscendersBane","Strike_P","Strike_P+1","Defend_P","Defend_P","Eruption+1","Vigilance","FollowUp+1","FlurryOfBlows","Adaptation+1","Wallop+1","SandsOfTime+1","Judgement","EmptyBody+1","LessonLearned"],"relics":["PureWater","NeowsBlessing","CeramicFish","Bag of Preparation","Happy Flower","Empty Cage"],"acts_visited":["Exordium","TheCity"],"potions_floor_usage":[24],"damage_taken":[{"damage":0.0,"enemies":"Small Slimes","floor":1.0,"turns":1.0},{"damage":0.0,"enemies":"Cultist","floor":4.0,"turns":1.0},{"damage":0.0,"enemies":"Lagavulin","floor":6.0,"turns":1.0},{"damage":0.0,"enemies":"2 Louse","floor":8.0,"turns":2.0},{"damage":25.0,"enemies":"3 Sentries","floor":11.0,"turns":5.0},{"damage":0.0,"enemies":"Slime Boss","floor":16.0,"turns":4.0},{"damage":0.0,"enemies":"Chosen","floor":18.0,"turns":3.0},{"damage":0.0,"enemies":"2 Thieves","floor":19.0,"turns":2.0},{"damage":0.0,"enemies":"Centurion and Healer","floor":22.0,"turns":3.0},{"damage":60,"enemies":"Book of Stabbing","floor":24,"turns":5}],"seed_played":"905558710637379405","potions_obtained":[{"floor":4.0,"key":"CultistPotion"},{"floor":8.0,"key":"PowerPotion"},{"floor":16.0,"key":"Swift Potion"}],"is_trial":false,"path_per_floor":["M","?","?","M","$","E","R","M","T","?","E","$","R","?","R","B",null,"M","M","$","?","M","R","E"],"character_chosen":"WATCHER","items_purchased":["FlurryOfBlows","Wallop","SandsOfTime","EmptyBody"],"campfire_rested":0,"item_purchase_floors":[5,12,12,20],"current_hp_per_floor":[61,61,61,61,61,61,61,61,61,41,16,16,16,16,16,16,55,55,55,55,55,55,55,0,0],"gold":90,"neow_bonus":"THREE_ENEMY_KILL","is_daily":false,"chose_seed":false,"campfire_upgraded":4,"win_rate":0.0,"timestamp":1610731163,"path_taken":["M","?","?","?","$","E","R","M","T","?","E","?","R","?","R","BOSS","M","?","$","?","M","R","E"],"items_purchased_type":["Card","Card","Card","Card"],"build_version":"2020-12-22","purchased_purges":3,"victory":false,"max_hp_per_floor":[68,68,68,68,68,68,68,68,68,68,68,68,68,68,68,68,68,68,68,68,68,68,68,68,68],"relic_stats":{"Happy Flower":[5],"counters":[10,27],"CeramicFish":54,"Bag of Preparation":[12],"obtain_stats":[{"NeowsBlessing":0,"Happy Flower":11,"CeramicFish":6,"Bag of Preparation":9,"PureWater":0,"Empty Cage":17},{"NeowsBlessing":0,"Happy Flower":5,"CeramicFish":3,"Bag of Preparation":4,"PureWater":0,"Empty Cage":6},{"NeowsBlessing":0,"Happy Flower":10,"CeramicFish":3,"Bag of Preparation":5,"PureWater":0,"Empty Cage":14}]},"card_choices":[{"not_picked":["FlyingSleeves","Protect","Evaluate"],"picked":"SKIP","floor":1.0},{"not_picked":["BattleHymn","Halt"],"picked":"FollowUp","floor":4.0},{"not_picked":["Protect","EmptyFist"],"picked":"Adaptation","floor":6.0},{"not_picked":["FollowUp","JustLucky","Blasphemy"],"picked":"SKIP","floor":8.0},{"not_picked":["FollowUp","JustLucky","Blasphemy"],"picked":"SKIP","floor":8.0},{"not_picked":["JustLucky","Pray","WreathOfFlame"],"picked":"SKIP","floor":11.0},{"not_picked":["Omniscience","Wish"],"picked":"Judgement","floor":16.0},{"not_picked":["SashWhip","Fasting2","Study+1"],"picked":"SKIP","floor":18.0},{"not_picked":["Evaluate","Prostrate","PathToVictory+1"],"picked":"SKIP","floor":19.0},{"not_picked":["EmptyFist+1","WreathOfFlame"],"picked":"LessonLearned","floor":22.0}],"player_experience":1565912,"relics_obtained":[{"floor":6.0,"key":"CeramicFish"},{"floor":9.0,"key":"Bag of Preparation"},{"floor":11.0,"key":"Happy Flower"}],"event_choices":[{"damage_healed":0.0,"max_hp_gain":0.0,"max_hp_loss":0.0,"gold_gain":150.0,"event_name":"Liars Game","player_choice":"AGREE","floor":2.0,"gold_loss":0.0,"damage_taken":0.0,"cards_obtained":["Doubt"]},{"damage_healed":0.0,"max_hp_gain":0.0,"max_hp_loss":0.0,"gold_gain":0.0,"event_name":"Upgrade Shrine","player_choice":"Upgraded","floor":3.0,"gold_loss":0.0,"damage_taken":0.0,"cards_upgraded":["Eruption"]},{"damage_healed":0.0,"max_hp_gain":0.0,"max_hp_loss":0.0,"gold_gain":0.0,"event_name":"Shining Light","player_choice":"Entered Light","floor":10.0,"gold_loss":0.0,"damage_taken":20.0,"cards_upgraded":["Strike_P","FollowUp"]},{"damage_healed":0.0,"max_hp_gain":0.0,"max_hp_loss":0.0,"gold_gain":50.0,"event_name":"Golden Shrine","player_choice":"Pray","floor":14.0,"gold_loss":0.0,"damage_taken":0.0},{"damage_healed":0.0,"max_hp_gain":0.0,"max_hp_loss":0.0,"gold_gain":0.0,"event_name":"The Mausoleum","player_choice":"Ignored","floor":21.0,"gold_loss":0.0,"damage_taken":0.0}],"is_beta":false,"boss_relics":[{"not_picked":["Sozu","Cursed Key"],"picked":"Empty Cage"}],"items_purged_floors":[5,12,20],"is_endless":false,"potions_floor_spawned":[4,8,16],"killed_by":"Book of Stabbing","ascension_level":20}}