{"host":"1ewlj51w384ajcbv","time":1610683679,"event":{"mods":["BaseMod","Better Third Choice","Downfall","Minty Spire (QoL Compilation)","StSLib"],"gold_per_floor":[113,130,130,130,142,170,188,198,198,198,215,233,252,277,277,277,277],"floor_reached":16,"language":"ENG","playtime":942,"items_purged":[],"score":116,"play_id":"6c627dbc-f70c-485a-8461-626d9f6a702e","local_time":"20210114200759","is_ascension_mode":false,"campfire_choices":[{"floor":10,"key":"REST"},{"floor":15,"key":"REST"}],"circlet_count":0,"master_deck":["Strike_G","Strike_G","Strike_G+1","Strike_G","Defend_G","Defend_G","Defend_G","Defend_G","Defend_G","Survivor","Neutralize","Masterful Stab+1","Blade Dance","Leg Sweep","Slice","Adrenaline","Slice","Backflip","Sucker Punch","Sucker Punch","Poisoned Stab","Blur"],"relics":["Ring of the Snake","NeowsBlessing","Pantograph","Bag of Marbles","Smiling Mask"],"acts_visited":["Exordium"],"potions_floor_usage":[16,16],"damage_taken":[{"damage":0,"enemies":"Cultist","floor":1,"turns":1},{"damage":0,"enemies":"Jaw Worm","floor":2,"turns":1},{"damage":0,"enemies":"Small Slimes","floor":5,"turns":1},{"damage":24,"enemies":"Lagavulin","floor":6,"turns":8},{"damage":14,"enemies":"Gremlin Gang","floor":7,"turns":3},{"damage":0,"enemies":"2 Fungi Beasts","floor":8,"turns":2},{"damage":0,"enemies":"Looter","floor":11,"turns":1},{"damage":0,"enemies":"Blue Slaver","floor":12,"turns":1},{"damage":3,"enemies":"Exordium Wildlife","floor":13,"turns":3},{"damage":11,"enemies":"3 Sentries","floor":14,"turns":8},{"damage":75,"enemies":"The Guardian","floor":16,"turns":16}],"seed_played":"7251151314395603018","potions_obtained":[{"floor":5,"key":"SpeedPotion"},{"floor":6,"key":"LiquidMemories"},{"floor":7,"key":"sneckomod:MuddlingPotion"}],"is_trial":false,"path_per_floor":["M","M","?","?","M","E","M","M","T","R","M","M","M","E","R","B"],"character_chosen":"THE_SILENT","items_purchased":[],"campfire_rested":2,"item_purchase_floors":[],"current_hp_per_floor":[70,70,56,56,56,32,18,18,18,39,39,39,36,25,46,0,0],"gold":277,"neow_bonus":"THREE_ENEMY_KILL","is_daily":false,"chose_seed":false,"campfire_upgraded":0,"win_rate":0.0,"timestamp":1610683679,"path_taken":["M","?","?","?","M","E","M","?","T","R","M","M","M","E","R","BOSS"],"items_purchased_type":[],"build_version":"2020-12-22","purchased_purges":0,"victory":false,"max_hp_per_floor":[70,70,70,70,70,70,70,70,70,70,70,70,70,70,70,70,70],"card_choices":[{"not_picked":["Backflip","Calculated Gamble"],"picked":"Masterful Stab","floor":1},{"not_picked":["Deflect","Flying Knee"],"picked":"Blade Dance","floor":2},{"not_picked":["Dash","Skewer"],"picked":"Slice","floor":5},{"not_picked":["Distraction","Dodge and Roll"],"picked":"Adrenaline","floor":6},{"not_picked":["Dagger Spray","Backflip"],"picked":"Slice","floor":7},{"not_picked":["Malaise","Underhanded Strike"],"picked":"Backflip","floor":8},{"not_picked":["Prepared","Flying Knee"],"picked":"Sucker Punch","floor":11},{"not_picked":["All Out Attack","Dash"],"picked":"Sucker Punch","floor":12},{"not_picked":["Backstab","Footwork"],"picked":"Poisoned Stab","floor":13},{"not_picked":["Dagger Throw","Tools of the Trade"],"picked":"Blur","floor":14}],"player_experience":106384,"relics_obtained":[{"floor":6,"key":"Pantograph"},{"floor":9,"key":"Bag of Marbles"},{"floor":14,"key":"Smiling Mask"}],"event_choices":[{"damage_healed":70,"gold_gain":0,"player_choice":"Upgrade","damage_taken":14,"max_hp_gain":0,"max_hp_loss":70,"event_name":"betterThird:BetterShining","floor":3,"gold_loss":0,"cards_upgraded":["Masterful Stab","Strike_G"]},{"damage_healed":0,"gold_gain":0,"cards_transformed":["Strike_G"],"player_choice":"Transformed","damage_taken":0,"max_hp_gain":0,"max_hp_loss":0,"event_name":"Transmorgrifier","floor":4,"gold_loss":0,"cards_obtained":["Leg Sweep"]}],"is_beta":false,"boss_relics":[],"items_purged_floors":[],"is_endless":false,"potions_floor_spawned":[5,6,7,11,13,14],"killed_by":"The Guardian","ascension_level":0}}