{"host":"yuhy0i501zzmn1iz","time":1610738092,"event":{"mods":["AchievementEnabler","AlwaysNeverKeys","BaseMod","Bestiary","Better Match","Better Third Choice","Curses Come First","Downfall","Minty Spire (QoL Compilation)","StSLib","slay the spire mod where everything is the same but ironclad has a cowboy hat"],"gold_per_floor":[17,32,32,104,104,143,143,68,92,92,162,238,262,276,276,402,402,427,402,161,211,235,273,335,412,424,454,479,507,549,626,638,747,759,785,817,929,991,1021,1033,1077,1089,1154,1183,1245,267,298,220,220,220,220,220,74,100,100,100],"floor_reached":55,"language":"ENG","playtime":2434,"items_purged":["Injury"],"score":949,"play_id":"999c9af7-d0c5-42eb-bddc-5a2873f20614","local_time":"20210115141452","is_ascension_mode":true,"campfire_choices":[{"floor":7.0,"key":"REST"},{"data":"Worship","floor":10.0,"key":"SMITH"},{"data":"Ragnarok","floor":15.0,"key":"SMITH"},{"data":"Establishment","floor":32.0,"key":"SMITH"},{"floor":40.0,"key":"REST"},{"floor":42,"key":"REST"},{"floor":49,"key":"RECALL"},{"data":"Apotheosis","floor":52,"key":"SMITH"}],"circlet_count":0,"master_deck":["Defend_P","Defend_P","Defend_P","Defend_P","Eruption+1","Vigilance","ClearTheMind","Establishment+1","Worship","Worship+1","CrushJoints+1","Ragnarok+1","FlyingSleeves","ReachHeaven","Vault","FlyingSleeves+1","Madness","Writhe","SashWhip+1","Protect","Consecrate","Wallop","Consecrate","MasterReality","Conclude","Purity","Chrysalis","Transmutation","Wireheading","sneckomod:Bewildered","Ragnarok","Deep Breath","Prostrate","Apotheosis+1","Prostrate","Ragnarok","WheelKick"],"relics":["PureWater","Bloody Idol","HornCleat","SsserpentHead","Shuriken","Whetstone","Boot","Busted Crown","Damaru","Regal Pillow","MawBank","Oddly Smooth Stone","Du-Vu Doll","Cursed Key","GoldenEye","Anchor","Juzu Bracelet","CaptainsWheel","Lee\u0027s Waffle","PreservedInsect","Bag of Marbles","Mummified Hand"],"acts_visited":["Exordium","TheCity","TheBeyond","TheEnding"],"potions_floor_usage":[47],"damage_taken":[{"damage":6.0,"enemies":"Jaw Worm","floor":1.0,"turns":4.0},{"damage":4.0,"enemies":"Small Slimes","floor":2.0,"turns":3.0},{"damage":57.0,"enemies":"Gremlin Nob","floor":6.0,"turns":6.0},{"damage":0.0,"enemies":"Cultist","floor":11.0,"turns":2.0},{"damage":3.0,"enemies":"Exordium Wildlife","floor":13.0,"turns":4.0},{"damage":4.0,"enemies":"Red Slaver","floor":14.0,"turns":3.0},{"damage":12.0,"enemies":"Slime Boss","floor":16.0,"turns":6.0},{"damage":0.0,"enemies":"Spheric Guardian","floor":18.0,"turns":3.0},{"damage":8.0,"enemies":"3 Byrds","floor":22.0,"turns":4.0},{"damage":0.0,"enemies":"Gremlin Leader","floor":23.0,"turns":5.0},{"damage":29.0,"enemies":"Cultist and Chosen","floor":25.0,"turns":4.0},{"damage":1.0,"enemies":"Centurion and Healer","floor":27.0,"turns":4.0},{"damage":7.0,"enemies":"Shelled Parasite and Fungi","floor":28.0,"turns":4.0},{"damage":28.0,"enemies":"Snake Plant","floor":29.0,"turns":3.0},{"damage":48.0,"enemies":"Slavers","floor":30.0,"turns":7.0},{"damage":0.0,"enemies":"Sentry and Sphere","floor":31.0,"turns":2.0},{"damage":0.0,"enemies":"Collector","floor":33.0,"turns":6.0},{"damage":14.0,"enemies":"3 Darklings","floor":35.0,"turns":4.0},{"damage":0.0,"enemies":"Orb Walker","floor":36.0,"turns":4.0},{"damage":43.0,"enemies":"Mind Bloom Boss Battle","floor":37.0,"turns":5.0},{"damage":41.0,"enemies":"Writhing Mass","floor":39.0,"turns":6.0},{"damage":60,"enemies":"Reptomancer","floor":41,"turns":6},{"damage":3,"enemies":"Maw","floor":44,"turns":5},{"damage":23,"enemies":"Nemesis","floor":47,"turns":6},{"damage":46,"enemies":"Donu and Deca","floor":50,"turns":7},{"damage":31,"enemies":"Shield and Spear","floor":54,"turns":6},{"damage":87,"enemies":"The Heart","floor":55,"turns":4}],"seed_played":"-400355494281492594","potions_obtained":[{"floor":1.0,"key":"Fire Potion"},{"floor":13.0,"key":"CultistPotion"},{"floor":18.0,"key":"Dexterity Potion"},{"floor":22.0,"key":"ColorlessPotion"},{"floor":30.0,"key":"Swift Potion"},{"floor":36.0,"key":"Regen Potion"},{"floor":44,"key":"Swift Potion"},{"floor":54,"key":"Ancient Potion"}],"is_trial":false,"path_per_floor":["M","M","?","T","?","E","R","$","T","R","M","T","M","M","R","B",null,"M","?","$","?","M","E","?","M","T","M","M","M","E","M","R","B",null,"M","M","?","?","M","R","E","R","T","M","?","$","E","?","R","B",null,"R","$","E","B"],"character_chosen":"WATCHER","items_purchased":["Damaru","Madness","Ragnarok","Juzu Bracelet","CaptainsWheel","Deep Breath","Prostrate","Apotheosis","Lee\u0027s Waffle","Ragnarok"],"campfire_rested":3,"item_purchase_floors":[20,20,46,46,46,46,46,46,46,53],"current_hp_per_floor":[66,62,62,62,62,5,26,26,26,26,26,26,23,19,19,7,72,72,72,72,72,64,64,64,48,53,62,65,47,9,24,29,39,72,63,72,34,34,15,56,6,47,57,64,72,79,61,66,66,20,79,79,79,53,0,0],"gold":100,"neow_bonus":"TRANSFORM_TWO_CARDS","is_daily":false,"chose_seed":false,"campfire_upgraded":4,"win_rate":0.0,"timestamp":1610738092,"path_taken":["M","M","?","?","?","E","R","$","T","R","?","?","M","M","R","BOSS","M","?","$","?","M","E","?","?","T","M","M","M","E","?","R","BOSS","M","M","?","?","M","R","E","R","T","M","?","$","E","?","R","BOSS","R","$","E","BOSS"],"items_purchased_type":["Relic","Card","Card","Relic","Relic","Card","Card","Card","Relic","Card"],"build_version":"2020-12-22","purchased_purges":1,"victory":false,"max_hp_per_floor":[72,72,72,72,72,72,72,72,72,72,72,72,72,72,72,72,72,72,72,72,72,72,72,72,72,72,72,72,72,72,72,72,72,72,72,72,72,72,72,72,72,72,72,72,72,79,79,79,79,79,79,79,79,79,79,79],"card_choices":[{"not_picked":["EmptyBody","Consecrate"],"picked":"Worship","floor":1.0},{"not_picked":["Nirvana","CutThroughFate"],"picked":"Worship","floor":2.0},{"not_picked":["FollowUp","Halt"],"picked":"CrushJoints","floor":6.0},{"not_picked":["SignatureMove","EmptyFist"],"picked":"Ragnarok","floor":11.0},{"not_picked":["ReachHeaven","FollowUp"],"picked":"FlyingSleeves","floor":13.0},{"not_picked":["Evaluate","Tantrum"],"picked":"ReachHeaven","floor":14.0},{"not_picked":["MasterReality","Alpha"],"picked":"Vault","floor":16.0},{"not_picked":[],"picked":"FlyingSleeves+1","floor":18.0},{"not_picked":[],"picked":"SashWhip+1","floor":22.0},{"not_picked":["CrushJoints+1"],"picked":"SKIP","floor":23.0},{"not_picked":[],"picked":"Protect","floor":25.0},{"not_picked":[],"picked":"Consecrate","floor":27.0},{"not_picked":["PathToVictory"],"picked":"SKIP","floor":28.0},{"not_picked":[],"picked":"Wallop","floor":29.0},{"not_picked":[],"picked":"Consecrate","floor":30.0},{"not_picked":["Indignation"],"picked":"SKIP","floor":31.0},{"not_picked":[],"picked":"MasterReality","floor":33.0},{"not_picked":["Evaluate+1"],"picked":"SKIP","floor":35.0},{"not_picked":["Meditate"],"picked":"SKIP","floor":36.0},{"not_picked":[],"picked":"Conclude","floor":37.0},{"not_picked":[],"picked":"Purity","floor":38.0},{"not_picked":[],"picked":"Chrysalis","floor":38.0},{"not_picked":[],"picked":"Transmutation","floor":38.0},{"not_picked":["Consecrate"],"picked":"SKIP","floor":39.0},{"not_picked":[],"picked":"Wireheading","floor":41},{"not_picked":["Meditate"],"picked":"SKIP","floor":44},{"not_picked":[],"picked":"Prostrate","floor":47},{"not_picked":[],"picked":"WheelKick","floor":54}],"player_experience":292671,"relics_obtained":[{"floor":4.0,"key":"HornCleat"},{"floor":6.0,"key":"Shuriken"},{"floor":9.0,"key":"Whetstone"},{"floor":12.0,"key":"Boot"},{"floor":23.0,"key":"MawBank"},{"floor":26.0,"key":"Oddly Smooth Stone"},{"floor":30.0,"key":"Du-Vu Doll"},{"floor":37.0,"key":"GoldenEye"},{"floor":41,"key":"Anchor"},{"floor":47,"key":"PreservedInsect"},{"floor":54,"key":"Mummified Hand"}],"event_choices":[{"damage_healed":0.0,"max_hp_gain":0.0,"max_hp_loss":0.0,"gold_gain":0.0,"event_name":"Golden Idol","player_choice":"Take Wound","floor":3.0,"gold_loss":0.0,"damage_taken":0.0,"relics_obtained":["Golden Idol"],"cards_obtained":["Injury"]},{"damage_healed":0.0,"max_hp_gain":0.0,"max_hp_loss":0.0,"gold_gain":0.0,"event_name":"FaceTrader","player_choice":"Trade","floor":5.0,"gold_loss":0.0,"damage_taken":0.0,"relics_obtained":["SsserpentHead"]},{"cards_removed":["Strike_P"],"damage_healed":0.0,"max_hp_gain":0.0,"max_hp_loss":0.0,"gold_gain":0.0,"event_name":"Beggar","player_choice":"Gave Gold","floor":19.0,"gold_loss":75.0,"damage_taken":0.0},{"damage_healed":0.0,"max_hp_gain":0.0,"max_hp_loss":0.0,"gold_gain":0.0,"event_name":"The Mausoleum","player_choice":"Opened","floor":21.0,"gold_loss":0.0,"damage_taken":0.0,"relics_obtained":["Regal Pillow"],"cards_obtained":["Writhe"]},{"damage_healed":0.0,"max_hp_gain":0.0,"max_hp_loss":0.0,"gold_gain":0.0,"event_name":"Forgotten Altar","player_choice":"Gave Idol","floor":24.0,"relics_lost":["Golden Idol"],"gold_loss":0.0,"damage_taken":0.0,"relics_obtained":["Bloody Idol"]},{"damage_healed":0.0,"max_hp_gain":0.0,"max_hp_loss":0.0,"gold_gain":0.0,"event_name":"MindBloom","player_choice":"Fight","floor":37.0,"gold_loss":0.0,"damage_taken":0.0},{"damage_healed":0.0,"max_hp_gain":0.0,"max_hp_loss":0.0,"gold_gain":0.0,"event_name":"SensoryStone","player_choice":"Memory 3","floor":38.0,"gold_loss":0.0,"damage_taken":10.0},{"cards_removed":["Strike_P"],"damage_healed":0,"gold_gain":0,"player_choice":"Removed Attack","damage_taken":0,"max_hp_gain":0,"max_hp_loss":0,"event_name":"Falling","floor":45,"gold_loss":0},{"damage_healed":0,"gold_gain":0,"player_choice":"Paid Gold","damage_taken":0,"relics_obtained":["Bag of Marbles"],"max_hp_gain":0,"max_hp_loss":0,"event_name":"WeMeetAgain","floor":48,"gold_loss":128}],"is_beta":false,"boss_relics":[{"not_picked":["Ectoplasm","Fusion Hammer"],"picked":"Busted Crown"},{"not_picked":["Sozu","Snecko Eye"],"picked":"Cursed Key"}],"items_purged_floors":[8],"is_endless":false,"potions_floor_spawned":[1,13,18,22,30,36,44,54],"killed_by":"The Heart","ascension_level":2}}