{"host":"mhmeo7g9gd98ttwb","time":1610679427,"event":{"mods":["BaseMod","Card Forge","Colored Map","Filter the Spire","Minty Spire (QoL Compilation)","Relic Stats","StSLib"],"gold_per_floor":[113,113,188,211,226,259,259,321,321,345,363,363,863,518,518,639,639,653,673,673,689,710,710,710,742,742,761,776,776,444,478,478,591,591,611,624,638,340,404,404,164,182,182,182,191,221,232,100,100,100,100,100,0,42,42],"floor_reached":56,"language":"ENG","playtime":4860,"items_purged":[],"score":1465,"play_id":"c589463f-24c3-4a94-9cc3-9571032ee8d8","local_time":"20210115025707","is_ascension_mode":false,"campfire_choices":[{"floor":12,"key":"REST"},{"floor":15,"key":"RECALL"},{"floor":24,"key":"REST"},{"floor":29,"key":"REST"},{"floor":32,"key":"DIG"},{"floor":40,"key":"DIG"},{"floor":44,"key":"DIG"},{"floor":49,"key":"DIG"},{"floor":52,"key":"DIG"}],"circlet_count":0,"master_deck":["Bash+1","Wild Strike+1","Rage+1","Offering+1","Feed+1","Infernal Blade+1","Double Tap+1","Disarm+1","Thunderclap+1","Shrug It Off+1","Rampage+1","Battle Trance+1","Shockwave+1","Flame Barrier+1","Shrug It Off+1","Spot Weakness+1","Exhume+1","Ghostly Armor+1","Uppercut+1","Feed+1","Metallicize+1","Limit Break+1","Disarm+1","Inflame+1","True Grit+1","Exhume+1","Carnage+1"],"relics":["Hammer of Thor","Seething Fire","Anvil of the Gods","Pandora\u0027s Box","Bloody Idol","InkBottle","Shuriken","WarpedTongs","Boot","Nunchaku","Snecko Eye","Pen Nib","Shovel","Paper Frog","Lee\u0027s Waffle","Pocketwatch","CeramicFish","SacredBark","Blood Vial","Vajra","Incense Burner","Meat on the Bone","Gremlin Horn","The Courier","Bag of Preparation","Lizard Tail","Pantograph","Ancient Tea Set","MealTicket","Bottled Lightning","Lantern","White Beast Statue","Mummified Hand","War Paint","Ornamental Fan","Mercury Hourglass","Toy Ornithopter","Sundial","DollysMirror","Red Skull","Calipers","Happy Flower","Letter Opener","TungstenRod","Blue Candle","Strawberry","StoneCalendar","Bag of Marbles","HornCleat","Thread and Needle","Art of War","Anchor","Dead Branch","Eternal Feather","Akabeko","Oddly Smooth Stone","Pear","Self Forming Clay","Ginger","Orichalcum","Kunai","Bronze Scales","FossilizedHelix","CaptainsWheel","Bird Faced Urn","Bottled Flame","Torii","Mango","Magic Flower","Champion Belt","Turnip","Ice Cream","Gambling Chip","Charon\u0027s Ashes","Du-Vu Doll","Centennial Puzzle"],"acts_visited":["Exordium","TheCity","TheBeyond","TheEnding"],"potions_floor_usage":[25,31,37,39,46],"damage_taken":[{"damage":0,"enemies":"Small Slimes","floor":1,"turns":2},{"damage":0,"enemies":"2 Louse","floor":4,"turns":1},{"damage":0,"enemies":"Jaw Worm","floor":5,"turns":1},{"damage":21,"enemies":"Lagavulin","floor":6,"turns":5},{"damage":6,"enemies":"2 Fungi Beasts","floor":10,"turns":1},{"damage":6,"enemies":"Blue Slaver","floor":11,"turns":3},{"damage":6,"enemies":"The Guardian","floor":16,"turns":5},{"damage":15,"enemies":"2 Thieves","floor":18,"turns":4},{"damage":4,"enemies":"Chosen","floor":19,"turns":4},{"damage":3,"enemies":"Snake Plant","floor":21,"turns":6},{"damage":10,"enemies":"Centurion and Healer","floor":22,"turns":5},{"damage":22,"enemies":"Gremlin Leader","floor":25,"turns":11},{"damage":10,"enemies":"Chosen and Byrds","floor":27,"turns":4},{"damage":27,"enemies":"3 Cultists","floor":28,"turns":6},{"damage":36,"enemies":"Slavers","floor":31,"turns":6},{"damage":25,"enemies":"Collector","floor":33,"turns":4},{"damage":14,"enemies":"3 Shapes","floor":35,"turns":5},{"damage":29,"enemies":"3 Darklings","floor":36,"turns":7},{"damage":0,"enemies":"Spire Growth","floor":37,"turns":5},{"damage":2,"enemies":"2 Orb Walkers","floor":39,"turns":5},{"damage":27,"enemies":"Nemesis","floor":46,"turns":11},{"damage":2,"enemies":"4 Shapes","floor":47,"turns":7},{"damage":29,"enemies":"Donu and Deca","floor":50,"turns":8},{"damage":0,"enemies":"Shield and Spear","floor":54,"turns":3},{"damage":0,"enemies":"The Heart","floor":55,"turns":7}],"seed_played":"8228568402030248796","potions_obtained":[{"floor":6,"key":"SmokeBomb"},{"floor":11,"key":"Ancient Potion"},{"floor":16,"key":"FairyPotion"},{"floor":18,"key":"AttackPotion"},{"floor":31,"key":"DuplicationPotion"},{"floor":37,"key":"Explosive Potion"},{"floor":46,"key":"Dexterity Potion"},{"floor":54,"key":"Fruit Juice"}],"is_trial":false,"path_per_floor":["M","?","?","M","M","E","?","?","T","M","M","R","?","$","R","B",null,"M","M","?","M","M","?","R","E","T","M","M","R","$","E","R","B",null,"M","M","M","$","?","R","$","?","T","R","?","E","M","$","R","B",null,"R","$","E","B",null],"character_chosen":"IRONCLAD","items_purchased":["Boot","Nunchaku","Spot Weakness","Shovel","Paper Frog","Lee\u0027s Waffle","Metallicize","Block Potion","Blood Vial","Vajra","Gremlin Horn","Pantograph","Ancient Tea Set","MealTicket","Bottled Lightning","Mummified Hand","War Paint","Ornamental Fan","Mercury Hourglass","Toy Ornithopter","Sundial","DollysMirror","Red Skull","Calipers","Happy Flower","Letter Opener","TungstenRod","Blue Candle","Strawberry","StoneCalendar","Bag of Marbles","HornCleat","Thread and Needle","Art of War","Anchor","Dead Branch","Eternal Feather","Akabeko","Oddly Smooth Stone","Pear","Self Forming Clay","Ginger","Orichalcum","Kunai","Bronze Scales","FossilizedHelix","CaptainsWheel","Bird Faced Urn","Bottled Flame","Torii","Mango","Magic Flower","Champion Belt","Turnip","Ice Cream","Gambling Chip","Charon\u0027s Ashes","Du-Vu Doll","Centennial Puzzle","PowerPotion"],"campfire_rested":3,"item_purchase_floors":[14,14,14,30,30,30,30,30,38,38,41,48,48,48,48,53,53,53,53,53,53,53,53,53,53,53,53,53,53,53,53,53,53,53,53,53,53,53,53,53,53,53,53,53,53,53,53,53,53,53,53,53,53,53,53,53,53,53,53,53],"current_hp_per_floor":[84,84,73,77,81,64,64,64,64,62,60,91,91,91,91,85,104,93,93,90,91,89,89,124,111,111,110,100,143,151,132,132,121,167,175,155,164,164,182,182,182,192,192,192,195,177,194,199,199,190,219,219,250,254,254],"gold":42,"neow_bonus":"BOSS_RELIC","is_daily":false,"chose_seed":false,"campfire_upgraded":0,"win_rate":0.0,"timestamp":1610679427,"path_taken":["M","?","?","M","M","E","?","?","T","M","?","R","?","$","R","BOSS","M","M","?","?","M","?","R","E","T","M","M","R","$","E","R","BOSS","M","M","M","$","?","R","$","?","T","R","?","E","?","$","R","BOSS","R","$","E","BOSS"],"items_purchased_type":["Relic","Relic","Card","Relic","Relic","Relic","Card","Potion","Relic","Relic","Relic","Relic","Relic","Relic","Relic","Relic","Relic","Relic","Relic","Relic","Relic","Relic","Relic","Relic","Relic","Relic","Relic","Relic","Relic","Relic","Relic","Relic","Relic","Relic","Relic","Relic","Relic","Relic","Relic","Relic","Relic","Relic","Relic","Relic","Relic","Relic","Relic","Relic","Relic","Relic","Relic","Relic","Relic","Relic","Relic","Relic","Relic","Relic","Relic","Potion"],"build_version":"2020-12-22","purchased_purges":0,"victory":true,"max_hp_per_floor":[84,84,84,88,92,96,96,96,96,100,104,104,104,104,104,104,104,108,112,112,116,124,124,124,128,128,132,144,144,151,163,163,167,167,179,183,187,187,195,195,195,195,195,195,195,199,211,211,211,219,219,219,250,254,254],"relic_stats":{"Gremlin Horn":[5,5],"CeramicFish":72,"Ginger":[2],"Boot":[20],"Blood Vial":4,"Lizard Tail":0,"Centennial Puzzle":[0],"Sundial":[2],"MealTicket":0,"Kunai":[1],"Happy Flower":[3],"counters":[25,126],"Blue Candle":[0],"Dead Branch":[8],"Eternal Feather":0,"Pen Nib":[10],"Charon\u0027s Ashes":[27],"Letter Opener":[20],"War Paint":[],"WarpedTongs":[19],"Shuriken":[16],"Bronze Scales":[85],"Bird Faced Urn":[0],"Snecko Eye":[230,209,239,229],"Pandora\u0027s Box":["Wild Strike","Rage","Offering","Brutality","Feed","Infernal Blade","Double Tap","Disarm","Thunderclap"],"obtain_stats":[{"Ice Cream":53,"Calipers":53,"Gremlin Horn":41,"CeramicFish":32,"Vajra":38,"Hammer of Thor":0,"Ginger":53,"Boot":14,"Blood Vial":38,"Lizard Tail":46,"Centennial Puzzle":53,"HornCleat":53,"Sundial":53,"DollysMirror":53,"Strawberry":53,"MealTicket":48,"Kunai":53,"Pear":53,"Happy Flower":53,"Blue Candle":53,"Dead Branch":53,"Oddly Smooth Stone":53,"Eternal Feather":53,"Pen Nib":25,"Charon\u0027s Ashes":53,"Letter Opener":53,"War Paint":53,"Akabeko":53,"WarpedTongs":13,"Du-Vu Doll":53,"Bottled Flame":53,"Anvil of the Gods":0,"Shuriken":9,"Bronze Scales":53,"Bird Faced Urn":53,"Snecko Eye":17,"Pandora\u0027s Box":0,"Pocketwatch":31,"Meat on the Bone":40,"Lantern":49,"Torii":53,"SacredBark":34,"Magic Flower":53,"StoneCalendar":53,"Mango":53,"Incense Burner":39,"Bag of Preparation":44,"Ancient Tea Set":48,"Burning Blood":0,"Nunchaku":14,"Shovel":30,"Mummified Hand":53,"Pantograph":48,"Gambling Chip":53,"InkBottle":6,"Red Skull":53,"Paper Frog":30,"Lee\u0027s Waffle":30,"Golden Idol":2,"Self Forming Clay":53,"Thread and Needle":53,"The Courier":43,"Seething Fire":0,"Orichalcum":53,"White Beast Statue":52,"Mercury Hourglass":53,"Anchor":53,"CaptainsWheel":53,"Ornamental Fan":53,"Bloody Idol":23,"Turnip":53,"Bag of Marbles":53,"Art of War":53,"Bottled Lightning":48,"Champion Belt":53,"Toy Ornithopter":53,"TungstenRod":53,"FossilizedHelix":53},{"Ice Cream":23,"Calipers":23,"Gremlin Horn":20,"CeramicFish":15,"Vajra":19,"Hammer of Thor":0,"Ginger":23,"Boot":6,"Blood Vial":19,"Lizard Tail":21,"Centennial Puzzle":23,"HornCleat":23,"Sundial":23,"DollysMirror":23,"Strawberry":23,"MealTicket":22,"Kunai":23,"Pear":23,"Happy Flower":23,"Blue Candle":23,"Dead Branch":23,"Oddly Smooth Stone":23,"Eternal Feather":23,"Pen Nib":12,"Charon\u0027s Ashes":23,"Letter Opener":23,"War Paint":23,"Akabeko":23,"WarpedTongs":6,"Du-Vu Doll":23,"Bottled Flame":23,"Anvil of the Gods":0,"Shuriken":4,"Bronze Scales":23,"Bird Faced Urn":23,"Snecko Eye":7,"Pandora\u0027s Box":0,"Pocketwatch":15,"Meat on the Bone":20,"Lantern":22,"Torii":23,"SacredBark":16,"Magic Flower":23,"StoneCalendar":23,"Mango":23,"Incense Burner":20,"Bag of Preparation":20,"Ancient Tea Set":22,"Burning Blood":0,"Nunchaku":6,"Shovel":14,"Mummified Hand":23,"Pantograph":22,"Gambling Chip":23,"InkBottle":4,"Red Skull":23,"Paper Frog":14,"Lee\u0027s Waffle":14,"Golden Idol":1,"Self Forming Clay":23,"Thread and Needle":23,"The Courier":20,"Seething Fire":0,"Orichalcum":23,"White Beast Statue":23,"Mercury Hourglass":23,"Anchor":23,"CaptainsWheel":23,"Ornamental Fan":23,"Bloody Idol":11,"Turnip":23,"Bag of Marbles":23,"Art of War":23,"Bottled Lightning":22,"Champion Belt":23,"Toy Ornithopter":23,"TungstenRod":23,"FossilizedHelix":23},{"Ice Cream":116,"Calipers":116,"Gremlin Horn":90,"CeramicFish":64,"Vajra":85,"Hammer of Thor":0,"Ginger":116,"Boot":13,"Blood Vial":85,"Lizard Tail":101,"Centennial Puzzle":116,"HornCleat":116,"Sundial":116,"DollysMirror":116,"Strawberry":116,"MealTicket":108,"Kunai":116,"Pear":116,"Happy Flower":116,"Blue Candle":116,"Dead Branch":116,"Oddly Smooth Stone":116,"Eternal Feather":116,"Pen Nib":48,"Charon\u0027s Ashes":116,"Letter Opener":116,"War Paint":116,"Akabeko":116,"WarpedTongs":13,"Du-Vu Doll":116,"Bottled Flame":116,"Anvil of the Gods":0,"Shuriken":9,"Bronze Scales":116,"Bird Faced Urn":116,"Snecko Eye":18,"Pandora\u0027s Box":0,"Pocketwatch":64,"Meat on the Bone":90,"Lantern":108,"Torii":116,"SacredBark":68,"Magic Flower":116,"StoneCalendar":116,"Mango":116,"Incense Burner":90,"Bag of Preparation":90,"Ancient Tea Set":108,"Burning Blood":0,"Nunchaku":13,"Shovel":58,"Mummified Hand":116,"Pantograph":108,"Gambling Chip":116,"InkBottle":9,"Red Skull":116,"Paper Frog":58,"Lee\u0027s Waffle":58,"Golden Idol":2,"Self Forming Clay":116,"Thread and Needle":116,"The Courier":90,"Seething Fire":0,"Orichalcum":116,"White Beast Statue":116,"Mercury Hourglass":116,"Anchor":116,"CaptainsWheel":116,"Ornamental Fan":116,"Bloody Idol":37,"Turnip":116,"Bag of Marbles":116,"Art of War":116,"Bottled Lightning":108,"Champion Belt":116,"Toy Ornithopter":116,"TungstenRod":116,"FossilizedHelix":116}],"Pocketwatch":[76],"Meat on the Bone":0,"Torii":19,"Magic Flower":[0],"StoneCalendar":[0],"Bag of Preparation":[10],"Nunchaku":[15],"Shovel":5,"Mummified Hand":[4],"Pantograph":12,"Gambling Chip":[12],"InkBottle":[34],"Lee\u0027s Waffle":8,"Self Forming Clay":[0],"Orichalcum":[6],"Mercury Hourglass":[30],"Ornamental Fan":[4],"Bloody Idol":85,"Turnip":[2],"Art of War":[2],"Champion Belt":[6],"Toy Ornithopter":0,"TungstenRod":13},"card_choices":[{"not_picked":["Twin Strike","True Grit"],"picked":"Shrug It Off","floor":1},{"not_picked":["Limit Break","Sword Boomerang"],"picked":"Rampage","floor":4},{"not_picked":["Wild Strike","Body Slam"],"picked":"Battle Trance","floor":5},{"not_picked":["Feel No Pain","Clash"],"picked":"Shockwave","floor":6},{"not_picked":["Twin Strike","Dropkick"],"picked":"Shrug It Off","floor":10},{"not_picked":["Searing Blow","Sword Boomerang","Rampage"],"picked":"SKIP","floor":11},{"not_picked":["Corruption","Immolate"],"picked":"Exhume","floor":16},{"not_picked":["Cleave","Rampage","Body Slam+1"],"picked":"SKIP","floor":18},{"not_picked":["Heavy Blade","Body Slam"],"picked":"Ghostly Armor+1","floor":19},{"not_picked":["Warcry","Fire Breathing","Heavy Blade"],"picked":"SKIP","floor":21},{"not_picked":["Searing Blow+1","Juggernaut","Wild Strike+1"],"picked":"SKIP","floor":22},{"not_picked":["Iron Wave","Pommel Strike"],"picked":"Uppercut","floor":25},{"not_picked":["Perfected Strike","Anger"],"picked":"Feed","floor":27},{"not_picked":["Flex","Armaments","Searing Blow"],"picked":"SKIP","floor":28},{"not_picked":["Warcry","Evolve","Pommel Strike"],"picked":"SKIP","floor":31},{"not_picked":["Barricade","Demon Form"],"picked":"Limit Break","floor":33},{"not_picked":["Anger+1","Metallicize"],"picked":"True Grit+1","floor":35},{"not_picked":["Uppercut","Iron Wave+1","Flex"],"picked":"SKIP","floor":36},{"not_picked":["Body Slam+1","Pommel Strike","Feel No Pain+1"],"picked":"SKIP","floor":37},{"not_picked":["Wild Strike","Sword Boomerang+1"],"picked":"Disarm+1","floor":39},{"not_picked":["Flex+1","Body Slam","Bludgeon"],"picked":"SKIP","floor":46},{"not_picked":["Wild Strike+1","Spot Weakness","Iron Wave"],"picked":"SKIP","floor":47},{"not_picked":["Twin Strike+1","Perfected Strike"],"picked":"Carnage+1","floor":54}],"player_experience":182724,"relics_obtained":[{"floor":6,"key":"InkBottle"},{"floor":9,"key":"Shuriken"},{"floor":25,"key":"Pen Nib"},{"floor":31,"key":"Pocketwatch"},{"floor":32,"key":"CeramicFish"},{"floor":39,"key":"Incense Burner"},{"floor":40,"key":"Meat on the Bone"},{"floor":43,"key":"The Courier"},{"floor":44,"key":"Bag of Preparation"},{"floor":46,"key":"Lizard Tail"},{"floor":49,"key":"Lantern"},{"floor":52,"key":"White Beast Statue"}],"event_choices":[{"damage_healed":0,"gold_gain":0,"player_choice":"Take Wound","damage_taken":0,"relics_obtained":["Golden Idol"],"max_hp_gain":0,"max_hp_loss":0,"event_name":"Golden Idol","floor":2,"gold_loss":0,"cards_obtained":["Injury"]},{"damage_healed":0,"gold_gain":75,"player_choice":"Gather Gold","damage_taken":11,"max_hp_gain":0,"max_hp_loss":0,"event_name":"World of Goop","floor":3,"gold_loss":0},{"damage_healed":0,"gold_gain":0,"cards_transformed":["Brutality"],"player_choice":"Change","damage_taken":0,"max_hp_gain":0,"max_hp_loss":0,"event_name":"Living Wall","floor":7,"gold_loss":0,"cards_obtained":["Flame Barrier"]},{"damage_healed":0,"gold_gain":62,"player_choice":"Gained Gold","damage_taken":0,"max_hp_gain":0,"max_hp_loss":0,"event_name":"Golden Wing","floor":8,"gold_loss":0},{"damage_healed":0,"gold_gain":0,"player_choice":"Rummage","damage_taken":0,"relics_obtained":["WarpedTongs"],"max_hp_gain":0,"max_hp_loss":0,"event_name":"Accursed Blacksmith","floor":13,"gold_loss":0,"cards_obtained":["Pain"]},{"damage_healed":0,"gold_gain":0,"player_choice":"Punched","damage_taken":3,"max_hp_gain":0,"max_hp_loss":0,"event_name":"Designer","floor":20,"gold_loss":0},{"damage_healed":0,"gold_gain":0,"player_choice":"Gave Idol","damage_taken":0,"relics_obtained":["Bloody Idol"],"max_hp_gain":0,"max_hp_loss":0,"event_name":"Forgotten Altar","floor":23,"relics_lost":["Golden Idol"],"gold_loss":0},{"damage_healed":0,"gold_gain":0,"player_choice":"Fight","damage_taken":0,"max_hp_gain":0,"max_hp_loss":0,"event_name":"Mysterious Sphere","floor":39,"gold_loss":0},{"cards_removed":["True Grit"],"damage_healed":0,"gold_gain":0,"player_choice":"Removed Skill","damage_taken":0,"max_hp_gain":0,"max_hp_loss":0,"event_name":"Falling","floor":42,"gold_loss":0},{"damage_healed":49,"gold_gain":0,"player_choice":"Writhe","damage_taken":0,"max_hp_gain":0,"max_hp_loss":0,"event_name":"Winding Halls","floor":45,"gold_loss":0,"cards_obtained":["Writhe"]}],"is_beta":false,"boss_relics":[{"not_picked":["Astrolabe","Runic Dome"],"picked":"Snecko Eye"},{"not_picked":["Cursed Key","Black Star"],"picked":"SacredBark"}],"items_purged_floors":[],"is_endless":false,"potions_floor_spawned":[6,11,16,18,19,31,33,37,46,54],"ascension_level":0}}