{"host":"2o3sockympbxxanu","time":1610735414,"event":{"mods":["AchievementEnabler","BaseMod","Colored Map","Colored Powertips","Conspire","Highlight Path","Infinite Spire","Minty Spire (QoL Compilation)","Replay The Spire","Shop Mod","StSLib","SuperFastMode"],"gold_per_floor":[117,202,219,8,28,28,55,55,55,72,84,9,37,54,54,54,54],"floor_reached":16,"language":"ZHS","playtime":527,"items_purged":["Defend_P"],"score":144,"play_id":"6fe31233-6eff-46b6-9c06-5d85be69c556","local_time":"20210116023014","is_ascension_mode":true,"campfire_choices":[{"data":"Eruption","floor":6.0,"key":"SMITH"},{"floor":8.0,"key":"REST"},{"floor":15.0,"key":"REST"}],"circlet_count":0,"master_deck":["Strike_P","Strike_P","Strike_P","Strike_P","Defend_P","Defend_P","Defend_P","Eruption+1","Vigilance","BowlingBash","MentalFortress","MentalFortress","Replay:Battleflow","Pray","FlurryOfBlows","Halt","SandsOfTime","FollowUp"],"relics":["PureWater","NeowsBlessing","PreservedInsect","Toy Ornithopter","infinitespire:Broken Mirror","Blue Candle"],"acts_visited":["Exordium"],"potions_floor_usage":[16,16,16],"damage_taken":[{"damage":0.0,"enemies":"Small Slimes","floor":1.0,"turns":1.0},{"damage":0.0,"enemies":"Jaw Worm","floor":3.0,"turns":1.0},{"damage":0.0,"enemies":"Cultist","floor":5.0,"turns":1.0},{"damage":20.0,"enemies":"3 Sentries","floor":7.0,"turns":8.0},{"damage":15.0,"enemies":"Lots of Slimes","floor":10.0,"turns":5.0},{"damage":12.0,"enemies":"Exordium Thugs","floor":11.0,"turns":6.0},{"damage":0.0,"enemies":"Gremlin Nob","floor":13.0,"turns":2.0},{"damage":2.0,"enemies":"Blue Slaver","floor":14.0,"turns":2.0},{"damage":76,"enemies":"The Guardian","floor":16,"turns":7}],"seed_played":"-4191235091298016578","potions_obtained":[{"floor":1.0,"key":"Regen Potion"},{"floor":2.0,"key":"SkillPotion"},{"floor":2.0,"key":"DistilledChaos"},{"floor":14.0,"key":"DuplicationPotion"}],"is_trial":false,"path_per_floor":["M","?","M","$","M","R","E","R","T","M","M","$","E","M","R","B"],"character_chosen":"WATCHER","items_purchased":["MentalFortress","Toy Ornithopter"],"campfire_rested":2,"item_purchase_floors":[4,4],"current_hp_per_floor":[72,44,44,44,44,44,24,45,45,30,18,18,23,21,42,0,0],"gold":54,"neow_bonus":"THREE_ENEMY_KILL","is_daily":false,"chose_seed":false,"campfire_upgraded":1,"win_rate":0.0,"timestamp":1610735414,"path_taken":["M","?","M","$","?","R","E","R","T","?","M","?","E","M","R","BOSS"],"items_purchased_type":["Card","Relic"],"build_version":"2020-12-22","purchased_purges":1,"victory":false,"max_hp_per_floor":[72,72,72,72,72,72,72,72,72,72,72,72,72,72,72,72,72],"card_choices":[{"not_picked":["SashWhip","FearNoEvil","ClearTheMind"],"picked":"SKIP","floor":1.0},{"not_picked":["Sanctity","Wallop"],"picked":"BowlingBash","floor":3.0},{"not_picked":["CrushJoints","SashWhip"],"picked":"Replay:Battleflow","floor":5.0},{"not_picked":["Collect","Tantrum"],"picked":"Pray","floor":7.0},{"not_picked":["CrushJoints","Collect"],"picked":"FlurryOfBlows","floor":10.0},{"not_picked":["FlyingSleeves","SashWhip"],"picked":"Halt","floor":11.0},{"not_picked":["FlurryOfBlows","MasterReality"],"picked":"SandsOfTime","floor":13.0},{"not_picked":["Worship","Replay:Anticipation"],"picked":"FollowUp","floor":14.0}],"player_experience":315276,"relics_obtained":[{"floor":2.0,"key":"PreservedInsect"},{"floor":7.0,"key":"infinitespire:Broken Mirror"},{"floor":13.0,"key":"Blue Candle"}],"event_choices":[],"is_beta":false,"boss_relics":[],"items_purged_floors":[12],"is_endless":false,"potions_floor_spawned":[1,7,11,14],"killed_by":"The Guardian","ascension_level":1}}