{"host":"4ek4eq5z32z3zgvw","time":1610730907,"event":{"mods":["2.2 Compatiblity","AchievementEnabler","Act Like it!","AlwaysNeverKeys","Aspiration","BaseMod","Bestiary","Better Altar","Better Match","Better Note","Better Sensory Stone","Better Skull","Better Third Choice","BetterRewards","Block Reminder","Colored Map","Colored Powertips","Curses Come First","Dark Map","DeckTracker","Defuse TimeMaze Blight","Downfall","Energized Spire","Evolution","GifTheSpireLib","Halation","Hubris","Infinite Spire","Minty Spire (QoL Compilation)","Permanent Neow","Quick Restart","Rare Cards Sparkle","RatMod","Relic Filter","Relic Sorter","Relic Stats","Replay The Spire","Reworked Bosses","Shop Mod","Spicy Shops","Spikes Relics","StSLib","Stuff the Spire","SuperFastMode","Synergy Search","Uncapped","Unceasing Turn Reminder","Unknown Chances","UnlockEverythingMod","egg","vexMod"],"gold_per_floor":[109,384,400,30,43,43,58,58,58,83,93,93,18,18,18,18,18],"floor_reached":16,"language":"ENG","playtime":364,"items_purged":[],"score":200,"play_id":"67e65c75-53a0-4d0b-beaf-34f9c1df41c6","local_time":"20210115111507","is_ascension_mode":true,"campfire_choices":[{"data":"StuffTheSpire:Python","floor":6,"key":"SMITH"},{"floor":8,"key":"REST"},{"floor":12,"key":"REST"},{"floor":15,"key":"REST"}],"circlet_count":0,"master_deck":["AscendersBane","Strike_G","Strike_G","Strike_G","Strike_G","Strike_G","Defend_G","Defend_G","Defend_G","Defend_G","Defend_G","Survivor","Neutralize","Slimebound:Tackle","Vigilance","Corpse Explosion","Deadly Poison","Regret","StuffTheSpire:Python+1","ReplayTheSpireMod:IOU","Bane+1","Dodge and Roll","rat:SilverDagger","rat:EchoingStrikes","PiercingWail","Noxious Fumes+1"],"relics":["Ring of the Snake","Replay:Wax Seal","EVO:Axolotl","infinitespire:WardingShard","halation:BottledHappiness","Ginger","Replay:Rubber Ducky"],"acts_visited":["Exordium"],"potions_floor_usage":[7,10,16],"damage_taken":[{"damage":5,"enemies":"2 Louse","floor":1,"turns":2},{"damage":25,"enemies":"infinitespire:Voidling","floor":3,"turns":4},{"damage":0,"enemies":"Small Slimes","floor":5,"turns":3},{"damage":6,"enemies":"2 Fungi Beasts","floor":7,"turns":2},{"damage":25,"enemies":"Lagavulin","floor":10,"turns":6},{"damage":20,"enemies":"Exordium Thugs","floor":11,"turns":6},{"damage":41,"enemies":"The Guardian","floor":16,"turns":7}],"seed_played":"2146907281157031172","potions_obtained":[{"floor":1,"key":"Reflective Coating"},{"floor":5,"key":"Poison Potion"},{"floor":10,"key":"BlessingOfTheForge"}],"is_trial":false,"path_per_floor":["M","?","M","$","M","R","M","R","T","E","M","R","$","?","R","B"],"character_chosen":"THE_SILENT","items_purchased":["infinitespire:WardingShard","Replay:Wax Seal","halation:BottledHappiness","Bane+1","Noxious Fumes"],"campfire_rested":3,"item_purchase_floors":[4,4,4,4,13],"current_hp_per_floor":[54,54,34,34,34,34,28,47,47,22,2,21,21,21,40,0,0],"gold":18,"neow_bonus":"THREE_RARE_CARDS","is_daily":false,"chose_seed":false,"campfire_upgraded":1,"win_rate":0.0,"timestamp":1610730907,"path_taken":["M","?","?","$","M","R","M","R","T","E","?","R","$","?","R","BOSS"],"items_purchased_type":["Relic","Relic","Relic","Card","Card"],"build_version":"2020-12-22","purchased_purges":0,"victory":false,"max_hp_per_floor":[66,66,66,66,66,66,66,66,66,66,66,66,66,66,66,66,66],"relic_stats":{"counters":[7,29],"Ginger":[2],"obtain_stats":[{"infinitespire:WardingShard":4,"halation:BottledHappiness":4,"EVO:Axolotl":0,"Ginger":9,"Replay:Wax Seal":4,"Ring of the Snake":0,"Replay:Rubber Ducky":10},{"infinitespire:WardingShard":2,"halation:BottledHappiness":2,"EVO:Axolotl":0,"Ginger":4,"Replay:Wax Seal":2,"Ring of the Snake":0,"Replay:Rubber Ducky":5},{"infinitespire:WardingShard":6,"halation:BottledHappiness":6,"EVO:Axolotl":0,"Ginger":11,"Replay:Wax Seal":6,"Ring of the Snake":0,"Replay:Rubber Ducky":17}],"Ring of the Snake":[14]},"card_choices":[{"not_picked":["rat:VenomousWounds","aspiration:Lunge"],"picked":"Corpse Explosion","floor":0},{"not_picked":["Poisoned Stab","rat:EchoingStrikes"],"picked":"Deadly Poison","floor":1},{"not_picked":["rat:Garrote","rat:SilverDagger"],"picked":"StuffTheSpire:Python","floor":3},{"not_picked":["ReplayTheSpireMod:Exploit Weakness","Dagger Throw"],"picked":"Dodge and Roll","floor":5},{"not_picked":["Slice","Flechettes"],"picked":"rat:SilverDagger","floor":7},{"not_picked":["Prepared","StuffTheSpire:Fury"],"picked":"rat:EchoingStrikes","floor":10},{"not_picked":["Well Laid Plans","Dagger Spray"],"picked":"PiercingWail","floor":11}],"player_experience":625550,"relics_obtained":[{"floor":9,"key":"Ginger"},{"floor":10,"key":"Replay:Rubber Ducky"}],"event_choices":[{"damage_healed":0,"gold_gain":275,"player_choice":"Desecrate","damage_taken":0,"max_hp_gain":0,"max_hp_loss":0,"event_name":"Golden Shrine","floor":2,"gold_loss":0,"cards_obtained":["Regret"]},{"damage_healed":0,"gold_gain":0,"player_choice":"Grow","damage_taken":0,"max_hp_gain":0,"max_hp_loss":0,"event_name":"Living Wall","floor":14,"gold_loss":0,"cards_upgraded":["Noxious Fumes"]}],"is_beta":false,"boss_relics":[],"items_purged_floors":[],"is_endless":false,"potions_floor_spawned":[1,5,10],"killed_by":"The Guardian","ascension_level":20}}