{"host":"pahwtt7wu0geyg4o","time":1610680349,"event":{"mods":["2.2 Compatiblity","Act Like it!","BaseMod","Better Altar","Better Match","Better Note","Better Sensory Stone","Better Skull","Better Third Choice","Better Vampires","BetterRewards","Block Reminder","Colored Powertips","Dark Map","Downfall","Energized Spire","Hermit","Highlight Path","Minty Spire (QoL Compilation)","Quick Restart","Rare Cards Sparkle","Relic Stats","Replay The Spire","Somnambulant","Spicy Shops","StSLib","The Blue Laboratory","The Jungle","The Runesmith","Transform Curses","Uncapped","Wandering Minibosses"],"gold_per_floor":[110,4,4,18,33,33,33,33,53,69,69,147,157,185,195,195,195],"floor_reached":16,"language":"ENG","playtime":1396,"items_purged":[],"score":129,"play_id":"97c85d8e-e854-4375-ac21-9723f86e5773","local_time":"20210114191229","is_ascension_mode":false,"campfire_choices":[{"data":"hermit:CalledShot","floor":6,"key":"SMITH"}],"circlet_count":0,"master_deck":["hermit:Strike_Hermit","hermit:Strike_Hermit","hermit:Strike_Hermit","hermit:Strike_Hermit","hermit:Defend_Hermit","hermit:Defend_Hermit","hermit:Defend_Hermit","hermit:Defend_Hermit","hermit:Snapshot","hermit:Covet","hermit:Grudge","hermit:Grudge","hermit:Virtue","hermit:Combo+1","hermit:Headshot","hermit:CalledShot+1","hermit:BigShot","hermit:Glare","hermit:Snipe","hermit:Coalescence","hermit:FromBeyond","hermit:Manifest"],"relics":["hermit:Momento","hermit:RedScarf","Blue Doll","hermit:Horseshoe"],"acts_visited":["Exordium"],"potions_floor_usage":[14,15],"damage_taken":[{"damage":5,"enemies":"Small Slimes","floor":1,"turns":2},{"damage":2,"enemies":"2 Louse","floor":4,"turns":2},{"damage":0,"enemies":"Cultist","floor":5,"turns":2},{"damage":11,"enemies":"Large Slime","floor":9,"turns":4},{"damage":6,"enemies":"3 Louse","floor":10,"turns":2},{"damage":23,"enemies":"Lots of Slimes","floor":13,"turns":3},{"damage":0,"enemies":"Gremlin Nob","floor":14,"turns":3},{"damage":12,"enemies":"Exordium Thugs","floor":15,"turns":3},{"damage":17,"enemies":"3 Sentries","floor":16,"turns":2}],"seed_played":"7274396349138792788","potions_obtained":[{"floor":9,"key":"BlessingOfTheForge"},{"floor":10,"key":"Energy Potion"},{"floor":14,"key":"blueLaboratory:BottledHope"},{"floor":15,"key":"blueLaboratory:ArtificerPotion"}],"is_trial":false,"path_per_floor":["M","$","?","M","M","R","PTL","PTL","M","M","T","?","M","E","M","E"],"character_chosen":"HERMIT","items_purchased":["hermit:Grudge","blueLaboratory:AbyssPotion","hermit:Combo","hermit:Headshot"],"campfire_rested":0,"item_purchase_floors":[0,0,2,2],"current_hp_per_floor":[70,70,70,68,68,68,68,68,57,51,51,51,28,28,16,0,0],"gold":195,"neow_bonus":"","is_daily":false,"chose_seed":false,"campfire_upgraded":1,"win_rate":0.0,"timestamp":1610680349,"path_taken":["M","$","?","M","M","R","PTL","PTL","M","M","T","?","M","E","M","E"],"items_purchased_type":["Card","Potion","Card","Card"],"build_version":"2020-12-22","purchased_purges":0,"victory":false,"max_hp_per_floor":[75,75,75,75,75,75,75,75,75,75,75,75,75,75,75,75,75],"relic_stats":{"counters":[9,23],"obtain_stats":[{"Blue Doll":11,"hermit:RedScarf":0,"hermit:Horseshoe":14,"hermit:Momento":0},{"Blue Doll":5,"hermit:RedScarf":0,"hermit:Horseshoe":7,"hermit:Momento":0},{"Blue Doll":12,"hermit:RedScarf":0,"hermit:Horseshoe":18,"hermit:Momento":0}]},"card_choices":[{"not_picked":["hermit:Headshot","hermit:HighCaliber"],"picked":"hermit:Virtue","floor":1},{"not_picked":["hermit:BodyArmor","hermit:Grudge"],"picked":"hermit:CalledShot","floor":4},{"not_picked":["hermit:SprayPray","hermit:WideOpen"],"picked":"hermit:BigShot","floor":5},{"not_picked":["hermit:BodyArmor","hermit:LowProfile"],"picked":"hermit:Glare","floor":9},{"not_picked":["hermit:HoleUp","hermit:WideOpen"],"picked":"hermit:Snipe","floor":10},{"not_picked":["hermit:EyeOfTheStorm","hermit:Glare"],"picked":"hermit:Coalescence","floor":13},{"not_picked":["hermit:SprayPray","hermit:Malice"],"picked":"hermit:FromBeyond","floor":14},{"not_picked":["hermit:BodyArmor","hermit:DeadMansHand"],"picked":"hermit:Manifest","floor":15}],"player_experience":201737,"relics_obtained":[{"floor":11,"key":"Blue Doll"},{"floor":14,"key":"hermit:Horseshoe"}],"event_choices":[{"damage_healed":0,"gold_gain":0,"player_choice":"Grow","damage_taken":0,"max_hp_gain":0,"max_hp_loss":0,"event_name":"Living Wall","floor":3,"gold_loss":0,"cards_upgraded":["hermit:Combo"]},{"damage_healed":0,"gold_gain":78,"player_choice":"Gained Gold","damage_taken":0,"max_hp_gain":0,"max_hp_loss":0,"event_name":"Golden Wing","floor":12,"gold_loss":0}],"is_beta":false,"boss_relics":[],"items_purged_floors":[],"is_endless":false,"potions_floor_spawned":[9,10,14,15],"killed_by":"3 Sentries","ascension_level":0}}