{"host":"jx3f6ezc0g3s9edc","time":1610738321,"event":{"mods":["AchievementEnabler","BaseMod","Bestiary","Colored Map","Highlight Path","Minty Spire (QoL Compilation)","StSLib"],"gold_per_floor":[113,113,132,132,144,144,160,160,212,15,41,61,61,74,74,170,170,110,110,110,35,35,35,35,35,35,35,35,35,35,35,35,35,35,35,35,35,35,35,35,35,35],"floor_reached":41,"language":"ENG","playtime":2807,"items_purged":["Strike_B"],"score":506,"play_id":"0c6f51d8-77d2-429b-bafa-47f46edbf1a6","local_time":"20210115141841","is_ascension_mode":true,"campfire_choices":[{"data":"Dualcast","floor":6.0,"key":"SMITH"},{"floor":8.0,"key":"REST"},{"floor":15.0,"key":"REST"},{"floor":23.0,"key":"REST"},{"data":"Barrage","floor":28.0,"key":"SMITH"},{"floor":32.0,"key":"REST"},{"floor":40,"key":"REST"}],"circlet_count":0,"master_deck":["Strike_B","Defend_B","Defend_B","Defend_B","Defend_B","Zap","Dualcast+1","Streamline","Coolheaded","Cold Snap","Barrage+1","Cold Snap","White Noise","Beam Cell","Cold Snap","Seek","Rebound","Writhe","Chaos","Creative AI","Self Repair","Glacier","Aggregate+1","Conserve Battery+1","Madness"],"relics":["Inserter","Orichalcum","DataDisk","Medical Kit","Juzu Bracelet","Ectoplasm","Letter Opener","Sundial","Philosopher\u0027s Stone","Bird Faced Urn","Girya"],"acts_visited":["Exordium","TheCity","TheBeyond"],"potions_floor_usage":[],"damage_taken":[{"damage":9.0,"enemies":"Small Slimes","floor":1.0,"turns":5.0},{"damage":7.0,"enemies":"Jaw Worm","floor":3.0,"turns":3.0},{"damage":0.0,"enemies":"Cultist","floor":5.0,"turns":3.0},{"damage":7.0,"enemies":"Blue Slaver","floor":7.0,"turns":5.0},{"damage":6.0,"enemies":"Lagavulin","floor":11.0,"turns":7.0},{"damage":0.0,"enemies":"Looter","floor":12.0,"turns":4.0},{"damage":2.0,"enemies":"Gremlin Gang","floor":14.0,"turns":5.0},{"damage":29.0,"enemies":"Hexaghost","floor":16.0,"turns":11.0},{"damage":17.0,"enemies":"2 Thieves","floor":18.0,"turns":4.0},{"damage":0.0,"enemies":"3 Byrds","floor":20.0,"turns":4.0},{"damage":22.0,"enemies":"Centurion and Healer","floor":22.0,"turns":6.0},{"damage":23.0,"enemies":"Shelled Parasite and Fungi","floor":25.0,"turns":6.0},{"damage":24.0,"enemies":"Colosseum Slavers","floor":30.0,"turns":4.0},{"damage":22.0,"enemies":"Automaton","floor":33.0,"turns":9.0},{"damage":0.0,"enemies":"Orb Walker","floor":35.0,"turns":4.0},{"damage":24.0,"enemies":"3 Darklings","floor":36.0,"turns":7.0},{"damage":0.0,"enemies":"Mind Bloom Boss Battle","floor":37.0,"turns":8.0},{"damage":41.0,"enemies":"2 Orb Walkers","floor":38.0,"turns":7.0},{"damage":52,"enemies":"Reptomancer","floor":41,"turns":2}],"seed_played":"5969449591186519603","potions_obtained":[{"floor":3.0,"key":"PotionOfCapacity"},{"floor":7.0,"key":"DuplicationPotion"},{"floor":14.0,"key":"AttackPotion"},{"floor":16.0,"key":"Swift Potion"},{"floor":33.0,"key":"SpeedPotion"},{"floor":36.0,"key":"Block Potion"}],"is_trial":false,"path_per_floor":["M","?","M","?","M","R","M","R","T","$","E","M","$","M","R","B",null,"M","?","M","$","M","R","?","M","T","?","R","?","?","?","R","B",null,"M","M","?","?","?","R","E"],"character_chosen":"DEFECT","items_purchased":["Medical Kit","Cold Snap"],"campfire_rested":5,"item_purchase_floors":[10,10],"current_hp_per_floor":[59,47,40,40,40,40,33,55,55,55,49,49,49,47,69,40,66,49,49,49,49,27,49,49,26,26,26,26,26,2,2,24,2,57,57,40,47,21,21,43,0,0],"gold":35,"neow_bonus":"BOSS_RELIC","is_daily":false,"chose_seed":false,"campfire_upgraded":2,"win_rate":0.0,"timestamp":1610738321,"path_taken":["M","?","M","?","M","R","M","R","T","$","E","M","$","M","R","BOSS","M","?","M","$","M","R","?","M","T","?","R","?","?","?","R","BOSS","M","M","?","?","?","R","E"],"items_purchased_type":["Relic","Card"],"build_version":"2020-12-22","purchased_purges":1,"victory":false,"max_hp_per_floor":[75,75,75,75,75,75,75,75,75,75,75,75,75,75,75,75,75,75,75,75,75,75,75,75,75,75,75,75,75,75,75,75,75,75,75,75,75,75,75,75,75,75],"card_choices":[{"not_picked":["Sweeping Beam","Steam"],"picked":"Streamline","floor":1.0},{"not_picked":["Ball Lightning","Streamline"],"picked":"Coolheaded","floor":3.0},{"not_picked":["Rip and Tear","Seek"],"picked":"Cold Snap","floor":5.0},{"not_picked":["Skim","Streamline"],"picked":"Barrage","floor":7.0},{"not_picked":["Turbo","Recycle"],"picked":"White Noise","floor":11.0},{"not_picked":["Rebound","Go for the Eyes"],"picked":"Beam Cell","floor":12.0},{"not_picked":["FTL","BootSequence"],"picked":"Cold Snap","floor":14.0},{"not_picked":["Reboot","Biased Cognition"],"picked":"Seek","floor":16.0},{"not_picked":["Hologram+1","Turbo+1","Leap"],"picked":"SKIP","floor":18.0},{"not_picked":["Leap","Gash"],"picked":"Rebound","floor":20.0},{"not_picked":["Steam","Reprogram","Beam Cell"],"picked":"SKIP","floor":22.0},{"not_picked":["Reinforced Body","Conserve Battery","Beam Cell"],"picked":"SKIP","floor":25.0},{"not_picked":["Machine Learning","Core Surge"],"picked":"Creative AI","floor":33.0},{"not_picked":["Cold Snap","Redo+1"],"picked":"Self Repair","floor":35.0},{"not_picked":["Coolheaded+1","Redo"],"picked":"Glacier","floor":36.0},{"not_picked":["Stack","Sweeping Beam"],"picked":"Aggregate+1","floor":37.0},{"not_picked":["Stack","Leap+1"],"picked":"Conserve Battery+1","floor":38.0}],"player_experience":752251,"relics_obtained":[{"floor":9.0,"key":"DataDisk"},{"floor":11.0,"key":"Juzu Bracelet"},{"floor":26.0,"key":"Sundial"},{"floor":37.0,"key":"Bird Faced Urn"},{"floor":38.0,"key":"Girya"}],"event_choices":[{"damage_healed":0.0,"max_hp_gain":0.0,"max_hp_loss":0.0,"gold_gain":0.0,"event_name":"Scrap Ooze","player_choice":"Success","floor":2.0,"gold_loss":0.0,"damage_taken":12.0,"relics_obtained":["Orichalcum"]},{"damage_healed":0.0,"max_hp_gain":0.0,"max_hp_loss":0.0,"gold_gain":0.0,"event_name":"The Woman in Blue","player_choice":"Bought 0 Potions","floor":4.0,"gold_loss":0.0,"damage_taken":0.0},{"damage_healed":0.0,"max_hp_gain":0.0,"max_hp_loss":0.0,"gold_gain":0.0,"event_name":"Ghosts","player_choice":"Ignored","floor":19.0,"gold_loss":0.0,"damage_taken":0.0},{"damage_healed":0.0,"max_hp_gain":0.0,"max_hp_loss":0.0,"gold_gain":0.0,"event_name":"The Mausoleum","player_choice":"Opened","floor":24.0,"gold_loss":0.0,"damage_taken":0.0,"relics_obtained":["Letter Opener"],"cards_obtained":["Writhe"]},{"cards_removed":["Strike_B"],"damage_healed":0.0,"max_hp_gain":0.0,"max_hp_loss":0.0,"gold_gain":0.0,"event_name":"Purifier","player_choice":"Purged","floor":27.0,"gold_loss":0.0,"damage_taken":0.0},{"damage_healed":0.0,"max_hp_gain":0.0,"max_hp_loss":0.0,"gold_gain":99.0,"event_name":"Nest","player_choice":"Stole From Cult","floor":29.0,"gold_loss":0.0,"damage_taken":0.0},{"damage_healed":0.0,"max_hp_gain":0.0,"max_hp_loss":0.0,"gold_gain":0.0,"event_name":"Colosseum","player_choice":"Fight","floor":30.0,"gold_loss":0.0,"damage_taken":0.0},{"damage_healed":0.0,"max_hp_gain":0.0,"max_hp_loss":0.0,"gold_gain":0.0,"event_name":"Colosseum","player_choice":"Fled From Nobs","floor":30.0,"gold_loss":0.0,"damage_taken":0.0},{"damage_healed":0.0,"max_hp_gain":0.0,"max_hp_loss":0.0,"gold_gain":0.0,"cards_transformed":["Strike_B"],"event_name":"Transmorgrifier","player_choice":"Transformed","floor":31.0,"gold_loss":0.0,"damage_taken":0.0,"cards_obtained":["Chaos"]},{"damage_healed":0.0,"max_hp_gain":0.0,"max_hp_loss":0.0,"gold_gain":0.0,"event_name":"MindBloom","player_choice":"Fight","floor":37.0,"gold_loss":0.0,"damage_taken":0.0},{"damage_healed":0.0,"max_hp_gain":0.0,"max_hp_loss":0.0,"gold_gain":0.0,"event_name":"Mysterious Sphere","player_choice":"Fight","floor":38.0,"gold_loss":0.0,"damage_taken":0.0},{"damage_healed":0.0,"max_hp_gain":0.0,"max_hp_loss":0.0,"gold_gain":0.0,"event_name":"Match and Keep!","player_choice":"1 cards matched","floor":39.0,"gold_loss":0.0,"damage_taken":0.0,"cards_obtained":["Madness"]}],"is_beta":false,"boss_relics":[{"not_picked":["Velvet Choker","Runic Pyramid"],"picked":"Ectoplasm"},{"not_picked":["Empty Cage","Black Star"],"picked":"Philosopher\u0027s Stone"}],"items_purged_floors":[21],"is_endless":false,"potions_floor_spawned":[3,7,14,16,18,30,33,35,36],"killed_by":"Reptomancer","ascension_level":6}}