{"host":"sav7uxregyirlf69","time":1610713303,"event":{"mods":["AchievementEnabler","BaseMod","Colored Map","DeckTracker","Keyboard Shortcuts","Minty Spire (QoL Compilation)","READ ME - Guardian Mod","StSLib","SuperFastMode"],"gold_per_floor":[10,26,26,36,36,36,48,76,102,177,177,193,193,212,212,285,285,301,319,319,28,28,28,57,57,81,81,96,116,116,146,146,146,146],"floor_reached":33,"language":"KOR","playtime":587,"items_purged":["Strike_B"],"score":645,"play_id":"d85c890b-0e0b-45c2-813b-35a88f648e44","local_time":"20210115212143","is_ascension_mode":true,"campfire_choices":[{"data":"Chaos","floor":6,"key":"SMITH"},{"floor":11,"key":"REST"},{"data":"Dualcast","floor":13,"key":"SMITH"},{"data":"Capacitor","floor":15,"key":"SMITH"},{"floor":23,"key":"REST"},{"data":"Sunder","floor":27,"key":"SMITH"},{"data":"Hologram","floor":30,"key":"SMITH"},{"data":"Loop","floor":32,"key":"SMITH"}],"circlet_count":0,"master_deck":["AscendersBane","Strike_B+1","Strike_B","Defend_B+1","Defend_B","Defend_B","Defend_B","Zap","Dualcast+1","Chill","Chaos+1","Beam Cell","Ball Lightning","Undo","Sunder+1","Capacitor+1","Core Surge","Multi-Cast","Conserve Battery+1","Barrage","Compile Driver","Chill","Loop+1","Hologram+1","Self Repair"],"relics":["FrozenCore","Bronze Scales","Vajra","Happy Flower","Toy Ornithopter","Bag of Marbles","Anchor"],"acts_visited":["Exordium","TheCity"],"potions_floor_usage":[8,16,24,24,31,33],"damage_taken":[{"damage":2.0,"enemies":"2 Louse","floor":1.0,"turns":3.0},{"damage":9,"enemies":"Jaw Worm","floor":2,"turns":4},{"damage":0,"enemies":"Cultist","floor":4,"turns":4},{"damage":4,"enemies":"Lots of Slimes","floor":7,"turns":5},{"damage":0,"enemies":"3 Sentries","floor":8,"turns":4},{"damage":0,"enemies":"Large Slime","floor":12,"turns":5},{"damage":1,"enemies":"Blue Slaver","floor":14,"turns":4},{"damage":32,"enemies":"Hexaghost","floor":16,"turns":7},{"damage":10,"enemies":"Spheric Guardian","floor":18,"turns":6},{"damage":4,"enemies":"Shell Parasite","floor":19,"turns":6},{"damage":14,"enemies":"Slavers","floor":24,"turns":5},{"damage":0,"enemies":"Snecko","floor":28,"turns":4},{"damage":0,"enemies":"Sentry and Sphere","floor":29,"turns":6},{"damage":27,"enemies":"Book of Stabbing","floor":31,"turns":4},{"damage":29,"enemies":"Automaton","floor":33,"turns":6}],"seed_played":"732369208631421075","potions_obtained":[{"floor":1.0,"key":"FearPotion"},{"floor":4,"key":"PowerPotion"},{"floor":8,"key":"BlessingOfTheForge"},{"floor":24,"key":"EssenceOfDarkness"},{"floor":29,"key":"LiquidMemories"},{"floor":31,"key":"Dexterity Potion"}],"is_trial":false,"path_per_floor":["M","M","?","M","?","R","M","E","T","?","R","M","R","M","R","B",null,"M","M","?","$","?","R","E","$","T","R","M","M","R","E","R","B"],"character_chosen":"DEFECT","items_purchased":["Happy Flower","Weak Potion"],"campfire_rested":2,"item_purchase_floors":[21,21],"current_hp_per_floor":[76,67,67,67,41,41,37,37,37,26,51,51,51,50,50,18,68,58,54,29,29,29,56,42,42,42,42,42,42,42,20,20,0,0],"gold":146,"neow_bonus":"TWENTY_PERCENT_HP_BONUS","is_daily":false,"chose_seed":false,"campfire_upgraded":6,"win_rate":0.0,"timestamp":1610713303,"path_taken":["M","M","?","M","?","R","?","E","T","?","R","M","R","M","R","BOSS","M","M","?","$","?","R","E","$","T","R","?","M","R","E","R","BOSS"],"items_purchased_type":["Relic","Potion"],"build_version":"2020-12-22","purchased_purges":1,"victory":false,"max_hp_per_floor":[85,85,85,85,85,85,85,85,85,85,85,85,85,85,85,85,85,85,85,90,90,90,90,90,90,90,90,90,90,90,90,90,90,90],"card_choices":[{"not_picked":["Lockon","Barrage"],"picked":"Chill","floor":1.0},{"not_picked":["BootSequence","Reinforced Body"],"picked":"Chaos","floor":2},{"not_picked":["Rebound","Scrape"],"picked":"Ball Lightning","floor":4},{"not_picked":["Rebound","Barrage"],"picked":"Undo","floor":7},{"not_picked":["Streamline","Darkness"],"picked":"Sunder","floor":8},{"not_picked":["Coolheaded","Redo"],"picked":"Capacitor","floor":12},{"not_picked":["Scrape","Coolheaded"],"picked":"Core Surge","floor":14},{"not_picked":["Fission","All For One"],"picked":"Multi-Cast","floor":16},{"not_picked":["Barrage","Go for the Eyes"],"picked":"Conserve Battery+1","floor":18},{"not_picked":["Genetic Algorithm+1","Stack"],"picked":"Barrage","floor":19},{"not_picked":["Undo+1","Stack"],"picked":"Chill","floor":24},{"not_picked":["Turbo","All For One"],"picked":"Loop","floor":28},{"not_picked":["Double Energy","Stack+1"],"picked":"Hologram","floor":29},{"not_picked":["Genetic Algorithm","Ball Lightning"],"picked":"Self Repair","floor":31}],"player_experience":1284011,"relics_obtained":[{"floor":8,"key":"Bronze Scales"},{"floor":9,"key":"Vajra"},{"floor":24,"key":"Toy Ornithopter"},{"floor":26,"key":"Bag of Marbles"},{"floor":31,"key":"Anchor"}],"event_choices":[{"damage_healed":0,"gold_gain":0,"cards_transformed":["Strike_B"],"player_choice":"Change","damage_taken":0,"max_hp_gain":0,"max_hp_loss":0,"event_name":"Living Wall","floor":3,"gold_loss":0,"cards_obtained":["Beam Cell"]},{"damage_healed":0,"gold_gain":0,"player_choice":"Entered Light","damage_taken":26,"max_hp_gain":0,"max_hp_loss":0,"event_name":"Shining Light","floor":5,"gold_loss":0,"cards_upgraded":["Defend_B","Strike_B"]},{"damage_healed":0,"gold_gain":75,"player_choice":"Gather Gold","damage_taken":11,"max_hp_gain":0,"max_hp_loss":0,"event_name":"World of Goop","floor":10,"gold_loss":0},{"damage_healed":0,"gold_gain":0,"player_choice":"Shed Blood","damage_taken":30,"max_hp_gain":5,"max_hp_loss":0,"event_name":"Forgotten Altar","floor":20,"gold_loss":0},{"damage_healed":0,"gold_gain":0,"player_choice":"Read","damage_taken":0,"max_hp_gain":0,"max_hp_loss":0,"event_name":"The Library","floor":22,"gold_loss":0,"cards_obtained":["Compile Driver"]}],"is_beta":false,"boss_relics":[{"not_picked":["Black Star","Empty Cage"],"picked":"FrozenCore"}],"items_purged_floors":[21],"is_endless":false,"potions_floor_spawned":[1,4,7,8,24,29,31],"killed_by":"Automaton","ascension_level":20}}