{"host":"5dzuyvrjb30uqvwu","time":1610698803,"event":{"mods":["AchievementEnabler","BaseMod","Colored Powertips","Dark Map","Lobotomy","LobotomyExtend","Minty Spire (QoL Compilation)","Quick Restart","The IronCluck","slay the spire mod where everything is the same but ironclad has a cowboy hat"],"gold_per_floor":[271,271,271,287,212,212,212,212,285,329,329,349,362,386,386,510,510,523,546,565,565,565],"floor_reached":21,"language":"ENG","playtime":971,"items_purged":["Defend_R"],"score":243,"play_id":"f8ff29a0-f328-44da-9ddc-1fbded188b05","local_time":"20210115002003","is_ascension_mode":true,"campfire_choices":[{"data":"Demon Form","floor":6,"key":"SMITH"},{"data":"Heavy Blade","floor":8,"key":"SMITH"},{"data":"Pommel Strike","floor":11,"key":"SMITH"},{"data":"Rampage","floor":15,"key":"SMITH"}],"circlet_count":0,"master_deck":["Strike_R","Strike_R","Strike_R","Strike_R","Bash","CrumblingArmor","Heavy Blade+1","Infernal Blade","UniverseFragment","Demon Form+1","Pommel Strike+1","Rampage+1","Offering","Anger+1","Carnage+1","Offering+1"],"relics":["Burning Blood","CogitoBucket","RabbitCall","LetterFromLob","Golden Idol","Gremlin Horn","Pantograph","AspirationHeart","Astrolabe"],"acts_visited":["Exordium","TheCity"],"potions_floor_usage":[],"damage_taken":[{"damage":7,"enemies":"Small Slimes","floor":1,"turns":4},{"damage":0,"enemies":"Cultist","floor":4,"turns":3},{"damage":23,"enemies":"3 Sentries","floor":10,"turns":5},{"damage":11,"enemies":"Jaw Worm","floor":12,"turns":3},{"damage":5,"enemies":"Gremlin Gang","floor":13,"turns":3},{"damage":10,"enemies":"Red Slaver","floor":14,"turns":4},{"damage":0,"enemies":"Slime Boss","floor":16,"turns":5},{"damage":10,"enemies":"Spheric Guardian","floor":18,"turns":3},{"damage":16,"enemies":"Shell Parasite","floor":19,"turns":3},{"damage":27,"enemies":"Snake Plant","floor":20,"turns":2},{"damage":56,"enemies":"Centurion and Healer","floor":21,"turns":3}],"seed_played":"6589938971859820434","potions_obtained":[{"floor":12,"key":"GamblersBrew"},{"floor":18,"key":"PowerPotion"}],"is_trial":false,"path_per_floor":["M","?","?","M","$","R","E","R","T","E","R","M","M","M","R","B",null,"M","M","M","M"],"character_chosen":"IRONCLAD","items_purchased":[],"campfire_rested":0,"item_purchase_floors":[],"current_hp_per_floor":[79,59,59,65,65,65,65,65,65,48,48,43,44,50,50,81,90,86,76,55,0,0],"gold":565,"neow_bonus":"","is_daily":false,"chose_seed":false,"campfire_upgraded":4,"win_rate":0.0,"timestamp":1610698803,"path_taken":["M","?","?","M","$","R","E","R","T","E","R","?","M","M","R","BOSS","M","M","M","M"],"items_purchased_type":[],"build_version":"2020-12-22","purchased_purges":1,"victory":false,"max_hp_per_floor":[80,80,80,80,80,80,80,80,80,80,80,80,80,90,90,90,90,90,90,90,90,90],"card_choices":[{"not_picked":["DespairKnight","SpiderBud","ShyLook"],"picked":"Singing Bowl","floor":1},{"not_picked":["BlackSwan","Rudolta"],"picked":"CrumblingArmor","floor":1},{"not_picked":["Clothesline","Seeing Red"],"picked":"Heavy Blade","floor":1},{"not_picked":["SingingMachine","Laetitia"],"picked":"UniverseFragment","floor":4},{"not_picked":["Headbutt","True Grit"],"picked":"Demon Form","floor":4},{"not_picked":["LittleHelper","HeroicMonk","FairyFestival"],"picked":"Singing Bowl","floor":10},{"not_picked":["Feel No Pain","Havoc"],"picked":"Pommel Strike","floor":10},{"not_picked":["Evolve","Clash","Sentinel"],"picked":"SKIP","floor":12},{"not_picked":["Shrug It Off","Shockwave"],"picked":"Rampage","floor":13},{"not_picked":["Anger","Clash","Carnage"],"picked":"SKIP","floor":14},{"not_picked":["Bludgeon","Immolate"],"picked":"Offering","floor":16},{"not_picked":["Pommel Strike","Whirlwind","Body Slam+1"],"picked":"SKIP","floor":18},{"not_picked":["Hemokinesis+1","True Grit+1","Anger"],"picked":"SKIP","floor":19},{"not_picked":["Hemokinesis","Anger+1","Havoc"],"picked":"SKIP","floor":20},{"not_picked":["Hemokinesis","Anger+1","Havoc"],"picked":"SKIP","floor":20}],"player_experience":337922,"relics_obtained":[{"floor":1,"key":"LetterFromLob"},{"floor":9,"key":"Gremlin Horn"},{"floor":10,"key":"Pantograph"}],"event_choices":[{"damage_healed":0,"gold_gain":0,"player_choice":"Take Damage","damage_taken":20,"relics_obtained":["Golden Idol"],"max_hp_gain":0,"max_hp_loss":0,"event_name":"Golden Idol","floor":2,"gold_loss":0},{"damage_healed":0,"gold_gain":0,"cards_transformed":["Defend_R"],"player_choice":"Transformed","damage_taken":0,"max_hp_gain":0,"max_hp_loss":0,"event_name":"Transmorgrifier","floor":3,"gold_loss":0,"cards_obtained":["Infernal Blade"]}],"is_beta":false,"boss_relics":[{"not_picked":["Tiny House","Ectoplasm"],"picked":"Astrolabe"}],"items_purged_floors":[5],"is_endless":false,"potions_floor_spawned":[12,18],"killed_by":"Centurion and Healer","ascension_level":1}}