{"host":"81vb4cbob60wa1na","time":1610724173,"event":{"mods":["BaseMod","Downfall","GifTheSpireLib","Hermit","Highlight Path","Minty Spire (QoL Compilation)","StSLib","The Cursed","The Disciple"],"gold_per_floor":[99,113,113,113,129,129,177,192,192,202,215,215,231,68,83,185,185,185,185,185,26,26,26,26,11,11,11,11,11,11,11,11,11,11,11],"floor_reached":33,"language":"ENG","playtime":1427,"items_purged":[],"score":241,"play_id":"6ec9e55b-6eac-49fd-882a-0bb119011828","local_time":"20210115102253","is_ascension_mode":false,"campfire_choices":[{"data":"Guardian:TimeCapacitor","floor":1,"key":"SMITH"},{"floor":9,"key":"REST"},{"floor":12,"key":"REST"},{"data":"Guardian:TimeSifter","floor":18,"key":"SMITH"},{"floor":23,"key":"REST"},{"floor":27,"key":"REST"},{"floor":30,"key":"REST"}],"circlet_count":0,"master_deck":["Guardian:Strike_Guardian","Guardian:Strike_Guardian","Guardian:Strike_Guardian","Guardian:Strike_Guardian","Guardian:Defend_Guardian","Guardian:Defend_Guardian","Guardian:Defend_Guardian","Guardian:Defend_Guardian","Guardian:CurlUp","Guardian:TwinSlam","Guardian:TimeCapacitor+1","Guardian:PrismaticBeam","Guardian:TimeBomb","Guardian:GatlingBeam","Guardian:Orbwalk","Guardian:Planning","Guardian:Reroute","Guardian:TemporalStrike","Guardian:TimeSifter+1","Guardian:Suspension","Guardian:Incinerate+1","Guardian:WalkerClaw+1","Guardian:CrystalBeam+1","Regret","Guardian:WalkerClaw+1"],"relics":["Guardian:ModeShifter","hexamod:BolsterEngine","Pantograph","GremlinMask","Pen Nib","Guardian:BottledStasis","downfall:Hecktoplasm","Blood Vial","Molten Egg 2","White Beast Statue"],"acts_visited":["Exordium","TheCity"],"potions_floor_usage":[11,13,13,20,26,28,29,32,32,32,33],"damage_taken":[{"damage":2,"enemies":"2 Louse","floor":2,"turns":2},{"damage":0,"enemies":"Jaw Worm","floor":5,"turns":4},{"damage":5,"enemies":"Small Slimes","floor":8,"turns":4},{"damage":8,"enemies":"Blue Slaver","floor":10,"turns":5},{"damage":29,"enemies":"Gremlin Gang","floor":11,"turns":5},{"damage":4,"enemies":"Exordium Wildlife","floor":13,"turns":4},{"damage":0,"enemies":"downfall:FleeingMerchant","floor":14,"turns":4},{"damage":13,"enemies":"Lots of Slimes","floor":15,"turns":4},{"damage":53,"enemies":"downfall:Defect","floor":16,"turns":7},{"damage":10,"enemies":"Shell Parasite","floor":19,"turns":4},{"damage":4,"enemies":"Snake Plant","floor":20,"turns":3},{"damage":15,"enemies":"downfall:FleeingMerchant","floor":21,"turns":4},{"damage":16,"enemies":"Sentry and Sphere","floor":22,"turns":4},{"damage":2,"enemies":"downfall:FleeingMerchant","floor":25,"turns":4},{"damage":50,"enemies":"downfall:LadyInBlue","floor":26,"turns":9},{"damage":15,"enemies":"Centurion and Healer","floor":28,"turns":4},{"damage":13,"enemies":"Cultist and Chosen","floor":29,"turns":5},{"damage":6,"enemies":"3 Cultists","floor":32,"turns":3},{"damage":62,"enemies":"downfall:Watcher","floor":33,"turns":6}],"seed_played":"-2359948573008119610","potions_obtained":[{"floor":2,"key":"GamblersBrew"},{"floor":10,"key":"Energy Potion"},{"floor":11,"key":"Regen Potion"},{"floor":16,"key":"Strength Potion"},{"floor":22,"key":"Weak Potion"},{"floor":26,"key":"BlessingOfTheForge"},{"floor":26,"key":"DuplicationPotion"},{"floor":26,"key":"EssenceOfSteel"},{"floor":28,"key":"Weak Potion"},{"floor":29,"key":"DuplicationPotion"},{"floor":32,"key":"LiquidMemories"}],"is_trial":false,"path_per_floor":["R","M","?","T","M","?","T","M","R","M","M","R","M","$","M","B",null,"R","M","M","$","M","R","T","$","?","R","M","M","R","?","M","B"],"character_chosen":"GUARDIAN","items_purchased":["Guardian:BottledStasis","Blood Vial"],"campfire_rested":5,"item_purchase_floors":[14,21],"current_hp_per_floor":[80,78,53,53,53,53,53,48,72,64,35,59,67,67,54,26,80,80,70,66,51,37,61,61,61,13,37,24,13,37,37,33,0,0,0],"gold":11,"neow_bonus":"THREE_CARDS","is_daily":false,"chose_seed":false,"campfire_upgraded":2,"win_rate":0.0,"timestamp":1610724173,"path_taken":["R","M","?","?","M","?","T","M","R","M","M","R","M","$","M","BOSS","R","M","M","?","M","R","T","$","?","R","?","M","R","?","M","BOSS"],"items_purchased_type":["Relic","Relic"],"build_version":"2020-12-22","purchased_purges":0,"victory":false,"max_hp_per_floor":[80,80,80,80,80,80,80,80,80,80,80,80,80,80,80,80,80,80,80,80,80,80,80,80,80,80,80,80,80,80,80,80,80,80,80],"card_choices":[{"not_picked":["Guardian:DonusPower","Guardian:Preprogram"],"picked":"Guardian:TimeCapacitor","floor":0},{"not_picked":["Guardian:Gem_Red","Guardian:CrystalBeam"],"picked":"Guardian:PrismaticBeam","floor":2},{"not_picked":["Guardian:TimeCapacitor","Guardian:TemporalStrike"],"picked":"Guardian:TimeBomb","floor":5},{"not_picked":["Guardian:PrimingBeam","Guardian:TemporalStrike"],"picked":"Guardian:GatlingBeam","floor":8},{"not_picked":["Guardian:Gem_Lightblue","Guardian:Incinerate"],"picked":"Guardian:Orbwalk","floor":10},{"not_picked":["Guardian:SentryBeam","Guardian:Gem_Red"],"picked":"Guardian:Planning","floor":11},{"not_picked":["Guardian:Gem_Lightblue","Guardian:Gem_Crimson","Guardian:Reroute"],"picked":"SKIP","floor":13},{"not_picked":["Guardian:Gem_Blue","Guardian:Gem_Cyan"],"picked":"Guardian:Reroute","floor":14},{"not_picked":["Guardian:Orbwalk","Guardian:RevengeProtocol"],"picked":"Guardian:TemporalStrike","floor":15},{"not_picked":["Guardian:GatlingBeam","Guardian:GemFire"],"picked":"Guardian:TimeSifter","floor":16},{"not_picked":["Guardian:Incinerate","Guardian:Gem_Fragmented","Guardian:RollAttack+1"],"picked":"SKIP","floor":19},{"not_picked":["Guardian:PrismaticBeam","Guardian:DecasProtection"],"picked":"Guardian:Gem_White","floor":20},{"not_picked":["Guardian:RollAttack+1","Guardian:FastForward"],"picked":"Guardian:Suspension","floor":21},{"not_picked":["Guardian:Clone","Guardian:Recover"],"picked":"Guardian:Incinerate+1","floor":22},{"not_picked":["Guardian:ArmoredProtocol+1","Guardian:Clone"],"picked":"Guardian:Gem_Red","floor":25},{"not_picked":["Guardian:Incinerate+1","Guardian:Suspension"],"picked":"Guardian:WalkerClaw+1","floor":26},{"not_picked":["Guardian:BronzeArmor","Guardian:TemporalStrike+1"],"picked":"Guardian:Gem_Red","floor":28},{"not_picked":["Guardian:Clone","Guardian:TimeSifter"],"picked":"Guardian:CrystalBeam+1","floor":29},{"not_picked":["Guardian:Reroute+1","Guardian:Suspension"],"picked":"Guardian:WalkerClaw+1","floor":32}],"player_experience":247307,"relics_obtained":[{"floor":4,"key":"Pantograph"},{"floor":7,"key":"Pen Nib"},{"floor":24,"key":"Molten Egg 2"},{"floor":26,"key":"White Beast Statue"}],"event_choices":[{"damage_healed":0,"gold_gain":0,"player_choice":"Success","damage_taken":25,"relics_obtained":["hexamod:BolsterEngine"],"max_hp_gain":0,"max_hp_loss":0,"event_name":"Scrap Ooze","floor":3,"gold_loss":0},{"damage_healed":0,"gold_gain":0,"player_choice":"Trade","damage_taken":0,"relics_obtained":["GremlinMask"],"max_hp_gain":0,"max_hp_loss":0,"event_name":"FaceTrader","floor":6,"gold_loss":0}],"is_beta":false,"boss_relics":[{"not_picked":["Empty Cage","Cursed Key"],"picked":"downfall:Hecktoplasm"}],"items_purged_floors":[],"is_endless":false,"potions_floor_spawned":[2,10,11,16,22,28,29,32],"killed_by":"downfall:Watcher","ascension_level":0}}