{"host":"wshh0nphwn6jv7vj","time":1610754647,"event":{"mods":["BaseMod","Bestiary","Minty Spire (QoL Compilation)","Relic Stats"],"gold_per_floor":[115,126,201,201,216,216,216],"floor_reached":6,"language":"ENG","playtime":182,"items_purged":[],"score":67,"play_id":"08e20091-9b94-4d44-8705-01c3ac8fe9e3","local_time":"20210115185047","is_ascension_mode":true,"campfire_choices":[],"circlet_count":0,"master_deck":["AscendersBane","Strike_B","Strike_B","Strike_B","Defend_B","Defend_B","Defend_B","Defend_B","Zap","Dualcast","Writhe","Sweeping Beam","Static Discharge","Reboot","Gash"],"relics":["Cracked Core","Unceasing Top"],"acts_visited":["Exordium"],"potions_floor_usage":[],"damage_taken":[{"damage":4,"enemies":"Small Slimes","floor":1,"turns":4},{"damage":4,"enemies":"Jaw Worm","floor":2,"turns":5},{"damage":10,"enemies":"2 Louse","floor":5,"turns":3},{"damage":35,"enemies":"3 Sentries","floor":6,"turns":4}],"seed_played":"-6860892752061757899","potions_obtained":[{"floor":1,"key":"SteroidPotion"}],"is_trial":false,"path_per_floor":["M","M","?","?","M","E"],"character_chosen":"DEFECT","items_purchased":[],"campfire_rested":0,"item_purchase_floors":[],"current_hp_per_floor":[60,56,45,45,35,0,0],"gold":216,"neow_bonus":"ONE_RARE_RELIC","is_daily":false,"chose_seed":false,"campfire_upgraded":0,"win_rate":0.0,"timestamp":1610754647,"path_taken":["M","M","?","?","M","E"],"items_purchased_type":[],"build_version":"2020-12-22","purchased_purges":0,"victory":false,"max_hp_per_floor":[71,71,71,71,71,71,71],"relic_stats":{"counters":[4,16],"obtain_stats":[{"Cracked Core":0,"Unceasing Top":0},{"Cracked Core":0,"Unceasing Top":0},{"Cracked Core":0,"Unceasing Top":0}],"Unceasing Top":[0]},"card_choices":[{"not_picked":["Rip and Tear","Go for the Eyes"],"picked":"Sweeping Beam","floor":1},{"not_picked":["Compile Driver","Tempest"],"picked":"Static Discharge","floor":2},{"not_picked":["Ball Lightning","Hologram"],"picked":"Gash","floor":5}],"player_experience":1579041,"relics_obtained":[],"event_choices":[{"damage_healed":0,"gold_gain":75,"player_choice":"Gather Gold","damage_taken":11,"max_hp_gain":0,"max_hp_loss":0,"event_name":"World of Goop","floor":3,"gold_loss":0},{"damage_healed":0,"gold_gain":0,"cards_transformed":["Strike_B"],"player_choice":"Change","damage_taken":0,"max_hp_gain":0,"max_hp_loss":0,"event_name":"Living Wall","floor":4,"gold_loss":0,"cards_obtained":["Reboot"]}],"is_beta":false,"boss_relics":[],"items_purged_floors":[],"is_endless":false,"potions_floor_spawned":[1],"killed_by":"3 Sentries","ascension_level":17}}