{"host":"d7fiu2yjkssjxoz6","time":1610687707,"event":{"mods":["AchievementEnabler","BaseMod","Duelist Mod","GifTheSpireLib","Minty Spire (QoL Compilation)","StSLib"],"gold_per_floor":[136,136,136,136,156,156,190,205,254,254,273,297,323,347,347,477,477,495,495,414,437,437,437,437,437,437,461,477,477,513,513,513,636,636,659,680,680,680,680,696,696,720,746,746,760,760,783,796,796,796,796,796,17,57,57,57],"floor_reached":55,"language":"ENG","playtime":3086,"items_purged":["theDuelist:CurseAnubis"],"score":797,"play_id":"d6598b49-3d27-4d64-b726-d1d9f681780e","local_time":"20210114211507","is_ascension_mode":true,"campfire_choices":[{"data":"theDuelist:ToonWorld","floor":6,"key":"SMITH"},{"floor":10,"key":"REST"},{"floor":15,"key":"REST"},{"floor":23,"key":"RECALL"},{"data":"theDuelist:UltraPolymerization","floor":25,"key":"SMITH"},{"floor":29,"key":"REST"},{"floor":32,"key":"REST"},{"floor":41,"key":"REST"},{"data":"theDuelist:HeartUnderdog","floor":46,"key":"SMITH"},{"floor":49,"key":"REST"},{"data":"theDuelist:MillenniumShield","floor":52,"key":"SMITH"}],"circlet_count":0,"master_deck":["theDuelist:ToonMagic","theDuelist:ToonAncientGear","theDuelist:PotDichotomy","theDuelist:PowerGiant","theDuelist:CastleWalls","Writhe","theDuelist:EarthquakeGiant+1","theDuelist:EarthEffigy","theDuelist:Sparks","theDuelist:DeltaMagnet","Shame","theDuelist:ToonDefense+1","Madness","theDuelist:ToonMermaid","theDuelist:MillenniumShield+1","theDuelist:ToonMask","theDuelist:MangaRyuRan","theDuelist:UltraPolymerization+1","theDuelist:ShadowToon","Madness","theDuelist:FlyingSaucer","theDuelist:Sparks","theDuelist:HeartUnderdog+1","theDuelist:Sparks","theDuelist:CastleWalls","theDuelist:ToonGoblin+1","theDuelist:RedMedicine+1","theDuelist:ToonDarkMagicianGirl","theDuelist:ToonAncientGear","theDuelist:FeatherPho+1","theDuelist:GracefulCharity+1","theDuelist:RedMedicine","theDuelist:ToonWorld+1","theDuelist:FuryFire+2","theDuelist:ToonRollback","theDuelist:ToonBriefcase","theDuelist:ToonAncientGear","theDuelist:ToonGeminiElf","Enlightenment","theDuelist:RainbowKuriboh+1"],"relics":["theDuelist:MillenniumPuzzle","theDuelist:CardPoolRelic","theDuelist:CardPoolBasicRelic","theDuelist:BoosterPackPoolRelic","theDuelist:CardPoolAddRelic","theDuelist:CardPoolMinusRelic","theDuelist:CardPoolSaveRelic","theDuelist:CardPoolOptionsRelic","Golden Idol","theDuelist:ZoneToken","theDuelist:BoosterPackTrapEgg","Boot","Velvet Choker","Regal Pillow","theDuelist:MetronomeRelicB","Happy Flower","Potion Belt","Cursed Key","theDuelist:MillenniumScale","Bag of Marbles","theDuelist:CursedHealer","Champion Belt","Red Skull","Unceasing Top"],"acts_visited":["Exordium","TheCity","TheBeyond","TheEnding"],"potions_floor_usage":[16,16,16,36,47,50,50,50,55],"damage_taken":[{"damage":6,"enemies":"2 Louse","floor":1,"turns":4},{"damage":12,"enemies":"Jaw Worm","floor":5,"turns":4},{"damage":52,"enemies":"Lagavulin","floor":7,"turns":8},{"damage":1,"enemies":"Small Slimes","floor":8,"turns":2},{"damage":9,"enemies":"Red Slaver","floor":11,"turns":2},{"damage":24,"enemies":"Exordium Wildlife","floor":13,"turns":6},{"damage":6,"enemies":"Large Slime","floor":14,"turns":2},{"damage":31,"enemies":"Slime Boss","floor":16,"turns":9},{"damage":6,"enemies":"Spheric Guardian","floor":18,"turns":3},{"damage":16,"enemies":"2 Thieves","floor":21,"turns":2},{"damage":16,"enemies":"Chosen and Byrds","floor":27,"turns":4},{"damage":19,"enemies":"Snake Plant","floor":28,"turns":4},{"damage":30,"enemies":"Book of Stabbing","floor":30,"turns":7},{"damage":45,"enemies":"Champ","floor":33,"turns":12},{"damage":14,"enemies":"3 Darklings","floor":35,"turns":3},{"damage":13,"enemies":"3 Shapes","floor":36,"turns":4},{"damage":14,"enemies":"Sphere and 2 Shapes","floor":40,"turns":6},{"damage":12,"enemies":"4 Shapes","floor":42,"turns":4},{"damage":4,"enemies":"Jaw Worm Horde","floor":45,"turns":4},{"damage":28,"enemies":"Spire Growth","floor":47,"turns":5},{"damage":14,"enemies":"Writhing Mass","floor":48,"turns":7},{"damage":133,"enemies":"Donu and Deca","floor":50,"turns":11},{"damage":31,"enemies":"Shield and Spear","floor":54,"turns":6},{"damage":154,"enemies":"The Heart","floor":55,"turns":15}],"seed_played":"285126991682242458","potions_obtained":[{"floor":5,"key":"theDuelist:VampireVial"},{"floor":7,"key":"theDuelist:OrbBottle"},{"floor":13,"key":"Fire Potion"},{"floor":18,"key":"theDuelist:BurningPotion"},{"floor":28,"key":"ColorlessPotion"},{"floor":33,"key":"theDuelist:TokenPotion"},{"floor":36,"key":"ColorlessPotion"},{"floor":42,"key":"SpeedPotion"},{"floor":54,"key":"theDuelist:BurningPotion"}],"is_trial":false,"path_per_floor":["M","?","?","?","M","R","E","M","T","R","M","T","M","M","R","B",null,"M","?","?","M","?","R","?","R","T","M","M","R","E","?","R","B",null,"M","M","?","?","?","M","R","M","T","?","M","R","M","M","R","B",null,"R","$","E","B"],"character_chosen":"THE_DUELIST","items_purchased":["Champion Belt","Red Skull","theDuelist:ToonBriefcase","theDuelist:ToonAncientGear","theDuelist:ToonGeminiElf","Enlightenment"],"campfire_rested":6,"item_purchase_floors":[53,53,53,53,53,53],"current_hp_per_floor":[82,60,60,88,76,76,24,23,23,49,40,40,16,10,36,5,88,82,82,82,66,66,66,60,60,60,44,25,66,36,36,77,95,151,137,124,124,124,105,95,151,139,139,151,147,147,119,109,151,22,151,151,151,124,0,0],"gold":57,"neow_bonus":"TEN_PERCENT_HP_BONUS","is_daily":false,"chose_seed":false,"campfire_upgraded":4,"win_rate":0.0,"timestamp":1610687707,"path_taken":["M","?","?","?","M","R","E","?","T","R","M","?","?","M","R","BOSS","M","?","?","M","?","R","?","R","T","M","?","R","E","?","R","BOSS","M","M","?","?","?","M","R","M","T","?","M","R","?","M","R","BOSS","R","$","E","BOSS"],"items_purchased_type":["Relic","Relic","Card","Card","Card","Card"],"build_version":"2020-12-22","purchased_purges":1,"victory":false,"max_hp_per_floor":[88,88,88,88,88,88,88,88,88,88,88,88,88,88,88,88,88,88,88,88,88,88,88,88,88,88,88,88,88,88,88,88,151,151,151,151,151,151,151,151,151,151,151,151,151,151,151,151,151,151,151,151,151,151,151,151],"card_choices":[{"not_picked":["theDuelist:EarthquakeGiant","theDuelist:TimeSeal","theDuelist:DestroyerGolem","theDuelist:Wiretap"],"picked":"theDuelist:RedMedicine","floor":1},{"not_picked":["theDuelist:EarthquakeGiant","theDuelist:EvilswarmHeliotrope","theDuelist:GiantSoldierSteel","theDuelist:MudGolem"],"picked":"theDuelist:PowerGiant","floor":5},{"not_picked":["theDuelist:WingedKuriboh","theDuelist:TimeSeal","theDuelist:BlackPendant","theDuelist:Cloning"],"picked":"theDuelist:EarthEffigy","floor":7},{"not_picked":["theDuelist:ToonDefense+1","theDuelist:MagicalStone+1","theDuelist:Wiretap+1","theDuelist:DestructPotion+1"],"picked":"theDuelist:RedMedicine+1","floor":8},{"not_picked":["theDuelist:ToonSummonedSkull","theDuelist:ToonDarkMagician","theDuelist:ToonRollback","theDuelist:ComicHand"],"picked":"theDuelist:ToonAncientGear","floor":11},{"not_picked":["theDuelist:PowerGiant","theDuelist:HaneHane","theDuelist:PurplePainOni","theDuelist:DarklordSuperbia"],"picked":"theDuelist:PotDichotomy","floor":13},{"not_picked":["theDuelist:ToonBarrelDragon","theDuelist:FlyingSaucer","theDuelist:BlueEyesToon","theDuelist:ComicHand"],"picked":"theDuelist:ToonMagic","floor":14},{"not_picked":["theDuelist:Blockman","theDuelist:Mathematician","theDuelist:Metronome","theDuelist:WingedKuribohLv10"],"picked":"theDuelist:UltraPolymerization","floor":16},{"not_picked":["theDuelist:ToonDarkMagician","theDuelist:ToonSummonedSkull","theDuelist:ToonGeminiElf","theDuelist:ToonMaskedSorcerer+1"],"picked":"theDuelist:ToonDarkMagicianGirl","floor":18},{"not_picked":["theDuelist:BattleOx","theDuelist:Kuribohrn","theDuelist:GemElephant","theDuelist:EarthGiant"],"picked":"theDuelist:FeatherPho+1","floor":21},{"not_picked":["theDuelist:ClearKuriboh+1","theDuelist:Cloning+1","theDuelist:FuryFire+1","theDuelist:Hinotama+1"],"picked":"theDuelist:ToonDefense+1","floor":27},{"not_picked":["theDuelist:ToonDefense+1","theDuelist:FuryFire+1","theDuelist:Hinotama+1","theDuelist:MagicalStone+1"],"picked":"theDuelist:DestructPotion+1","floor":28},{"not_picked":["theDuelist:RedEyesToon","theDuelist:CheerfulCoffin","theDuelist:ToonBarrelDragon","theDuelist:ToonWorld"],"picked":"theDuelist:FlyingSaucer","floor":30},{"not_picked":["theDuelist:MagicCylinder+1","theDuelist:OrbMetronome","theDuelist:Solidarity+1","theDuelist:WingedKuribohLv10"],"picked":"theDuelist:MillenniumShield","floor":33},{"not_picked":["theDuelist:RedEyesToon+1","theDuelist:ToonAncientGear+1","theDuelist:FlyingSaucer","theDuelist:CheerfulCoffin"],"picked":"theDuelist:GracefulCharity+1","floor":35},{"not_picked":["theDuelist:AncientGearFist+3","theDuelist:ToonGeminiElf+1","theDuelist:BlueEyesToon+1","theDuelist:ToonDefense+1"],"picked":"theDuelist:ShadowToon","floor":36},{"not_picked":["theDuelist:Blockman","theDuelist:PotForbidden+1","theDuelist:SmashingGround+1","theDuelist:TheCreator+1"],"picked":"theDuelist:HeartUnderdog","floor":40},{"not_picked":["theDuelist:MangaRyuRan+1","theDuelist:CheerfulCoffin","theDuelist:RedEyesToon+1","theDuelist:ToonBarrelDragon"],"picked":"theDuelist:ToonGoblin+1","floor":42},{"not_picked":["theDuelist:BigFire+1","theDuelist:Fissure+1","theDuelist:MudGolem","theDuelist:Blockman"],"picked":"theDuelist:EarthquakeGiant+1","floor":45},{"not_picked":["theDuelist:BattleguardKing+1","theDuelist:BlueBloodedOni+1","theDuelist:BigKoala+1","theDuelist:MagicalStone+1"],"picked":"theDuelist:FuryFire+2","floor":47},{"not_picked":["theDuelist:SpellShatteringArrow+1","theDuelist:ComicHand","theDuelist:TributeDoomed+1","theDuelist:ToonGoblin"],"picked":"theDuelist:ToonRollback","floor":48},{"not_picked":["theDuelist:MangaRyuRan+1","theDuelist:BlueBloodedOni+1","theDuelist:GreyGreedOni+1","theDuelist:RedHeadedOni+1"],"picked":"theDuelist:RainbowKuriboh+1","floor":54}],"player_experience":178965,"relics_obtained":[{"floor":7,"key":"theDuelist:BoosterPackTrapEgg"},{"floor":12,"key":"Boot"},{"floor":26,"key":"Happy Flower"},{"floor":30,"key":"Potion Belt"},{"floor":43,"key":"Bag of Marbles"},{"floor":54,"key":"Unceasing Top"}],"event_choices":[{"damage_healed":0,"gold_gain":0,"player_choice":"Take Damage","damage_taken":22,"relics_obtained":["Golden Idol"],"max_hp_gain":0,"max_hp_loss":0,"event_name":"Golden Idol","floor":2,"gold_loss":0},{"damage_healed":0,"gold_gain":0,"player_choice":"Box","damage_taken":0,"relics_obtained":["theDuelist:ZoneToken"],"max_hp_gain":0,"max_hp_loss":0,"event_name":"Big Fish","floor":3,"gold_loss":0,"cards_obtained":["Regret"]},{"cards_removed":["theDuelist:ToonSummonedSkull"],"damage_healed":28,"gold_gain":0,"player_choice":"Offered Uncommon","damage_taken":0,"max_hp_gain":0,"max_hp_loss":0,"event_name":"Bonfire Elementals","floor":4,"gold_loss":0},{"cards_removed":["Regret"],"damage_healed":0,"gold_gain":0,"player_choice":"Elegance","damage_taken":0,"max_hp_gain":0,"max_hp_loss":0,"event_name":"Back to Basics","floor":19,"gold_loss":0},{"damage_healed":0,"gold_gain":0,"player_choice":"Purchased Toon Mask for 81 Gold.","duelist":true,"damage_taken":0,"max_hp_gain":0,"max_hp_loss":0,"event_name":"Card Trader","floor":20,"gold_loss":0},{"damage_healed":0,"gold_gain":0,"player_choice":"Stole Relic","damage_taken":0,"relics_obtained":["Regal Pillow"],"max_hp_gain":0,"max_hp_loss":0,"event_name":"Addict","floor":22,"gold_loss":0,"cards_obtained":["Shame"]},{"damage_healed":0,"gold_gain":0,"player_choice":"Dig - random Duelist relic","duelist":true,"damage_taken":0,"max_hp_gain":0,"max_hp_loss":0,"event_name":"Aknamkanon\u0027s Tomb","floor":24,"gold_loss":0},{"damage_healed":0,"gold_gain":0,"player_choice":"Leave","duelist":true,"damage_taken":0,"max_hp_gain":0,"max_hp_loss":0,"event_name":"Relic Duplicator","floor":31,"gold_loss":0},{"damage_healed":0,"gold_gain":0,"player_choice":"Took item - Received: Millennium Scale","duelist":true,"damage_taken":0,"max_hp_gain":0,"max_hp_loss":0,"event_name":"Millennium Items","floor":37,"gold_loss":0},{"damage_healed":0,"gold_gain":0,"player_choice":"Delta Electro","duelist":true,"damage_taken":0,"max_hp_gain":0,"max_hp_loss":0,"event_name":"Egyptian Village","floor":38,"gold_loss":0,"cards_obtained":["Delta Electromagnet Warrior"]},{"damage_healed":0,"gold_gain":0,"player_choice":"Embrace Madness","damage_taken":19,"max_hp_gain":0,"max_hp_loss":0,"event_name":"Winding Halls","floor":39,"gold_loss":0,"cards_obtained":["Madness","Madness"]},{"damage_healed":0,"gold_gain":0,"player_choice":"Succumb - +25HP/Cursed Relic","duelist":true,"damage_taken":0,"max_hp_gain":0,"max_hp_loss":0,"event_name":"Tomb of the Nameless","floor":44,"gold_loss":0}],"is_beta":false,"boss_relics":[{"not_picked":["Runic Dome","SacredBark"],"picked":"Velvet Choker"},{"not_picked":["theDuelist:MillenniumKey","Runic Pyramid"],"picked":"Cursed Key"}],"items_purged_floors":[53],"is_endless":false,"potions_floor_spawned":[5,7,13,18,28,33,36,42,54],"killed_by":"The Heart","ascension_level":1}}