{"host":"grklf728wqifs9z9","time":1610683627,"event":{"mods":["BaseMod","Downfall","MarisaÅiñ∂âJÅ@ñÇóùçπÅj","Minty Spire (QoL Compilation)","Replay The Spire","Shop Mod","StSLib","The Animator","The Bug Knight","The Cursed","The Disciple","The Necromancer","The Servant 0.9.4"],"gold_per_floor":[117,128,128,16,26,26,56,56,56,71,89,109,120,134,134,235,235,251,264,314,314,339,373,398,398,421,25,25,25,60,73,73,73,73],"floor_reached":33,"language":"ENG","playtime":2607,"items_purged":[],"score":316,"play_id":"bf675838-a4bd-40c8-b9fb-ddfa2a03d876","local_time":"20210115130707","is_ascension_mode":false,"campfire_choices":[{"floor":6.0,"key":"RECALL"},{"data":"Summon_Undead","floor":15.0,"key":"SMITH"},{"floor":25,"key":"REST"},{"data":"Siphon_Strength","floor":28,"key":"SMITH"},{"floor":32,"key":"REST"}],"circlet_count":0,"master_deck":["Strike_W","Strike_W","Strike_W","Defend_W+1","Defend_W+1","Defend_W+1","Defend_W+1","Negative_Energy_Arrows","Bone_Wall","Blood_Whip","Deaths_Shadow","Exploit+1","Hellfire+1","Finger_Of_Death","Negative_Energy_Arrows","Hellfire","Thousand_Bone_Knives","Siphon_Strength+1","Summon_Undead+1","Plague_Bolt","Spectral_Walk","Negative_Energy_Bomb","Requiem","Spectral_Armor","Bone_Armor+1","Delirium","Overencumbered","animator:Curse_Dizziness","Life_Tap","Requiem+1","Death_Knell","Overencumbered","Secret Weapon+1","Acid_Javelin+1","Violent_Necrosis","Life_Drain"],"relics":["Vampire_Amulet","Replay:Bottled Eggs","Black Star","Ring of Greed","ReplayTheSpireMod:Ring of Exchange","Golden Egg","Golden Idol","Anchor","Mirror","Orichalcum","Medical Kit","Replay:Bottled Flurry","Blue Doll"],"acts_visited":["Exordium","TheCity"],"potions_floor_usage":[23,23],"damage_taken":[{"damage":0.0,"enemies":"2 Louse","floor":1.0,"turns":3.0},{"damage":9.0,"enemies":"Small Slimes","floor":2.0,"turns":4.0},{"damage":0.0,"enemies":"Cultist","floor":5.0,"turns":3.0},{"damage":11.0,"enemies":"Replay:BlueRogue","floor":7.0,"turns":4.0},{"damage":0.0,"enemies":"Blue Slaver","floor":10.0,"turns":3.0},{"damage":2.0,"enemies":"3 Louse","floor":11.0,"turns":3.0},{"damage":7.0,"enemies":"Gremlin Gang","floor":12.0,"turns":5.0},{"damage":3.0,"enemies":"Exordium Thugs","floor":13.0,"turns":3.0},{"damage":13.0,"enemies":"Lots of Slimes","floor":14.0,"turns":5.0},{"damage":13.0,"enemies":"Fading Forest","floor":16.0,"turns":11.0},{"damage":0.0,"enemies":"Chosen","floor":18.0,"turns":4.0},{"damage":20.0,"enemies":"2 Thieves","floor":19.0,"turns":4.0},{"damage":45.0,"enemies":"Sentry and Sphere","floor":22.0,"turns":10.0},{"damage":6,"enemies":"Book of Stabbing","floor":23,"turns":5},{"damage":30,"enemies":"3 Cultists","floor":24,"turns":6},{"damage":9,"enemies":"Replay:Snechameleon","floor":30,"turns":6},{"damage":6,"enemies":"Centurion and Healer","floor":31,"turns":7},{"damage":62,"enemies":"Champ","floor":33,"turns":10}],"seed_played":"-75935077602995459","potions_obtained":[{"floor":2.0,"key":"PowerPotion"},{"floor":10.0,"key":"Weak Potion"},{"floor":11.0,"key":"Ancient Potion"},{"floor":14.0,"key":"BlessingOfTheForge"},{"floor":19.0,"key":"SkillPotion"},{"floor":31,"key":"sneckomod:MuddlingPotion"}],"is_trial":false,"path_per_floor":["M","M","?","$","M","R","E","?","T","M","M","M","M","M","R","B",null,"M","M","?","?","M","E","M","R","T","$","R","$","E","M","R","B"],"character_chosen":"NECROMANCER","items_purchased":["Hellfire+1","Medical Kit","Secret Weapon","Acid_Javelin"],"campfire_rested":2,"item_purchase_floors":[4,27,27,27],"current_hp_per_floor":[82,77,77,77,79,79,70,70,70,72,76,77,78,75,75,74,82,82,66,66,58,38,46,22,46,46,46,46,46,39,37,61,0,0],"gold":73,"neow_bonus":"TEN_PERCENT_HP_BONUS","is_daily":false,"chose_seed":false,"campfire_upgraded":2,"win_rate":0.0,"timestamp":1610683627,"path_taken":["M","M","?","$","M","R","E","?","T","M","M","?","M","M","R","BOSS","M","?","?","?","M","E","M","R","T","$","R","$","E","M","R","BOSS"],"items_purchased_type":["Card","Relic","Card","Card"],"build_version":"2020-12-22","purchased_purges":0,"victory":false,"max_hp_per_floor":[82,82,82,82,82,82,82,82,82,82,82,82,82,82,82,82,82,82,82,82,82,82,82,82,82,82,82,82,82,82,82,82,82,82],"card_choices":[{"not_picked":["Negative_Energy_Javelin","Bone_Shift"],"picked":"Blood_Whip","floor":1.0},{"not_picked":["Negative_Energy_Sphere","Finger_Of_Death"],"picked":"Deaths_Shadow","floor":2.0},{"not_picked":["Bones_to_Steel","Negative_Energy_Javelin"],"picked":"Finger_Of_Death","floor":5.0},{"not_picked":["Bones_to_Steel","Blood_Wake","Death_March_Dance"],"picked":"SKIP","floor":7.0},{"not_picked":["Shackles_Of_Pain","Vampiric_Strike"],"picked":"Siphon_Strength","floor":10.0},{"not_picked":["Negative_Energy_Mist","Scare"],"picked":"Summon_Undead","floor":11.0},{"not_picked":["Shackles_Of_Pain","Violent_Necrosis"],"picked":"Plague_Bolt","floor":12.0},{"not_picked":["Negative_Energy_Sphere","Bone_Spikes"],"picked":"Spectral_Walk","floor":13.0},{"not_picked":["Bone_Armor","Negative_Energy_Sphere"],"picked":"Negative_Energy_Bomb","floor":14.0},{"not_picked":["Blood_Magic","Reap_The_Weak"],"picked":"Requiem","floor":16.0},{"not_picked":["Bone_Spikes+1","Blood_Is_Power"],"picked":"Spectral_Armor","floor":18.0},{"not_picked":["Scare","Bones_to_Steel"],"picked":"Bone_Armor+1","floor":19.0},{"not_picked":["Bone_Armor","Life_Drain"],"picked":"Life_Tap","floor":22},{"not_picked":["Bone_Armor","Necromantic_Selection"],"picked":"Requiem","floor":23},{"not_picked":["Summon_Undead_Army","Negative_Energy_Javelin"],"picked":"Death_Knell","floor":24},{"not_picked":["Negative_Energy_Sphere","Chill_Blood"],"picked":"Violent_Necrosis","floor":30},{"not_picked":["Thousand_Bone_Knives","Whirlwind_of_Bones"],"picked":"Life_Drain","floor":31}],"player_experience":127987,"relics_obtained":[{"floor":7.0,"key":"Replay:Bottled Eggs"},{"floor":20.0,"key":"Ring of Greed"},{"floor":20.0,"key":"ReplayTheSpireMod:Ring of Exchange"},{"floor":20.0,"key":"Golden Egg"},{"floor":20.0,"key":"Golden Idol"},{"floor":23,"key":"Anchor"},{"floor":23,"key":"Mirror"},{"floor":26,"key":"Orichalcum"},{"floor":30,"key":"Replay:Bottled Flurry"},{"floor":30,"key":"Blue Doll"}],"event_choices":[{"damage_healed":0.0,"max_hp_gain":0.0,"max_hp_loss":0.0,"gold_gain":0.0,"event_name":"Match and Keep!","player_choice":"3 cards matched","floor":8.0,"gold_loss":0.0,"damage_taken":0.0,"cards_obtained":["Negative_Energy_Arrows","Hellfire","Thousand_Bone_Knives"]},{"damage_healed":0.0,"max_hp_gain":0.0,"max_hp_loss":0.0,"gold_gain":0.0,"event_name":"Wheel of Change","player_choice":"Damaged","floor":21.0,"gold_loss":0.0,"damage_taken":8.0}],"is_beta":false,"boss_relics":[{"not_picked":["Replay:Bronze Core","Coffee Dripper"],"picked":"Black Star"}],"items_purged_floors":[],"is_endless":false,"potions_floor_spawned":[2,7,10,11,14,19,31],"killed_by":"Champ","ascension_level":0}}