{"host":"g75gtovmj0ine2rf","time":1610710503,"event":{"mods":["2.2 Compatiblity","AchievementEnabler","Act Like it!","Arknights The Spire","Aspiration","Astrologer","Bard","BaseMod","Better Match","BetterRewards","CapriCore","Challenge The Spire","ChefMod","Clockwork Mod","Colored Map","Conspire","Elementarium","Energized Spire","Friendly Minions","Gensokyo","Halation","Hallownest","Hermit","HexUI Lib","Highlight Path","Hubris","Infinite Spire","Jedi Mod","Lobotomy","Menagerie","Minty Spire (QoL Compilation)","Puzzle Mod","Quick Restart","Rare Cards Sparkle","Relic Stats","Replay The Spire","Robot Space Explorer","Shade Mod","Shop Mod","Spicy Shops","StSLib","SuperFastMode","The Construct","The Cursed","The Dragon Tamer","The Factory","The Jungle","The Marked","The Runesmith","TheBandit","TheFirefly","TheSwordswoman","TheVacant","TheVelvet","Transform Curses","Wandering Minibosses","thorton","vexMod"],"gold_per_floor":[361,361,360,377,166,166,187,112,192,479,479,483,480,482,482,571,571,509,509,511,374,374,374,394,394,394,0,20,20,20,20,20,0,0],"floor_reached":33,"language":"ENG","playtime":2392,"items_purged":["ats:Strike S"],"score":290,"play_id":"0458975e-8b6c-4fc8-9468-17a6f3f204c0","local_time":"20210115223503","is_ascension_mode":false,"campfire_choices":[{"data":"ats:Blood Oath","floor":6.0,"key":"SMITH"},{"floor":11.0,"key":"REST"},{"floor":15.0,"key":"REST"},{"floor":23.0,"key":"REST"},{"floor":25.0,"key":"REST"},{"floor":29,"key":"REST"},{"floor":30,"key":"REST"},{"data":"ats:Thorns","floor":32,"key":"SMITH"}],"circlet_count":0,"master_deck":["ats:Strike C","ats:Strike G","ats:Strike V","ats:Armor Crushing Shot","ats:Defend","ats:Defend+1","ats:Defend","ats:Defend+1","ats:Emotion Absorption","ats:Blood Oath+1","ats:Counter Healing Mode+1","ats:Apocalypse+1","ats:Shadow Assault","ats:Support Order","ats:Thorns+1","ats:Soul Rend","ats:Calcification","Gensokyo:HAARP+1","Gensokyo:MysteriousEgg","Gensokyo:BlemishedSteel","ats:Counter Healing Mode+1"],"relics":["ats:Sanity","halation:PinkSoulGem","halation:Jellyphish","ats:Originium","White Beast Statue","Kunai","jedi:hotpepper","hubris:Towel","WingedGreaves","InkBottle","Quantum Egg"],"acts_visited":["Exordium","Gensokyo:Gensokyo"],"potions_floor_usage":[28,28,28,33],"damage_taken":[{"damage":6.0,"enemies":"Gensokyo:Python","floor":1.0,"turns":4.0},{"damage":4.0,"enemies":"Gensokyo:Gryphon","floor":3.0,"turns":5.0},{"damage":8.0,"enemies":"Gensokyo:2_Kodama","floor":4.0,"turns":6.0},{"damage":21.0,"enemies":"Gensokyo:Cirno","floor":7.0,"turns":7.0},{"damage":44.0,"enemies":"Gensokyo:Kitsune","floor":10.0,"turns":8.0},{"damage":16.0,"enemies":"Gensokyo:VengefulSpirit","floor":12.0,"turns":6.0},{"damage":31.0,"enemies":"Gensokyo:3_Kodama","floor":13.0,"turns":7.0},{"damage":20.0,"enemies":"Gensokyo:5_Fairies","floor":14.0,"turns":7.0},{"damage":39.0,"enemies":"Gensokyo:Kokoro","floor":16.0,"turns":11.0},{"damage":64.0,"enemies":"Gensokyo:2_Gloops","floor":18.0,"turns":9.0},{"damage":28.0,"enemies":"Gensokyo:AngelMirror","floor":20.0,"turns":5.0},{"damage":41.0,"enemies":"Gensokyo:Tenshi","floor":24.0,"turns":3.0},{"damage":11,"enemies":"Gensokyo:Wraith","floor":28,"turns":4},{"damage":71,"enemies":"Gensokyo:Eternal_Rivals","floor":33,"turns":8}],"seed_played":"-7833782568197205493","potions_obtained":[{"floor":10.0,"key":"Swift Potion"},{"floor":12.0,"key":"FearPotion"},{"floor":13.0,"key":"AttackPotion"},{"floor":14.0,"key":"Elixir"},{"floor":16.0,"key":"Reflective Coating"},{"floor":18.0,"key":"Energy Potion"},{"floor":20.0,"key":"BlessingOfTheForge"},{"floor":24.0,"key":"Fire Potion"},{"floor":28,"key":"jedi:tentaclejuice"}],"is_trial":false,"path_per_floor":["M","?","M","M","COS","R","E","$","T","M","R","M","M","M","R","B",null,"M","?","M","COS","?","R","E","R","T","?","M","R","R","?","R","B"],"character_chosen":"DOCTOR_CLASS","items_purchased":[],"campfire_rested":6,"item_purchase_floors":[],"current_hp_per_floor":[45,45,44,39,39,39,38,38,38,8,29,26,18,21,42,43,54,27,27,19,19,19,33,4,18,18,18,18,32,46,46,46,0,0],"gold":0,"neow_bonus":"TWO_FIFTY_GOLD","is_daily":false,"chose_seed":false,"campfire_upgraded":2,"win_rate":0.0,"timestamp":1610710503,"path_taken":["M","?","M","M","COS","R","E","?","T","M","R","M","M","M","R","BOSS","M","?","M","COS","?","R","E","R","T","?","M","R","R","?","R","BOSS"],"items_purchased_type":[],"build_version":"2020-12-22","purchased_purges":1,"victory":false,"max_hp_per_floor":[72,72,72,72,72,72,72,72,72,72,72,72,72,72,72,72,54,54,49,49,49,49,49,49,49,49,49,49,49,49,49,49,49,49],"relic_stats":{"counters":[14,90],"Kunai":[8],"obtain_stats":[{"Darkstone Periapt":28,"halation:SmartPhone":16,"Calipers":7,"Replay:PocketPolymizer":10,"construct:RocketBooster":24,"Quantum Egg":33,"energizedSpire:OgreHead":13,"hubris:Towel":22,"White Beast Statue":7,"halation:HeavySnake":14,"ats:Originium":7,"jedi:hotpepper":17,"halation:Jellyphish":5,"jedi:matchstick":18,"WingedGreaves":24,"ats:Sanity":0,"Kunai":9,"halation:PinkSoulGem":2,"InkBottle":26,"Runic Pyramid":12,"hubris:Reverence":20},{"Darkstone Periapt":12,"halation:SmartPhone":8,"Calipers":3,"Replay:PocketPolymizer":4,"construct:RocketBooster":11,"Quantum Egg":13,"energizedSpire:OgreHead":6,"hubris:Towel":11,"White Beast Statue":4,"halation:HeavySnake":7,"ats:Originium":4,"jedi:hotpepper":9,"halation:Jellyphish":3,"jedi:matchstick":9,"WingedGreaves":12,"ats:Sanity":0,"Kunai":4,"halation:PinkSoulGem":1,"InkBottle":12,"Runic Pyramid":5,"hubris:Reverence":10},{"Darkstone Periapt":78,"halation:SmartPhone":50,"Calipers":15,"Replay:PocketPolymizer":22,"construct:RocketBooster":75,"Quantum Egg":82,"energizedSpire:OgreHead":36,"hubris:Towel":75,"White Beast Statue":22,"halation:HeavySnake":43,"ats:Originium":22,"jedi:hotpepper":61,"halation:Jellyphish":15,"jedi:matchstick":61,"WingedGreaves":78,"ats:Sanity":0,"Kunai":22,"halation:PinkSoulGem":4,"InkBottle":78,"Runic Pyramid":30,"hubris:Reverence":70}],"InkBottle":[4]},"card_choices":[{"not_picked":["ats:Guardian Obelisk","ats:Curse Doll"],"picked":"ats:Blood Oath","floor":1.0},{"not_picked":["ats:Shell Defense","ats:Blood Oath"],"picked":"ats:Counter Healing Mode","floor":3.0},{"not_picked":["ats:Neurotoxin","ats:Cat Scratch","ats:Consecutive Shot Auto"],"picked":"SKIP","floor":4.0},{"not_picked":["ats:Charging Defense","ats:Song Of Battle"],"picked":"ats:Apocalypse","floor":7.0},{"not_picked":["ats:Echo Reverb","ats:Volcano"],"picked":"ats:Shadow Assault","floor":10.0},{"not_picked":["ats:Collapsing Strike","ats:Ignite"],"picked":"ats:Support Order","floor":10.0},{"not_picked":["ats:Revitalization","ats:Cat Scratch"],"picked":"ats:Thorns","floor":12.0},{"not_picked":["ats:LN2 Cannon","ats:Flexible Camouflage"],"picked":"ats:Soul Rend","floor":13.0},{"not_picked":["ats:Cat Scratch","ats:Consecutive Shot Auto","ats:Overload"],"picked":"SKIP","floor":14.0},{"not_picked":["ats:Wolf Pack","ats:Disruption Kick"],"picked":"ats:Calcification","floor":16.0},{"not_picked":["ats:Poison Spread","ats:Consecutive Shot Auto","ats:Powerful Strike"],"picked":"SKIP","floor":18.0},{"not_picked":["ats:Poison Spread","ats:Consecutive Shot Auto","ats:Powerful Strike"],"picked":"SKIP","floor":18.0},{"not_picked":["Gensokyo:TekeTeke","Gensokyo:Kunekune"],"picked":"Gensokyo:HAARP","floor":19.0},{"not_picked":["ats:Leaping Hammer","ats:Burning Ground","ats:Assault Order"],"picked":"SKIP","floor":20.0},{"not_picked":["ats:Flexible Camouflage+1","ats:Magnetic Hammer+1"],"picked":"ats:Counter Healing Mode+1","floor":24.0},{"not_picked":["ats:Poison Spread","ats:Overload","ats:Ignite"],"picked":"SKIP","floor":28}],"player_experience":1418545,"relics_obtained":[{"floor":7.0,"key":"ats:Originium"},{"floor":7.0,"key":"White Beast Statue"},{"floor":9.0,"key":"Kunai"},{"floor":24.0,"key":"ats:Originium"},{"floor":24.0,"key":"WingedGreaves"},{"floor":26.0,"key":"InkBottle"}],"event_choices":[],"is_beta":false,"boss_relics":[{"not_picked":["infinitespire:Cupcake","hubris:Stopwatch"],"picked":"jedi:hotpepper"}],"items_purged_floors":[8],"is_endless":false,"potions_floor_spawned":[10,12,13,14,16,18,20,24,28],"killed_by":"Gensokyo:Eternal_Rivals","ascension_level":0}}