{"host":"e1pm3b7xpcm97e5w","time":1610686232,"event":{"mods":["BaseMod","Better Skull","Googly Eyes","Minty Spire (QoL Compilation)","Relic Stats","Shop Mod","Spicy Shops","StSLib"],"gold_per_floor":[117,134,134,149,74,74,109,109,109,135,135,135,167,178,178,255,255,275,275,200,66,83,83,83,83,134,147,147,175,175,186,186,257,257,272,286,286,286,300,300,333,333,333,333,361,7,25,37,37,37],"floor_reached":51,"language":"ENG","playtime":1814,"items_purged":["Strike_R"],"score":1606,"play_id":"748d2927-8150-4f35-a349-4b94b0606a88","local_time":"20210114235032","is_ascension_mode":true,"campfire_choices":[{"data":"Uppercut","floor":6.0,"key":"SMITH"},{"data":"Cleave","floor":8.0,"key":"SMITH"},{"floor":15.0,"key":"REST"},{"floor":23.0,"key":"REST"},{"floor":25.0,"key":"REST"},{"floor":28.0,"key":"REST"},{"data":"True Grit","floor":32.0,"key":"SMITH"},{"data":"Offering","floor":40,"key":"SMITH"},{"floor":42,"key":"REST"},{"floor":44,"key":"RECALL"},{"data":"Barricade","floor":49,"key":"SMITH"}],"circlet_count":0,"master_deck":["AscendersBane","Strike_R+1","Strike_R+1","Strike_R+1","Defend_R+1","Defend_R+1","Defend_R+1","Defend_R+1","Bash+1","Body Slam+1","Cleave+1","Uppercut+1","Barricade+1","Entrench+1","Metallicize+1","Body Slam+1","True Grit+1","Offering+1"],"relics":["Burning Blood","Self Forming Clay","Darkstone Periapt","Vajra","Kunai","Snecko Eye","Incense Burner","Strawberry","Potion Belt","Busted Crown","Whetstone","Toxic Egg 2","Anchor","Paper Frog","Lee\u0027s Waffle"],"acts_visited":["Exordium","TheCity","TheBeyond"],"potions_floor_usage":[35,48,50],"damage_taken":[{"damage":2.0,"enemies":"Jaw Worm","floor":1.0,"turns":3.0},{"damage":7.0,"enemies":"Cultist","floor":2.0,"turns":4.0},{"damage":3.0,"enemies":"Small Slimes","floor":4.0,"turns":3.0},{"damage":32.0,"enemies":"Lagavulin","floor":7.0,"turns":6.0},{"damage":14.0,"enemies":"Gremlin Nob","floor":10.0,"turns":4.0},{"damage":23.0,"enemies":"3 Sentries","floor":13.0,"turns":6.0},{"damage":2.0,"enemies":"2 Fungi Beasts","floor":14.0,"turns":3.0},{"damage":42.0,"enemies":"Hexaghost","floor":16.0,"turns":12.0},{"damage":13.0,"enemies":"2 Thieves","floor":18.0,"turns":4.0},{"damage":20.0,"enemies":"Shell Parasite","floor":22.0,"turns":5.0},{"damage":15.0,"enemies":"Sentry and Sphere","floor":27.0,"turns":6.0},{"damage":20.0,"enemies":"Slavers","floor":29.0,"turns":5.0},{"damage":21.0,"enemies":"3 Cultists","floor":31.0,"turns":6.0},{"damage":0.0,"enemies":"Collector","floor":33.0,"turns":8.0},{"damage":28,"enemies":"3 Darklings","floor":35,"turns":6},{"damage":5,"enemies":"3 Shapes","floor":36,"turns":6},{"damage":6,"enemies":"Transient","floor":39,"turns":6},{"damage":6,"enemies":"Giant Head","floor":41,"turns":5},{"damage":18,"enemies":"Reptomancer","floor":45,"turns":6},{"damage":0,"enemies":"4 Shapes","floor":47,"turns":6},{"damage":1,"enemies":"3 Darklings","floor":48,"turns":5},{"damage":1,"enemies":"Time Eater","floor":50,"turns":6}],"seed_played":"-3633533495504184129","potions_obtained":[{"floor":10.0,"key":"SkillPotion"},{"floor":13.0,"key":"Explosive Potion"},{"floor":16.0,"key":"BlessingOfTheForge"},{"floor":18.0,"key":"LiquidBronze"},{"floor":22.0,"key":"DuplicationPotion"},{"floor":35,"key":"Fruit Juice"},{"floor":39,"key":"PowerPotion"},{"floor":45,"key":"Explosive Potion"},{"floor":47,"key":"LiquidMemories"},{"floor":48,"key":"ColorlessPotion"}],"is_trial":false,"path_per_floor":["M","M","?","M","$","R","E","R","T","E","$","$","E","M","R","B",null,"M","?","?","$","M","R","$","R","T","M","R","E","?","M","R","B",null,"M","M","?","?","M","R","E","R","T","R","E","$","M","M","R","B",null],"character_chosen":"IRONCLAD","items_purchased":["Incense Burner","Paper Frog","Lee\u0027s Waffle"],"campfire_rested":5,"item_purchase_floors":[21,46,46],"current_hp_per_floor":[72,71,71,74,74,74,48,48,48,40,40,40,23,27,49,13,60,53,32,32,32,18,42,42,66,73,64,87,73,73,58,58,64,81,64,65,65,65,65,65,65,87,87,87,75,94,94,94,94,94],"gold":37,"neow_bonus":"UPGRADE_CARD","is_daily":false,"chose_seed":false,"campfire_upgraded":5,"win_rate":0.0,"timestamp":1610686232,"path_taken":["M","M","?","M","$","R","E","R","T","E","?","$","E","M","R","BOSS","M","?","?","$","M","R","$","R","T","M","R","E","?","?","R","BOSS","M","M","?","?","?","R","E","R","T","R","E","$","M","M","R","BOSS"],"items_purchased_type":["Relic","Relic","Relic"],"build_version":"2020-12-22","purchased_purges":1,"victory":true,"max_hp_per_floor":[75,75,75,75,75,75,75,75,75,75,75,75,75,75,75,75,75,75,80,80,80,80,80,80,80,87,87,87,87,87,87,87,87,87,92,92,87,87,87,87,87,87,87,87,87,94,94,94,94,94],"relic_stats":{"Darkstone Periapt":0,"Lee\u0027s Waffle":19,"Busted Crown":14,"counters":[22,121],"Self Forming Clay":[138],"Snecko Eye":[140,152,136,126],"Kunai":[30],"Whetstone":["Body Slam"],"obtain_stats":[{"Darkstone Periapt":9,"Potion Belt":29,"Lee\u0027s Waffle":46,"Self Forming Clay":7,"Vajra":10,"Incense Burner":21,"Whetstone":41,"Burning Blood":0,"Anchor":45,"Busted Crown":34,"Strawberry":26,"Snecko Eye":17,"Kunai":13,"Toxic Egg 2":43,"Paper Frog":46},{"Darkstone Periapt":4,"Potion Belt":12,"Lee\u0027s Waffle":19,"Self Forming Clay":4,"Vajra":5,"Incense Burner":9,"Whetstone":18,"Burning Blood":0,"Anchor":19,"Busted Crown":14,"Strawberry":10,"Snecko Eye":8,"Kunai":6,"Toxic Egg 2":18,"Paper Frog":19},{"Darkstone Periapt":16,"Potion Belt":61,"Lee\u0027s Waffle":104,"Self Forming Clay":16,"Vajra":20,"Incense Burner":45,"Whetstone":98,"Burning Blood":0,"Anchor":104,"Busted Crown":75,"Strawberry":50,"Snecko Eye":41,"Kunai":26,"Toxic Egg 2":98,"Paper Frog":104}],"Burning Blood":116},"card_choices":[{"not_picked":["Heavy Blade","Blood for Blood"],"picked":"Body Slam","floor":1.0},{"not_picked":["Bloodletting","Flex"],"picked":"Cleave","floor":2.0},{"not_picked":["Feel No Pain","Perfected Strike"],"picked":"Uppercut","floor":4.0},{"not_picked":["Anger","Entrench","Havoc"],"picked":"SKIP","floor":7.0},{"not_picked":["Warcry","Clothesline","Iron Wave"],"picked":"SKIP","floor":10.0},{"not_picked":["Clothesline","Bludgeon"],"picked":"Thunderclap","floor":13.0},{"not_picked":["Warcry","Flex","Entrench"],"picked":"SKIP","floor":14.0},{"not_picked":["Offering","Berserk"],"picked":"Barricade","floor":16.0},{"not_picked":["Flex","Battle Trance"],"picked":"Entrench+1","floor":18.0},{"not_picked":["Wild Strike+1","Flex"],"picked":"Metallicize+1","floor":22.0},{"not_picked":["Uppercut","Rampage"],"picked":"Body Slam","floor":27.0},{"not_picked":["Anger","Sword Boomerang"],"picked":"True Grit","floor":29.0},{"not_picked":["Heavy Blade+1","Sever Soul","Cleave"],"picked":"SKIP","floor":31.0},{"not_picked":["Limit Break","Demon Form"],"picked":"Offering","floor":33.0},{"not_picked":["Pommel Strike"],"picked":"SKIP","floor":35},{"not_picked":["Rampage"],"picked":"SKIP","floor":36},{"not_picked":["Thunderclap"],"picked":"SKIP","floor":39},{"not_picked":["Anger+1"],"picked":"SKIP","floor":41},{"not_picked":["Searing Blow"],"picked":"SKIP","floor":45},{"not_picked":["Pommel Strike"],"picked":"SKIP","floor":47},{"not_picked":["Body Slam"],"picked":"SKIP","floor":48}],"player_experience":537717,"relics_obtained":[{"floor":7.0,"key":"Self Forming Clay"},{"floor":9.0,"key":"Darkstone Periapt"},{"floor":10.0,"key":"Vajra"},{"floor":13.0,"key":"Kunai"},{"floor":26.0,"key":"Strawberry"},{"floor":29.0,"key":"Potion Belt"},{"floor":41,"key":"Whetstone"},{"floor":43,"key":"Toxic Egg 2"},{"floor":45,"key":"Anchor"}],"event_choices":[{"damage_healed":0.0,"max_hp_gain":0.0,"max_hp_loss":0.0,"gold_gain":0.0,"event_name":"Living Wall","player_choice":"Grow","floor":3.0,"gold_loss":0.0,"damage_taken":0.0,"cards_upgraded":["Body Slam"]},{"damage_healed":0.0,"max_hp_gain":5.0,"max_hp_loss":0.0,"gold_gain":0.0,"event_name":"Forgotten Altar","player_choice":"Shed Blood","floor":19.0,"gold_loss":0.0,"damage_taken":26.0},{"cards_removed":["Strike_R"],"damage_healed":0.0,"max_hp_gain":0.0,"max_hp_loss":0.0,"gold_gain":0.0,"event_name":"Beggar","player_choice":"Gave Gold","floor":20.0,"gold_loss":75.0,"damage_taken":0.0},{"damage_healed":0.0,"max_hp_gain":0.0,"max_hp_loss":0.0,"gold_gain":0.0,"event_name":"Back to Basics","player_choice":"Simplicity","floor":30.0,"gold_loss":0.0,"damage_taken":0.0,"cards_upgraded":["Strike_R","Strike_R","Strike_R","Defend_R","Defend_R","Defend_R","Defend_R"]},{"damage_healed":0,"gold_gain":0,"player_choice":"Max HP","damage_taken":0,"max_hp_gain":0,"max_hp_loss":5,"event_name":"Winding Halls","floor":37,"gold_loss":0},{"cards_removed":["Thunderclap"],"damage_healed":0,"gold_gain":0,"player_choice":"Purged","damage_taken":0,"max_hp_gain":0,"max_hp_loss":0,"event_name":"Purifier","floor":38,"gold_loss":0}],"is_beta":false,"boss_relics":[{"not_picked":["Calling Bell","Mark of Pain"],"picked":"Snecko Eye"},{"not_picked":["Empty Cage","Coffee Dripper"],"picked":"Busted Crown"}],"items_purged_floors":[5],"is_endless":false,"potions_floor_spawned":[10,13,16,18,22,35,39,45,47,48],"ascension_level":17}}