{"host":"a4220vmwe0snk9yx","time":1610726115,"event":{"mods":["100% Spire Juice","AchievementEnabler","BaseMod","Bestiary","Better Altar","Better Skull","BetterRewards","CapriCore","Card Forge","Chen","Gold Saver","HololiveMod","Koishi","Marisa（霧雨　魔理沙）","Minty Spire (QoL Compilation)","Prisma Mod","Reimu（博??梦）","StSLib","SuperFastMode","The Alterego","The Animator","The Immortal","The Wild Card","Waifu the Spire","WarShipGirlsR/??少女R mod","Yakumo Yukari mod"],"gold_per_floor":[116,126,45,45,45,86,86,96,96,130,130,160,14,25,25,125,175,218,218,143,143,143,143,161,161,188,188,188,188],"floor_reached":28,"language":"ENG","playtime":1417,"items_purged":["animator:Strike"],"score":249,"play_id":"1da58133-0987-459e-8aba-37e9bfd65736","local_time":"20210115105515","is_ascension_mode":false,"campfire_choices":[{"data":"animator:SuzuneAmano","floor":7,"key":"SMITH"},{"data":"animator:MamiTomoe","floor":11,"key":"SMITH"},{"data":"animator:Kyubey","floor":15,"key":"SMITH"},{"data":"animator:HomuraAkemi","floor":23,"key":"SMITH"},{"data":"animator:YachiyoNanami","floor":27,"key":"SMITH"}],"circlet_count":0,"master_deck":["animator:Strike_MadokaMagica","animator:Defend_MadokaMagica","animator:Strike","animator:Strike+1","animator:Defend+1","animator:Defend+1","animator:IrohaTamaki","animator:YuiTsuruno","animator:EmiyaShirou+1","animator:MamiTomoe+1","animator:SuzuneAmano+1","animator:SayakaMiki","animator:Kyubey+1","animator:HomuraAkemi+1","animator:YachiyoNanami+1"],"relics":["animator:LivingPicture","animator:TheMissingPiece","Hammer of Thor","Seething Fire","Anvil of the Gods","NeowsBlessing","Regal Pillow","Ornamental Fan","MealTicket","Oddly Smooth Stone","Tiny House","Blood Vial","Torii","alterego_mod:FleetingLove"],"acts_visited":["Exordium","TheCity"],"potions_floor_usage":[16,16,28,28,28],"damage_taken":[{"damage":0,"enemies":"Small Slimes","floor":1,"turns":1},{"damage":0,"enemies":"Cultist","floor":2,"turns":1},{"damage":0,"enemies":"3 Sentries","floor":6,"turns":1},{"damage":0,"enemies":"2 Louse","floor":8,"turns":2},{"damage":17,"enemies":"Lagavulin","floor":10,"turns":7},{"damage":0,"enemies":"2 Fungi Beasts","floor":12,"turns":3},{"damage":0,"enemies":"3 Louse","floor":14,"turns":4},{"damage":21,"enemies":"Slime Boss","floor":16,"turns":14},{"damage":3,"enemies":"3 Byrds","floor":18,"turns":5},{"damage":9,"enemies":"Shell Parasite","floor":24,"turns":6},{"damage":69,"enemies":"Gremlin Leader","floor":28,"turns":4}],"seed_played":"-1433894389613823374","potions_obtained":[{"floor":1,"key":"MagicPotion:ReiMu"},{"floor":2,"key":"DuplicationPotion"},{"floor":6,"key":"Fire Potion"},{"floor":16,"key":"AttackPotion"},{"floor":17,"key":"Explosive Potion"},{"floor":24,"key":"ColorlessPotion"}],"is_trial":false,"path_per_floor":["M","M","$","?","?","E","R","M","T","E","R","M","$","M","R","B",null,"M","?","$","?","?","R","M","?","T","R","E"],"character_chosen":"THE_ANIMATOR","items_purchased":["animator:MamiTomoe","Oddly Smooth Stone"],"campfire_rested":0,"item_purchase_floors":[3,13],"current_hp_per_floor":[66,66,66,53,53,53,53,54,54,37,37,37,52,52,52,32,73,70,51,66,66,66,66,59,59,59,59,0,0],"gold":188,"neow_bonus":"THREE_ENEMY_KILL","is_daily":false,"chose_seed":false,"campfire_upgraded":5,"win_rate":0.0,"timestamp":1610726115,"path_taken":["M","M","$","?","?","E","R","M","T","E","R","?","$","M","R","BOSS","M","?","$","?","?","R","M","?","T","R","E"],"items_purchased_type":["Card","Relic"],"build_version":"2020-12-22","purchased_purges":1,"victory":false,"max_hp_per_floor":[66,66,66,66,66,66,66,67,67,67,67,67,67,67,67,68,73,73,73,73,73,73,73,73,73,73,73,73,73],"card_choices":[{"not_picked":["animator:Layla","animator:Berserker","animator:Pride"],"picked":"SKIP","floor":1},{"not_picked":["animator:DolaSchwi","animator:Kuribayashi"],"picked":"animator:EmiyaShirou","floor":2},{"not_picked":["animator:MaesHughes","animator:Rider"],"picked":"animator:SuzuneAmano","floor":6},{"not_picked":["animator:SuzuneAmano","animator:KyokoSakura"],"picked":"animator:SayakaMiki","floor":8},{"not_picked":["animator:Gluttony","animator:Tet","animator:Illya"],"picked":"SKIP","floor":10},{"not_picked":["animator:Jibril","animator:Viivi"],"picked":"animator:Kyubey","floor":12},{"not_picked":["animator:Arpeggio","animator:Jibril","animator:ChaikaBohdan"],"picked":"SKIP","floor":14},{"not_picked":["animator:FeridBathory","animator:Greed"],"picked":"animator:HomuraAkemi","floor":16},{"not_picked":["animator:IrohaTamaki","animator:OrikoMikuni"],"picked":"animator:YachiyoNanami","floor":18},{"not_picked":["animator:Assassin","animator:Archer","animator:Viivi"],"picked":"SKIP","floor":24}],"player_experience":918698,"relics_obtained":[{"floor":6,"key":"Regal Pillow"},{"floor":9,"key":"Ornamental Fan"},{"floor":10,"key":"MealTicket"}],"event_choices":[{"damage_healed":0,"gold_gain":0,"player_choice":"Entered Light","damage_taken":13,"max_hp_gain":0,"max_hp_loss":0,"event_name":"Shining Light","floor":4,"gold_loss":0,"cards_upgraded":["animator:Defend","animator:Defend"]},{"damage_healed":0,"gold_gain":0,"player_choice":"Upgraded","damage_taken":0,"max_hp_gain":0,"max_hp_loss":0,"event_name":"Upgrade Shrine","floor":5,"gold_loss":0,"cards_upgraded":["animator:EmiyaShirou"]},{"damage_healed":0,"gold_gain":0,"player_choice":" Vial ","damage_taken":19,"relics_obtained":["Blood Vial"],"max_hp_gain":70,"max_hp_loss":51,"event_name":"betterAltar:BetterAltar","floor":19,"potions_obtained":[],"relics_lost":[],"gold_loss":0},{"damage_healed":0,"gold_gain":0,"player_choice":"Opened","damage_taken":0,"relics_obtained":["Torii"],"max_hp_gain":0,"max_hp_loss":0,"event_name":"The Mausoleum","floor":21,"gold_loss":0},{"damage_healed":0,"gold_gain":0,"player_choice":"Choice 1","damage_taken":0,"relics_obtained":["alterego_mod:FleetingLove"],"max_hp_gain":0,"max_hp_loss":0,"event_name":"Secret Garden","floor":22,"gold_loss":0},{"cards_removed":["animator:Defend"],"damage_healed":0,"gold_gain":0,"player_choice":"Elegance","damage_taken":0,"max_hp_gain":0,"max_hp_loss":0,"event_name":"Back to Basics","floor":25,"gold_loss":0}],"is_beta":false,"boss_relics":[{"not_picked":["Fusion Hammer","Runic Dome"],"picked":"Tiny House"}],"items_purged_floors":[20],"is_endless":false,"potions_floor_spawned":[1,2,6,16,24],"killed_by":"Gremlin Leader","ascension_level":0}}