{"host":"ya062ahhhuj9au1o","time":1610684575,"event":{"mods":["BaseMod","Better Third Choice","Downfall","Filter the Spire","Hermit","Minty Spire (QoL Compilation)","Random Character Button","Robot Space Explorer","Somnambulant","StSLib","The Bug Knight","The Cursed","The Marked","The Servant 0.9.4"],"gold_per_floor":[113,113,129,54,70,70,70,103,103,113,138,38,38,49,49,49,49],"floor_reached":16,"language":"ENG","playtime":871,"items_purged":["Defend_S","Defend_S"],"score":170,"play_id":"c4e1c53f-d239-44a0-8962-9c1a09a53cb3","local_time":"20210114232255","is_ascension_mode":true,"campfire_choices":[{"data":"Potential","floor":6,"key":"SMITH"},{"floor":13,"key":"REST"},{"floor":15,"key":"REST"}],"circlet_count":0,"master_deck":["AscendersBane","Strike_S","Strike_S","Strike_S","Strike_S","Defend_S","KidneyShot","Exchange","expansioncontent:DashGenerateEvil","Potential+1","Comet","TimeWarp","BottledTime","Comet"],"relics":["Uniform","Mummified Hand","Blue Candle","Odd Mushroom"],"acts_visited":["Exordium"],"potions_floor_usage":[16],"damage_taken":[{"damage":0,"enemies":"Jaw Worm","floor":1,"turns":3},{"damage":0,"enemies":"Cultist","floor":3,"turns":2},{"damage":0,"enemies":"2 Louse","floor":5,"turns":2},{"damage":26,"enemies":"HollowMod:MossKnight","floor":8,"turns":9},{"damage":1,"enemies":"Blue Slaver","floor":10,"turns":2},{"damage":4,"enemies":"The Mushroom Lair","floor":11,"turns":2},{"damage":0,"enemies":"Gremlin Gang","floor":14,"turns":2},{"damage":33,"enemies":"The Guardian","floor":16,"turns":5}],"seed_played":"5915456767140565450","potions_obtained":[{"floor":3,"key":"DuplicationPotion"},{"floor":10,"key":"Ancient Potion"}],"is_trial":false,"path_per_floor":["M","?","M","$","M","R","?","E","T","M","?","$","R","M","R","B"],"character_chosen":"THE_SERVANT","items_purchased":[],"campfire_rested":2,"item_purchase_floors":[],"current_hp_per_floor":[39,39,39,39,39,39,39,13,13,12,8,8,26,26,44,11,11],"gold":49,"neow_bonus":"RANDOM_COLORLESS_2","is_daily":false,"chose_seed":false,"campfire_upgraded":1,"win_rate":0.0,"timestamp":1610684575,"path_taken":["M","?","M","?","?","R","?","E","T","M","?","?","R","M","R","BOSS"],"items_purchased_type":[],"build_version":"2020-12-22","purchased_purges":2,"victory":false,"max_hp_per_floor":[60,60,60,60,60,60,60,60,60,60,60,60,60,60,60,60,60],"card_choices":[{"not_picked":["Master of Strategy","Violence"],"picked":"expansioncontent:DashGenerateEvil","floor":0},{"not_picked":["Ricochet","DoubleEdge"],"picked":"Potential","floor":1},{"not_picked":["Unruled","Starlight"],"picked":"Comet","floor":3},{"not_picked":["Moonlight","WasteNot","Sunlight"],"picked":"SKIP","floor":5},{"not_picked":["Desolation","Alleviate","Spin"],"picked":"SKIP","floor":8},{"not_picked":["Unruled","Defy"],"picked":"TimeWarp","floor":10},{"not_picked":["Revamp","Orbit"],"picked":"BottledTime","floor":11},{"not_picked":["Advance","Unruled"],"picked":"Comet","floor":14}],"player_experience":1803695,"relics_obtained":[{"floor":8,"key":"Mummified Hand"},{"floor":9,"key":"Blue Candle"},{"floor":11,"key":"Odd Mushroom"}],"event_choices":[{"cards_removed":["Defend_S"],"damage_healed":0,"gold_gain":0,"player_choice":"Offered Basic","damage_taken":0,"max_hp_gain":0,"max_hp_loss":0,"event_name":"Bonfire Elementals","floor":2,"gold_loss":0},{"damage_healed":0,"gold_gain":0,"player_choice":"Ignored","damage_taken":70,"max_hp_gain":0,"max_hp_loss":0,"event_name":"betterThird:BetterSerpent","floor":7,"gold_loss":0},{"damage_healed":0,"gold_gain":0,"player_choice":"Fought Mushrooms","damage_taken":0,"max_hp_gain":0,"max_hp_loss":0,"event_name":"Mushrooms","floor":11,"gold_loss":0}],"is_beta":false,"boss_relics":[],"items_purged_floors":[4,12],"is_endless":false,"potions_floor_spawned":[3,10],"killed_by":"The Guardian","ascension_level":14}}