{"host":"71zygvukkr9gbg44","time":1610719627,"event":{"mods":["BaseMod","Downfall","Marisa£®ÏF”Í°°ƒß¿Ì…≥£©","Minty Spire (QoL Compilation)","StSLib","The Bug Knight"],"gold_per_floor":[112,112,124,23,36,63,81,106,106,138,138,148,180,196,196,196,196],"floor_reached":16,"language":"ZHS","playtime":658,"items_purged":[],"score":145,"play_id":"b0b443ca-51e0-49a4-a8d0-2d88bbad2e09","local_time":"20210115220707","is_ascension_mode":true,"campfire_choices":[{"floor":11,"key":"REST"},{"floor":15,"key":"REST"}],"circlet_count":0,"master_deck":["Strike_B","Strike_B","Strike_B","Strike_B","Defend_B","Defend_B","Defend_B","Defend_B","Zap","Dualcast","Streamline","Sunder","Steam Power","BootSequence","Echo Form","Conserve Battery","Hello World"],"relics":["Cracked Core","NeowsBlessing","Boot","Lantern","Matryoshka","Nunchaku","PreservedInsect","Sundial","Bag of Preparation"],"acts_visited":["Exordium"],"potions_floor_usage":[],"damage_taken":[{"damage":0.0,"enemies":"Jaw Worm","floor":1.0,"turns":1.0},{"damage":0.0,"enemies":"Cultist","floor":3.0,"turns":1.0},{"damage":0.0,"enemies":"2 Louse","floor":5.0,"turns":1.0},{"damage":31.0,"enemies":"Lagavulin","floor":6.0,"turns":4.0},{"damage":0.0,"enemies":"Exordium Wildlife","floor":7.0,"turns":3.0},{"damage":17.0,"enemies":"3 Sentries","floor":8.0,"turns":7.0},{"damage":16,"enemies":"Lagavulin","floor":10,"turns":6},{"damage":6,"enemies":"Lots of Slimes","floor":12,"turns":4},{"damage":20,"enemies":"Gremlin Nob","floor":13,"turns":4},{"damage":7,"enemies":"Large Slime","floor":14,"turns":4},{"damage":45,"enemies":"The Guardian","floor":16,"turns":8}],"seed_played":"1818507688201347571","potions_obtained":[{"floor":3.0,"key":"hexamod:EctoCoolerPotion"},{"floor":5.0,"key":"Swift Potion"},{"floor":6.0,"key":"Block Potion"},{"floor":14,"key":"EssenceOfDarkness"}],"is_trial":false,"path_per_floor":["M","?","M","$","M","E","M","E","T","E","R","M","E","M","R","B"],"character_chosen":"DEFECT","items_purchased":["FairyPotion"],"campfire_rested":2,"item_purchase_floors":[4],"current_hp_per_floor":[75,75,75,75,75,44,44,27,27,11,33,27,7,22,44,0,0],"gold":196,"neow_bonus":"THREE_ENEMY_KILL","is_daily":false,"chose_seed":false,"campfire_upgraded":0,"win_rate":0.0,"timestamp":1610719627,"path_taken":["M","?","M","$","?","E","M","E","T","E","R","M","E","M","R","BOSS"],"items_purchased_type":["Potion"],"build_version":"2020-12-22","purchased_purges":0,"victory":false,"max_hp_per_floor":[75,75,75,75,75,75,75,75,75,75,75,75,75,75,75,75,75],"card_choices":[{"not_picked":["Gash","Cold Snap"],"picked":"Leap","floor":1.0},{"not_picked":["Cold Snap","Defragment"],"picked":"Streamline","floor":3.0},{"not_picked":["Chill","Leap"],"picked":"Sunder","floor":5.0},{"not_picked":["Heatsinks","Stack"],"picked":"Steam Power","floor":6.0},{"not_picked":["Stack","Go for the Eyes"],"picked":"BootSequence","floor":7.0},{"not_picked":["Gash","Steam"],"picked":"Echo Form","floor":8.0},{"not_picked":["Redo","Sweeping Beam","Echo Form"],"picked":"SKIP","floor":10},{"not_picked":["Streamline","Stack","Hologram"],"picked":"SKIP","floor":12},{"not_picked":["Gash","Darkness"],"picked":"Conserve Battery","floor":13},{"not_picked":["Capacitor","Stack"],"picked":"Hello World","floor":14}],"player_experience":47682,"relics_obtained":[{"floor":6.0,"key":"Lantern"},{"floor":8.0,"key":"Matryoshka"},{"floor":9.0,"key":"Nunchaku"},{"floor":9.0,"key":"PreservedInsect"},{"floor":10,"key":"Sundial"},{"floor":13,"key":"Bag of Preparation"}],"event_choices":[{"cards_removed":["Leap"],"damage_healed":0.0,"max_hp_gain":0.0,"max_hp_loss":0.0,"gold_gain":0.0,"event_name":"WeMeetAgain","player_choice":"Gave Card","floor":2.0,"gold_loss":0.0,"damage_taken":0.0,"relics_obtained":["Boot"]}],"is_beta":false,"boss_relics":[],"items_purged_floors":[],"is_endless":false,"potions_floor_spawned":[3,5,6,14],"killed_by":"The Guardian","ascension_level":2}}