{"host":"1a3cjta80tad0aqj","time":1610704855,"event":{"mods":["2.2 Compatiblity","AchievementEnabler","BaseMod","Colored Map","DeckTracker","KOR Keyword Fix","Keyboard Shortcuts","Minty Spire (QoL Compilation)","Permanent Neow","Quick Restart","Random Character Button","StSLib","SuperFastMode","everything is the same but u backflip on backflip"],"gold_per_floor":[116,132,35,52,71,71,97,97,97,97,97,97,115,15,15,15,15],"floor_reached":16,"language":"KOR","playtime":650,"items_purged":["Strike_R","Defend_R"],"score":100,"play_id":"ef87fe12-27fe-4870-a85b-693fb29bb278","local_time":"20210115190055","is_ascension_mode":false,"campfire_choices":[{"data":"Trip","floor":6,"key":"SMITH"},{"data":"Headbutt","floor":12,"key":"SMITH"},{"floor":15,"key":"RECALL"}],"circlet_count":0,"master_deck":["Strike_R","Strike_R","Strike_R+1","Strike_R+1","Defend_R","Defend_R","Defend_R","Bash","Trip+1","Power Through","Seeing Red","True Grit+1","Headbutt+1","Second Wind+1","Injury"],"relics":["Burning Blood","Whetstone","Bottled Lightning","Golden Idol"],"acts_visited":["Exordium"],"potions_floor_usage":[7],"damage_taken":[{"damage":3,"enemies":"Jaw Worm","floor":1,"turns":4},{"damage":0,"enemies":"2 Louse","floor":2,"turns":3},{"damage":1,"enemies":"Cultist","floor":4,"turns":4},{"damage":3,"enemies":"Large Slime","floor":5,"turns":7},{"damage":26,"enemies":"Lagavulin","floor":7,"turns":10},{"damage":3,"enemies":"Blue Slaver","floor":13,"turns":2},{"damage":65,"enemies":"Hexaghost","floor":16,"turns":11}],"seed_played":"1501254764975064496","potions_obtained":[{"floor":2,"key":"Swift Potion"},{"floor":4,"key":"Dexterity Potion"},{"floor":13,"key":"ElixirPotion"}],"is_trial":false,"path_per_floor":["M","M","$","M","M","R","E","?","T","?","?","R","M","$","R","B"],"character_chosen":"IRONCLAD","items_purchased":["True Grit"],"campfire_rested":0,"item_purchase_floors":[3],"current_hp_per_floor":[80,80,80,80,80,80,60,60,60,60,60,60,63,63,63,0,0],"gold":15,"neow_bonus":"RANDOM_COLORLESS","is_daily":false,"chose_seed":false,"campfire_upgraded":2,"win_rate":0.0,"timestamp":1610704855,"path_taken":["M","M","$","M","M","R","E","?","T","?","?","R","?","$","R","BOSS"],"items_purchased_type":["Card"],"build_version":"2020-12-22","purchased_purges":2,"victory":false,"max_hp_per_floor":[80,80,80,80,80,80,80,80,80,80,80,80,80,80,80,80,80],"card_choices":[{"not_picked":["Finesse","Mind Blast"],"picked":"Trip","floor":0},{"not_picked":["Warcry","Thunderclap"],"picked":"Power Through","floor":1},{"not_picked":["Power Through","Dark Embrace"],"picked":"Seeing Red","floor":2},{"not_picked":["Disarm","Anger"],"picked":"Headbutt","floor":4},{"not_picked":["Iron Wave","Whirlwind"],"picked":"Second Wind","floor":5},{"not_picked":["Iron Wave","Clothesline","Anger"],"picked":"SKIP","floor":7},{"not_picked":["Armaments","Pommel Strike","Wild Strike"],"picked":"SKIP","floor":13}],"player_experience":648419,"relics_obtained":[{"floor":7,"key":"Whetstone"},{"floor":9,"key":"Bottled Lightning"}],"event_choices":[{"damage_healed":0,"gold_gain":0,"player_choice":"Grow","damage_taken":0,"max_hp_gain":0,"max_hp_loss":0,"event_name":"Living Wall","floor":8,"gold_loss":0,"cards_upgraded":["True Grit"]},{"damage_healed":0,"gold_gain":0,"player_choice":"Take Wound","damage_taken":0,"relics_obtained":["Golden Idol"],"max_hp_gain":0,"max_hp_loss":0,"event_name":"Golden Idol","floor":10,"gold_loss":0,"cards_obtained":["Injury"]},{"damage_healed":0,"gold_gain":0,"player_choice":"Forge","damage_taken":0,"max_hp_gain":0,"max_hp_loss":0,"event_name":"Accursed Blacksmith","floor":11,"gold_loss":0,"cards_upgraded":["Second Wind"]}],"is_beta":false,"boss_relics":[],"items_purged_floors":[3,14],"is_endless":false,"potions_floor_spawned":[2,4,13],"killed_by":"Hexaghost","ascension_level":0}}