{"host":"pa65g39v0cwbmgvo","time":1610717291,"event":{"mods":["2.2 Compatiblity","ATMod(°¢èªMod)","BaseMod","Better Skull","Better Third Choice","BetterRewards","Dota2Spire","Minty Spire (QoL Compilation)","Quick Restart","Replay The Spire","Spicy Shops","StSLib","SuperFastMode","¡¾ÒÅÎï¿¨ÅÆ¡¿REMEMod"],"gold_per_floor":[113,113,132,146,162,194,194,220,244,288,307,307,307,333,333,464,464,491,544,643,12,12,12,44,92,92,141,165,165,214,239,239,366,366,386,424,460,493,557,557,600,600,651,704,754,808,25,43,43,67,67,67,17,61,85],"floor_reached":56,"language":"ZHS","playtime":1753,"items_purged":["Decay","REME_Cut","Strike_P","Strike_P"],"score":2043,"play_id":"9a28b71c-68c8-4854-b869-ce029ef85455","local_time":"20210115212811","is_ascension_mode":true,"campfire_choices":[{"data":"AT_OneInchPunch","floor":7.0,"key":"SMITH"},{"data":"Eruption","floor":12.0,"key":"SMITH"},{"floor":15.0,"key":"RECALL"}],"circlet_count":1,"master_deck":["Strike_P","Strike_P","Defend_P","Defend_P","Defend_P","Defend_P","Eruption+1","Vigilance","AT_OneInchPunch+1","Crescendo","Evaluate","Tantrum","Dazed","Pot Of Greed","Pot Of Greed","EmptyBody","Vault","FollowUp","FollowUp","Flash of Steel","WindmillStrike","Study","MentalFortress","DeceiveReality+1","REME_CRH","Pot Of Greed","MentalFortress+1","Adaptation"],"relics":["PureWater","REME_ComplimentaryCards","AT_ATBox","Lantern","AT_BladeRuinedKing","Melange","REME_HourglassOfDeath","Dota2Spire:EtherealBlade","Counterbalance","FossilizedHelix","Turnip","Strawberry","Grinning Jar","Circlet","Dota2Spire:LotusOrb","Replay:Bandana","AT_GuinsooRageblade","Replay:Grab Bag","Coffee Dripper","Fusion Hammer","Runic Pyramid","Red Mask","AT_BellDemon","Mummified Hand","Dota2Spire:HeartOfTarrasque","Dota2Spire:ShivaGuard","Smiling Mask","Ornamental Fan","Kunai","Unceasing Top","TeardropLocket","Blood Vial","Mercury Hourglass","Pen Nib","AT_TrinityForce","Dota2Spire:UrnOfShadows","Blue Doll","AT_ChloranthyRing","InkBottle","Bag of Preparation","Dota2Spire:AghanimScepter","Dota2Spire:BattleFury","AT_EbonyIvory","MawBank","Replay:Bottled Steam","ReplayTheSpireMod:Lightbulb","Orichalcum","Happy Flower","Dota2Spire:OrchidMalevolence","Medical Kit","Dota2Spire:DrumOfEndurance","Dota2Spire:MonkeyKingBar","Anchor"],"acts_visited":["Exordium","TheCity","TheBeyond","TheEnding"],"potions_floor_usage":[55,55],"damage_taken":[{"damage":0.0,"enemies":"Small Slimes","floor":1.0,"turns":1.0},{"damage":0.0,"enemies":"2 Louse","floor":3.0,"turns":2.0},{"damage":0.0,"enemies":"Jaw Worm","floor":4.0,"turns":2.0},{"damage":0.0,"enemies":"2 Fungi Beasts","floor":5.0,"turns":2.0},{"damage":0.0,"enemies":"3 Sentries","floor":6.0,"turns":3.0},{"damage":0.0,"enemies":"Gremlin Nob","floor":8.0,"turns":2.0},{"damage":0.0,"enemies":"Lagavulin","floor":10.0,"turns":3.0},{"damage":0.0,"enemies":"Large Slime","floor":11.0,"turns":2.0},{"damage":0.0,"enemies":"Lots of Slimes","floor":14.0,"turns":2.0},{"damage":0.0,"enemies":"Slime Boss","floor":16.0,"turns":4.0},{"damage":0.0,"enemies":"2 Thieves","floor":18.0,"turns":2.0},{"damage":18.0,"enemies":"Masked Bandits","floor":19.0,"turns":3.0},{"damage":0.0,"enemies":"Chosen","floor":24.0,"turns":3.0},{"damage":13.0,"enemies":"Slavers","floor":25.0,"turns":4.0},{"damage":0.0,"enemies":"Book of Stabbing","floor":27.0,"turns":4.0},{"damage":36.0,"enemies":"Snake Plant","floor":28.0,"turns":3.0},{"damage":0.0,"enemies":"Slavers","floor":30.0,"turns":3.0},{"damage":0.0,"enemies":"Shelled Parasite and Fungi","floor":31.0,"turns":4.0},{"damage":0.0,"enemies":"Automaton","floor":33.0,"turns":5.0},{"damage":0.0,"enemies":"Orb Walker","floor":35.0,"turns":1.0},{"damage":0.0,"enemies":"3 Darklings","floor":36.0,"turns":3.0},{"damage":0.0,"enemies":"Spire Growth","floor":37.0,"turns":2.0},{"damage":0,"enemies":"Writhing Mass","floor":38,"turns":3},{"damage":0,"enemies":"Transient","floor":39,"turns":3},{"damage":0,"enemies":"R_Hoarder","floor":41,"turns":3},{"damage":0,"enemies":"Nemesis","floor":44,"turns":1},{"damage":0,"enemies":"Maw","floor":45,"turns":3},{"damage":0,"enemies":"R_Hoarder","floor":46,"turns":3},{"damage":0,"enemies":"Writhing Mass","floor":48,"turns":1},{"damage":0,"enemies":"Replay:Hell Engine","floor":50,"turns":2},{"damage":0,"enemies":"Shield and Spear","floor":54,"turns":1},{"damage":7,"enemies":"The Heart","floor":55,"turns":4}],"seed_played":"-6366310449887507195","potions_obtained":[{"floor":3.0,"key":"AttackPotion"},{"floor":6.0,"key":"Adrenaline Potion"},{"floor":10.0,"key":"ColorlessPotion"},{"floor":14.0,"key":"Block Potion"},{"floor":19.0,"key":"Energy Potion"},{"floor":25.0,"key":"SpeedPotion"},{"floor":27.0,"key":"Languid Potion"},{"floor":30.0,"key":"EssenceOfSteel"},{"floor":31.0,"key":"PowerPotion"},{"floor":35.0,"key":"Toxic Potion"},{"floor":36.0,"key":"Dexterity Potion"},{"floor":37.0,"key":"EssenceOfSteel"},{"floor":48,"key":"SteroidPotion"}],"is_trial":false,"path_per_floor":["M","?","M","M","M","E","R","E","T","E","M","R","?","M","R","B",null,"M","?","?","$","?","R","M","E","T","E","M","R","E","M","R","B",null,"M","M","M","M","M","R","E","R","T","E","M","E","$","M","R","B",null,"R","$","E","B",null],"character_chosen":"WATCHER","items_purchased":["Lantern","AT_BladeRuinedKing","Melange","REME_HourglassOfDeath","Dota2Spire:EtherealBlade","FossilizedHelix","Turnip","Flash of Steel","WindmillStrike","AT_BellDemon","Mummified Hand","Study","Adaptation","Happy Flower","Dota2Spire:OrchidMalevolence","Medical Kit","Dota2Spire:DrumOfEndurance"],"campfire_rested":0,"item_purchase_floors":[0,0,0,0,0,0,0,21,21,21,21,21,47,47,47,47,47],"current_hp_per_floor":[72,67,67,67,67,67,67,72,72,72,72,72,72,77,77,79,79,79,61,61,61,61,61,78,65,65,69,33,33,33,39,39,49,87,87,87,87,87,87,87,87,87,87,87,87,87,87,87,87,87,87,87,87,87,86],"gold":85,"neow_bonus":"","is_daily":false,"chose_seed":false,"campfire_upgraded":2,"win_rate":0.0,"timestamp":1610717291,"path_taken":["M","?","M","M","M","E","R","E","T","E","M","R","?","M","R","BOSS","M","?","?","$","?","R","M","E","T","E","M","R","E","M","R","BOSS","M","M","M","M","M","R","E","R","T","E","M","E","$","M","R","BOSS","R","$","E","BOSS"],"items_purchased_type":["Relic","Relic","Relic","Relic","Relic","Relic","Relic","Card","Card","Relic","Relic","Card","Card","Relic","Relic","Relic","Relic"],"build_version":"2020-12-22","purchased_purges":4,"victory":true,"max_hp_per_floor":[72,79,79,79,79,79,79,79,79,79,79,79,79,79,79,79,79,79,79,79,79,79,79,87,87,87,87,87,87,87,87,87,87,87,87,87,87,87,87,87,87,87,87,87,87,87,87,87,87,87,87,87,87,87,87],"card_choices":[{"not_picked":["Prostrate","FlyingSleeves"],"picked":"Crescendo","floor":1.0},{"not_picked":["BowlingBash","Replay:AtTheReady"],"picked":"Evaluate","floor":3.0},{"not_picked":["CrushJoints","Replay:ManipulateFuture","Replay:BluntJabs"],"picked":"SKIP","floor":4.0},{"not_picked":["Evaluate","Protect"],"picked":"Tantrum","floor":5.0},{"not_picked":["Worship","Replay:AtTheReady","AT_DivineConfetti"],"picked":"SKIP","floor":6.0},{"not_picked":["ForeignInfluence","Replay:AtTheReady"],"picked":"EmptyBody","floor":8.0},{"not_picked":["Replay:DivineShield","Replay:Anticipation","Crescendo"],"picked":"SKIP","floor":10.0},{"not_picked":["FlyingSleeves","EmptyFist","PathToVictory"],"picked":"SKIP","floor":11.0},{"not_picked":["JustLucky","Consecrate","EmptyBody"],"picked":"SKIP","floor":14.0},{"not_picked":["DeusExMachina","Wish"],"picked":"Vault","floor":16.0},{"not_picked":["JustLucky+1","FlyingSleeves"],"picked":"FollowUp","floor":18.0},{"not_picked":["JustLucky","Nirvana"],"picked":"FollowUp","floor":19.0},{"not_picked":["Consecrate","Weave","Replay:DivineShield"],"picked":"SKIP","floor":24.0},{"not_picked":["Brilliance","Replay:Hum"],"picked":"MentalFortress","floor":25.0},{"not_picked":["CarveReality","CrushJoints","CutThroughFate"],"picked":"SKIP","floor":27.0},{"not_picked":["Protect","Tantrum"],"picked":"DeceiveReality+1","floor":28.0},{"not_picked":["PathToVictory","Prostrate","AT_SoftenMuscles"],"picked":"SKIP","floor":30.0},{"not_picked":["FlyingSleeves","Replay:AllIn","SashWhip"],"picked":"SKIP","floor":31.0},{"not_picked":["Vault","Scrawl"],"picked":"REME_CRH","floor":33.0},{"not_picked":["EmptyFist+1","Crescendo","Replay:Vibes+1"],"picked":"SKIP","floor":35.0},{"not_picked":["CutThroughFate+1","PathToVictory+1","TalkToTheHand+1"],"picked":"SKIP","floor":36.0},{"not_picked":["BowlingBash","JustLucky","Crescendo"],"picked":"SKIP","floor":37.0},{"not_picked":["SashWhip+1","Crescendo+1","AT_DivineConfetti"],"picked":"SKIP","floor":38},{"not_picked":["ClearTheMind","REME_Repentance"],"picked":"MentalFortress+1","floor":39},{"not_picked":["Replay:AllIn","LikeWater","Indignation"],"picked":"SKIP","floor":41},{"not_picked":["Tantrum","Wireheading+1","Perseverance"],"picked":"SKIP","floor":44},{"not_picked":["Prostrate+1","DeceiveReality","Conclude+1"],"picked":"SKIP","floor":45},{"not_picked":["SashWhip","BowlingBash+1","Replay:BluntJabs+1"],"picked":"SKIP","floor":46},{"not_picked":["AT_OneInchPunch","Nirvana","TalkToTheHand+1"],"picked":"SKIP","floor":48},{"not_picked":["ClearTheMind+1","Replay:Vibes","Replay:DivineShield"],"picked":"SKIP","floor":54}],"player_experience":76689,"relics_obtained":[{"floor":6.0,"key":"Grinning Jar"},{"floor":8.0,"key":"Dota2Spire:LotusOrb"},{"floor":9.0,"key":"Replay:Bandana"},{"floor":10.0,"key":"AT_GuinsooRageblade"},{"floor":19.0,"key":"Red Mask"},{"floor":24.0,"key":"Dota2Spire:HeartOfTarrasque"},{"floor":25.0,"key":"Dota2Spire:ShivaGuard"},{"floor":25.0,"key":"Smiling Mask"},{"floor":26.0,"key":"Ornamental Fan"},{"floor":27.0,"key":"Kunai"},{"floor":27.0,"key":"Unceasing Top"},{"floor":28.0,"key":"TeardropLocket"},{"floor":30.0,"key":"Blood Vial"},{"floor":30.0,"key":"Mercury Hourglass"},{"floor":31.0,"key":"Pen Nib"},{"floor":35.0,"key":"Dota2Spire:UrnOfShadows"},{"floor":36.0,"key":"Blue Doll"},{"floor":37.0,"key":"AT_ChloranthyRing"},{"floor":38,"key":"InkBottle"},{"floor":39,"key":"Bag of Preparation"},{"floor":41,"key":"Dota2Spire:AghanimScepter"},{"floor":41,"key":"Dota2Spire:BattleFury"},{"floor":44,"key":"AT_EbonyIvory"},{"floor":44,"key":"MawBank"},{"floor":45,"key":"Replay:Bottled Steam"},{"floor":46,"key":"ReplayTheSpireMod:Lightbulb"},{"floor":46,"key":"Orichalcum"},{"floor":48,"key":"Dota2Spire:MonkeyKingBar"},{"floor":54,"key":"Anchor"}],"event_choices":[{"damage_healed":0.0,"max_hp_gain":0.0,"max_hp_loss":0.0,"gold_gain":0.0,"event_name":"betterThird:BetterScrap","player_choice":"Relic ","floor":2.0,"gold_loss":0.0,"damage_taken":12.0,"cards_obtained":["AT_WomanClash"]},{"damage_healed":0.0,"max_hp_gain":0.0,"max_hp_loss":0.0,"gold_gain":0.0,"event_name":"betterThird:BetterSerpent","player_choice":"Ignored","floor":13.0,"gold_loss":0.0,"damage_taken":307.0},{"damage_healed":0.0,"max_hp_gain":0.0,"max_hp_loss":0.0,"gold_gain":0.0,"event_name":"Masked Bandits","player_choice":"Fought Bandits","floor":19.0,"gold_loss":0.0,"damage_taken":0.0},{"damage_healed":0.0,"max_hp_gain":0.0,"max_hp_loss":0.0,"gold_gain":99.0,"event_name":"betterThird:BetterNest","player_choice":"Steal","floor":20.0,"gold_loss":0.0,"damage_taken":0.0}],"is_beta":false,"boss_relics":[{"not_picked":["Astrolabe","Busted Crown"],"picked":"Replay:Grab Bag"},{"not_picked":["Philosopher\u0027s Stone","SlaversCollar"],"picked":"Coffee Dripper"},{"not_picked":["ChewingGum","Runic Dome"],"picked":"Fusion Hammer"},{"not_picked":["REME_DuelDisc","Honey Jar"],"picked":"Runic Pyramid"},{"not_picked":["REME_ChargedStone","VioletLotus"],"picked":"AT_TrinityForce"}],"items_purged_floors":[0,0,0,53],"is_endless":false,"potions_floor_spawned":[3,6,10,14,19,25,27,30,31,35,36,37,45,48,54],"ascension_level":4}}