{"host":"w4b7hmige5bnqipq","time":1610697688,"event":{"mods":["2.2 Compatiblity","BaseMod","Colored Map","DeckTracker","Keyboard Shortcuts","Minty Spire (QoL Compilation)","Permanent Neow","Rare Cards Sparkle","SuperFastMode","everything is the same but u backflip on backflip","slay the spire mod where everything is the same but ironclad has a cowboy hat"],"gold_per_floor":[114,114,134,151,161,188,188,215,264,306,318,330,361,385,397,521,533,563,575,512,532,545,545,545],"floor_reached":23,"language":"KOR","playtime":930,"items_purged":["Strike_G"],"score":406,"play_id":"d1ba5c4e-5b95-45ef-9f13-0581b3623ad1","local_time":"20210115170128","is_ascension_mode":true,"campfire_choices":[{"data":"Tactician","floor":7.0,"key":"SMITH"},{"data":"Neutralize","floor":11.0,"key":"SMITH"},{"floor":15.0,"key":"REST"}],"circlet_count":0,"master_deck":["AscendersBane","Strike_G","Defend_G","Defend_G","Defend_G","Defend_G","Survivor","Neutralize+1","Trip+1","Dagger Throw","Tactician+1","Underhanded Strike","Venomology","Grand Finale","Bouncing Flask","Expertise","Backflip+1"],"relics":["Ring of the Snake","Ornamental Fan","Pear","MawBank","Snake Skull","Empty Cage"],"acts_visited":["Exordium","TheCity"],"potions_floor_usage":[23,23],"damage_taken":[{"damage":1.0,"enemies":"Jaw Worm","floor":1.0,"turns":5.0},{"damage":5.0,"enemies":"Cultist","floor":3.0,"turns":4.0},{"damage":2.0,"enemies":"2 Louse","floor":4.0,"turns":3.0},{"damage":9.0,"enemies":"Blue Slaver","floor":5.0,"turns":4.0},{"damage":11.0,"enemies":"Gremlin Nob","floor":6.0,"turns":3.0},{"damage":11.0,"enemies":"Lagavulin","floor":8.0,"turns":6.0},{"damage":2.0,"enemies":"2 Fungi Beasts","floor":13.0,"turns":4.0},{"damage":7.0,"enemies":"Large Slime","floor":14.0,"turns":5.0},{"damage":28.0,"enemies":"Slime Boss","floor":16.0,"turns":14.0},{"damage":26.0,"enemies":"3 Byrds","floor":18.0,"turns":10.0},{"damage":1.0,"enemies":"Spheric Guardian","floor":21.0,"turns":5.0},{"damage":18.0,"enemies":"Snake Plant","floor":22.0,"turns":5.0},{"damage":20,"enemies":"Gremlin Leader","floor":23,"turns":8}],"seed_played":"-4070085172171177205","potions_obtained":[{"floor":3.0,"key":"Poison Potion"},{"floor":4.0,"key":"SkillPotion"},{"floor":5.0,"key":"EntropicBrew"},{"floor":13.0,"key":"ColorlessPotion"},{"floor":21.0,"key":"EssenceOfSteel"},{"floor":22.0,"key":"Strength Potion"}],"is_trial":false,"path_per_floor":["M","?","M","M","M","E","R","E","T","?","R","?","M","M","R","B",null,"M","?","$","M","M","E"],"character_chosen":"THE_SILENT","items_purchased":[],"campfire_rested":1,"item_purchase_floors":[],"current_hp_per_floor":[58,58,53,51,42,31,31,30,30,30,30,23,21,14,36,8,59,33,33,33,32,14,0,0],"gold":545,"neow_bonus":"RANDOM_COLORLESS","is_daily":false,"chose_seed":false,"campfire_upgraded":2,"win_rate":0.0,"timestamp":1610697688,"path_taken":["M","?","M","?","M","E","R","E","T","?","R","?","M","M","R","BOSS","M","?","$","M","M","E"],"items_purchased_type":[],"build_version":"2020-12-22","purchased_purges":1,"victory":false,"max_hp_per_floor":[66,66,66,66,66,66,66,76,76,76,76,76,76,76,76,76,76,76,76,76,76,76,76,76],"card_choices":[{"not_picked":["Purity","Discovery"],"picked":"Trip","floor":0.0},{"not_picked":["Underhanded Strike","Escape Plan"],"picked":"Dagger Throw","floor":1.0},{"not_picked":["Poisoned Stab","Bane"],"picked":"Tactician","floor":3.0},{"not_picked":["Setup","Backflip"],"picked":"Underhanded Strike","floor":4.0},{"not_picked":["Tactician","Dagger Throw","Flying Knee"],"picked":"SKIP","floor":5.0},{"not_picked":["Expertise","Slice","Quick Slash"],"picked":"SKIP","floor":6.0},{"not_picked":["Quick Slash","Flying Knee","Distraction"],"picked":"SKIP","floor":8.0},{"not_picked":["Escape Plan","Flying Knee"],"picked":"Venomology","floor":13.0},{"not_picked":["Acrobatics","Choke","Outmaneuver"],"picked":"SKIP","floor":14.0},{"not_picked":["Acrobatics","Choke","Outmaneuver"],"picked":"SKIP","floor":14.0},{"not_picked":["Tools of the Trade","Doppelganger"],"picked":"Grand Finale","floor":16.0},{"not_picked":["Underhanded Strike","Dagger Spray"],"picked":"Bouncing Flask","floor":18.0},{"not_picked":["Underhanded Strike+1","Terror+1","Expertise"],"picked":"SKIP","floor":21.0},{"not_picked":["Underhanded Strike+1","Terror+1"],"picked":"Expertise","floor":21.0},{"not_picked":["Deadly Poison","Dagger Spray"],"picked":"Backflip+1","floor":22.0}],"player_experience":497868,"relics_obtained":[{"floor":6.0,"key":"Ornamental Fan"},{"floor":8.0,"key":"Pear"},{"floor":9.0,"key":"MawBank"}],"event_choices":[{"damage_healed":0.0,"max_hp_gain":0.0,"max_hp_loss":0.0,"gold_gain":0.0,"event_name":"Upgrade Shrine","player_choice":"Upgraded","floor":2.0,"gold_loss":0.0,"damage_taken":0.0,"cards_upgraded":["Trip"]},{"damage_healed":0.0,"max_hp_gain":0.0,"max_hp_loss":0.0,"gold_gain":30.0,"event_name":"Dead Adventurer","player_choice":"Searched \u00272\u0027 times","floor":10.0,"gold_loss":0.0,"damage_taken":0.0,"relics_obtained":["Snake Skull"]},{"cards_removed":["Strike_G"],"damage_healed":0.0,"max_hp_gain":0.0,"max_hp_loss":0.0,"gold_gain":0.0,"event_name":"Golden Wing","player_choice":"Card Removal","floor":12.0,"gold_loss":0.0,"damage_taken":7.0},{"cards_removed":["Strike_G"],"damage_healed":0.0,"max_hp_gain":0.0,"max_hp_loss":0.0,"gold_gain":0.0,"event_name":"Back to Basics","player_choice":"Elegance","floor":19.0,"gold_loss":0.0,"damage_taken":0.0}],"is_beta":false,"boss_relics":[{"not_picked":["Calling Bell","Cursed Key"],"picked":"Empty Cage"}],"items_purged_floors":[20],"is_endless":false,"potions_floor_spawned":[3,4,5,13,21,22],"killed_by":"Gremlin Leader","ascension_level":20}}