{"host":"w3q5ijqu8eoknil3","time":1610682587,"event":{"mods":["AchievementEnabler","BaseMod","Block Reminder","Colored Powertips","Curses Come First","Minty Spire (QoL Compilation)","Quick Restart","Relic Stats","StSLib","ojb\u0027s Better Paths Mod","ojb\u0027s Info Mod","slay the spire mod where everything is the same but ironclad has a cowboy hat"],"gold_per_floor":[112,127,138,158,172,172,191,191,191],"floor_reached":8,"language":"ENG","playtime":273,"items_purged":[],"score":99,"play_id":"f60327cd-fd6c-46d0-ba76-4b2da56b607d","local_time":"20210115034947","is_ascension_mode":true,"campfire_choices":[{"data":"Bouncing Flask","floor":6,"key":"SMITH"}],"circlet_count":0,"master_deck":["AscendersBane","Strike_G","Strike_G","Strike_G","Strike_G","Strike_G","Defend_G","Defend_G","Defend_G","Defend_G","Defend_G","Survivor","Neutralize","Corpse Explosion","Choke","Bouncing Flask+1","Deadly Poison","PiercingWail","Bouncing Flask","Sucker Punch"],"relics":["Ring of the Snake"],"acts_visited":["Exordium"],"potions_floor_usage":[3,5,8],"damage_taken":[{"damage":5,"enemies":"2 Louse","floor":1,"turns":3},{"damage":2,"enemies":"Cultist","floor":2,"turns":4},{"damage":1,"enemies":"Jaw Worm","floor":3,"turns":3},{"damage":4,"enemies":"3 Louse","floor":4,"turns":3},{"damage":0,"enemies":"2 Fungi Beasts","floor":5,"turns":2},{"damage":8,"enemies":"Looter","floor":7,"turns":3},{"damage":40,"enemies":"Gremlin Nob","floor":8,"turns":3}],"seed_played":"-7324637880801764342","potions_obtained":[{"floor":1,"key":"LiquidMemories"},{"floor":3,"key":"SteroidPotion"},{"floor":4,"key":"BlessingOfTheForge"}],"is_trial":false,"path_per_floor":["M","M","M","M","M","R","M","E"],"character_chosen":"THE_SILENT","items_purchased":[],"campfire_rested":0,"item_purchase_floors":[],"current_hp_per_floor":[54,52,51,47,47,47,39,0,0],"gold":191,"neow_bonus":"ONE_RANDOM_RARE_CARD","is_daily":false,"chose_seed":false,"campfire_upgraded":1,"win_rate":0.0,"timestamp":1610682587,"path_taken":["M","M","M","M","M","R","M","E"],"items_purchased_type":[],"build_version":"2020-12-22","purchased_purges":0,"victory":false,"max_hp_per_floor":[66,66,66,66,66,66,66,66,66],"relic_stats":{"counters":[7,21],"obtain_stats":[{"Ring of the Snake":0},{"Ring of the Snake":0},{"Ring of the Snake":0}],"Ring of the Snake":[14]},"card_choices":[{"not_picked":["Slice","Dodge and Roll"],"picked":"Choke","floor":1},{"not_picked":["Flying Knee","Acrobatics"],"picked":"Bouncing Flask","floor":2},{"not_picked":["Concentrate","Dagger Spray"],"picked":"Deadly Poison","floor":3},{"not_picked":["Endless Agony","Outmaneuver"],"picked":"PiercingWail","floor":4},{"not_picked":["Escape Plan","Heel Hook"],"picked":"Bouncing Flask","floor":5},{"not_picked":["Endless Agony","Setup"],"picked":"Sucker Punch","floor":7}],"player_experience":978193,"relics_obtained":[],"event_choices":[],"is_beta":false,"boss_relics":[],"items_purged_floors":[],"is_endless":false,"potions_floor_spawned":[1,3,4],"killed_by":"Gremlin Nob","ascension_level":18}}