{"host":"f5gffvlv6a66yqkd","time":1610683795,"event":{"mods":["2.2 Compatiblity","Alarm Clock","BaseMod","Colored Map","Custom Start","DeckTracker","Keyboard Shortcuts","Minty Spire (QoL Compilation)","Permanent Neow","Quick Restart","Relic Stats","StSLib","SuperFastMode"],"gold_per_floor":[113,127,142,102,121,121,152,152,201,201,215,215,233,250,250,250,250],"floor_reached":16,"language":"KOR","playtime":322,"items_purged":[],"score":208,"play_id":"10ba001d-f1ac-47a7-ae92-ce9bdc0ad6d5","local_time":"20210115130955","is_ascension_mode":true,"campfire_choices":[{"data":"Phantasmal Killer","floor":6.0,"key":"SMITH"},{"data":"Tactician","floor":8.0,"key":"SMITH"},{"data":"Neutralize","floor":10.0,"key":"SMITH"},{"data":"Prepared","floor":15,"key":"SMITH"}],"circlet_count":0,"master_deck":["AscendersBane","Strike_G","Strike_G","Strike_G","Strike_G","Defend_G","Defend_G","Defend_G","Defend_G","Survivor","Neutralize+1","Skewer","Phantasmal Killer+1","Dagger Spray","Deadly Poison","Heel Hook","Wraith Form v2","Tactician+1","Prepared+1"],"relics":["Ring of the Snake","Kunai","Smiling Mask"],"acts_visited":["Exordium"],"potions_floor_usage":[16],"damage_taken":[{"damage":2.0,"enemies":"Cultist","floor":1.0,"turns":4.0},{"damage":0.0,"enemies":"Small Slimes","floor":2.0,"turns":2.0},{"damage":0.0,"enemies":"2 Louse","floor":3.0,"turns":3.0},{"damage":16.0,"enemies":"Exordium Wildlife","floor":5.0,"turns":3.0},{"damage":9.0,"enemies":"Gremlin Nob","floor":7.0,"turns":4.0},{"damage":0.0,"enemies":"2 Fungi Beasts","floor":11.0,"turns":2.0},{"damage":0,"enemies":"Blue Slaver","floor":13,"turns":3},{"damage":9,"enemies":"Looter","floor":14,"turns":3},{"damage":25,"enemies":"The Guardian","floor":16,"turns":10}],"seed_played":"7690193238656315641","potions_obtained":[{"floor":4.0,"key":"SpeedPotion"},{"floor":4.0,"key":"Poison Potion"},{"floor":7.0,"key":"Swift Potion"}],"is_trial":false,"path_per_floor":["M","M","M","?","M","R","E","R","T","R","M","?","M","M","R","B"],"character_chosen":"THE_SILENT","items_purchased":[],"campfire_rested":0,"item_purchase_floors":[],"current_hp_per_floor":[57,57,57,57,41,41,32,32,32,32,32,37,37,28,28,3,3],"gold":250,"neow_bonus":"TRANSFORM_TWO_CARDS","is_daily":false,"chose_seed":false,"campfire_upgraded":4,"win_rate":0.0,"timestamp":1610683795,"path_taken":["M","?","M","?","M","R","E","R","T","R","?","?","M","M","R","BOSS"],"items_purchased_type":[],"build_version":"2020-12-22","purchased_purges":0,"victory":false,"max_hp_per_floor":[60,60,60,60,60,60,60,60,60,60,60,65,65,65,65,65,65],"relic_stats":{"counters":[9,34],"Kunai":[5],"Smiling Mask":0,"obtain_stats":[{"Kunai":7,"Smiling Mask":9,"Ring of the Snake":0},{"Kunai":5,"Smiling Mask":5,"Ring of the Snake":0},{"Kunai":16,"Smiling Mask":16,"Ring of the Snake":0}],"Ring of the Snake":[18]},"card_choices":[{"not_picked":["Blade Dance","Outmaneuver"],"picked":"Dagger Spray","floor":1.0},{"not_picked":["Poisoned Stab","Quick Slash"],"picked":"Deadly Poison","floor":2.0},{"not_picked":["Poisoned Stab","Terror"],"picked":"Heel Hook","floor":3.0},{"not_picked":["Catalyst","PiercingWail"],"picked":"Wraith Form v2","floor":5.0},{"not_picked":["Poisoned Stab","Acrobatics"],"picked":"Tactician","floor":7.0},{"not_picked":["Outmaneuver","Dagger Throw"],"picked":"Prepared","floor":11.0},{"not_picked":["Catalyst","Noxious Fumes","Cloak And Dagger"],"picked":"SKIP","floor":13},{"not_picked":["Deflect","Prepared","Setup"],"picked":"SKIP","floor":14}],"player_experience":1556670,"relics_obtained":[{"floor":7.0,"key":"Kunai"},{"floor":9.0,"key":"Smiling Mask"}],"event_choices":[{"damage_healed":0.0,"max_hp_gain":0.0,"max_hp_loss":0.0,"gold_gain":0.0,"event_name":"The Woman in Blue","player_choice":"Bought 3 Potions","floor":4.0,"gold_loss":0.0,"damage_taken":0.0},{"damage_healed":0.0,"max_hp_gain":5.0,"max_hp_loss":0.0,"gold_gain":0.0,"event_name":"Big Fish","player_choice":"Donut","floor":12.0,"gold_loss":0.0,"damage_taken":0.0}],"is_beta":false,"boss_relics":[],"items_purged_floors":[],"is_endless":false,"potions_floor_spawned":[5,7,13],"killed_by":"The Guardian","ascension_level":20}}