{"host":"dvdvdvm357cut69v","time":1610725851,"event":{"mods":["BaseMod","Downfall","Minty Spire (QoL Compilation)","StSLib"],"gold_per_floor":[99,109,129,129,149,149,173,273,573,584,615,615,615,615,631,726,726,726,740,753,766,616,641,641,653,676,688,700,725,15,15,31,134,134,134,148,1147,1147,1147,1147,1215,1215,1226,1226,350,396,407,107,122,122],"floor_reached":51,"language":"ENG","playtime":2347,"items_purged":["Decay","Normality"],"score":720,"play_id":"a088676b-533f-44cd-88a7-4450c61c6b0a","local_time":"20210115185051","is_ascension_mode":false,"campfire_choices":[{"data":"Guardian:TwinSlam","floor":1,"key":"SMITH"},{"data":"Guardian:FloatingOrbs","floor":6,"key":"SMITH"},{"data":"Guardian:RevengeProtocol","floor":18,"key":"SMITH"},{"data":"Ghostly","floor":25,"key":"SMITH"},{"data":"Guardian:DecasProtection","floor":28,"key":"SMITH"},{"data":"Guardian:ChargeUp","floor":35,"key":"SMITH"},{"data":"Guardian:FloatingOrbs","floor":40,"key":"SMITH"},{"data":"Guardian:RevengeProtocol","floor":42,"key":"SMITH"},{"data":"Guardian:BaubleBeam","floor":44,"key":"SMITH"}],"circlet_count":0,"master_deck":["Guardian:Strike_Guardian+1","Guardian:Defend_Guardian+1","Guardian:Defend_Guardian+1","Guardian:Defend_Guardian+1","Guardian:CurlUp","Guardian:TwinSlam+1","Guardian:FloatingOrbs+1","Guardian:FloatingOrbs+1","Guardian:BronzeOrb","Slimebound:Icky","Guardian:DecasProtection+1","Guardian:Reroute","Guardian:ChargeCore","Guardian:RevengeProtocol+1","Guardian:DonusPower+1","Guardian:Harden+1","Guardian:PrismaticBarrier+1","Ghostly+1","Guardian:Planning+1","Guardian:RevengeProtocol+1","Guardian:BaubleBeam+1","Guardian:ChargeUp+1","Guardian:RevengeProtocol","CurseOfTheBell","Normality","Guardian:Aged","Guardian:PiercingHide","Guardian:Gem_Red","Guardian:BronzeArmor","Guardian:AncientConstruct","Guardian:Gem_Red"],"relics":["Guardian:ModeShifter","Centennial Puzzle","Juzu Bracelet","Ginger","Astrolabe","Bag of Marbles","MawBank","Pantograph","Matryoshka","Calling Bell","Ancient Tea Set","Question Card","Du-Vu Doll","Guardian:StasisEgg","Bag of Preparation","Bottled Flame","Guardian:BottledStasis","Lantern","StoneCalendar","Turnip","Mango"],"acts_visited":["Exordium","TheCity","TheBeyond"],"potions_floor_usage":[16,16,29,29,33,36,50,50],"damage_taken":[{"damage":0,"enemies":"Small Slimes","floor":2,"turns":3},{"damage":2,"enemies":"2 Louse","floor":3,"turns":4},{"damage":3,"enemies":"Jaw Worm","floor":5,"turns":4},{"damage":18,"enemies":"Exordium Thugs","floor":10,"turns":4},{"damage":30,"enemies":"Gremlin Nob","floor":11,"turns":6},{"damage":1,"enemies":"Large Slime","floor":15,"turns":5},{"damage":32,"enemies":"downfall:Silent","floor":16,"turns":6},{"damage":15,"enemies":"3 Byrds","floor":19,"turns":5},{"damage":0,"enemies":"Chosen","floor":20,"turns":3},{"damage":14,"enemies":"Shelled Parasite and Fungi","floor":21,"turns":5},{"damage":0,"enemies":"Snecko","floor":26,"turns":5},{"damage":12,"enemies":"Sentry and Sphere","floor":29,"turns":4},{"damage":2,"enemies":"downfall:FleeingMerchant","floor":30,"turns":4},{"damage":2,"enemies":"Centurion and Healer","floor":32,"turns":4},{"damage":3,"enemies":"downfall:Watcher","floor":33,"turns":5},{"damage":22,"enemies":"3 Darklings","floor":36,"turns":5},{"damage":7,"enemies":"3 Shapes","floor":43,"turns":4},{"damage":3,"enemies":"downfall:FleeingMerchant","floor":45,"turns":4},{"damage":22,"enemies":"2 Orb Walkers","floor":46,"turns":5},{"damage":5,"enemies":"Maw","floor":47,"turns":6},{"damage":0,"enemies":"downfall:FleeingMerchant","floor":48,"turns":4},{"damage":1,"enemies":"Sphere and 2 Shapes","floor":49,"turns":5},{"damage":12,"enemies":"downfall:Defect","floor":50,"turns":6}],"seed_played":"7681730021578701703","potions_obtained":[{"floor":3,"key":"CultistPotion"},{"floor":11,"key":"SpeedPotion"},{"floor":15,"key":"Strength Potion"},{"floor":16,"key":"sneckomod:MuddlingPotion"},{"floor":21,"key":"champ:CounterPotion"},{"floor":29,"key":"Fruit Juice"}],"is_trial":false,"path_per_floor":["R","M","M","?","M","R","T","?","?","M","E","?","?","?","M","B",null,"R","M","M","M","?","T","T","R","M","?","R","M","$","?","M","B",null,"R","M","?","?","?","R","T","R","M","R","$","?","M","$","M","B",null],"character_chosen":"GUARDIAN","items_purchased":["Pantograph","Guardian:BaubleBeam","DistilledChaos","Matryoshka","Guardian:BottledStasis","Guardian:PiercingHide","Lantern","StoneCalendar","Block Potion","Guardian:AcceleratePotion","Mango"],"campfire_rested":0,"item_purchase_floors":[30,30,30,30,45,45,45,45,45,45,48],"current_hp_per_floor":[88,88,86,86,83,83,83,83,83,65,35,64,61,61,60,28,88,88,73,73,59,59,59,59,59,59,59,59,52,50,50,48,70,93,93,71,71,71,71,71,71,71,64,64,61,39,34,48,47,60],"gold":122,"neow_bonus":"TEN_PERCENT_HP_BONUS","is_daily":false,"chose_seed":false,"campfire_upgraded":9,"win_rate":0.0,"timestamp":1610725851,"path_taken":["R","M","M","?","M","R","T","?","?","M","E","?","?","?","M","BOSS","R","M","M","M","?","?","T","R","M","?","R","M","$","?","M","BOSS","R","M","?","?","?","R","T","R","M","R","$","?","M","$","M","BOSS"],"items_purchased_type":["Relic","Card","Potion","Relic","Relic","Card","Relic","Relic","Potion","Potion","Relic"],"build_version":"2020-12-13","purchased_purges":2,"victory":true,"max_hp_per_floor":[88,88,88,88,88,88,88,88,88,88,88,88,88,88,88,88,88,88,88,88,88,88,88,88,88,88,88,88,93,93,93,93,93,93,93,93,93,93,93,93,93,93,93,93,93,93,93,107,107,107],"card_choices":[{"not_picked":["Guardian:WalkerClaw","Guardian:PrimingBeam"],"picked":"Guardian:FloatingOrbs","floor":2},{"not_picked":["Guardian:PolyBeam","Guardian:CrystalBeam"],"picked":"Guardian:FloatingOrbs","floor":3},{"not_picked":["Guardian:Gem_Green","Guardian:Reroute"],"picked":"Guardian:BronzeOrb","floor":5},{"not_picked":["Guardian:ChargeUp","Guardian:TimeCapacitor"],"picked":"Guardian:DecasProtection","floor":10},{"not_picked":["Guardian:ArmoredProtocol","Guardian:Incinerate"],"picked":"Guardian:Reroute","floor":11},{"not_picked":["Guardian:TemporalShield","Guardian:Incinerate"],"picked":"Guardian:ChargeCore","floor":15},{"not_picked":["Guardian:Gem_Orange","Guardian:StasisStrike"],"picked":"Guardian:RevengeProtocol","floor":16},{"not_picked":["Guardian:Preprogram","Guardian:TemporalStrike"],"picked":"Guardian:Gem_Red","floor":19},{"not_picked":["Guardian:Gem_Cyan","Guardian:ShieldSpikes"],"picked":"Guardian:PrismaticBarrier+1","floor":20},{"not_picked":["Guardian:Reroute+1","Guardian:BronzeOrb"],"picked":"Guardian:Gem_Lightblue","floor":21},{"not_picked":["Guardian:ShieldSpikes","Guardian:TemporalStrike"],"picked":"Guardian:Gem_Crimson","floor":26},{"not_picked":["Guardian:Gem_Fragmented","Guardian:Suspension"],"picked":"Guardian:Planning+1","floor":29},{"not_picked":["Guardian:ArmoredProtocol","Guardian:Gem_Purple"],"picked":"Guardian:RevengeProtocol","floor":30},{"not_picked":["Guardian:TimeCapacitor","Guardian:PrimingBeam"],"picked":"Guardian:ChargeUp","floor":32},{"not_picked":["Guardian:HyperBeam_Guardian","Guardian:StasisStrike"],"picked":"Guardian:RevengeProtocol","floor":33},{"not_picked":["Guardian:Incinerate+1","Guardian:GuardianWhirl","Guardian:Preprogram","Guardian:DonusPower"],"picked":"SKIP","floor":36},{"not_picked":["Guardian:Reroute+1","Guardian:Planning","Guardian:CrystalBeam+1"],"picked":"Guardian:Gem_Cyan","floor":43},{"not_picked":["Guardian:Reroute+1","Guardian:ChargeCore+1","Guardian:PrismaticBeam","Guardian:TimeCapacitor"],"picked":"SKIP","floor":45},{"not_picked":["Guardian:ChargeCore+1","Guardian:PiercingHide","Guardian:Reroute+1"],"picked":"Guardian:Gem_Red","floor":46},{"not_picked":["Guardian:PiercingHide+1","Guardian:CrystalBeam","Guardian:Gem_Cyan"],"picked":"Guardian:BronzeArmor","floor":47},{"not_picked":["Guardian:Planning","Guardian:VentSteam+1","Guardian:RefractedBeam+1"],"picked":"Guardian:AncientConstruct","floor":48},{"not_picked":["Guardian:Gem_Green","Guardian:PrimingBeam","Guardian:PolyBeam+1"],"picked":"Guardian:Gem_Red","floor":49}],"player_experience":68332,"relics_obtained":[{"floor":7,"key":"Centennial Puzzle"},{"floor":11,"key":"Juzu Bracelet"},{"floor":23,"key":"Bag of Marbles"},{"floor":24,"key":"MawBank"},{"floor":34,"key":"Ancient Tea Set"},{"floor":34,"key":"Question Card"},{"floor":34,"key":"Du-Vu Doll"},{"floor":41,"key":"Bag of Preparation"},{"floor":41,"key":"Bottled Flame"},{"floor":46,"key":"Turnip"}],"event_choices":[{"damage_healed":29,"gold_gain":0,"player_choice":"Banana","damage_taken":0,"max_hp_gain":0,"max_hp_loss":0,"event_name":"Big Fish","floor":12,"gold_loss":0},{"damage_healed":0,"gold_gain":0,"player_choice":"Success","damage_taken":3,"relics_obtained":["Ginger"],"max_hp_gain":0,"max_hp_loss":0,"event_name":"Scrap Ooze","floor":13,"gold_loss":0},{"damage_healed":0,"gold_gain":0,"player_choice":"Simplicity","damage_taken":0,"max_hp_gain":0,"max_hp_loss":0,"event_name":"Back to Basics","floor":27,"gold_loss":0,"cards_upgraded":["Guardian:Strike_Guardian","Guardian:Strike_Guardian","Guardian:Defend_Guardian","Guardian:Defend_Guardian","Guardian:Defend_Guardian"]},{"damage_healed":0,"gold_gain":0,"player_choice":"Ignored","damage_taken":0,"max_hp_gain":0,"max_hp_loss":0,"event_name":"Vampires","floor":31,"gold_loss":0},{"cards_removed":["Guardian:Strike_Guardian"],"damage_healed":0,"gold_gain":0,"player_choice":"Removed Attack","damage_taken":0,"max_hp_gain":0,"max_hp_loss":0,"event_name":"Falling","floor":38,"gold_loss":0},{"damage_healed":0,"gold_gain":0,"player_choice":"Fight","damage_taken":0,"max_hp_gain":0,"max_hp_loss":0,"event_name":"Mysterious Sphere","floor":46,"gold_loss":0}],"is_beta":false,"boss_relics":[{"not_picked":["Guardian:StasisSlotReductionRelic","Coffee Dripper"],"picked":"Astrolabe"},{"not_picked":["Tiny House","Cursed Key"],"picked":"Calling Bell"}],"items_purged_floors":[30,45],"is_endless":false,"potions_floor_spawned":[3,11,15,16,21,26,29,32,46],"ascension_level":0}}