{"host":"foq4mrde4mssg7vt","time":1610726821,"event":{"mods":["AchievementEnabler","BaseMod","Colored Map","Colored Powertips","Highlight Path","Minty Spire (QoL Compilation)","Relic Stats","everything is the same but u backflip on backflip"],"gold_per_floor":[119,135,150,165,240,240,269,348,348,377,49,49,63,93,93,167,167,180,195,206,206,206,206,217,249,249,274,274,54,67,100,100,177,177,193,247,46,46,58,58,86,26,73,100,100,118,118,134,134,134,134,134,3,35,35,35],"floor_reached":55,"language":"ENG","playtime":2674,"items_purged":["Strike_B"],"score":1630,"play_id":"7fb79f46-5026-4a2a-b1f5-19f84e28c773","local_time":"20210116000701","is_ascension_mode":true,"campfire_choices":[{"data":"Streamline","floor":6.0,"key":"SMITH"},{"data":"Melter","floor":12.0,"key":"SMITH"},{"data":"Hologram","floor":15.0,"key":"SMITH"},{"data":"Biased Cognition","floor":23.0,"key":"SMITH"},{"data":"Ghostly","floor":28.0,"key":"SMITH"},{"data":"Defragment","floor":32.0,"key":"SMITH"},{"data":"Defragment","floor":40.0,"key":"SMITH"},{"data":"Loop","floor":45.0,"key":"SMITH"},{"floor":47.0,"key":"RECALL"},{"data":"Ghostly","floor":49.0,"key":"SMITH"},{"data":"Ghostly","floor":52.0,"key":"SMITH"}],"circlet_count":0,"master_deck":["AscendersBane","Strike_B","Defend_B","Defend_B+1","Defend_B","Defend_B","Zap","Dualcast","Cold Snap","Streamline+1","Leap","Hologram+1","Melter+1","Go for the Eyes","Undo+1","Biased Cognition+1","Compile Driver","Ghostly+1","Ghostly+1","Ghostly+1","Electrodynamics","Mayhem","Flash of Steel","Defragment+1","Conserve Battery","Reboot","Defragment+1","Loop+1","Self Repair+1","Stack"],"relics":["Cracked Core","PreservedInsect","Lantern","Oddly Smooth Stone","The Courier","FossilizedHelix","Boot","Empty Cage","Thread and Needle","Letter Opener","Ancient Tea Set","Red Mask","Coffee Dripper","Dead Branch","DataDisk","Bag of Marbles","MealTicket","Runic Capacitor","War Paint"],"acts_visited":["Exordium","TheCity","TheBeyond","TheEnding"],"potions_floor_usage":[],"damage_taken":[{"damage":1.0,"enemies":"2 Louse","floor":1.0,"turns":3.0},{"damage":0.0,"enemies":"Small Slimes","floor":2.0,"turns":3.0},{"damage":0.0,"enemies":"Jaw Worm","floor":3.0,"turns":3.0},{"damage":2.0,"enemies":"3 Louse","floor":4.0,"turns":4.0},{"damage":12.0,"enemies":"Lagavulin","floor":7.0,"turns":7.0},{"damage":6.0,"enemies":"3 Sentries","floor":10.0,"turns":8.0},{"damage":0.0,"enemies":"Looter","floor":13.0,"turns":3.0},{"damage":0.0,"enemies":"Gremlin Nob","floor":14.0,"turns":4.0},{"damage":6.0,"enemies":"Slime Boss","floor":16.0,"turns":10.0},{"damage":0.0,"enemies":"Chosen","floor":18.0,"turns":4.0},{"damage":0.0,"enemies":"Spheric Guardian","floor":19.0,"turns":3.0},{"damage":22.0,"enemies":"Chosen and Byrds","floor":20.0,"turns":8.0},{"damage":0.0,"enemies":"Sentry and Sphere","floor":24.0,"turns":4.0},{"damage":2.0,"enemies":"Slavers","floor":25.0,"turns":4.0},{"damage":0.0,"enemies":"Book of Stabbing","floor":27.0,"turns":5.0},{"damage":0.0,"enemies":"Snake Plant","floor":30.0,"turns":3.0},{"damage":0.0,"enemies":"Masked Bandits","floor":31.0,"turns":4.0},{"damage":24.0,"enemies":"Champ","floor":33.0,"turns":15.0},{"damage":0.0,"enemies":"Orb Walker","floor":35.0,"turns":5.0},{"damage":0.0,"enemies":"2 Orb Walkers","floor":36.0,"turns":3.0},{"damage":0.0,"enemies":"3 Darklings","floor":39.0,"turns":4.0},{"damage":0.0,"enemies":"Reptomancer","floor":41.0,"turns":5.0},{"damage":0.0,"enemies":"Nemesis","floor":44.0,"turns":6.0},{"damage":0.0,"enemies":"Maw","floor":46.0,"turns":8.0},{"damage":0.0,"enemies":"4 Shapes","floor":48.0,"turns":5.0},{"damage":8.0,"enemies":"Awakened One","floor":50.0,"turns":29.0},{"damage":0.0,"enemies":"Shield and Spear","floor":54.0,"turns":5.0},{"damage":43,"enemies":"The Heart","floor":55,"turns":9}],"seed_played":"8031829720944835577","potions_obtained":[{"floor":1.0,"key":"SteroidPotion"},{"floor":4.0,"key":"Dexterity Potion"},{"floor":10.0,"key":"Energy Potion"},{"floor":25.0,"key":"Fruit Juice"},{"floor":27.0,"key":"SteroidPotion"},{"floor":33.0,"key":"Block Potion"},{"floor":48.0,"key":"Fire Potion"}],"is_trial":false,"path_per_floor":["M","M","M","M","?","R","E","?","T","E","$","R","M","E","R","B",null,"M","M","M","?","?","R","M","E","T","E","R","$","M","?","R","B",null,"M","?","$","?","M","R","E","$","T","E","R","M","R","M","R","B",null,"R","$","E","B"],"character_chosen":"DEFECT","items_purchased":["Melter","FossilizedHelix","Mayhem","Flash of Steel","DataDisk","Loop","Runic Capacitor"],"campfire_rested":0,"item_purchase_floors":[11,11,29,29,37,37,53],"current_hp_per_floor":[63,63,63,61,50,50,38,38,38,32,32,32,32,32,32,26,60,60,60,38,38,35,35,35,33,33,33,33,33,33,33,33,14,34,34,34,34,34,34,34,34,34,34,34,34,34,34,34,34,36,39,39,40,40,0,0],"gold":35,"neow_bonus":"RANDOM_COMMON_RELIC","is_daily":false,"chose_seed":false,"campfire_upgraded":10,"win_rate":0.0,"timestamp":1610726821,"path_taken":["M","M","M","M","?","R","E","?","T","E","?","R","M","E","R","BOSS","M","M","M","?","?","R","M","E","T","E","R","$","M","?","R","BOSS","M","?","$","?","M","R","E","?","T","E","R","M","R","M","R","BOSS","R","$","E","BOSS"],"items_purchased_type":["Card","Relic","Card","Card","Relic","Card","Relic"],"build_version":"2020-12-22","purchased_purges":1,"victory":false,"max_hp_per_floor":[71,71,71,71,71,71,71,71,71,71,71,71,71,71,71,71,71,71,71,71,71,35,35,35,35,35,35,35,35,35,35,35,40,40,40,40,40,40,40,40,40,40,40,40,40,40,40,40,40,40,40,40,40,40,40,40],"relic_stats":{"counters":[28,174],"Dead Branch":[42],"MealTicket":1,"PreservedInsect":372,"Letter Opener":[239],"War Paint":["Defend_B","Undo"],"Boot":[152],"obtain_stats":[{"Lantern":7,"Dead Branch":36,"Oddly Smooth Stone":9,"Thread and Needle":25,"PreservedInsect":0,"The Courier":10,"Runic Capacitor":53,"Letter Opener":26,"War Paint":54,"Boot":14,"Empty Cage":17,"Ancient Tea Set":27,"DataDisk":37,"MealTicket":44,"Red Mask":31,"Coffee Dripper":34,"Bag of Marbles":41,"Cracked Core":0,"FossilizedHelix":11},{"Lantern":5,"Dead Branch":20,"Oddly Smooth Stone":5,"Thread and Needle":14,"PreservedInsect":0,"The Courier":6,"Runic Capacitor":26,"Letter Opener":14,"War Paint":27,"Boot":8,"Empty Cage":9,"Ancient Tea Set":15,"DataDisk":20,"MealTicket":23,"Red Mask":17,"Coffee Dripper":18,"Bag of Marbles":22,"Cracked Core":0,"FossilizedHelix":6},{"Lantern":20,"Dead Branch":103,"Oddly Smooth Stone":20,"Thread and Needle":68,"PreservedInsect":0,"The Courier":28,"Runic Capacitor":160,"Letter Opener":68,"War Paint":165,"Boot":35,"Empty Cage":45,"Ancient Tea Set":73,"DataDisk":103,"MealTicket":118,"Red Mask":80,"Coffee Dripper":95,"Bag of Marbles":112,"Cracked Core":0,"FossilizedHelix":28}]},"card_choices":[{"not_picked":["Aggregate","Recycle"],"picked":"Cold Snap","floor":1.0},{"not_picked":["Static Discharge","Steam Power"],"picked":"Streamline","floor":2.0},{"not_picked":["Streamline","Steam"],"picked":"Leap","floor":3.0},{"not_picked":["Hologram","Consume","Streamline"],"picked":"SKIP","floor":4.0},{"not_picked":["Redo","Sunder","Darkness"],"picked":"SKIP","floor":7.0},{"not_picked":["Chaos","Amplify"],"picked":"Hologram","floor":10.0},{"not_picked":["Beam Cell","Leap"],"picked":"Go for the Eyes","floor":13.0},{"not_picked":["Reprogram","Aggregate"],"picked":"Undo","floor":14.0},{"not_picked":["Fission","Multi-Cast"],"picked":"Biased Cognition","floor":16.0},{"not_picked":["Steam","Gash"],"picked":"Compile Driver","floor":18.0},{"not_picked":["Double Energy","Scrape","Stack"],"picked":"SKIP","floor":19.0},{"not_picked":["Beam Cell","BootSequence","Skim"],"picked":"SKIP","floor":20.0},{"not_picked":["Hologram","Steam"],"picked":"Electrodynamics","floor":24.0},{"not_picked":["Leap","Double Energy","Streamline"],"picked":"SKIP","floor":25.0},{"not_picked":["Force Field","Cold Snap","Ball Lightning"],"picked":"SKIP","floor":27.0},{"not_picked":["Gash","Rainbow"],"picked":"Defragment","floor":30.0},{"not_picked":["Rebound","Aggregate"],"picked":"Conserve Battery","floor":31.0},{"not_picked":["Amplify","Electrodynamics"],"picked":"Reboot","floor":33.0},{"not_picked":["Conserve Battery","Streamline","Beam Cell"],"picked":"SKIP","floor":35.0},{"not_picked":["Sweeping Beam","Darkness"],"picked":"Defragment","floor":36.0},{"not_picked":["Chill","Storm","Turbo+1"],"picked":"SKIP","floor":39.0},{"not_picked":["Darkness","Ball Lightning","Electrodynamics"],"picked":"SKIP","floor":41.0},{"not_picked":["Undo","Doom and Gloom","Go for the Eyes+1"],"picked":"SKIP","floor":44.0},{"not_picked":["Compile Driver","Go for the Eyes","Steam+1"],"picked":"SKIP","floor":46.0},{"not_picked":["Rip and Tear+1","Leap"],"picked":"Self Repair+1","floor":48.0},{"not_picked":["Sunder","Conserve Battery"],"picked":"Stack","floor":54.0}],"player_experience":474519,"relics_obtained":[{"floor":7.0,"key":"Lantern"},{"floor":9.0,"key":"Oddly Smooth Stone"},{"floor":10.0,"key":"The Courier"},{"floor":14.0,"key":"Boot"},{"floor":25.0,"key":"Thread and Needle"},{"floor":26.0,"key":"Letter Opener"},{"floor":27.0,"key":"Ancient Tea Set"},{"floor":31.0,"key":"Red Mask"},{"floor":36.0,"key":"Dead Branch"},{"floor":41.0,"key":"Bag of Marbles"},{"floor":44.0,"key":"MealTicket"},{"floor":54.0,"key":"War Paint"}],"event_choices":[{"damage_healed":0.0,"max_hp_gain":0.0,"max_hp_loss":0.0,"gold_gain":75.0,"event_name":"World of Goop","player_choice":"Gather Gold","floor":5.0,"gold_loss":0.0,"damage_taken":11.0},{"damage_healed":0.0,"max_hp_gain":0.0,"max_hp_loss":0.0,"gold_gain":79.0,"event_name":"Golden Wing","player_choice":"Gained Gold","floor":8.0,"gold_loss":0.0,"damage_taken":0.0},{"damage_healed":0.0,"max_hp_gain":0.0,"max_hp_loss":0.0,"gold_gain":0.0,"event_name":"The Mausoleum","player_choice":"Ignored","floor":21.0,"gold_loss":0.0,"damage_taken":0.0},{"damage_healed":0.0,"max_hp_gain":0.0,"max_hp_loss":36.0,"gold_gain":0.0,"event_name":"Ghosts","player_choice":"Became a Ghost","floor":22.0,"gold_loss":0.0,"damage_taken":0.0,"cards_obtained":["Ghostly","Ghostly","Ghostly"]},{"damage_healed":0.0,"max_hp_gain":0.0,"max_hp_loss":0.0,"gold_gain":0.0,"event_name":"Masked Bandits","player_choice":"Fought Bandits","floor":31.0,"gold_loss":0.0,"damage_taken":0.0},{"damage_healed":0.0,"max_hp_gain":0.0,"max_hp_loss":0.0,"gold_gain":0.0,"event_name":"Mysterious Sphere","player_choice":"Fight","floor":36.0,"gold_loss":0.0,"damage_taken":0.0},{"damage_healed":0.0,"max_hp_gain":0.0,"max_hp_loss":0.0,"gold_gain":0.0,"event_name":"SensoryStone","player_choice":"Memory 1","floor":38.0,"gold_loss":0.0,"damage_taken":0.0}],"is_beta":false,"boss_relics":[{"not_picked":["Runic Pyramid","Ectoplasm"],"picked":"Empty Cage"},{"not_picked":["Cursed Key","Philosopher\u0027s Stone"],"picked":"Coffee Dripper"}],"items_purged_floors":[42],"is_endless":false,"potions_floor_spawned":[1,4,10,14,19,24,25,27,33,35,36,46,48],"killed_by":"The Heart","ascension_level":18}}