{"host":"oehe2dxjvdgux73m","time":1610684209,"event":{"mods":["AchievementEnabler","BaseMod","Colored Map","Colored Powertips","DeckTracker","Keyboard Shortcuts","Minty Spire (QoL Compilation)","Permanent Neow","Quick Restart","StSLib","SuperFastMode"],"gold_per_floor":[364,374,549,329,329,329,404,404,478,494,494,519,535,547,547,622,622,632,632,643,674,674,707,707,482,505,517,479,518,530,577,589,601,601],"floor_reached":33,"language":"KOR","playtime":1070,"items_purged":["Doubt","Strike_G+1"],"score":618,"play_id":"749c7bef-eda3-4c4a-a579-4c6e80fb6015","local_time":"20210115131649","is_ascension_mode":true,"campfire_choices":[{"data":"Crippling Poison","floor":6.0,"key":"SMITH"},{"data":"Neutralize","floor":8.0,"key":"SMITH"},{"data":"Poisoned Stab","floor":11.0,"key":"SMITH"},{"floor":15.0,"key":"REST"},{"data":"Bullet Time","floor":24.0,"key":"SMITH"},{"floor":27.0,"key":"REST"},{"data":"Bouncing Flask","floor":30.0,"key":"SMITH"},{"floor":32.0,"key":"REST"}],"circlet_count":0,"master_deck":["AscendersBane","Strike_G+1","Strike_G+1","Strike_G+1","Strike_G+1","Defend_G+1","Defend_G+1","Defend_G+1","Defend_G+1","Defend_G+1","Survivor","Neutralize+1","Crippling Poison+1","Poisoned Stab+1","PiercingWail","Backflip","Corpse Explosion","Bullet Time+1","Leg Sweep","Poisoned Stab","Deflect+1","Bouncing Flask+1","PiercingWail","Leg Sweep"],"relics":["Ring of the Snake","Snake Skull","Gremlin Horn","Centennial Puzzle","SlaversCollar","Red Mask","Matryoshka","MawBank","Toy Ornithopter","Prayer Wheel","Gambling Chip"],"acts_visited":["Exordium","TheCity"],"potions_floor_usage":[],"damage_taken":[{"damage":9.0,"enemies":"2 Louse","floor":1.0,"turns":4.0},{"damage":0.0,"enemies":"Small Slimes","floor":2.0,"turns":3.0},{"damage":8.0,"enemies":"Jaw Worm","floor":10.0,"turns":6.0},{"damage":10.0,"enemies":"Lagavulin","floor":12.0,"turns":5.0},{"damage":3.0,"enemies":"Blue Slaver","floor":13.0,"turns":4.0},{"damage":6.0,"enemies":"Large Slime","floor":14.0,"turns":9.0},{"damage":12.0,"enemies":"The Guardian","floor":16.0,"turns":12.0},{"damage":0.0,"enemies":"2 Thieves","floor":18.0,"turns":2.0},{"damage":23.0,"enemies":"Chosen","floor":20.0,"turns":5.0},{"damage":14.0,"enemies":"Masked Bandits","floor":21.0,"turns":4.0},{"damage":0.0,"enemies":"Gremlin Leader","floor":23.0,"turns":7.0},{"damage":11.0,"enemies":"Book of Stabbing","floor":29.0,"turns":7.0},{"damage":19.0,"enemies":"Gremlin Leader","floor":31.0,"turns":5.0},{"damage":62,"enemies":"Collector","floor":33,"turns":7}],"seed_played":"-1426919267077829984","potions_obtained":[{"floor":1.0,"key":"SpeedPotion"},{"floor":2.0,"key":"Poison Potion"},{"floor":13.0,"key":"Swift Potion"},{"floor":16.0,"key":"FearPotion"},{"floor":20.0,"key":"FearPotion"},{"floor":23.0,"key":"DistilledChaos"}],"is_trial":false,"path_per_floor":["M","M","?","$","?","R","?","R","T","M","R","E","M","M","R","B",null,"M","?","M","?","?","E","R","$","T","R","?","E","R","E","R","B"],"character_chosen":"THE_SILENT","items_purchased":["Snake Skull","SmokeBomb","PiercingWail"],"campfire_rested":3,"item_purchase_floors":[4,25,25],"current_hp_per_floor":[35,35,35,35,40,40,29,29,29,21,21,11,8,2,23,11,56,56,56,33,19,19,19,19,19,19,40,40,29,29,15,36,0,0],"gold":601,"neow_bonus":"TWO_FIFTY_GOLD","is_daily":false,"chose_seed":false,"campfire_upgraded":5,"win_rate":0.0,"timestamp":1610684209,"path_taken":["M","M","?","$","?","R","?","R","T","?","R","E","M","M","R","BOSS","M","?","M","?","?","E","R","$","T","R","?","E","R","E","R","BOSS"],"items_purchased_type":["Relic","Potion","Card"],"build_version":"2020-12-22","purchased_purges":2,"victory":false,"max_hp_per_floor":[66,66,66,66,71,71,71,71,71,71,71,71,71,71,71,71,71,71,71,71,71,71,71,71,71,71,71,71,71,71,71,71,71,71],"card_choices":[{"not_picked":["Underhanded Strike","Quick Slash"],"picked":"Crippling Poison","floor":1.0},{"not_picked":["Predator","Dodge and Roll"],"picked":"Poisoned Stab","floor":2.0},{"not_picked":["Underhanded Strike","Setup","Slice"],"picked":"SKIP","floor":10.0},{"not_picked":["Underhanded Strike","Setup","Slice"],"picked":"SKIP","floor":10.0},{"not_picked":["Dagger Throw","Dagger Spray"],"picked":"PiercingWail","floor":12.0},{"not_picked":["Predator","Outmaneuver"],"picked":"Backflip","floor":13.0},{"not_picked":["Quick Slash","Choke"],"picked":"Corpse Explosion","floor":14.0},{"not_picked":["Grand Finale","Envenom"],"picked":"Bullet Time","floor":16.0},{"not_picked":["Skewer+1","Backflip"],"picked":"Leg Sweep","floor":18.0},{"not_picked":["Dagger Spray","Blade Dance"],"picked":"Poisoned Stab","floor":20.0},{"not_picked":["Deadly Poison","Dagger Spray"],"picked":"Deflect+1","floor":21.0},{"not_picked":["All Out Attack","Dagger Throw"],"picked":"Bouncing Flask","floor":23.0},{"not_picked":["Masterful Stab","Caltrops"],"picked":"Leg Sweep","floor":29.0},{"not_picked":["Bane","Flying Knee+1","Sucker Punch"],"picked":"SKIP","floor":31.0}],"player_experience":199966,"relics_obtained":[{"floor":9.0,"key":"Gremlin Horn"},{"floor":12.0,"key":"Centennial Puzzle"},{"floor":21.0,"key":"Red Mask"},{"floor":23.0,"key":"Matryoshka"},{"floor":26.0,"key":"MawBank"},{"floor":26.0,"key":"Toy Ornithopter"},{"floor":29.0,"key":"Prayer Wheel"},{"floor":31.0,"key":"Gambling Chip"}],"event_choices":[{"damage_healed":0.0,"max_hp_gain":0.0,"max_hp_loss":0.0,"gold_gain":175.0,"event_name":"Liars Game","player_choice":"AGREE","floor":3.0,"gold_loss":0.0,"damage_taken":0.0,"cards_obtained":["Doubt"]},{"damage_healed":0.0,"max_hp_gain":5.0,"max_hp_loss":0.0,"gold_gain":0.0,"event_name":"Big Fish","player_choice":"Donut","floor":5.0,"gold_loss":0.0,"damage_taken":0.0},{"damage_healed":0.0,"max_hp_gain":0.0,"max_hp_loss":0.0,"gold_gain":75.0,"event_name":"World of Goop","player_choice":"Gather Gold","floor":7.0,"gold_loss":0.0,"damage_taken":11.0},{"damage_healed":0.0,"max_hp_gain":0.0,"max_hp_loss":0.0,"gold_gain":0.0,"event_name":"Back to Basics","player_choice":"Simplicity","floor":19.0,"gold_loss":0.0,"damage_taken":0.0,"cards_upgraded":["Strike_G","Strike_G","Strike_G","Strike_G","Strike_G","Defend_G","Defend_G","Defend_G","Defend_G","Defend_G"]},{"damage_healed":0.0,"max_hp_gain":0.0,"max_hp_loss":0.0,"gold_gain":0.0,"event_name":"Masked Bandits","player_choice":"Fought Bandits","floor":21.0,"gold_loss":0.0,"damage_taken":0.0},{"damage_healed":0.0,"max_hp_gain":0.0,"max_hp_loss":0.0,"gold_gain":0.0,"event_name":"Vampires","player_choice":"Ignored","floor":22.0,"gold_loss":0.0,"damage_taken":0.0},{"damage_healed":0.0,"max_hp_gain":0.0,"max_hp_loss":0.0,"gold_gain":0.0,"event_name":"The Joust","player_choice":"Bet on Murderer","floor":28.0,"gold_loss":50.0,"damage_taken":0.0}],"is_beta":false,"boss_relics":[{"not_picked":["WristBlade","Fusion Hammer"],"picked":"SlaversCollar"}],"items_purged_floors":[4,25],"is_endless":false,"potions_floor_spawned":[1,2,13,16,20,23,29],"killed_by":"Collector","ascension_level":14}}