{"host":"jl3raagrljzztomj","time":1610744869,"event":{"mods":["Aspiration","BaseMod","BetterRewards","Colored Map","Colored Powertips","Custom Start","Hermit","Highlight Path","Minty Spire (QoL Compilation)","Permanent Neow","StSLib","SuperFastMode","The Runesmith"],"gold_per_floor":[117,117,192,467,479,479,512,134,134,134,20,20,30,44,44,148,148,163,176,176,24,24,24,53,53,121,121,155,174,174,99,99,199,199,210,0,0,13,28,28,46,46,46,64,64,78,109,59,59,59],"floor_reached":51,"language":"ENG","playtime":2703,"items_purged":["hermit:Defend_Hermit+1","hermit:Covet"],"score":711,"play_id":"b86592d7-1dad-4f36-8f53-18b55f77997d","local_time":"20210115150749","is_ascension_mode":false,"campfire_choices":[{"data":"hermit:Adapt","floor":6,"key":"SMITH"},{"floor":10,"key":"REST"},{"data":"hermit:Spite","floor":12,"key":"SMITH"},{"data":"hermit:ShadowCloak","floor":15,"key":"SMITH"},{"data":"hermit:ShadowCloak","floor":23,"key":"SMITH"},{"floor":25,"key":"REST"},{"data":"hermit:ShadowCloak","floor":30,"key":"SMITH"},{"data":"hermit:Dissolve","floor":32,"key":"SMITH"},{"floor":40,"key":"REST"},{"floor":42,"key":"REST"},{"floor":45,"key":"REST"},{"floor":49,"key":"REST"}],"circlet_count":0,"master_deck":["hermit:Strike_Hermit+1","hermit:Strike_Hermit+1","hermit:Strike_Hermit+1","hermit:Strike_Hermit+1","hermit:Defend_Hermit+1","hermit:Defend_Hermit+1","hermit:Snapshot+1","hermit:Adapt+1","hermit:Manifest+1","hermit:ShadowCloak+1","hermit:Dissolve+1","hermit:ShadowCloak+1","hermit:ShadowCloak+1","hermit:Spite+1","hermit:Manifest","hermit:Reprieve","hermit:Misfire","hermit:ShadowCloak","hermit:Midnight+1","hermit:Cheat","hermit:FromBeyond","hermit:Misfire","hermit:Roulette+1","Pain","hermit:FlashPowder","hermit:Midnight","hermit:Misfire","hermit:FromBeyond"],"relics":["hermit:Momento","Orichalcum","Du-Vu Doll","Prayer Wheel","aspiration:MobileForge","Smiling Mask","Shuriken","MutagenicStrength","PreservedInsect","Fusion Hammer","Red Mask","The Courier","Sundial"],"acts_visited":["Exordium","TheCity","TheBeyond"],"potions_floor_usage":[16,16,18,19,28,41,50,50],"damage_taken":[{"damage":0,"enemies":"2 Louse","floor":1,"turns":3},{"damage":0,"enemies":"Small Slimes","floor":5,"turns":6},{"damage":19,"enemies":"Lagavulin","floor":7,"turns":11},{"damage":0,"enemies":"Cultist","floor":13,"turns":3},{"damage":7,"enemies":"Lots of Slimes","floor":14,"turns":7},{"damage":36,"enemies":"The Guardian","floor":16,"turns":16},{"damage":0,"enemies":"Chosen","floor":18,"turns":6},{"damage":19,"enemies":"2 Thieves","floor":19,"turns":5},{"damage":20,"enemies":"Book of Stabbing","floor":24,"turns":7},{"damage":6,"enemies":"Slavers","floor":28,"turns":7},{"damage":1,"enemies":"Sentry and Sphere","floor":29,"turns":11},{"damage":60,"enemies":"Automaton","floor":33,"turns":19},{"damage":11,"enemies":"Orb Walker","floor":35,"turns":5},{"damage":13,"enemies":"3 Darklings","floor":38,"turns":8},{"damage":0,"enemies":"Spire Growth","floor":39,"turns":5},{"damage":22,"enemies":"Transient","floor":41,"turns":5},{"damage":39,"enemies":"Sphere and 2 Shapes","floor":44,"turns":9},{"damage":3,"enemies":"4 Shapes","floor":46,"turns":7},{"damage":14,"enemies":"Giant Head","floor":47,"turns":9},{"damage":54,"enemies":"Time Eater","floor":50,"turns":18}],"seed_played":"6470430430716772337","potions_obtained":[{"floor":5,"key":"SkillPotion"},{"floor":13,"key":"BlessingOfTheForge"},{"floor":16,"key":"PowerPotion"},{"floor":18,"key":"Fruit Juice"},{"floor":24,"key":"AttackPotion"},{"floor":33,"key":"Strength Potion"},{"floor":39,"key":"Fire Potion"},{"floor":41,"key":"SteroidPotion"},{"floor":46,"key":"Block Potion"}],"is_trial":false,"path_per_floor":["M","?","?","?","M","R","E","$","T","R","$","R","M","M","R","B",null,"M","M","?","$","?","R","E","R","T","?","E","M","R","?","R","B",null,"M","?","?","M","M","R","M","R","T","M","R","M","E","$","R","B",null],"character_chosen":"HERMIT","items_purchased":["hermit:ShadowCloak","Du-Vu Doll","hermit:ShadowCloak","hermit:Spite","hermit:ShadowCloak"],"campfire_rested":6,"item_purchase_floors":[8,8,11,11,21],"current_hp_per_floor":[75,60,49,49,49,49,30,30,30,52,52,52,52,45,45,9,75,75,61,61,61,69,69,49,73,73,73,67,70,70,70,70,22,80,69,69,69,56,56,80,62,80,80,41,65,62,52,52,76,42],"gold":59,"neow_bonus":"ONE_RANDOM_RARE_CARD","is_daily":false,"chose_seed":false,"campfire_upgraded":6,"win_rate":0.0,"timestamp":1610744869,"path_taken":["M","?","?","?","?","R","E","?","T","R","$","R","?","M","R","BOSS","M","M","?","$","?","R","E","R","T","?","E","M","R","?","R","BOSS","M","?","?","M","M","R","?","R","T","M","R","M","E","$","R","BOSS"],"items_purchased_type":["Card","Relic","Card","Card","Card"],"build_version":"2020-12-22","purchased_purges":2,"victory":true,"max_hp_per_floor":[75,75,75,75,75,75,75,75,75,75,75,75,75,75,75,75,75,75,80,80,80,80,80,80,80,80,80,80,80,80,80,80,80,80,80,80,80,80,80,80,80,80,80,80,80,80,80,80,80,80],"card_choices":[{"not_picked":["hermit:Vantage","hermit:TrackingShot"],"picked":"hermit:Manifest","floor":1},{"not_picked":["hermit:Horror","hermit:Determination"],"picked":"hermit:ShadowCloak","floor":5},{"not_picked":["hermit:BodyArmor","hermit:TakeAim"],"picked":"hermit:Dissolve","floor":7},{"not_picked":["hermit:Dive","hermit:Cheat","hermit:LowProfile"],"picked":"SKIP","floor":13},{"not_picked":["hermit:Feint","hermit:Shortfuse","hermit:HoleUp"],"picked":"SKIP","floor":13},{"not_picked":["hermit:EyeOfTheStorm","hermit:Glare"],"picked":"hermit:Manifest","floor":14},{"not_picked":["hermit:HoleUp","hermit:CursedWeapon","hermit:Misfire"],"picked":"SKIP","floor":14},{"not_picked":["hermit:Gambit","hermit:Roughhouse"],"picked":"hermit:Reprieve","floor":16},{"not_picked":["hermit:Vantage","hermit:Showdown","hermit:TrackingShot+1"],"picked":"SKIP","floor":18},{"not_picked":["hermit:HoleUp","hermit:Glare","hermit:Virtue"],"picked":"SKIP","floor":18},{"not_picked":["hermit:Determination","hermit:DeadMansHand+1"],"picked":"hermit:Misfire","floor":19},{"not_picked":["hermit:Vantage+1","hermit:Ricochet","hermit:Enervate+1"],"picked":"SKIP","floor":19},{"not_picked":["hermit:Scavenge","hermit:HighCaliber+1"],"picked":"hermit:Midnight+1","floor":24},{"not_picked":["hermit:ItchyTrigger","hermit:DeadOrAlive","hermit:Coalescence"],"picked":"SKIP","floor":28},{"not_picked":["hermit:Roulette","hermit:BodyArmor"],"picked":"hermit:Cheat","floor":29},{"not_picked":["hermit:Determination","hermit:Feint+1","hermit:CursedWeapon"],"picked":"SKIP","floor":29},{"not_picked":["hermit:Adapt","hermit:Magnum"],"picked":"hermit:FromBeyond","floor":33},{"not_picked":["hermit:Ricochet","hermit:Showdown+1"],"picked":"hermit:Misfire","floor":35},{"not_picked":["hermit:HoleUp","hermit:BigShot"],"picked":"hermit:Roulette+1","floor":35},{"not_picked":["hermit:HighCaliber+1","hermit:Shortfuse","hermit:Ricochet"],"picked":"SKIP","floor":38},{"not_picked":["hermit:Coalescence","hermit:BodyArmor+1","hermit:Glare+1"],"picked":"SKIP","floor":38},{"not_picked":["hermit:Feint+1","hermit:Shortfuse"],"picked":"hermit:FlashPowder","floor":39},{"not_picked":["hermit:Horror+1","hermit:Coalescence","hermit:Showdown+1"],"picked":"SKIP","floor":39},{"not_picked":["hermit:Coalescence","hermit:TrackingShot","hermit:Horror"],"picked":"SKIP","floor":41},{"not_picked":["hermit:Combo+1","hermit:HoleUp","hermit:HeroicBravado"],"picked":"SKIP","floor":41},{"not_picked":["hermit:Coalescence","hermit:FlashPowder+1"],"picked":"hermit:Midnight","floor":44},{"not_picked":["hermit:CalledShot","hermit:Quickdraw+1","hermit:TakeAim"],"picked":"SKIP","floor":44},{"not_picked":["hermit:EyeOfTheStorm","hermit:Shortfuse+1"],"picked":"hermit:Misfire","floor":46},{"not_picked":["hermit:Ricochet","hermit:HighCaliber","hermit:BigShot+1"],"picked":"SKIP","floor":46},{"not_picked":["hermit:Desperado+1","hermit:Dive"],"picked":"hermit:FromBeyond","floor":47}],"player_experience":959864,"relics_obtained":[{"floor":7,"key":"Orichalcum"},{"floor":9,"key":"Prayer Wheel"},{"floor":24,"key":"Smiling Mask"},{"floor":26,"key":"Shuriken"},{"floor":28,"key":"PreservedInsect"},{"floor":43,"key":"The Courier"},{"floor":47,"key":"Sundial"}],"event_choices":[{"damage_healed":0,"gold_gain":0,"player_choice":"Entered Light","damage_taken":15,"max_hp_gain":0,"max_hp_loss":0,"event_name":"Shining Light","floor":2,"gold_loss":0,"cards_upgraded":["hermit:Manifest","hermit:Snapshot"]},{"damage_healed":0,"gold_gain":75,"player_choice":"Gather Gold","damage_taken":11,"max_hp_gain":0,"max_hp_loss":0,"event_name":"World of Goop","floor":3,"gold_loss":0},{"damage_healed":0,"gold_gain":275,"player_choice":"Desecrate","damage_taken":0,"max_hp_gain":0,"max_hp_loss":0,"event_name":"Golden Shrine","floor":4,"gold_loss":0,"cards_obtained":["Regret"]},{"damage_healed":0,"gold_gain":0,"player_choice":"Simplicity","damage_taken":0,"max_hp_gain":0,"max_hp_loss":0,"event_name":"Back to Basics","floor":20,"gold_loss":0,"cards_upgraded":["hermit:Strike_Hermit","hermit:Strike_Hermit","hermit:Strike_Hermit","hermit:Strike_Hermit","hermit:Defend_Hermit","hermit:Defend_Hermit","hermit:Defend_Hermit","hermit:Defend_Hermit"]},{"damage_healed":0,"gold_gain":0,"player_choice":"Inject Mutagens","damage_taken":0,"relics_obtained":["MutagenicStrength"],"max_hp_gain":0,"max_hp_loss":0,"event_name":"Drug Dealer","floor":27,"gold_loss":0},{"cards_removed":["hermit:Defend_Hermit"],"damage_healed":0,"gold_gain":0,"player_choice":"Gave Gold","damage_taken":0,"max_hp_gain":0,"max_hp_loss":0,"event_name":"Beggar","floor":31,"gold_loss":75},{"damage_healed":0,"gold_gain":0,"player_choice":"Paid","damage_taken":0,"relics_obtained":["Red Mask"],"max_hp_gain":0,"max_hp_loss":0,"event_name":"Tomb of Lord Red Mask","floor":36,"gold_loss":210},{"damage_healed":0,"gold_gain":0,"cards_transformed":["Regret"],"player_choice":"Transformed","damage_taken":0,"max_hp_gain":0,"max_hp_loss":0,"event_name":"Transmorgrifier","floor":37,"gold_loss":0,"cards_obtained":["Pain"]}],"is_beta":false,"boss_relics":[{"not_picked":["Ectoplasm","aspiration:SilentSkillbook"],"picked":"aspiration:MobileForge"},{"not_picked":["aspiration:SecretTechniqueScroll","Runic Pyramid"],"picked":"Fusion Hammer"}],"items_purged_floors":[21,48],"is_endless":false,"potions_floor_spawned":[5,13,16,18,24,33,39,41,46],"ascension_level":0}}