{"host":"g2yp6paluzgljz05","time":1610673018,"event":{"mods":["BaseMod","Bestiary","Colored Powertips","DeckTracker","Highlight Path","Minty Spire (QoL Compilation)","Quick Restart"],"gold_per_floor":[110,123,48,48,66,16,84,84,109,141,191,218,218,244,244,244,244],"floor_reached":16,"language":"ENG","playtime":1120,"items_purged":["Strike_R","Strike_R"],"score":167,"play_id":"669afbed-76cf-44be-afc2-4ddc4c491418","local_time":"20210115121018","is_ascension_mode":true,"campfire_choices":[{"data":"Bash","floor":8,"key":"SMITH"},{"floor":13,"key":"REST"},{"floor":15,"key":"REST"}],"circlet_count":0,"master_deck":["Strike_R","Strike_R","Strike_R","Defend_R","Defend_R","Defend_R","Defend_R","Bash+1","Feed","Wild Strike","Warcry","Evolve","Double Tap"],"relics":["Burning Blood","SsserpentHead","Bag of Preparation","Juzu Bracelet","Strawberry","Bottled Flame"],"acts_visited":["Exordium"],"potions_floor_usage":[14,16],"damage_taken":[{"damage":12,"enemies":"Jaw Worm","floor":1,"turns":3},{"damage":0,"enemies":"Cultist","floor":2,"turns":2},{"damage":0,"enemies":"2 Louse","floor":5,"turns":2},{"damage":14,"enemies":"Red Slaver","floor":7,"turns":2},{"damage":24,"enemies":"Gremlin Nob","floor":10,"turns":4},{"damage":60,"enemies":"3 Sentries","floor":12,"turns":10},{"damage":40,"enemies":"Lagavulin","floor":14,"turns":6},{"damage":35,"enemies":"The Guardian","floor":16,"turns":7}],"seed_played":"-5820287559995591239","potions_obtained":[{"floor":5,"key":"Fire Potion"},{"floor":7,"key":"CultistPotion"},{"floor":12,"key":"SteroidPotion"}],"is_trial":false,"path_per_floor":["M","M","$","?","M","$","M","R","T","E","?","E","R","E","R","B"],"character_chosen":"IRONCLAD","items_purchased":[],"campfire_rested":2,"item_purchase_floors":[],"current_hp_per_floor":[77,86,86,86,89,89,84,84,84,66,66,22,52,18,48,13,13],"gold":244,"neow_bonus":"ONE_RANDOM_RARE_CARD","is_daily":false,"chose_seed":false,"campfire_upgraded":1,"win_rate":0.0,"timestamp":1610673018,"path_taken":["M","M","$","?","M","?","?","R","T","E","?","E","R","E","R","BOSS"],"items_purchased_type":[],"build_version":"2020-12-22","purchased_purges":2,"victory":false,"max_hp_per_floor":[83,86,86,86,89,89,92,92,92,92,92,102,102,102,102,102,102],"card_choices":[{"not_picked":["Burning Pact","Rupture"],"picked":"Wild Strike","floor":1},{"not_picked":["Flex","Thunderclap","Havoc"],"picked":"SKIP","floor":2},{"not_picked":["Thunderclap","Entrench"],"picked":"Warcry","floor":5},{"not_picked":["Anger","Iron Wave","Sword Boomerang"],"picked":"SKIP","floor":7},{"not_picked":["Feel No Pain","Heavy Blade","Rupture"],"picked":"SKIP","floor":10},{"not_picked":["Feed","Armaments"],"picked":"Evolve","floor":12},{"not_picked":["Second Wind","Whirlwind"],"picked":"Double Tap","floor":14}],"player_experience":190687,"relics_obtained":[{"floor":9,"key":"Bag of Preparation"},{"floor":10,"key":"Juzu Bracelet"},{"floor":12,"key":"Strawberry"},{"floor":14,"key":"Bottled Flame"}],"event_choices":[{"damage_healed":0,"gold_gain":0,"player_choice":"Trade","damage_taken":0,"relics_obtained":["SsserpentHead"],"max_hp_gain":0,"max_hp_loss":0,"event_name":"FaceTrader","floor":4,"gold_loss":0},{"damage_healed":0,"gold_gain":0,"player_choice":"Bought 0 Potions","damage_taken":0,"max_hp_gain":0,"max_hp_loss":0,"event_name":"The Woman in Blue","floor":11,"gold_loss":0}],"is_beta":false,"boss_relics":[],"items_purged_floors":[3,6],"is_endless":false,"potions_floor_spawned":[5,7,12],"killed_by":"The Guardian","ascension_level":4}}