{"host":"i58uscbei3sy5089","time":1610715071,"event":{"mods":["ATMod(阿瑾Mod)","Act Like it!","Aspiration","BaseMod","Challenge The Spire","Colored Powertips","Conspire","Infinite Spire","Koishi","Lobotomy","LobotomyExtend","Minty Spire (QoL Compilation)","MostiFishMod","Prisma Mod","Quick Restart","Replay The Spire","Shop Mod","Spicy Shops","StSLib","TestMod","The Construct","The Marked","UnlockEverythingMod","[IsaacMod]以撒尖塔","vexMod","【功能Mod】混沌之环修复补丁","【遗物卡牌】REMEMod","篝火指南"],"gold_per_floor":[119,119,169,182,207,242,242,242,242,255,270,270,270,301,301,397,397,416,416,416,27,47,47,47,47,47,59,59,70,70,102,102,204,204,216,37,137,137,137,137,166,181,207,217,217,217,217,217,217,217],"floor_reached":51,"language":"ZHS","playtime":2957,"items_purged":["construct:DefenseMode","MostiFishMod:WinterMarkForm+1","MostiFishMod:FrostNova+1"],"score":1178,"play_id":"e2ffa1a0-a54e-4443-b2ee-a4beb1aaeda8","local_time":"20210115205111","is_ascension_mode":true,"campfire_choices":[{"floor":8.0,"key":"REST"},{"data":"REME_Shoggoth","floor":12.0,"key":"SMITH"},{"data":"conspire:GhostlyStrike","floor":15.0,"key":"PURGE"},{"data":"AT_FocusSwordFire","floor":23.0,"key":"SMITH"},{"data":"construct:ClockworkEgg","floor":25.0,"key":"SMITH"},{"data":"construct:ClockworkEgg+1","floor":28.0,"key":"SMITH"},{"data":"construct:ClockworkEgg+2","floor":30.0,"key":"SMITH"},{"data":"construct:AttackMode","floor":32.0,"key":"SMITH"},{"data":"construct:AttackMode+1","floor":40,"key":"SMITH"},{"data":"construct:Backup+1","floor":49,"key":"SMITH"}],"circlet_count":0,"master_deck":["conspire:GhostlyStrike","conspire:GhostlyStrike","conspire:GhostlyStrike","conspire:GhostlyStrike","conspire:GhostlyDefend","conspire:GhostlyDefend","conspire:GhostlyDefend","conspire:GhostlyDefend","conspire:GhostlyDefend","construct:AttackMode+2","REME_Shoggoth+1","AT_FocusSwordFire+1","MHz","construct:GuardCore+1","construct:Antimatter","OSAHOGD","construct:GuardCore+1","WallGazer","infinitespire:Gouge","construct:FlameCore+1","construct:BatteryCore+1","construct:ScopeCore+1","REME_Shoggoth+1","construct:Backup+2","LongBird","construct:ForceCore+1"],"relics":["testmod-TestBox","HushsDoor","DaveBox","AT_ATBox","REME_ComplimentaryCards","Dodecahedron","YumHeart","testmod-ObsoleteBoomerang","CogitoBucket","SynthV:TestCard","LetterFromLob","Question Card","AT_RedTearstoneRing","AT_SunfireAegis","Garlic","Moonlight_r","AdjustmentMirror","Replay:Antivirus Software","testmod-NegativeEmotionEnhancer","MerchantsRug","Shuriken","Juzu Bracelet","ResearcherNote","Molten Egg 2","Toxic Egg 2","Frozen Egg 2","construct:ClockworkPhoenix","FrostBlade","Bottled Flame","MoneyPower","vexMod:BarristanHead","Art of War","testmod-Antiphasic"],"acts_visited":["Exordium","TheCity","TheBeyond"],"potions_floor_usage":[],"damage_taken":[{"damage":0.0,"enemies":"Jaw Worm","floor":1.0,"turns":2.0},{"damage":36.0,"enemies":"Hiden Room Battle","floor":3.0,"turns":4.0},{"damage":7.0,"enemies":"2 Louse","floor":4.0,"turns":2.0},{"damage":5.0,"enemies":"3 Sentries","floor":6.0,"turns":2.0},{"damage":0.0,"enemies":"Small Slimes","floor":10.0,"turns":1.0},{"damage":6.0,"enemies":"Red Slaver","floor":11.0,"turns":3.0},{"damage":0.0,"enemies":"Lagavulin","floor":14.0,"turns":1.0},{"damage":2.0,"enemies":"Hexaghost","floor":16.0,"turns":2.0},{"damage":0.0,"enemies":"Chosen","floor":18.0,"turns":1.0},{"damage":2.0,"enemies":"3 Byrds","floor":22.0,"turns":1.0},{"damage":5.0,"enemies":"3 Cultists","floor":27.0,"turns":3.0},{"damage":2.0,"enemies":"Chosen and Byrds","floor":29.0,"turns":1.0},{"damage":0.0,"enemies":"conspire:SneckoGhost","floor":31.0,"turns":2.0},{"damage":12.0,"enemies":"conspire:MysteriousRune","floor":33.0,"turns":3.0},{"damage":2.0,"enemies":"3 Darklings","floor":35.0,"turns":1.0},{"damage":0.0,"enemies":"infinitespire:Three Voidlings","floor":37.0,"turns":1.0},{"damage":0.0,"enemies":"Nightmare_Alpha","floor":37.0,"turns":6.0},{"damage":0,"enemies":"Nemesis","floor":41,"turns":1},{"damage":0,"enemies":"3 Shapes","floor":42,"turns":1},{"damage":0,"enemies":"Jaw Worm Horde","floor":44,"turns":1},{"damage":0,"enemies":"FixerMidnight","floor":50,"turns":1},{"damage":0,"enemies":"Malkuth","floor":51,"turns":4},{"damage":0,"enemies":"Netzach","floor":51,"turns":1}],"seed_played":"4743084081430493074","potions_obtained":[{"floor":4.0,"key":"Fire Potion"},{"floor":6.0,"key":"Regen Potion"},{"floor":16.0,"key":"Energy Potion"},{"floor":22.0,"key":"Regen Potion"},{"floor":29.0,"key":"EssenceOfSteel"},{"floor":31.0,"key":"LiquidBronze"},{"floor":37,"key":"DuplicationPotion"},{"floor":41,"key":"AttackPotion"},{"floor":44,"key":"testmod-TestPotion"}],"is_trial":false,"path_per_floor":["M","?","?","M","T","E","?","R","T","M","M","R","?","E","R","B",null,"M","?","?","$","M","R","?","R","T","M","R","M","R","E","R","B",null,"M","$","?","?","?","R","E","M","T","M","AVR","?","?","?","R","B",null],"character_chosen":"THE_CONSTRUCT_MOD","items_purchased":["MerchantsRug","Shuriken","Bottled Flame"],"campfire_rested":1,"item_purchase_floors":[21,21,36],"current_hp_per_floor":[85,85,49,42,42,37,13,38,38,38,32,32,32,32,32,30,85,86,66,66,86,87,87,71,71,71,71,71,72,72,74,74,64,91,92,92,94,94,94,94,95,96,96,97,97,97,97,97,97,98],"gold":217,"neow_bonus":"","is_daily":false,"chose_seed":false,"campfire_upgraded":8,"win_rate":0.0,"timestamp":1610715071,"path_taken":["M","?","?","M","?","E","?","R","T","M","M","R","?","E","R","BOSS","M","?","?","$","M","R","?","R","T","M","R","M","R","E","R","BOSS","M","$","?","?","?","R","E","M","T","M","AVR","?","?","?","R","BOSS"],"items_purchased_type":["Relic","Relic","Relic"],"build_version":"2020-12-22","purchased_purges":3,"victory":true,"max_hp_per_floor":[85,85,85,85,85,85,85,85,85,85,85,85,85,85,85,85,85,86,86,86,86,87,87,87,87,87,88,88,89,89,90,90,91,91,92,92,94,94,94,94,95,96,96,97,97,97,97,97,97,98],"card_choices":[{"not_picked":[],"picked":"Bomb","floor":0.0},{"not_picked":["ShyLook","Wellcheers"],"picked":"MHz","floor":1.0},{"not_picked":["construct:ClusterMines","construct:Tumble"],"picked":"construct:GuardCore","floor":1.0},{"not_picked":["Wellcheers","Alriune","Scorched"],"picked":"Singing Bowl","floor":3.0},{"not_picked":["construct:Autoturret","construct:Backfire","Bomb","construct:ShieldBurst"],"picked":"construct:Antimatter","floor":3.0},{"not_picked":["SingingMachine","Yin","Bloodbath"],"picked":"Singing Bowl","floor":4.0},{"not_picked":["Woodsman","Alriune"],"picked":"OSAHOGD","floor":4.0},{"not_picked":["construct:HastyRepair","construct:HeavyBolt","construct:ClusterMines","construct:SaveState","construct:SyphonStrike"],"picked":"construct:GuardCore","floor":4.0},{"not_picked":["UniverseFragment","SnowQueen","Mercenary"],"picked":"Singing Bowl","floor":6.0},{"not_picked":["construct:SaveState","construct:Analyze","construct:OneWayMirror","construct:Overcharge","construct:ShiftingStance","construct:ScrapCannon"],"picked":"SKIP","floor":6.0},{"not_picked":["OldLady","Murderer"],"picked":"WallGazer","floor":10.0},{"not_picked":["construct:SweepLaser","construct:Bunker","construct:SyphonStrike","construct:ShiftStrike","construct:Backfire","construct:SaveState"],"picked":"SKIP","floor":10.0},{"not_picked":["Variant","DespairKnight","FairyFestival"],"picked":"Singing Bowl","floor":11.0},{"not_picked":["construct:Versatility","construct:VentSteam","construct:Bunker","construct:FocusedBeam","construct:ForceCore","construct:Boost"],"picked":"SKIP","floor":11.0},{"not_picked":["Scarecrow","SnowQueen","Porccubus"],"picked":"Singing Bowl","floor":14.0},{"not_picked":["construct:ScrapCannon","construct:ChargeShot","construct:Electrocute","construct:ForceCore","construct:Anticipate","construct:VentSteam"],"picked":"SKIP","floor":14.0},{"not_picked":["MeatLantern","DreamingCurrent","Funeral"],"picked":"Singing Bowl","floor":16.0},{"not_picked":["construct:GatlingGun","construct:SpinDrive","construct:Multistage","construct:ShiftingStance","construct:MassProduction"],"picked":"construct:ClockworkEgg","floor":16.0},{"not_picked":["Bloodbath","CrumblingArmor","MeatLantern"],"picked":"Singing Bowl","floor":18.0},{"not_picked":["construct:ClusterMines","construct:SaveState","construct:FierceBash","construct:Disrupt","construct:HardReboot","construct:QuickAttack"],"picked":"SKIP","floor":18.0},{"not_picked":["infinitespire:Fortify","infinitespire:Execution"],"picked":"infinitespire:Gouge","floor":19.0},{"not_picked":["SnowQueen","Variant","Freischutz"],"picked":"Singing Bowl","floor":22.0},{"not_picked":["construct:UnbalancingBlast+1","construct:Backfire","construct:Accumulate+1","construct:FocusedBeam","construct:Anticipate+1","construct:FierceBash"],"picked":"SKIP","floor":22.0},{"not_picked":["PunishingBird","BodiesMountain","SpiderBud"],"picked":"Singing Bowl","floor":27.0},{"not_picked":["construct:Accumulate","construct:Versatility+1","construct:FierceBash","construct:Autoturret+1","construct:Boost","construct:ShiftStrike"],"picked":"SKIP","floor":27.0},{"not_picked":["ShyLook","UniverseFragment","HappyTeddy"],"picked":"Singing Bowl","floor":29.0},{"not_picked":["construct:SaveState","construct:SyphonStrike","construct:Disrupt","construct:FlakBarrage","construct:Autoturret","construct:LaserCore"],"picked":"SKIP","floor":29.0},{"not_picked":["BodiesMountain","Variant","OldLady"],"picked":"Singing Bowl","floor":31.0},{"not_picked":["construct:HeavyBolt+1","construct:Autoturret+1","construct:ElectricArmor+1","construct:SuppressiveFire+1","construct:Hazardproof+1"],"picked":"construct:FlameCore+1","floor":31.0},{"not_picked":["LittlePrince","Laetitia","LaLuna"],"picked":"Singing Bowl","floor":33.0},{"not_picked":["construct:ClockworkEgg+1","construct:ShiftingStance+1","construct:HammerDown+1","construct:GatlingGun+1","construct:MassProduction+1"],"picked":"construct:BatteryCore+1","floor":33.0},{"not_picked":["GreedKing","MeltingLove","NothingThere"],"picked":"Singing Bowl","floor":35.0},{"not_picked":["construct:MetalShell+1","construct:Reinforce+1","construct:OneWayMirror+1","construct:ClockworkEgg+1","construct:FierceBash+1"],"picked":"construct:ScopeCore+1","floor":35.0},{"not_picked":["MeatLantern","FieryBird","Freischutz"],"picked":"Singing Bowl","floor":41},{"not_picked":["construct:Reinforce+1","construct:HeavyBolt+1","construct:QuickAttack+1","construct:HyperBeam+1","ReplayTheSpireMod:Mirror System+1"],"picked":"construct:Backup+1","floor":41},{"not_picked":["QueenOfHatred","Bloodbath"],"picked":"LongBird","floor":42},{"not_picked":["construct:Analyze+1","construct:Synchronize+1","construct:Accumulate+1","construct:ClusterMines+1","construct:ModeShift+1","construct:Backfire+1"],"picked":"SKIP","floor":42},{"not_picked":["Variant","SingingMachine","HeroicMonk"],"picked":"Singing Bowl","floor":44},{"not_picked":["construct:SuppressiveFire+1","construct:Overcharge+1","construct:ClusterMines+1","construct:Forcefield+1","construct:PowerUp+1"],"picked":"construct:ForceCore+1","floor":44}],"player_experience":721823,"relics_obtained":[{"floor":1.0,"key":"SynthV:TestCard"},{"floor":1.0,"key":"LetterFromLob"},{"floor":3.0,"key":"Question Card"},{"floor":3.0,"key":"AT_RedTearstoneRing"},{"floor":5.0,"key":"AT_SunfireAegis"},{"floor":6.0,"key":"Garlic"},{"floor":9.0,"key":"Akabeko"},{"floor":14.0,"key":"conspire:DecoderRing"},{"floor":26.0,"key":"Juzu Bracelet"},{"floor":31.0,"key":"Blue Doll"},{"floor":37,"key":"MoneyPower"},{"floor":41,"key":"vexMod:BarristanHead"},{"floor":43,"key":"Art of War"}],"event_choices":[{"damage_healed":0.0,"max_hp_gain":0.0,"max_hp_loss":0.0,"gold_gain":0.0,"event_name":"conspire:LoneGhost","player_choice":"Agree","floor":2.0,"gold_loss":0.0,"damage_taken":0.0},{"damage_healed":0.0,"max_hp_gain":0.0,"max_hp_loss":0.0,"gold_gain":0.0,"event_name":"HidenRoomEvent","player_choice":"Fight","floor":3.0,"gold_loss":0.0,"damage_taken":0.0},{"damage_healed":0.0,"max_hp_gain":0.0,"max_hp_loss":0.0,"gold_gain":0.0,"event_name":"Cursed Tome","player_choice":"Obtained Book","floor":24.0,"gold_loss":0.0,"damage_taken":16.0},{"damage_healed":0,"gold_gain":0,"player_choice":"Copied","damage_taken":0,"max_hp_gain":0,"max_hp_loss":0,"event_name":"Duplicator","floor":38,"gold_loss":0,"cards_obtained":["REME_Shoggoth"]},{"damage_healed":0,"gold_gain":0,"player_choice":"Memory 1","damage_taken":0,"max_hp_gain":0,"max_hp_loss":0,"event_name":"SensoryStone","floor":46,"gold_loss":0},{"damage_healed":0,"gold_gain":0,"player_choice":"Leave","damage_taken":0,"max_hp_gain":0,"max_hp_loss":0,"event_name":"conspire:Investor","floor":47,"gold_loss":0},{"damage_healed":0,"gold_gain":0,"player_choice":"Swap Relic","damage_taken":0,"relics_obtained":["testmod-Antiphasic"],"max_hp_gain":0,"max_hp_loss":0,"event_name":"给自己的盒子","floor":48,"relics_lost":["Replay:Wax Seal"],"gold_loss":0}],"is_beta":false,"boss_relics":[{"not_picked":["REME_DuelDisc","SlaversCollar"],"picked":"testmod-NegativeEmotionEnhancer"},{"not_picked":[]},{"not_picked":["TakeMeEscape","testmod-BatchProcessingSystem"],"picked":"FrostBlade"},{"not_picked":[]}],"items_purged_floors":[21,36,45],"is_endless":false,"potions_floor_spawned":[4,6,16,22,29,31,33,37,41,44],"ascension_level":3}}