{"host":"J","time":1610735509,"event":{"mods":["BaseMod","Better Third Choice","Minty Spire (QoL Compilation)","StSLib"],"gold_per_floor":[109,74,88,58,58,58,84,84,84,84,119,119,139,158,158,232,232,247,261,278,278,278,278,114,126,126,154,154,174,174,187,187,266,266,282,300,300,38,55,55,55,55],"floor_reached":41,"language":"ENG","playtime":1117,"items_purged":["Defend_P","SignatureMove"],"score":892,"play_id":"684b21ad-9e7d-4cc8-ba9c-9d9cedde5b52","local_time":"20210115193149","is_ascension_mode":true,"campfire_choices":[{"data":"Eruption","floor":6.0,"key":"SMITH"},{"floor":8.0,"key":"REST"},{"data":"Ragnarok","floor":10.0,"key":"SMITH"},{"data":"Vigilance","floor":12.0,"key":"SMITH"},{"data":"Meditate","floor":15.0,"key":"SMITH"},{"data":"Blasphemy","floor":23.0,"key":"SMITH"},{"floor":28.0,"key":"REST"},{"floor":30.0,"key":"DIG"},{"data":"Wireheading","floor":32.0,"key":"SMITH"},{"floor":40,"key":"REST"}],"circlet_count":0,"master_deck":["AscendersBane","Eruption+1","Vigilance+1","Vault+1","Adaptation","EmptyFist","FlurryOfBlows","Ragnarok+1","ThirdEye","Meditate+1","EmptyBody","Blasphemy+1","CrushJoints","MentalFortress","Finesse","Tantrum","LikeWater","BattleHymn","Wireheading+1","Establishment","WheelKick","Halt","InnerPeace","DevaForm","Fasting2","WreathOfFlame","FearNoEvil"],"relics":["PureWater","Bag of Preparation","PreservedInsect","Vajra","Sozu","Shovel","InkBottle","Akabeko","Pen Nib","Pandora\u0027s Box","Art of War","ClockworkSouvenir"],"acts_visited":["TheBeyond"],"potions_floor_usage":[],"damage_taken":[{"damage":16.0,"enemies":"Small Slimes","floor":1.0,"turns":4.0},{"damage":2.0,"enemies":"Jaw Worm","floor":3.0,"turns":5.0},{"damage":24.0,"enemies":"3 Sentries","floor":7.0,"turns":9.0},{"damage":0.0,"enemies":"Gremlin Nob","floor":11.0,"turns":2.0},{"damage":0.0,"enemies":"Cultist","floor":13.0,"turns":2.0},{"damage":0.0,"enemies":"2 Fungi Beasts","floor":14.0,"turns":1.0},{"damage":36.0,"enemies":"Hexaghost","floor":16.0,"turns":5.0},{"damage":0.0,"enemies":"Shell Parasite","floor":18.0,"turns":1.0},{"damage":0.0,"enemies":"Chosen","floor":19.0,"turns":3.0},{"damage":0.0,"enemies":"Centurion and Healer","floor":20.0,"turns":1.0},{"damage":0.0,"enemies":"Chosen and Byrds","floor":25.0,"turns":2.0},{"damage":26.0,"enemies":"Gremlin Leader","floor":27.0,"turns":3.0},{"damage":0.0,"enemies":"Sentry and Sphere","floor":29.0,"turns":1.0},{"damage":0.0,"enemies":"3 Cultists","floor":31.0,"turns":3.0},{"damage":24.0,"enemies":"Champ","floor":33.0,"turns":7.0},{"damage":20,"enemies":"3 Shapes","floor":35,"turns":3},{"damage":0,"enemies":"Orb Walker","floor":36,"turns":1},{"damage":21,"enemies":"Spire Growth","floor":39,"turns":3},{"damage":38,"enemies":"Nemesis","floor":41,"turns":2}],"seed_played":"9203499626139666477","potions_obtained":[{"floor":1.0,"key":"StancePotion"},{"floor":3.0,"key":"Weak Potion"},{"floor":11.0,"key":"Swift Potion"},{"floor":16.0,"key":"BottledMiracle"}],"is_trial":false,"path_per_floor":["M","?","M","$","?","R","E","R","T","R","E","R","M","M","R","B",null,"M","M","M","T","?","R","$","M","T","E","R","M","R","M","R","B",null,"M","M","?","$","M","R","E"],"character_chosen":"WATCHER","items_purchased":["FlurryOfBlows","Finesse","ClockworkSouvenir"],"campfire_rested":3,"item_purchase_floors":[4,24,38],"current_hp_per_floor":[45,62,60,60,60,60,36,56,56,56,56,56,56,56,56,20,56,56,56,56,56,56,56,56,56,56,30,50,50,50,50,50,26,58,38,38,38,38,17,37,0,0],"gold":55,"neow_bonus":"ONE_RANDOM_RARE_CARD","is_daily":false,"chose_seed":false,"campfire_upgraded":6,"win_rate":0.0,"timestamp":1610735509,"path_taken":["M","?","M","$","?","R","E","R","T","R","E","R","M","M","R","BOSS","M","M","M","?","?","R","$","M","T","E","R","M","R","M","R","BOSS","M","M","?","$","M","R","E"],"items_purchased_type":["Card","Card","Relic"],"build_version":"2020-12-18","purchased_purges":2,"victory":false,"max_hp_per_floor":[68,68,68,68,68,68,68,68,68,68,68,68,68,68,68,68,68,68,68,68,68,68,68,68,68,68,68,68,68,68,68,68,68,68,68,68,68,68,68,68,68,68],"card_choices":[{"not_picked":["DeceiveReality","Protect"],"picked":"Adaptation","floor":1.0},{"not_picked":["ClearTheMind","FlyingSleeves"],"picked":"EmptyFist","floor":3.0},{"not_picked":["Protect","EmptyFist"],"picked":"Ragnarok","floor":7.0},{"not_picked":["Crescendo","ReachHeaven"],"picked":"ThirdEye","floor":11.0},{"not_picked":["BattleHymn","Prostrate"],"picked":"Meditate","floor":13.0},{"not_picked":["InnerPeace","BowlingBash"],"picked":"EmptyBody","floor":14.0},{"not_picked":["Alpha","Judgement"],"picked":"Blasphemy","floor":16.0},{"not_picked":["FollowUp","WaveOfTheHand+1"],"picked":"CrushJoints","floor":18.0},{"not_picked":["BowlingBash","SashWhip+1"],"picked":"FlyingSleeves","floor":19.0},{"not_picked":["Vengeance","Prostrate+1"],"picked":"MentalFortress","floor":20.0},{"not_picked":["Wallop","PathToVictory"],"picked":"Tantrum","floor":25.0},{"not_picked":["Weave","EmptyMind"],"picked":"LikeWater","floor":27.0},{"not_picked":["BowlingBash","EmptyFist"],"picked":"BattleHymn","floor":29.0},{"not_picked":["Halt","EmptyBody"],"picked":"Wireheading","floor":31.0},{"not_picked":["DeusExMachina","Devotion"],"picked":"Establishment","floor":33.0},{"not_picked":["FollowUp","ReachHeaven+1","SashWhip"],"picked":"SKIP","floor":35},{"not_picked":["MentalFortress","Consecrate","Adaptation"],"picked":"SKIP","floor":36},{"not_picked":["Wallop","FlurryOfBlows"],"picked":"FearNoEvil","floor":39}],"player_experience":1096316,"relics_obtained":[{"floor":7.0,"key":"Bag of Preparation"},{"floor":9.0,"key":"PreservedInsect"},{"floor":11.0,"key":"Vajra"},{"floor":21.0,"key":"Shovel"},{"floor":26.0,"key":"InkBottle"},{"floor":27.0,"key":"Akabeko"},{"floor":30.0,"key":"Pen Nib"}],"event_choices":[{"damage_healed":17.0,"max_hp_gain":0.0,"max_hp_loss":0.0,"gold_gain":0.0,"event_name":"The Cleric","player_choice":"Healed","floor":2.0,"gold_loss":35.0,"damage_taken":0.0},{"damage_healed":0.0,"max_hp_gain":0.0,"max_hp_loss":0.0,"gold_gain":0.0,"event_name":"Upgrade Shrine","player_choice":"Upgraded","floor":5.0,"gold_loss":0.0,"damage_taken":0.0,"cards_upgraded":["Vault"]},{"damage_healed":0.0,"max_hp_gain":0.0,"max_hp_loss":0.0,"gold_gain":0.0,"event_name":"Ghosts","player_choice":"Ignored","floor":22.0,"gold_loss":0.0,"damage_taken":0.0},{"cards_removed":["FlyingSleeves"],"damage_healed":0,"gold_gain":0,"player_choice":"Gave Card","damage_taken":0,"relics_obtained":["Art of War"],"max_hp_gain":0,"max_hp_loss":0,"event_name":"WeMeetAgain","floor":37,"gold_loss":0}],"is_beta":true,"boss_relics":[{"not_picked":["Tiny House","Coffee Dripper"],"picked":"Sozu"},{"not_picked":["Philosopher\u0027s Stone","Calling Bell"],"picked":"Pandora\u0027s Box"}],"items_purged_floors":[24,38],"is_endless":false,"potions_floor_spawned":[1,3,11,13,16,18,25,29,31,39],"killed_by":"Nemesis","ascension_level":20}}