{"host":"l2dnabsh5e0fsksb","time":1610670030,"event":{"mods":["2.2 Compatiblity","BaseMod","Downfall","Minty Spire (QoL Compilation)","Quick Restart","StSLib"],"gold_per_floor":[99,99,99,99,199,227,251,101,132,132,307,321,346,365,381,479,479,479,489,505,505,47,58,58,86,97,125,125,143,173,173,185,185,185,185],"floor_reached":33,"language":"ENG","playtime":1452,"items_purged":["Doubt"],"score":517,"play_id":"450f2b38-f003-4741-a845-35df044708cf","local_time":"20210115105030","is_ascension_mode":true,"campfire_choices":[{"floor":1.0,"key":"RECALL"},{"floor":8.0,"key":"REST"},{"floor":10.0,"key":"REST"},{"data":"champ:CheapShot","floor":18.0,"key":"SMITH"},{"floor":28,"key":"REST"}],"circlet_count":0,"master_deck":["AscendersBane","champ:Strike","champ:Strike","champ:Strike","champ:Strike","champ:Defend","champ:Defend","champ:Defend","champ:Defend","champ:Execute","champ:Taunt","champ:BerserkerStyle","champ:Backstep","champ:EnragedBash","champ:CrookedStrike","champ:DefensiveShout","champ:DefensiveStyle","champ:BringItOn","champ:TornadoPunch","champ:CheapShot+1","champ:StanceDance","champ:RisingSlash","champ:Duel","champ:IronFortress","champ:PreciseThrust+1","champ:ViciousMockery","champ:AdrenalArmor","champ:SwordSigil","champ:CrookedStrike","champ:Shatter"],"relics":["champ:ChampionCrown","downfall:HeartsMalice","champ:LiftRelic","WristBlade","Blood Vial","downfall:HeartBlessingBlue","downfall:HeartBlessingRed","Akabeko","StoneCalendar","SlaversCollar","champ:DeflectingBracers","Question Card","Girya","Nunchaku","Mercury Hourglass"],"acts_visited":["Exordium","TheCity"],"potions_floor_usage":[23,25,26,27,30,33,33],"damage_taken":[{"damage":0.0,"enemies":"2 Louse","floor":2.0,"turns":1.0},{"damage":0.0,"enemies":"Jaw Worm","floor":3.0,"turns":1.0},{"damage":0.0,"enemies":"Jaw Worm","floor":5.0,"turns":1.0},{"damage":70.0,"enemies":"Gremlin Nob","floor":6.0,"turns":6.0},{"damage":55.0,"enemies":"Lagavulin","floor":9.0,"turns":8.0},{"damage":5.0,"enemies":"Small Slimes","floor":12.0,"turns":3.0},{"damage":40.0,"enemies":"Gremlin Nob","floor":13.0,"turns":5.0},{"damage":10.0,"enemies":"Exordium Wildlife","floor":14.0,"turns":3.0},{"damage":0.0,"enemies":"Blue Slaver","floor":15.0,"turns":3.0},{"damage":19.0,"enemies":"downfall:Watcher","floor":16.0,"turns":11.0},{"damage":4.0,"enemies":"3 Byrds","floor":19.0,"turns":6.0},{"damage":11.0,"enemies":"Shell Parasite","floor":20.0,"turns":7.0},{"damage":14.0,"enemies":"downfall:FleeingMerchant","floor":22.0,"turns":5.0},{"damage":25,"enemies":"Snake Plant","floor":23,"turns":4},{"damage":57,"enemies":"Book of Stabbing","floor":25,"turns":6},{"damage":16,"enemies":"3 Cultists","floor":26,"turns":5},{"damage":18,"enemies":"Slavers","floor":27,"turns":6},{"damage":12,"enemies":"Centurion and Healer","floor":29,"turns":7},{"damage":16,"enemies":"Book of Stabbing","floor":30,"turns":6},{"damage":3,"enemies":"Shelled Parasite and Fungi","floor":32,"turns":4},{"damage":57,"enemies":"downfall:Silent","floor":33,"turns":6}],"seed_played":"-584296511747214356","potions_obtained":[{"floor":5.0,"key":"PowerPotion"},{"floor":6.0,"key":"Ancient Potion"},{"floor":12.0,"key":"Dexterity Potion"},{"floor":15.0,"key":"champ:CounterPotion"},{"floor":19.0,"key":"Fire Potion"},{"floor":21.0,"key":"Regen Potion"},{"floor":25,"key":"Regen Potion"},{"floor":26,"key":"AttackPotion"},{"floor":29,"key":"Block Potion"},{"floor":31,"key":"CultistPotion"},{"floor":32,"key":"Swift Potion"}],"is_trial":false,"path_per_floor":["R","M","M","?","?","E","T","R","E","R","?","M","E","M","M","B",null,"R","M","M","?","$","M","T","E","M","E","R","M","E","?","M","B"],"character_chosen":"THE_CHAMP","items_purchased":["champ:DeflectingBracers","champ:IronFortress"],"campfire_rested":3,"item_purchase_floors":[22,22],"current_hp_per_floor":[81,81,81,81,81,24,24,64,21,51,51,53,22,16,18,8,77,77,77,72,72,69,67,67,26,32,26,56,50,45,45,47,0,0,0],"gold":185,"neow_bonus":"THREE_ENEMY_KILL","is_daily":false,"chose_seed":false,"campfire_upgraded":1,"win_rate":0.0,"timestamp":1610670030,"path_taken":["R","M","M","?","?","E","T","R","E","R","?","?","E","M","M","BOSS","R","M","M","?","$","M","T","E","M","E","R","?","E","?","M","BOSS"],"items_purchased_type":["Relic","Card"],"build_version":"2020-12-22","purchased_purges":1,"victory":false,"max_hp_per_floor":[90,90,90,90,90,90,90,100,100,100,100,100,100,100,100,100,100,100,100,100,100,100,100,100,100,100,100,100,100,100,100,100,100,100,100],"card_choices":[{"not_picked":["champ:EndlessRage","champ:FlashCut"],"picked":"champ:BerserkerStyle","floor":2.0},{"not_picked":["champ:FocusedGladiator","champ:FlashCut"],"picked":"champ:Backstep","floor":3.0},{"not_picked":["champ:Backstep","champ:ShieldWall"],"picked":"champ:EnragedBash","floor":5.0},{"not_picked":["champ:EnchantShield","champ:BerserkersShout"],"picked":"champ:CrookedStrike","floor":6.0},{"not_picked":["champ:BladeFlurry","champ:EnGarde","champ:RageSigil"],"picked":"SKIP","floor":9.0},{"not_picked":["champ:StanceDance","champ:FocusedDefense"],"picked":"champ:DefensiveShout","floor":12.0},{"not_picked":["champ:ShieldSigil","champ:PerfectedStrike"],"picked":"champ:DefensiveStyle","floor":13.0},{"not_picked":["champ:FightOn","champ:FocusedDefense"],"picked":"champ:BringItOn","floor":14.0},{"not_picked":["champ:Haymaker","champ:Shatter"],"picked":"champ:TornadoPunch","floor":15.0},{"not_picked":["champ:DancingMaster","champ:LastStand"],"picked":"champ:CheapShot","floor":16.0},{"not_picked":["champ:RisingSlash","champ:RapidStrikes"],"picked":"champ:StanceDance","floor":19.0},{"not_picked":["champ:FightOn","champ:RageSigil"],"picked":"champ:RisingSlash","floor":20.0},{"not_picked":["champ:BladeFlurry","champ:CalledShot"],"picked":"champ:Duel","floor":22.0},{"not_picked":["champ:GladiatorsShout","champ:Haymaker"],"picked":"champ:PreciseThrust+1","floor":23},{"not_picked":["champ:Circumvent","champ:DefensiveShout","champ:Backstep"],"picked":"champ:ViciousMockery","floor":25},{"not_picked":["champ:FlashCut","champ:StanceDance","champ:CrookedStrike+1"],"picked":"champ:AdrenalArmor","floor":26},{"not_picked":["champ:RecklessLeap","champ:FalseCounter","champ:DancingMaster"],"picked":"champ:SwordSigil","floor":27},{"not_picked":["champ:DefensiveShout","champ:Haymaker","champ:ShieldWall"],"picked":"champ:CrookedStrike","floor":29},{"not_picked":["champ:RageSigil","champ:EnragedBash+1","champ:FocusedGladiator"],"picked":"champ:Shatter","floor":30},{"not_picked":["champ:AdrenalArmor","champ:Circumvent","champ:BerserkersShout","champ:Lariat"],"picked":"SKIP","floor":32}],"player_experience":1789179,"relics_obtained":[{"floor":5.0,"key":"WristBlade"},{"floor":6.0,"key":"Blood Vial"},{"floor":9.0,"key":"Akabeko"},{"floor":13.0,"key":"StoneCalendar"},{"floor":24,"key":"Question Card"},{"floor":25,"key":"Girya"},{"floor":27,"key":"Nunchaku"},{"floor":30,"key":"Mercury Hourglass"}],"event_choices":[{"damage_healed":0.0,"max_hp_gain":0.0,"max_hp_loss":0.0,"gold_gain":0.0,"event_name":"Lab","player_choice":"Got Potions","floor":21.0,"gold_loss":0.0,"damage_taken":0.0}],"is_beta":false,"boss_relics":[{"not_picked":["Runic Dome","champ:ChampionCrownUpgraded"],"picked":"SlaversCollar"}],"items_purged_floors":[22],"is_endless":false,"potions_floor_spawned":[5,6,12,15,19,25,26,29,32],"killed_by":"downfall:Silent","ascension_level":12}}