{"host":"ci7cmvrwpmzqnw7e","time":1610750057,"event":{"mods":["BaseMod","BetterRewards","Colored Map","Downfall","Googly Eyes","GungeonMod","Highlight Path","Hubris","Infinite Spire","Minty Spire (QoL Compilation)","Random Character Button","Rare Cards Sparkle","Shop Mod","StSLib","The Cursed","The Disciple","The Hierophant"],"gold_per_floor":[99,117,117,117,135,164,164,177,194,194,54,54,54,54],"floor_reached":12,"language":"ENG","playtime":400,"items_purged":["Slimebound:Strike_Slimebound"],"score":82,"play_id":"6d27b98b-7170-4e88-a702-fd5212101a2f","local_time":"20210115153417","is_ascension_mode":true,"campfire_choices":[{"floor":1,"key":"RECALL"},{"floor":10,"key":"REST"}],"circlet_count":0,"master_deck":["Slimebound:Strike_Slimebound","Slimebound:Strike_Slimebound","Slimebound:Tackle","Slimebound:Defend_Slimebound","Slimebound:Defend_Slimebound","Slimebound:Defend_Slimebound","Slimebound:Defend_Slimebound","Slimebound:Split","Slimebound:CorrosiveSpit","Slimebound:BestDefense","Slimebound:GoopTackle","Slimebound:RollThrough","Slimebound:GoopTackle"],"relics":["Sozu","infinitespire:Cubic Diamond","Gremlin Horn","hubris:BottledRain"],"acts_visited":["Exordium"],"potions_floor_usage":[],"damage_taken":[{"damage":0,"enemies":"2 Louse","floor":2,"turns":2},{"damage":1,"enemies":"Jaw Worm","floor":5,"turns":4},{"damage":41,"enemies":"Gremlin Nob","floor":6,"turns":4},{"damage":1,"enemies":"Cultist","floor":8,"turns":2},{"damage":19,"enemies":"Exordium Thugs","floor":9,"turns":3},{"damage":13,"enemies":"downfall:FleeingMerchant","floor":11,"turns":4},{"damage":9,"enemies":"3 Sentries","floor":12,"turns":2}],"seed_played":"-1879448353312403316","potions_obtained":[],"is_trial":false,"path_per_floor":["R","M","?","?","M","E","T","M","M","R","$","E"],"character_chosen":"SLIMEBOUND","items_purchased":["Slimebound:GoopTackle"],"campfire_rested":1,"item_purchase_floors":[11],"current_hp_per_floor":[65,65,65,65,64,23,23,22,3,22,9,0,0,0],"gold":54,"neow_bonus":"BOSS_RELIC","is_daily":false,"chose_seed":false,"campfire_upgraded":0,"win_rate":0.0,"timestamp":1610750057,"path_taken":["R","M","?","?","M","E","T","M","M","R","?","E"],"items_purchased_type":["Card"],"build_version":"2020-12-22","purchased_purges":1,"victory":false,"max_hp_per_floor":[65,65,65,65,65,65,65,65,65,65,65,65,65,65],"card_choices":[{"not_picked":["Slimebound:SplitLeeching","Slimebound:SplitBruiser"],"picked":"Slimebound:BestDefense","floor":2},{"not_picked":["Slimebound:RollThrough","Slimebound:TagTeam"],"picked":"Slimebound:GoopTackle","floor":5},{"not_picked":["Slimebound:Darklings","Slimebound:Prepare"],"picked":"Slimebound:RollThrough","floor":6},{"not_picked":["Slimebound:SamplingLick","Slimebound:Schlurp","Slimebound:ForwardTackle"],"picked":"SKIP","floor":8},{"not_picked":["Slimebound:SplitLeeching","Slimebound:SplitSpecialist","Slimebound:LivingWall"],"picked":"SKIP","floor":9},{"not_picked":["Slimebound:LivingWall","Slimebound:Recollect","Slimebound:SelfFormingGoo"],"picked":"SKIP","floor":11}],"player_experience":85257,"relics_obtained":[{"floor":6,"key":"Gremlin Horn"},{"floor":7,"key":"hubris:BottledRain"}],"event_choices":[],"is_beta":false,"boss_relics":[],"items_purged_floors":[11],"is_endless":false,"potions_floor_spawned":[8],"killed_by":"3 Sentries","ascension_level":1}}