{"host":"4qkvkh7pd9qr2mca","time":1610725026,"event":{"mods":["AchievementEnabler","Act Like it!","BaseMod","Colored Map","Colored Powertips","Highlight Path","Minty Spire (QoL Compilation)","Pale of the Ancients","Permanent Neow","Quick Restart","Relic Stats","StSLib","SuperFastMode"],"gold_per_floor":[111,131,150,164,164,164,183,217,217,142,177,198,198,24,24,24,24],"floor_reached":16,"language":"ENG","playtime":551,"items_purged":["Strike_G","Strike_G"],"score":274,"play_id":"5cb4ee20-2d5d-4142-a0e9-238a1572ac2a","local_time":"20210115163706","is_ascension_mode":true,"campfire_choices":[{"data":"Neutralize","floor":6,"key":"SMITH"},{"floor":15,"key":"REST"}],"circlet_count":0,"master_deck":["AscendersBane","Strike_G","Strike_G","Strike_G","Defend_G","Defend_G","Defend_G","Defend_G","Defend_G","Survivor","Neutralize+1","The Bomb","Deflect","Blade Dance","Backstab","Dash","Acrobatics","PiercingWail","Footwork"],"relics":["Ring of the Snake","Golden Idol","Singing Bowl","Dead Branch","White Beast Statue","Du-Vu Doll"],"acts_visited":["Exordium"],"potions_floor_usage":[16,16],"damage_taken":[{"damage":0,"enemies":"2 Louse","floor":1,"turns":3},{"damage":2,"enemies":"Jaw Worm","floor":2,"turns":5},{"damage":0,"enemies":"Cultist","floor":3,"turns":3},{"damage":10,"enemies":"Looter","floor":4,"turns":5},{"damage":4,"enemies":"Large Slime","floor":7,"turns":3},{"damage":12,"enemies":"Lagavulin","floor":8,"turns":6},{"damage":0,"enemies":"Gremlin Nob","floor":11,"turns":3},{"damage":0,"enemies":"Blue Slaver","floor":12,"turns":2},{"damage":46,"enemies":"The Guardian","floor":16,"turns":13}],"seed_played":"381314846094990206","potions_obtained":[{"floor":1,"key":"ColorlessPotion"},{"floor":8,"key":"DistilledChaos"},{"floor":11,"key":"AttackPotion"},{"floor":12,"key":"Regen Potion"}],"is_trial":false,"path_per_floor":["M","M","M","M","?","R","M","E","T","$","E","M","?","$","R","B"],"character_chosen":"THE_SILENT","items_purchased":["Footwork"],"campfire_rested":1,"item_purchase_floors":[14],"current_hp_per_floor":[59,57,57,47,47,47,43,31,31,31,31,31,5,5,21,0,0],"gold":24,"neow_bonus":"RANDOM_COLORLESS_2","is_daily":false,"chose_seed":false,"campfire_upgraded":1,"win_rate":0.0,"timestamp":1610725026,"path_taken":["M","M","M","M","?","R","M","E","T","$","E","M","?","?","R","BOSS"],"items_purchased_type":["Card"],"build_version":"2020-12-22","purchased_purges":2,"victory":false,"max_hp_per_floor":[60,60,60,60,54,54,54,54,54,54,54,54,54,54,54,54,54],"relic_stats":{"Singing Bowl":0,"counters":[9,43],"Golden Idol":22,"Dead Branch":[14],"obtain_stats":[{"Du-Vu Doll":13,"Singing Bowl":8,"Golden Idol":5,"Dead Branch":9,"White Beast Statue":11,"Ring of the Snake":0},{"Du-Vu Doll":8,"Singing Bowl":6,"Golden Idol":4,"Dead Branch":6,"White Beast Statue":7,"Ring of the Snake":0},{"Du-Vu Doll":30,"Singing Bowl":25,"Golden Idol":16,"Dead Branch":25,"White Beast Statue":28,"Ring of the Snake":0}],"Ring of the Snake":[18]},"card_choices":[{"not_picked":["Metamorphosis","Magnetism"],"picked":"The Bomb","floor":0},{"not_picked":["Slice","Dagger Spray"],"picked":"Deflect","floor":1},{"not_picked":["Backflip","PiercingWail"],"picked":"Blade Dance","floor":2},{"not_picked":["Setup","Crippling Poison","Dagger Spray"],"picked":"SKIP","floor":3},{"not_picked":["Flechettes","Expertise","Backstab"],"picked":"SKIP","floor":4},{"not_picked":["Flechettes","Expertise"],"picked":"Backstab","floor":4},{"not_picked":["Skewer","Terror","Slice"],"picked":"SKIP","floor":7},{"not_picked":["Dodge and Roll","Reflex"],"picked":"Dash","floor":8},{"not_picked":["Prepared","Die Die Die"],"picked":"Acrobatics","floor":11},{"not_picked":["Deflect","Cloak And Dagger"],"picked":"PiercingWail","floor":12}],"player_experience":558926,"relics_obtained":[{"floor":8,"key":"Singing Bowl"},{"floor":9,"key":"Dead Branch"},{"floor":11,"key":"White Beast Statue"}],"event_choices":[{"damage_healed":0,"gold_gain":0,"player_choice":"Lose Max HP","damage_taken":0,"relics_obtained":["Golden Idol"],"max_hp_gain":0,"max_hp_loss":6,"event_name":"Golden Idol","floor":5,"gold_loss":0},{"damage_healed":0,"gold_gain":0,"player_choice":"Success","damage_taken":26,"relics_obtained":["Du-Vu Doll"],"max_hp_gain":0,"max_hp_loss":0,"event_name":"Scrap Ooze","floor":13,"gold_loss":0}],"is_beta":false,"boss_relics":[],"items_purged_floors":[10,14],"is_endless":false,"potions_floor_spawned":[1,8,11,12],"killed_by":"The Guardian","ascension_level":20}}