{"host":"v79nb9qnzs8cga96","time":1610721835,"event":{"mods":["Aspiration","BaseMod","Better Note","Block Reminder","GifTheSpireLib","Marked Mod","Minty Spire (QoL Compilation)","Quarter Circle Forward PUNCH!","SacredBarkPlus","Small Relic Pack","StSLib","Stuff the Spire"],"gold_per_floor":[111,111,111,128,140,140,167,167,240,344,344,760,775,472,472,570,570,586,599,609,199,212,336,336,336,336],"floor_reached":25,"language":"ENG","playtime":1059,"items_purged":[],"score":253,"play_id":"deba1c6b-1173-418f-9249-01e686d2cd2f","local_time":"20210115164355","is_ascension_mode":true,"campfire_choices":[{"data":"Infernal Blade","floor":6.0,"key":"SMITH"},{"data":"Dual Wield","floor":8.0,"key":"SMITH"},{"floor":15.0,"key":"REST"}],"circlet_count":0,"master_deck":["Strike_R","Strike_R","Strike_R","Strike_R","Strike_R","Defend_R","Defend_R","Defend_R","Defend_R","Bash","Dropkick","Dual Wield+1","Infernal Blade+1","Fire Breathing","StuffTheSpire:RockThrow","Clash","Armaments","Shrug It Off","Whirlwind","Feed","Carnage+1","Twin Strike+1","Perfected Strike","Shame","StuffTheSpire:CelestialWarden"],"relics":["Black Blood","aspiration:Nostalgia","PureWater","relicPack:DSword","relicPack:OneForAll","StuffTheSpire:TintedRock","Old Coin","StuffTheSpire:Saxophone","qcfpunch:Necklace_of_Skulls","Nunchaku"],"acts_visited":["Exordium","TheCity"],"potions_floor_usage":[],"damage_taken":[{"damage":3.0,"enemies":"2 Louse","floor":1.0,"turns":4.0},{"damage":0.0,"enemies":"Small Slimes","floor":4.0,"turns":2.0},{"damage":0.0,"enemies":"Cultist","floor":5.0,"turns":2.0},{"damage":6.0,"enemies":"Gremlin Nob","floor":7.0,"turns":3.0},{"damage":21.0,"enemies":"Lagavulin","floor":10.0,"turns":6.0},{"damage":26.0,"enemies":"Gremlin Nob","floor":12.0,"turns":5.0},{"damage":0.0,"enemies":"Blue Slaver","floor":13.0,"turns":2.0},{"damage":30.0,"enemies":"Hexaghost","floor":16.0,"turns":9.0},{"damage":11.0,"enemies":"Chosen","floor":18.0,"turns":5.0},{"damage":19.0,"enemies":"Spheric Guardian","floor":19.0,"turns":4.0},{"damage":20.0,"enemies":"Cultist and Chosen","floor":20.0,"turns":6.0},{"damage":18.0,"enemies":"Centurion and Healer","floor":22.0,"turns":3.0},{"damage":53,"enemies":"Slavers","floor":23,"turns":5},{"damage":31,"enemies":"Book of Stabbing","floor":25,"turns":3}],"seed_played":"-1990155591147949126","potions_obtained":[{"floor":1.0,"key":"SkillPotion"},{"floor":4.0,"key":"DistilledChaos"},{"floor":5.0,"key":"Block Potion"},{"floor":12.0,"key":"ColorlessPotion"},{"floor":16.0,"key":"PowerPotion"},{"floor":18.0,"key":"DuplicationPotion"}],"is_trial":false,"path_per_floor":["M","?","?","M","M","R","E","R","T","E","?","E","M","$","R","B",null,"M","M","M","$","M","E","?","E"],"character_chosen":"IRONCLAD","items_purchased":["qcfpunch:Wrestler\u0027s_Cloak","Armaments","Shrug It Off","Whirlwind","StuffTheSpire:Saxophone","qcfpunch:Necklace_of_Skulls"],"campfire_rested":1,"item_purchase_floors":[14,14,14,14,21,21],"current_hp_per_floor":[80,45,45,51,57,57,57,57,57,42,42,22,28,28,52,28,80,80,73,68,68,65,27,27,0,0],"gold":336,"neow_bonus":"NOSTALGIA","is_daily":false,"chose_seed":false,"campfire_upgraded":2,"win_rate":0.0,"timestamp":1610721835,"path_taken":["M","?","?","M","M","R","E","R","T","E","?","E","M","$","R","BOSS","M","?","M","$","M","E","?","E"],"items_purchased_type":["Relic","Card","Card","Card","Relic","Relic"],"build_version":"2020-12-22","purchased_purges":0,"victory":false,"max_hp_per_floor":[80,80,80,80,80,80,80,80,80,80,80,80,80,80,80,80,80,80,80,83,83,86,89,89,89,89],"card_choices":[{"not_picked":["Headbutt","StuffTheSpire:Slingshot"],"picked":"Dropkick","floor":1.0},{"not_picked":["StuffTheSpire:Incineration","Warcry"],"picked":"Dual Wield","floor":4.0},{"not_picked":["Shrug It Off","Sentinel"],"picked":"Infernal Blade","floor":5.0},{"not_picked":["Reckless Charge","Burning Pact"],"picked":"Fire Breathing","floor":7.0},{"not_picked":["Battle Trance","Carnage"],"picked":"StuffTheSpire:RockThrow","floor":10.0},{"not_picked":["StuffTheSpire:BloodClot","Body Slam","Havoc"],"picked":"SKIP","floor":12.0},{"not_picked":["Havoc","Clothesline"],"picked":"Clash","floor":13.0},{"not_picked":["Corruption","Double Tap"],"picked":"Feed","floor":16.0},{"not_picked":["Havoc","Infernal Blade","Warcry"],"picked":"SKIP","floor":18.0},{"not_picked":["StuffTheSpire:Incineration+1","Wild Strike"],"picked":"Carnage+1","floor":19.0},{"not_picked":["Clothesline+1","Battle Trance"],"picked":"Twin Strike+1","floor":20.0},{"not_picked":["Clash+1","Pommel Strike","Headbutt"],"picked":"SKIP","floor":22.0},{"not_picked":["StuffTheSpire:RockThrow","StuffTheSpire:BloodClot"],"picked":"Perfected Strike","floor":23}],"player_experience":334493,"relics_obtained":[{"floor":7.0,"key":"StuffTheSpire:TintedRock"},{"floor":12.0,"key":"Old Coin"},{"floor":23,"key":"Nunchaku"}],"event_choices":[{"damage_healed":0.0,"max_hp_gain":0.0,"max_hp_loss":0.0,"gold_gain":0.0,"event_name":"The Woman in Blue","player_choice":"Bought 0 Potions","floor":11.0,"gold_loss":0.0,"damage_taken":0.0}],"is_beta":false,"boss_relics":[{"not_picked":["Coffee Dripper","Calling Bell"],"picked":"Black Blood"}],"items_purged_floors":[],"is_endless":false,"potions_floor_spawned":[1,4,5,12,16,18],"killed_by":"Book of Stabbing","ascension_level":1}}