{"host":"nlowmoq7gy18n72d","time":1610727710,"event":{"mods":["BaseMod","Colored Powertips","Conspire","Downfall","Hermit","Highlight Path","Infinite Spire","Jorbs\u0027s Wanderer Trilogy","Minty Spire (QoL Compilation)","Replay The Spire","StSLib","The Cursed"],"gold_per_floor":[99,119,22,39,39,39,39,39,71,81,115,144,144,156,174,279,279,279,292,292,392,160,23,23,58,168,186,205,55,55,66,85,184,184,184,199,213,225,108,126,150,184,195,205,239,268,205,248,275,287,299,341,215,215,215],"floor_reached":56,"language":"ENG","playtime":4102,"items_purged":["hexamod:Strike","hexamod:Strike","hexamod:Strike","hexamod:Strike+1"],"score":1501,"play_id":"4ddcd248-972f-496e-9b8b-cf557793ada6","local_time":"20210115192150","is_ascension_mode":true,"campfire_choices":[{"data":"hexamod:Sear","floor":1.0,"key":"SMITH"},{"data":"hexamod:SwordOfDarkness","floor":6.0,"key":"SMITH"},{"data":"hexamod:FlamesFromBeyond","floor":8.0,"key":"SMITH"},{"floor":18.0,"key":"RECALL"},{"data":"hexamod:ParanormalForm","floor":29,"key":"SMITH"},{"data":"hexamod:FastForward","floor":35,"key":"SMITH"},{"floor":47,"key":"REST"},{"data":"hexamod:Hexaguard","floor":47,"key":"SMITH"},{"data":"Panache","floor":54,"key":"SMITH"}],"circlet_count":0,"master_deck":["hexamod:Defend+1","hexamod:Defend+1","hexamod:Defend+1","hexamod:Defend+1","hexamod:Sear+1","hexamod:Float+1","hexamod:GiftsFromTheDead+1","hexamod:SwordOfDarkness+1","hexamod:FlamesFromBeyond+1","hexamod:VolcanoVisage+1","hexamod:GhostOfSpireFuture+1","hexamod:Hexaguard+1","hexamod:Hexaguard+1","hexamod:PowerFromBeyond+1","hexamod:FastForward+1","hexamod:GhostShield+1","hexamod:SpectersWail+1","hexamod:SixthSeal","hexamod:GhostLash+1","hexamod:RecurringNightmare+1","hexamod:ParanormalForm+1","hexamod:EtherealExpedition+1","hexamod:SpectersWail+1","hexamod:ApocalypticArmor+1","hexamod:ShieldOfDarkness+1","hexamod:FirstSeal","hexamod:SpectersWail+1","hexamod:Hexaguard+1","hexamod:SpectersWail+1","Panache+1","Panache+1"],"relics":["hexamod:SpiritBrand","Replay:Bottled Flurry","conspire:GlowingRock","Bird Faced Urn","Odd Mushroom","ReplayTheSpireMod:Ring of Exchange","ReplayTheSpireMod:Ring of Addiction","Potion Belt","White Beast Statue","Membership Card","MutagenicStrength","infinitespire:Magic Flask","hexamod:InflammatoryLetter","Dead Branch","ReplayTheSpireMod:TigerMarble","infinitespire:Joker Card","downfall:HeartBlessingRed","downfall:HeartBlessingGreen","Divine Protection","Sling","Black Star","Replay:Kaleidoscope","Torii","MawBank","Gremlin Food","downfall:HeartBlessingBlue","Turnip","PreservedInsect","Blue Doll","Calipers","Bag of Preparation"],"acts_visited":["Exordium","TheCity","TheBeyond","TheEnding"],"potions_floor_usage":[31,33,40,42,44,49,50,55,55,55,55,55],"damage_taken":[{"damage":0.0,"enemies":"Cultist","floor":2.0,"turns":4.0},{"damage":4.0,"enemies":"downfall:FleeingMerchant","floor":3.0,"turns":4.0},{"damage":3.0,"enemies":"2 Louse","floor":4.0,"turns":3.0},{"damage":19.0,"enemies":"Lagavulin","floor":9.0,"turns":6.0},{"damage":3.0,"enemies":"Jaw Worm","floor":10.0,"turns":3.0},{"damage":32.0,"enemies":"Gremlin Nob","floor":11.0,"turns":5.0},{"damage":0.0,"enemies":"The Mushroom Lair","floor":12.0,"turns":6.0},{"damage":0.0,"enemies":"Blue Slaver","floor":14.0,"turns":4.0},{"damage":0.0,"enemies":"3 Louse","floor":15.0,"turns":3.0},{"damage":1.0,"enemies":"downfall:Watcher","floor":16.0,"turns":10.0},{"damage":4.0,"enemies":"Chosen","floor":19.0,"turns":6.0},{"damage":6.0,"enemies":"downfall:FleeingMerchant","floor":22.0,"turns":4.0},{"damage":0.0,"enemies":"downfall:FleeingMerchant","floor":23.0,"turns":4.0},{"damage":3.0,"enemies":"Nightmare","floor":25.0,"turns":6.0},{"damage":12.0,"enemies":"downfall:FleeingMerchant","floor":26.0,"turns":4.0},{"damage":0,"enemies":"conspire:Head Lice","floor":27,"turns":5},{"damage":0,"enemies":"3 Byrds","floor":28,"turns":3},{"damage":6,"enemies":"Centurion and Healer","floor":31,"turns":3},{"damage":0,"enemies":"conspire:HollyBat","floor":32,"turns":5},{"damage":31,"enemies":"downfall:Silent","floor":33,"turns":7},{"damage":16,"enemies":"3 Darklings","floor":36,"turns":3},{"damage":42,"enemies":"3 Shapes","floor":37,"turns":5},{"damage":18,"enemies":"Spire Growth","floor":38,"turns":5},{"damage":2,"enemies":"Jaw Worm Horde","floor":40,"turns":3},{"damage":10,"enemies":"Reptomancer","floor":42,"turns":5},{"damage":0,"enemies":"Maw","floor":43,"turns":6},{"damage":0,"enemies":"Transient","floor":44,"turns":5},{"damage":37,"enemies":"Giant Head","floor":45,"turns":8},{"damage":23,"enemies":"Writhing Mass","floor":46,"turns":6},{"damage":0,"enemies":"R_Hoarder","floor":48,"turns":6},{"damage":4,"enemies":"3 Darklings","floor":49,"turns":2},{"damage":0,"enemies":"downfall:Ironclad","floor":50,"turns":6},{"damage":17,"enemies":"downfall:CharBossMerchant","floor":52,"turns":6},{"damage":22,"enemies":"downfall:NeowBoss","floor":55,"turns":20}],"seed_played":"-8249694257460911318","potions_obtained":[{"floor":9.0,"key":"Energy Potion"},{"floor":12.0,"key":"EntropicBrew"},{"floor":13.0,"key":"ColorlessPotion"},{"floor":13.0,"key":"SteroidPotion"},{"floor":15.0,"key":"GamblersBrew"},{"floor":22.0,"key":"champ:CounterPotion"},{"floor":23.0,"key":"PowerPotion"},{"floor":25.0,"key":"Reflective Coating"},{"floor":28,"key":"LiquidMemories"},{"floor":31,"key":"Reflective Coating"},{"floor":32,"key":"Fire Potion"},{"floor":33,"key":"Regen Potion"},{"floor":36,"key":"SkillPotion"},{"floor":37,"key":"Fire Potion"},{"floor":40,"key":"Elixir"},{"floor":42,"key":"Dexterity Potion"},{"floor":44,"key":"Death Potion"},{"floor":49,"key":"SkillPotion"},{"floor":52,"key":"Energy Potion"}],"is_trial":false,"path_per_floor":["R","M","$","M","?","R","T","R","E","M","E","?","?","M","M","B",null,"R","M","?","?","$","$","T","NM","$","E","M","R","AVR","M","M","B",null,"R","M","M","M","$","M","T","E","M","M","E","M","R","E","M","B",null,"E","$","R","B",null],"character_chosen":"THE_SPIRIT","items_purchased":["hexamod:VolcanoVisage","infinitespire:Magic Flask","AttackPotion","hexamod:InflammatoryLetter","hexamod:EtherealExpedition","infinitespire:Joker Card","hexamod:FirstSeal","hexamod:SpectersWail+1","Bag of Preparation","Panache"],"campfire_rested":1,"item_purchase_floors":[3,22,22,23,26,26,39,39,53,53],"current_hp_per_floor":[70,70,66,63,63,63,63,63,44,41,9,13,13,17,19,22,70,70,68,68,68,60,62,62,65,54,62,66,66,64,62,64,45,64,64,58,26,20,20,40,40,59,60,60,41,47,70,68,64,68,68,68,68,66,66],"gold":215,"neow_bonus":"ONE_RANDOM_RARE_CARD","is_daily":false,"chose_seed":false,"campfire_upgraded":7,"win_rate":0.0,"timestamp":1610727710,"path_taken":["R","M","$","M","?","R","T","R","E","M","E","?","?","M","M","BOSS","R","M","?","?","?","$","T","NM","$","E","?","R","AVR","M","M","BOSS","R","M","M","M","$","M","T","E","M","M","E","M","R","E","M","BOSS","E","$","R","BOSS"],"items_purchased_type":["Card","Relic","Potion","Relic","Card","Relic","Card","Card","Relic","Card"],"build_version":"2020-12-22","purchased_purges":4,"victory":true,"max_hp_per_floor":[70,70,70,70,70,70,70,70,70,70,70,70,70,70,70,70,70,70,68,68,68,66,66,66,66,66,66,66,66,64,64,64,64,64,64,64,62,62,62,60,60,60,60,60,60,60,70,68,68,68,68,68,68,66,66],"card_choices":[{"not_picked":["hexamod:AdvancingGuard","hexamod:HauntingEcho"],"picked":"hexamod:SwordOfDarkness","floor":2.0},{"not_picked":["hexamod:BacktrackSmack","hexamod:BurningTouch"],"picked":"hexamod:FlamesFromBeyond","floor":3.0},{"not_picked":["hexamod:Hexaguard","hexamod:HauntingEcho"],"picked":"hexamod:GhostOfSpireFuture","floor":4.0},{"not_picked":["hexamod:SpectersWail","hexamod:GiftsFromTheDead"],"picked":"hexamod:Hexaguard","floor":9.0},{"not_picked":["hexamod:HeatShield","hexamod:AdvancingGuard"],"picked":"hexamod:Hexaguard","floor":10.0},{"not_picked":["hexamod:NightmareStrike","hexamod:GhostLash"],"picked":"hexamod:PowerFromBeyond","floor":11.0},{"not_picked":["hexamod:ExtraCrispy","hexamod:GhostOfSpirePresent"],"picked":"hexamod:FastForward","floor":12.0},{"not_picked":["hexamod:Firestarter","hexamod:BurningTouch"],"picked":"hexamod:GhostShield","floor":14.0},{"not_picked":["hexamod:AdvancingGuard","hexamod:GhostShield"],"picked":"hexamod:SpectersWail","floor":15.0},{"not_picked":["hexamod:HexaLevel","hexamod:FifthSeal"],"picked":"hexamod:SixthSeal","floor":16.0},{"not_picked":["hexamod:GhostOfSpireFuture","hexamod:CatchUp"],"picked":"hexamod:GhostLash","floor":19.0},{"not_picked":["hexamod:FastForward","hexamod:HauntingEcho","hexamod:Rewind"],"picked":"SKIP","floor":22.0},{"not_picked":["hexamod:SpectralAdrenaline+1","hexamod:InspiringFlames"],"picked":"hexamod:RecurringNightmare","floor":23.0},{"not_picked":["hexamod:NightmareGuise","hexamod:EmpoweringStance"],"picked":"hexamod:ParanormalForm","floor":25.0},{"not_picked":["hexamod:GhostOfSpirePresent","hexamod:GhostLash","hexamod:RetreatToShadows"],"picked":"SKIP","floor":27},{"not_picked":["hexamod:Incineration","hexamod:BacktrackSmack","hexamod:Rewind"],"picked":"SKIP","floor":28},{"not_picked":["hexamod:SwordOfDarkness","hexamod:PhantomCloak"],"picked":"hexamod:SpectersWail","floor":31},{"not_picked":["hexamod:SpectersWail+1","hexamod:GhostOfSpirePresent","hexamod:GhostShield"],"picked":"SKIP","floor":32},{"not_picked":["hexamod:Toasty","hexamod:SearingWound"],"picked":"hexamod:ApocalypticArmor","floor":33},{"not_picked":["hexamod:SecondSeal","hexamod:FastForward"],"picked":"hexamod:ShieldOfDarkness","floor":36},{"not_picked":["hexamod:ShieldOfDarkness","hexamod:BurningTouch+1","hexamod:RecurringNightmare"],"picked":"SKIP","floor":37},{"not_picked":["hexamod:GhostShield+1","hexamod:ShieldOfDarkness","hexamod:BacktrackSmack"],"picked":"SKIP","floor":38},{"not_picked":["hexamod:DynamicBlow","hexamod:BacktrackSmack+1","hexamod:AdvancingGuard"],"picked":"SKIP","floor":40},{"not_picked":["hexamod:GhostOfSpirePresent+1","hexamod:ThirdSeal","hexamod:InspiringFlames+1"],"picked":"SKIP","floor":42},{"not_picked":["hexamod:GhostOfSpirePresent+1","hexamod:ThirdSeal","hexamod:InspiringFlames+1"],"picked":"SKIP","floor":42},{"not_picked":["hexamod:Haunt+1","hexamod:FastForward+1","hexamod:Toasty"],"picked":"SKIP","floor":43},{"not_picked":["hexamod:SwordOfDarkness+1","hexamod:SkipABeat+1"],"picked":"hexamod:Hexaguard","floor":44},{"not_picked":["hexamod:GhostShield+1","hexamod:Firestarter+1","hexamod:DynamicBlow"],"picked":"SKIP","floor":45},{"not_picked":["hexamod:BurningTouch","hexamod:NightmareStrike","hexamod:EmpoweredFlame"],"picked":"SKIP","floor":46},{"not_picked":["hexamod:SpectralSpark","hexamod:CatchUp+1","hexamod:FastForward"],"picked":"SKIP","floor":48},{"not_picked":["hexamod:RecurringNightmare+1","hexamod:InspiringFlames+1"],"picked":"hexamod:SpectersWail+1","floor":49},{"not_picked":["hexamod:GhostLash","hexamod:FastForward","hexamod:SkipABeat+1"],"picked":"SKIP","floor":52}],"player_experience":665950,"relics_obtained":[{"floor":7.0,"key":"Replay:Bottled Flurry"},{"floor":9.0,"key":"conspire:GlowingRock"},{"floor":11.0,"key":"Bird Faced Urn"},{"floor":12.0,"key":"Odd Mushroom"},{"floor":13.0,"key":"ReplayTheSpireMod:Ring of Exchange"},{"floor":13.0,"key":"ReplayTheSpireMod:Ring of Addiction"},{"floor":13.0,"key":"Potion Belt"},{"floor":13.0,"key":"White Beast Statue"},{"floor":24.0,"key":"Dead Branch"},{"floor":25.0,"key":"ReplayTheSpireMod:TigerMarble"},{"floor":42,"key":"Replay:Kaleidoscope"},{"floor":42,"key":"Torii"},{"floor":45,"key":"MawBank"},{"floor":45,"key":"Gremlin Food"},{"floor":48,"key":"Turnip"},{"floor":48,"key":"PreservedInsect"},{"floor":52,"key":"Blue Doll"},{"floor":52,"key":"Calipers"}],"event_choices":[{"damage_healed":0.0,"max_hp_gain":0.0,"max_hp_loss":0.0,"gold_gain":0.0,"event_name":"Mushrooms","player_choice":"Fought Mushrooms","floor":12.0,"gold_loss":0.0,"damage_taken":0.0},{"damage_healed":0.0,"max_hp_gain":0.0,"max_hp_loss":0.0,"gold_gain":0.0,"event_name":"Drug Dealer","player_choice":"Inject Mutagens","floor":20.0,"gold_loss":0.0,"damage_taken":0.0,"relics_obtained":["MutagenicStrength"]}],"is_beta":false,"boss_relics":[{"not_picked":["Strange Spoon","Lee\u0027s Waffle"],"picked":"Membership Card"},{"not_picked":["ReplayTheSpireMod:DimensionalGlitch","Chemical X"],"picked":"Black Star"}],"items_purged_floors":[22,26,30,39],"is_endless":false,"potions_floor_spawned":[9,12,14,15,16,19,22,23,25,26,28,31,32,33,36,37,38,40,42,43,44,45,46,48,49,52],"ascension_level":1}}