{"host":"rz8ryyppw1rffr47","time":1610690890,"event":{"mods":["BaseMod","BetterRewards","Downfall","Googly Eyes","Minty Spire (QoL Compilation)","Quick Restart","Replay The Spire","StSLib","slay the spire mod where everything is the same but ironclad has a cowboy hat"],"gold_per_floor":[112,112,131,141,153,153,153,188,188,38,38,38,53,78,78,197,197,210,135,60,85,125,166,189,189,216,237,237,250,250,264,264,264,264],"floor_reached":33,"language":"ENG","playtime":1395,"items_purged":["Amnesia"],"score":369,"play_id":"ac75552f-7c99-4ec4-9a73-ead511cff966","local_time":"20210115060810","is_ascension_mode":false,"campfire_choices":[{"floor":11,"key":"REST"},{"data":"Replay:Poison Smokescreen","floor":15,"key":"SMITH"},{"floor":25,"key":"REST"},{"data":"Setup","floor":28,"key":"SMITH"},{"floor":30,"key":"REST"},{"data":"Backflip","floor":32,"key":"SMITH"}],"circlet_count":0,"master_deck":["Strike_G","Strike_G","Strike_G","Defend_G","Defend_G","Survivor","Neutralize","Noxious Fumes","Replay:Poison Smokescreen+1","ReplayTheSpireMod:Tripwire","Noxious Fumes","Flying Knee","Injury","Footwork","Corpse Explosion","Setup+1","Backflip+1"],"relics":["Ring of the Snake","TungstenRod","Golden Idol","WingedGreaves","Pondfish Scales","TwistedFunnel","Kintsugi","Red Mask","StoneCalendar","Oddly Smooth Stone"],"acts_visited":["Exordium","TheCity"],"potions_floor_usage":[8,8,8,16,21,29,31,33],"damage_taken":[{"damage":0,"enemies":"2 Louse","floor":1,"turns":3},{"damage":0,"enemies":"Cultist","floor":3,"turns":4},{"damage":0,"enemies":"Small Slimes","floor":4,"turns":4},{"damage":7,"enemies":"2 Fungi Beasts","floor":5,"turns":4},{"damage":15,"enemies":"Lagavulin","floor":8,"turns":6},{"damage":1,"enemies":"Red Slaver","floor":13,"turns":4},{"damage":1,"enemies":"Looter","floor":14,"turns":4},{"damage":8,"enemies":"Hexaghost","floor":16,"turns":9},{"damage":1,"enemies":"Spheric Guardian","floor":18,"turns":4},{"damage":13,"enemies":"2 Thieves","floor":21,"turns":3},{"damage":4,"enemies":"Masked Bandits","floor":22,"turns":3},{"damage":38,"enemies":"Slavers","floor":23,"turns":4},{"damage":1,"enemies":"Snecko","floor":24,"turns":6},{"damage":13,"enemies":"Snake Plant","floor":27,"turns":5},{"damage":14,"enemies":"Sentry and Sphere","floor":29,"turns":5},{"damage":4,"enemies":"Centurion and Healer","floor":31,"turns":3},{"damage":31,"enemies":"Collector","floor":33,"turns":7}],"seed_played":"2775005615479544697","potions_obtained":[{"floor":7,"key":"hexamod:EctoCoolerPotion"},{"floor":7,"key":"Dexterity Potion"},{"floor":7,"key":"Weak Potion"},{"floor":8,"key":"hexamod:EctoCoolerPotion"},{"floor":16,"key":"Adrenaline Potion"},{"floor":18,"key":"Elixir"},{"floor":23,"key":"SkillPotion"},{"floor":27,"key":"Adrenaline Potion"}],"is_trial":false,"path_per_floor":["M","?","M","M","M","?","?","E","T","$","R","$","M","M","R","B",null,"M","$","?","M","?","E","M","R","T","M","R","M","R","M","R","B"],"character_chosen":"THE_SILENT","items_purchased":["TungstenRod","TwistedFunnel"],"campfire_rested":3,"item_purchase_floors":[0,10],"current_hp_per_floor":[50,50,50,50,43,43,43,28,28,28,50,50,49,48,48,40,75,74,74,74,61,57,19,18,40,40,27,27,13,35,31,31,0,0],"gold":264,"neow_bonus":"","is_daily":false,"chose_seed":false,"campfire_upgraded":3,"win_rate":0.0,"timestamp":1610690890,"path_taken":["M","?","M","M","?","?","?","E","T","$","R","$","M","M","R","BOSS","M","$","?","M","?","E","M","R","T","M","R","M","R","?","R","BOSS"],"items_purchased_type":["Relic","Relic"],"build_version":"2020-12-22","purchased_purges":1,"victory":false,"max_hp_per_floor":[75,75,75,75,75,75,75,75,75,75,75,75,75,75,75,75,75,75,75,75,75,75,75,75,75,75,75,75,75,75,75,75,75,75],"card_choices":[{"not_picked":["Slice","Dagger Spray"],"picked":"Replay:Poison Smokescreen","floor":1},{"not_picked":["Accuracy","Predator"],"picked":"ReplayTheSpireMod:Tripwire","floor":3},{"not_picked":["Leg Sweep","Dagger Throw"],"picked":"Noxious Fumes","floor":4},{"not_picked":["Poisoned Stab","Hidden Blade"],"picked":"Flying Knee","floor":5},{"not_picked":["Skewer","Eviscerate","Blade Dance"],"picked":"SKIP","floor":8},{"not_picked":["Deflect","Outmaneuver","Underhanded Strike"],"picked":"SKIP","floor":13},{"not_picked":["Hidden Blade","Deflect"],"picked":"Footwork","floor":14},{"not_picked":["Atom Bomb","Storm of Steel"],"picked":"Corpse Explosion","floor":16},{"not_picked":["Hidden Blade","Quick Slash+1","ReplayTheSpireMod:Shiv Toss"],"picked":"SKIP","floor":18},{"not_picked":["Slice","Bouncing Flask","Quick Slash+1"],"picked":"SKIP","floor":21},{"not_picked":["Underhanded Strike+1","ReplayTheSpireMod:The Works+1"],"picked":"Setup","floor":22},{"not_picked":["Bane","Footwork"],"picked":"Backflip","floor":23},{"not_picked":["Hidden Blade+1","Slice+1","Expertise"],"picked":"SKIP","floor":24},{"not_picked":["ReplayTheSpireMod:Shiv Toss","Poisoned Stab+1","Outmaneuver+1"],"picked":"SKIP","floor":27},{"not_picked":["Cloak And Dagger","Outmaneuver","Blade Dance+1"],"picked":"SKIP","floor":29},{"not_picked":["ReplayTheSpireMod:Tripwire","Die Die Die","Blade Dance"],"picked":"SKIP","floor":31}],"player_experience":377128,"relics_obtained":[{"floor":8,"key":"WingedGreaves"},{"floor":9,"key":"Pondfish Scales"},{"floor":22,"key":"Red Mask"},{"floor":23,"key":"StoneCalendar"},{"floor":26,"key":"Oddly Smooth Stone"}],"event_choices":[{"cards_removed":["Defend_G"],"damage_healed":0,"gold_gain":0,"player_choice":"Purged","damage_taken":0,"max_hp_gain":0,"max_hp_loss":0,"event_name":"Purifier","floor":2,"gold_loss":0},{"damage_healed":0,"gold_gain":0,"player_choice":"Take Wound","damage_taken":0,"relics_obtained":["Golden Idol"],"max_hp_gain":0,"max_hp_loss":0,"event_name":"Golden Idol","floor":6,"gold_loss":0,"cards_obtained":["Injury"]},{"damage_healed":0,"gold_gain":0,"player_choice":"Got Potions","damage_taken":0,"max_hp_gain":0,"max_hp_loss":0,"event_name":"Lab","floor":7,"gold_loss":0},{"cards_removed":["Languid"],"damage_healed":0,"gold_gain":0,"player_choice":"Gave Gold","damage_taken":0,"max_hp_gain":0,"max_hp_loss":0,"event_name":"Beggar","floor":20,"gold_loss":75},{"damage_healed":0,"gold_gain":0,"player_choice":"Fought Bandits","damage_taken":0,"max_hp_gain":0,"max_hp_loss":0,"event_name":"Masked Bandits","floor":22,"gold_loss":0}],"is_beta":false,"boss_relics":[{"not_picked":["Ectoplasm","Replay:Grab Bag"],"picked":"Kintsugi"}],"items_purged_floors":[19],"is_endless":false,"potions_floor_spawned":[8,16,18,23,27],"killed_by":"Collector","ascension_level":0}}