{"host":"g8ufh7m4frdlkxwv","time":1610687374,"event":{"mods":["AchievementEnabler","BaseMod","Colored Map","Dark Map","Minty Spire (QoL Compilation)","Relic Stats","StSLib","ojb\u0027s Info Mod"],"gold_per_floor":[116,129,140,140,155,185,150,182,205,235,10,10,22,54,54,54,54],"floor_reached":16,"language":"ENG","playtime":890,"items_purged":["Strike_G"],"score":260,"play_id":"96486bfc-748b-420f-8e73-e2c7e7605121","local_time":"20210115060934","is_ascension_mode":true,"campfire_choices":[{"data":"Blade Dance","floor":12,"key":"SMITH"},{"data":"Blade Dance","floor":15,"key":"SMITH"}],"circlet_count":0,"master_deck":["AscendersBane","Strike_G","Strike_G","Strike_G","Strike_G+1","Defend_G","Defend_G+1","Defend_G","Defend_G","Defend_G","Survivor+1","Neutralize","Blade Dance+1","Escape Plan+1","Quick Slash","Dagger Spray","Endless Agony","Dagger Throw","Blade Dance+1","Backflip"],"relics":["Ring of the Snake","Boot","Bag of Preparation","Omamori","MawBank","Toolbox","War Paint"],"acts_visited":["Exordium"],"potions_floor_usage":[6,8,10,16],"damage_taken":[{"damage":7,"enemies":"Cultist","floor":1,"turns":5},{"damage":1,"enemies":"Small Slimes","floor":2,"turns":3},{"damage":0,"enemies":"2 Louse","floor":3,"turns":4},{"damage":3,"enemies":"Looter","floor":5,"turns":3},{"damage":31,"enemies":"Lagavulin","floor":6,"turns":9},{"damage":2,"enemies":"3 Sentries","floor":8,"turns":6},{"damage":14,"enemies":"Gremlin Nob","floor":10,"turns":3},{"damage":0,"enemies":"Gremlin Gang","floor":13,"turns":1},{"damage":5,"enemies":"3 Sentries","floor":14,"turns":4},{"damage":20,"enemies":"Slime Boss","floor":16,"turns":10}],"seed_played":"6179233160815654128","potions_obtained":[{"floor":2,"key":"Regen Potion"},{"floor":5,"key":"PowerPotion"},{"floor":8,"key":"Swift Potion"},{"floor":13,"key":"ColorlessPotion"}],"is_trial":false,"path_per_floor":["M","M","M","?","M","E","?","E","T","E","$","R","M","E","R","B"],"character_chosen":"THE_SILENT","items_purchased":["Toolbox"],"campfire_rested":0,"item_purchase_floors":[11],"current_hp_per_floor":[58,57,57,35,32,1,19,32,32,18,18,18,18,13,13,0,0],"gold":54,"neow_bonus":"TEN_PERCENT_HP_BONUS","is_daily":false,"chose_seed":false,"campfire_upgraded":2,"win_rate":0.0,"timestamp":1610687374,"path_taken":["M","?","M","?","M","E","?","E","T","E","$","R","M","E","R","BOSS"],"items_purchased_type":["Relic"],"build_version":"2020-12-22","purchased_purges":1,"victory":false,"max_hp_per_floor":[72,72,72,72,72,72,72,72,72,72,72,72,72,72,72,72,72],"relic_stats":{"counters":[10,48],"Bag of Preparation":[7],"War Paint":["Defend_G","Escape Plan"],"Boot":[86],"MawBank":12,"obtain_stats":[{"Toolbox":11,"Bag of Preparation":8,"Omamori":9,"War Paint":14,"Boot":6,"MawBank":10,"Ring of the Snake":0},{"Toolbox":7,"Bag of Preparation":6,"Omamori":6,"War Paint":9,"Boot":5,"MawBank":7,"Ring of the Snake":0},{"Toolbox":33,"Bag of Preparation":30,"Omamori":30,"War Paint":38,"Boot":24,"MawBank":33,"Ring of the Snake":0}],"Ring of the Snake":[20]},"card_choices":[{"not_picked":["Underhanded Strike","Blur"],"picked":"Blade Dance","floor":1},{"not_picked":["Underhanded Strike","Outmaneuver"],"picked":"Escape Plan","floor":2},{"not_picked":["Distraction","Dodge and Roll"],"picked":"Quick Slash","floor":3},{"not_picked":["Bane","Outmaneuver"],"picked":"Dagger Spray","floor":5},{"not_picked":["Sucker Punch","Malaise"],"picked":"Endless Agony","floor":6},{"not_picked":["Acrobatics","Underhanded Strike"],"picked":"Dagger Throw","floor":8},{"not_picked":["All Out Attack","Malaise"],"picked":"Blade Dance","floor":10},{"not_picked":["Masterful Stab","Prepared","Sucker Punch"],"picked":"SKIP","floor":13},{"not_picked":["Prepared","Deadly Poison"],"picked":"Backflip","floor":14}],"player_experience":1034434,"relics_obtained":[{"floor":6,"key":"Boot"},{"floor":8,"key":"Bag of Preparation"},{"floor":9,"key":"Omamori"},{"floor":10,"key":"MawBank"},{"floor":14,"key":"War Paint"}],"event_choices":[{"damage_healed":0,"gold_gain":0,"player_choice":"Entered Light","damage_taken":22,"max_hp_gain":0,"max_hp_loss":0,"event_name":"Shining Light","floor":4,"gold_loss":0,"cards_upgraded":["Survivor","Strike_G"]},{"damage_healed":18,"gold_gain":0,"player_choice":"Healed","damage_taken":0,"max_hp_gain":0,"max_hp_loss":0,"event_name":"The Cleric","floor":7,"gold_loss":35}],"is_beta":false,"boss_relics":[],"items_purged_floors":[11],"is_endless":false,"potions_floor_spawned":[2,5,8,13],"killed_by":"Slime Boss","ascension_level":20}}