{"host":"n43wxkei7kulhi8o","time":1610669808,"event":{"mods":["BaseMod","Bestiary","Block Reminder","Colored Map","Curses Come First","Custom Start","Highlight Path","Minty Spire (QoL Compilation)","Quick Restart","Relic Stats","StSLib"],"gold_per_floor":[209,222,397,322,322,322,336,336,359,414,414,433,433,443,443,546,546,561,510,510,523,523,543,555,573,573,103,115,144,243,255,255,360,360,372,386,386,397,397,397],"floor_reached":39,"language":"ENG","playtime":2226,"items_purged":["Doubt","Thunder Strike+1"],"score":395,"play_id":"15a5459f-3caa-46ab-8953-34f8cdaf5dd4","local_time":"20210114191648","is_ascension_mode":false,"campfire_choices":[{"data":"Zap","floor":6.0,"key":"SMITH"},{"data":"Dualcast","floor":8.0,"key":"SMITH"},{"data":"Coolheaded","floor":11.0,"key":"SMITH"},{"data":"Thunder Strike","floor":15.0,"key":"SMITH"},{"floor":32.0,"key":"REST"}],"circlet_count":0,"master_deck":["Strike_B+1","Strike_B+1","Strike_B+1","Strike_B+1","Defend_B+1","Defend_B+1","Defend_B+1","Defend_B+1","Zap+1","Dualcast+1","Doom and Gloom","Cold Snap","Conserve Battery","Coolheaded+1","Glacier+1","Echo Form","Blizzard","Capacitor","Buffer","Blizzard","Parasite"],"relics":["FrozenCore","Juzu Bracelet","Oddly Smooth Stone","Busted Crown","Toxic Egg 2","Lizard Tail","MealTicket"],"acts_visited":["Exordium","TheCity","TheBeyond"],"potions_floor_usage":[39],"damage_taken":[{"damage":5.0,"enemies":"Small Slimes","floor":1.0,"turns":3.0},{"damage":5.0,"enemies":"Jaw Worm","floor":2.0,"turns":4.0},{"damage":7.0,"enemies":"2 Louse","floor":7.0,"turns":2.0},{"damage":24.0,"enemies":"Gremlin Nob","floor":10.0,"turns":5.0},{"damage":2.0,"enemies":"Exordium Wildlife","floor":12.0,"turns":4.0},{"damage":1.0,"enemies":"3 Louse","floor":14.0,"turns":3.0},{"damage":22.0,"enemies":"Slime Boss","floor":16.0,"turns":13.0},{"damage":10.0,"enemies":"Spheric Guardian","floor":18.0,"turns":5.0},{"damage":4.0,"enemies":"Shell Parasite","floor":21.0,"turns":7.0},{"damage":8.0,"enemies":"Cultist and Chosen","floor":23.0,"turns":8.0},{"damage":0.0,"enemies":"Snecko","floor":24.0,"turns":5.0},{"damage":0.0,"enemies":"Centurion and Healer","floor":25.0,"turns":8.0},{"damage":14.0,"enemies":"Shelled Parasite and Fungi","floor":28.0,"turns":7.0},{"damage":30.0,"enemies":"Book of Stabbing","floor":29.0,"turns":9.0},{"damage":12.0,"enemies":"Snake Plant","floor":31.0,"turns":6.0},{"damage":43.0,"enemies":"Automaton","floor":33.0,"turns":14.0},{"damage":9,"enemies":"3 Shapes","floor":35,"turns":7},{"damage":5,"enemies":"3 Darklings","floor":36,"turns":6},{"damage":22,"enemies":"Spire Growth","floor":38,"turns":8},{"damage":10,"enemies":"Writhing Mass","floor":39,"turns":6}],"seed_played":"-545900620244374593","potions_obtained":[{"floor":1.0,"key":"SkillPotion"},{"floor":14.0,"key":"FearPotion"},{"floor":16.0,"key":"Ancient Potion"},{"floor":18.0,"key":"SteroidPotion"},{"floor":20.0,"key":"Fire Potion"},{"floor":23.0,"key":"DuplicationPotion"},{"floor":33.0,"key":"Explosive Potion"},{"floor":38,"key":"LiquidBronze"}],"is_trial":false,"path_per_floor":["M","M","?","$","?","R","M","R","T","?","R","M","?","M","R","B",null,"M","$","?","M","?","M","M","M","T","$","M","E","?","M","R","B",null,"M","M","?","M","M"],"character_chosen":"DEFECT","items_purchased":["FocusPotion","Capacitor","Lizard Tail"],"campfire_rested":1,"item_purchase_floors":[19,27,27],"current_hp_per_floor":[70,65,65,65,70,70,63,63,63,39,39,37,37,36,36,14,80,70,70,70,66,66,58,58,58,58,58,44,14,14,2,26,23,80,71,66,66,44,34,34],"gold":397,"neow_bonus":"HUNDRED_GOLD","is_daily":false,"chose_seed":false,"campfire_upgraded":4,"win_rate":0.0,"timestamp":1610669808,"path_taken":["M","M","?","$","?","R","M","R","T","?","R","M","?","M","R","BOSS","M","$","?","M","?","M","M","M","T","$","M","E","?","M","R","BOSS","M","M","?","M","M"],"items_purchased_type":["Potion","Card","Relic"],"build_version":"2020-12-22","purchased_purges":2,"victory":false,"max_hp_per_floor":[75,75,75,75,80,80,80,80,80,80,80,80,80,80,80,80,80,80,80,80,80,80,80,80,80,80,80,80,80,80,80,80,80,80,80,80,80,80,80,80],"relic_stats":{"Lizard Tail":40,"Busted Crown":24,"counters":[20,130],"MealTicket":0,"Juzu Bracelet":2,"obtain_stats":[{"Lizard Tail":27,"Busted Crown":17,"Oddly Smooth Stone":10,"MealTicket":29,"Juzu Bracelet":9,"Toxic Egg 2":26,"Cracked Core":0,"FrozenCore":34},{"Lizard Tail":12,"Busted Crown":7,"Oddly Smooth Stone":4,"MealTicket":14,"Juzu Bracelet":3,"Toxic Egg 2":12,"Cracked Core":0,"FrozenCore":16},{"Lizard Tail":67,"Busted Crown":34,"Oddly Smooth Stone":14,"MealTicket":83,"Juzu Bracelet":9,"Toxic Egg 2":67,"Cracked Core":0,"FrozenCore":103}],"FrozenCore":[13]},"card_choices":[{"not_picked":["Streamline","Storm"],"picked":"Doom and Gloom","floor":1.0},{"not_picked":["Go for the Eyes","Genetic Algorithm"],"picked":"Cold Snap","floor":2.0},{"not_picked":["Rip and Tear","Heatsinks"],"picked":"Conserve Battery","floor":7.0},{"not_picked":["Beam Cell","Rebound"],"picked":"Coolheaded","floor":10.0},{"not_picked":["Cold Snap","Sweeping Beam"],"picked":"Glacier","floor":12.0},{"not_picked":["Coolheaded","Conserve Battery"],"picked":"Thunder Strike","floor":14.0},{"not_picked":["Meteor Strike","Buffer"],"picked":"Echo Form","floor":16.0},{"not_picked":["Barrage"],"picked":"SKIP","floor":18.0},{"not_picked":["Conserve Battery"],"picked":"SKIP","floor":21.0},{"not_picked":[],"picked":"Blizzard","floor":23.0},{"not_picked":["Tempest"],"picked":"SKIP","floor":24.0},{"not_picked":["Chaos"],"picked":"SKIP","floor":25.0},{"not_picked":["Rip and Tear"],"picked":"SKIP","floor":28.0},{"not_picked":["Lockon"],"picked":"SKIP","floor":29.0},{"not_picked":["Hologram+1"],"picked":"SKIP","floor":31.0},{"not_picked":[],"picked":"Buffer","floor":33.0},{"not_picked":["Barrage"],"picked":"SKIP","floor":35},{"not_picked":["Go for the Eyes"],"picked":"SKIP","floor":36},{"not_picked":["Darkness+1"],"picked":"SKIP","floor":38}],"player_experience":649999,"relics_obtained":[{"floor":9.0,"key":"Juzu Bracelet"},{"floor":10.0,"key":"Oddly Smooth Stone"},{"floor":26.0,"key":"Toxic Egg 2"},{"floor":29.0,"key":"MealTicket"}],"event_choices":[{"damage_healed":0.0,"max_hp_gain":0.0,"max_hp_loss":0.0,"gold_gain":175.0,"event_name":"Liars Game","player_choice":"AGREE","floor":3.0,"gold_loss":0.0,"damage_taken":0.0,"cards_obtained":["Doubt"]},{"damage_healed":0.0,"max_hp_gain":5.0,"max_hp_loss":0.0,"gold_gain":0.0,"event_name":"Big Fish","player_choice":"Donut","floor":5.0,"gold_loss":0.0,"damage_taken":0.0},{"damage_healed":0.0,"max_hp_gain":0.0,"max_hp_loss":0.0,"gold_gain":30.0,"event_name":"Dead Adventurer","player_choice":"Searched \u00272\u0027 times","floor":10.0,"gold_loss":0.0,"damage_taken":0.0},{"damage_healed":0.0,"max_hp_gain":0.0,"max_hp_loss":0.0,"gold_gain":0.0,"event_name":"Living Wall","player_choice":"Grow","floor":13.0,"gold_loss":0.0,"damage_taken":0.0,"cards_upgraded":["Glacier"]},{"damage_healed":0.0,"max_hp_gain":0.0,"max_hp_loss":0.0,"gold_gain":0.0,"event_name":"Lab","player_choice":"Got Potions","floor":20.0,"gold_loss":0.0,"damage_taken":0.0},{"damage_healed":0.0,"max_hp_gain":0.0,"max_hp_loss":0.0,"gold_gain":0.0,"event_name":"Back to Basics","player_choice":"Simplicity","floor":22.0,"gold_loss":0.0,"damage_taken":0.0,"cards_upgraded":["Strike_B","Strike_B","Strike_B","Strike_B","Defend_B","Defend_B","Defend_B","Defend_B"]},{"damage_healed":0.0,"max_hp_gain":0.0,"max_hp_loss":0.0,"gold_gain":99.0,"event_name":"Nest","player_choice":"Stole From Cult","floor":30.0,"gold_loss":0.0,"damage_taken":0.0},{"damage_healed":0,"gold_gain":0,"player_choice":"Copied","damage_taken":0,"max_hp_gain":0,"max_hp_loss":0,"event_name":"Duplicator","floor":37,"gold_loss":0,"cards_obtained":["Blizzard"]}],"is_beta":false,"boss_relics":[{"not_picked":["Philosopher\u0027s Stone","Runic Pyramid"],"picked":"Busted Crown"},{"not_picked":["Snecko Eye","Pandora\u0027s Box"],"picked":"FrozenCore"}],"items_purged_floors":[4,27],"is_endless":false,"potions_floor_spawned":[1,14,16,18,23,29,31,33,38],"killed_by":"Writhing Mass","ascension_level":0}}