{"host":"9cgbyp2ufcg2zrdm","time":1610698448,"event":{"mods":["BaseMod","BetterRewards","Colored Map","Downfall","Highlight Path","Minty Spire (QoL Compilation)","Quick Restart","StSLib"],"gold_per_floor":[99,114,114,214,232,243,243,168,185,170,188,188,218,232,244,348,348,348,364,384,400,124,209,209,209,226,151,161,161,161,161],"floor_reached":29,"language":"ENG","playtime":2783,"items_purged":[],"score":279,"play_id":"1739ff2e-34f1-4659-baa7-aa6dee4056e3","local_time":"20210115161408","is_ascension_mode":false,"campfire_choices":[{"data":"Slimebound:CorrosiveSpit","floor":1.0,"key":"SMITH"},{"floor":8.0,"key":"RECALL"},{"data":"Slimebound:WasteNot","floor":12,"key":"SMITH"},{"data":"Slimebound:OozeBath","floor":18,"key":"SMITH"},{"data":"Slimebound:Gluttony","floor":27,"key":"SMITH"}],"circlet_count":0,"master_deck":["Slimebound:Strike_Slimebound","Slimebound:Strike_Slimebound","Slimebound:Strike_Slimebound","Slimebound:Tackle","Slimebound:Defend_Slimebound","Slimebound:Defend_Slimebound","Slimebound:Defend_Slimebound","Slimebound:Defend_Slimebound","Slimebound:Split","Slimebound:CorrosiveSpit+1","Slimebound:LeechingTouch","Slimebound:LivingWall","Slimebound:Dissolve","Slimebound:Gluttony+1","Slimebound:WasteNot+1","Slimebound:AcidTongue","Slimebound:SlimeTap","Slimebound:OozeBath+1","Slimebound:Nibble","Slimebound:Equalize+1","Slimebound:OozeBath+1"],"relics":["Slimebound:AbsorbEndCombat","downfall:HeartBlessingBlue","Lantern","Black Star","Molten Egg 2","Pear","downfall:HeartBlessingRed"],"acts_visited":["Exordium","TheCity"],"potions_floor_usage":[16,19,28],"damage_taken":[{"damage":9.0,"enemies":"2 Louse","floor":2.0,"turns":2.0},{"damage":13.0,"enemies":"Jaw Worm","floor":5.0,"turns":3.0},{"damage":4.0,"enemies":"Cultist","floor":6.0,"turns":3.0},{"damage":7.0,"enemies":"Red Slaver","floor":9.0,"turns":3.0},{"damage":11.0,"enemies":"downfall:FleeingMerchant","floor":10.0,"turns":4.0},{"damage":7,"enemies":"Large Slime","floor":11,"turns":4},{"damage":44,"enemies":"Gremlin Nob","floor":13,"turns":4},{"damage":4,"enemies":"2 Fungi Beasts","floor":14,"turns":4},{"damage":10,"enemies":"Red Slaver","floor":15,"turns":4},{"damage":47,"enemies":"downfall:Silent","floor":16,"turns":7},{"damage":33,"enemies":"3 Byrds","floor":19,"turns":6},{"damage":48,"enemies":"Centurion and Healer","floor":20,"turns":8},{"damage":18,"enemies":"Snecko","floor":21,"turns":6},{"damage":23,"enemies":"downfall:FleeingMerchant","floor":22,"turns":4},{"damage":46,"enemies":"3 Cultists","floor":26,"turns":7},{"damage":45,"enemies":"Snake Plant","floor":28,"turns":4},{"damage":31,"enemies":"Shelled Parasite and Fungi","floor":29,"turns":2}],"seed_played":"7516823926275915597","potions_obtained":[{"floor":2.0,"key":"Energy Potion"},{"floor":6.0,"key":"GamblersBrew"},{"floor":11,"key":"Block Potion"},{"floor":16,"key":"EssenceOfSteel"},{"floor":26,"key":"SkillPotion"}],"is_trial":false,"path_per_floor":["R","M","?","?","M","M","T","R","M","$","M","R","E","M","M","B",null,"R","M","M","M","$","?","T","?","M","R","M","M"],"character_chosen":"SLIMEBOUND","items_purchased":["Molten Egg 2"],"campfire_rested":0,"item_purchase_floors":[22],"current_hp_per_floor":[66,63,68,68,65,69,69,79,81,81,81,81,53,61,59,40,81,81,68,46,46,57,45,55,55,39,39,20,0,0,0],"gold":161,"neow_bonus":"TEN_PERCENT_HP_BONUS","is_daily":false,"chose_seed":false,"campfire_upgraded":4,"win_rate":0.0,"timestamp":1610698448,"path_taken":["R","M","?","?","M","M","T","R","M","$","M","R","E","M","M","BOSS","R","M","M","M","$","?","T","?","M","R","M","M"],"items_purchased_type":["Relic"],"build_version":"2020-12-22","purchased_purges":0,"victory":false,"max_hp_per_floor":[66,66,71,71,71,71,71,81,81,81,81,81,81,81,81,81,81,81,81,81,81,81,81,91,91,91,91,91,91,91,91],"card_choices":[{"not_picked":["Slimebound:FirmFortitude","Slimebound:ComboTackle"],"picked":"Slimebound:LeechingTouch","floor":2.0},{"not_picked":["Slimebound:SplitMire","Slimebound:SplitAcid"],"picked":"Slimebound:LivingWall","floor":5.0},{"not_picked":["Slimebound:SplitAcid","Slimebound:Prepare"],"picked":"Slimebound:Dissolve","floor":6.0},{"not_picked":["Slimebound:RollThrough","Slimebound:SplitMire","Slimebound:SplitBruiser"],"picked":"SKIP","floor":9.0},{"not_picked":["Slimebound:SplitBruiser","Slimebound:HauntingLick"],"picked":"Slimebound:Gluttony","floor":10.0},{"not_picked":["Slimebound:ViciousTackle","Slimebound:RollThrough"],"picked":"Slimebound:WasteNot","floor":11},{"not_picked":["Slimebound:RollThrough","Slimebound:LeechEnergy"],"picked":"Slimebound:AcidTongue","floor":13},{"not_picked":["Slimebound:SplitBruiser","Slimebound:ComboTackle"],"picked":"Slimebound:SlimeTap","floor":14},{"not_picked":["Slimebound:SplitMire","Slimebound:DisruptingSlam","Slimebound:LeechingTouch"],"picked":"SKIP","floor":15},{"not_picked":["Slimebound:Teamwork","Slimebound:RallyTheTroops"],"picked":"Slimebound:OozeBath","floor":16},{"not_picked":["Slimebound:SamplingLick","Slimebound:ComboTackle","Slimebound:FirmFortitude"],"picked":"SKIP","floor":19},{"not_picked":["Slimebound:LeadByExample","Slimebound:SplitMire"],"picked":"Slimebound:Nibble","floor":20},{"not_picked":["Slimebound:SplitAcid","Slimebound:SpikyOuterGoop"],"picked":"Slimebound:Equalize+1","floor":21},{"not_picked":["Slimebound:ViciousTackle","Slimebound:RollThrough+1","Slimebound:SplitLeeching"],"picked":"SKIP","floor":22},{"not_picked":["Slimebound:Dissolve","Slimebound:Teamwork","Slimebound:RollThrough+1"],"picked":"SKIP","floor":26},{"not_picked":["Slimebound:RollThrough+1","Slimebound:PressTheAttack+1","Slimebound:SlimeBarrage+1"],"picked":"SKIP","floor":28}],"player_experience":760251,"relics_obtained":[{"floor":13,"key":"Lantern"},{"floor":24,"key":"Pear"}],"event_choices":[{"damage_healed":0.0,"max_hp_gain":5.0,"max_hp_loss":0.0,"gold_gain":0.0,"event_name":"Big Fish","player_choice":"Donut","floor":3.0,"gold_loss":0.0,"damage_taken":0.0},{"damage_healed":0,"gold_gain":0,"player_choice":"Copied","damage_taken":0,"max_hp_gain":0,"max_hp_loss":0,"event_name":"Duplicator","floor":25,"gold_loss":0,"cards_obtained":["Slimebound:OozeBath"]}],"is_beta":false,"boss_relics":[{"not_picked":["Cursed Key","Busted Crown"],"picked":"Black Star"}],"items_purged_floors":[],"is_endless":false,"potions_floor_spawned":[2,6,11,16,26],"killed_by":"Shelled Parasite and Fungi","ascension_level":0}}