{"host":"sav7uxregyirlf69","time":1610722465,"event":{"mods":["AchievementEnabler","BaseMod","Colored Map","DeckTracker","Keyboard Shortcuts","Minty Spire (QoL Compilation)","READ ME - Guardian Mod","StSLib","SuperFastMode"],"gold_per_floor":[118,133,133,133,146,146,146,146,146,146,176,193,203,15,15,15,15],"floor_reached":16,"language":"KOR","playtime":224,"items_purged":["Strike_B"],"score":200,"play_id":"f8a995af-5120-42d8-81d1-1e98dbe65cfc","local_time":"20210115235425","is_ascension_mode":true,"campfire_choices":[{"data":"Sunder","floor":6,"key":"SMITH"},{"data":"Dualcast","floor":8,"key":"SMITH"},{"floor":10,"key":"REST"},{"data":"Hologram","floor":15,"key":"SMITH"}],"circlet_count":0,"master_deck":["AscendersBane","Strike_B","Strike_B+1","Defend_B","Defend_B","Defend_B","Defend_B","Zap+1","Dualcast+1","Gash","Sunder+1","Conserve Battery","Hologram+1","Rebound","Lockon","Gash","Hologram"],"relics":["Black Star","Mercury Hourglass","Ancient Tea Set","CaptainsWheel"],"acts_visited":["Exordium"],"potions_floor_usage":[],"damage_taken":[{"damage":5,"enemies":"2 Louse","floor":1,"turns":3},{"damage":9,"enemies":"Small Slimes","floor":2,"turns":4},{"damage":9,"enemies":"Jaw Worm","floor":5,"turns":3},{"damage":15,"enemies":"3 Sentries","floor":11,"turns":6},{"damage":1,"enemies":"Red Slaver","floor":12,"turns":4},{"damage":2,"enemies":"3 Louse","floor":13,"turns":3},{"damage":44,"enemies":"Hexaghost","floor":16,"turns":9}],"seed_played":"8595403512903641943","potions_obtained":[{"floor":11,"key":"Energy Potion"}],"is_trial":false,"path_per_floor":["M","M","?","?","M","R","?","R","T","R","E","M","M","$","R","B"],"character_chosen":"DEFECT","items_purchased":["Gash","Hologram"],"campfire_rested":1,"item_purchase_floors":[14,14],"current_hp_per_floor":[59,50,29,52,43,43,36,36,36,57,42,41,39,39,39,0,0],"gold":15,"neow_bonus":"BOSS_RELIC","is_daily":false,"chose_seed":false,"campfire_upgraded":3,"win_rate":0.0,"timestamp":1610722465,"path_taken":["M","M","?","?","M","R","?","R","T","R","E","M","M","$","R","BOSS"],"items_purchased_type":["Card","Card"],"build_version":"2020-12-22","purchased_purges":1,"victory":false,"max_hp_per_floor":[71,71,71,71,71,71,71,71,71,71,71,71,71,71,71,71,71],"card_choices":[{"not_picked":["Coolheaded","Steam"],"picked":"Gash","floor":1},{"not_picked":["Gash","Go for the Eyes"],"picked":"Sunder","floor":2},{"not_picked":["Steam","Turbo"],"picked":"Conserve Battery","floor":5},{"not_picked":["Rebound","Consume"],"picked":"Hologram","floor":11},{"not_picked":["Consume","Steam"],"picked":"Rebound","floor":12},{"not_picked":["Leap","Buffer"],"picked":"Lockon","floor":13}],"player_experience":1287089,"relics_obtained":[{"floor":9,"key":"Mercury Hourglass"},{"floor":11,"key":"Ancient Tea Set"},{"floor":11,"key":"CaptainsWheel"}],"event_choices":[{"damage_healed":0,"gold_gain":0,"player_choice":"Entered Light","damage_taken":21,"max_hp_gain":0,"max_hp_loss":0,"event_name":"Shining Light","floor":3,"gold_loss":0,"cards_upgraded":["Zap","Strike_B"]},{"damage_healed":23,"gold_gain":0,"player_choice":"Banana","damage_taken":0,"max_hp_gain":0,"max_hp_loss":0,"event_name":"Big Fish","floor":4,"gold_loss":0},{"cards_removed":["Strike_B"],"damage_healed":0,"gold_gain":0,"player_choice":"Card Removal","damage_taken":7,"max_hp_gain":0,"max_hp_loss":0,"event_name":"Golden Wing","floor":7,"gold_loss":0}],"is_beta":false,"boss_relics":[],"items_purged_floors":[14],"is_endless":false,"potions_floor_spawned":[11],"killed_by":"Hexaghost","ascension_level":20}}