{"host":"8oad2sh1i7kph5eo","time":1610703572,"event":{"mods":["AchievementEnabler","BaseMod","Minty Spire (QoL Compilation)","Spicy Shops","StSLib","The Bladedancer","The Hierophant","The Poker Player","The Wild Card"],"gold_per_floor":[90,90,15,30,42,42,42,42,92,82,82],"floor_reached":10,"language":"ENG","playtime":735,"items_purged":["Regret"],"score":59,"play_id":"992cfab5-2be5-460f-965d-91cc8b26ee95","local_time":"20210115013932","is_ascension_mode":true,"campfire_choices":[{"data":"Forethought","floor":6,"key":"SMITH"},{"data":"hierophant:Bribe","floor":8,"key":"SMITH"}],"circlet_count":0,"master_deck":["hierophant:Strike_Hierophant","hierophant:Strike_Hierophant","hierophant:Strike_Hierophant","hierophant:Strike_Hierophant","hierophant:Punish","hierophant:Defend_Hierophant","hierophant:Defend_Hierophant","hierophant:Defend_Hierophant","hierophant:Defend_Hierophant","hierophant:ChurchCoffers","Forethought+1","hierophant:DisplayOfPower+1","hierophant:Racketeering","hierophant:Bribe+1"],"relics":["hierophant:PropheticMaskRelic","Dream Catcher","Nunchaku"],"acts_visited":["Exordium"],"potions_floor_usage":[3],"damage_taken":[{"damage":0,"enemies":"Small Slimes","floor":1,"turns":3},{"damage":6,"enemies":"Jaw Worm","floor":4,"turns":3},{"damage":4,"enemies":"Cultist","floor":5,"turns":4},{"damage":38,"enemies":"Lagavulin","floor":10,"turns":9}],"seed_played":"4665421367222862387","potions_obtained":[{"floor":1,"key":"Fruit Juice"}],"is_trial":false,"path_per_floor":["M","?","$","M","M","R","?","R","T","E"],"character_chosen":"HIEROPHANT","items_purchased":[],"campfire_rested":0,"item_purchase_floors":[],"current_hp_per_floor":[75,75,80,74,70,70,70,70,70,32,32],"gold":82,"neow_bonus":"RANDOM_COLORLESS","is_daily":false,"chose_seed":false,"campfire_upgraded":2,"win_rate":0.0,"timestamp":1610703572,"path_taken":["M","?","$","M","M","R","?","R","T","E"],"items_purchased_type":[],"build_version":"2020-12-22","purchased_purges":1,"victory":false,"max_hp_per_floor":[75,75,80,80,80,80,80,80,80,80,80],"card_choices":[{"not_picked":["Jack Of All Trades","Good Instincts"],"picked":"Forethought","floor":0},{"not_picked":["hierophant:SealAway","hierophant:Martyrdom"],"picked":"hierophant:DisplayOfPower","floor":1},{"not_picked":["hierophant:Flagellation","hierophant:PassingBell"],"picked":"hierophant:Racketeering","floor":4},{"not_picked":["hierophant:SolarFlare","hierophant:OrnateBuckler"],"picked":"hierophant:Bribe","floor":5}],"player_experience":301961,"relics_obtained":[{"floor":9,"key":"Nunchaku"}],"event_choices":[{"damage_healed":0,"gold_gain":0,"player_choice":"Box","damage_taken":0,"relics_obtained":["Dream Catcher"],"max_hp_gain":0,"max_hp_loss":0,"event_name":"Big Fish","floor":2,"gold_loss":0,"cards_obtained":["Regret"]},{"damage_healed":0,"gold_gain":0,"player_choice":"Grow","damage_taken":0,"max_hp_gain":0,"max_hp_loss":0,"event_name":"Living Wall","floor":7,"gold_loss":0,"cards_upgraded":["hierophant:DisplayOfPower"]}],"is_beta":false,"boss_relics":[],"items_purged_floors":[3],"is_endless":false,"potions_floor_spawned":[1],"killed_by":"Lagavulin","ascension_level":1}}