{"host":"7zdktqb5xjtif29d","time":1610735891,"event":{"mods":["AchievementEnabler","BaseMod","Colored Map","Colored Powertips","Highlight Path","Minty Spire (QoL Compilation)","Rare Cards Sparkle","SuperFastMode","Waifu the Spire","everything is the same but u backflip on backflip"],"gold_per_floor":[117,117,43,62,62,87,87,107,134,15,46,60,60,90,90,90,90],"floor_reached":16,"language":"ENG","playtime":630,"items_purged":[],"score":124,"play_id":"d074d138-10f0-4ac6-8489-55247f4c233f","local_time":"20210115183811","is_ascension_mode":true,"campfire_choices":[{"floor":7.0,"key":"REST"},{"floor":15.0,"key":"REST"}],"circlet_count":0,"master_deck":["Strike_B","Strike_B","Defend_B","Defend_B","Defend_B+1","Defend_B","Zap","Dualcast","Storm+1","Capacitor","Conserve Battery","Heatsinks","Lockon","Loop"],"relics":["Cracked Core","Bronze Scales","Anchor","Incense Burner","Orichalcum"],"acts_visited":["Exordium"],"potions_floor_usage":[],"damage_taken":[{"damage":5.0,"enemies":"Jaw Worm","floor":1.0,"turns":4.0},{"damage":1.0,"enemies":"Cultist","floor":4.0,"turns":5.0},{"damage":32.0,"enemies":"Lagavulin","floor":6.0,"turns":8.0},{"damage":6.0,"enemies":"2 Louse","floor":8.0,"turns":3.0},{"damage":37.0,"enemies":"3 Sentries","floor":11.0,"turns":7.0},{"damage":7.0,"enemies":"Exordium Wildlife","floor":12.0,"turns":4.0},{"damage":1.0,"enemies":"Lagavulin","floor":14.0,"turns":4.0},{"damage":27,"enemies":"Slime Boss","floor":16,"turns":3}],"seed_played":"4556021280050618999","potions_obtained":[{"floor":4.0,"key":"Block Potion"},{"floor":8.0,"key":"Strength Potion"},{"floor":14.0,"key":"Explosive Potion"}],"is_trial":false,"path_per_floor":["M","?","$","M","?","E","R","M","T","$","E","M","?","E","R","B"],"character_chosen":"DEFECT","items_purchased":["Capacitor","Heatsinks","Lockon"],"campfire_rested":2,"item_purchase_floors":[3,10,10],"current_hp_per_floor":[77,77,77,76,76,44,68,62,62,62,25,18,2,1,25,0,0],"gold":90,"neow_bonus":"TEN_PERCENT_HP_BONUS","is_daily":false,"chose_seed":false,"campfire_upgraded":0,"win_rate":0.0,"timestamp":1610735891,"path_taken":["M","?","?","M","?","E","R","M","T","$","E","?","?","E","R","BOSS"],"items_purchased_type":["Card","Card","Card"],"build_version":"2020-12-22","purchased_purges":0,"victory":false,"max_hp_per_floor":[82,82,82,82,82,82,82,82,82,82,82,82,82,82,82,82,82],"card_choices":[{"not_picked":["Steam","Go for the Eyes"],"picked":"Storm","floor":1.0},{"not_picked":["Redo","Stack","Steam Power"],"picked":"SKIP","floor":4.0},{"not_picked":["Streamline","Sweeping Beam"],"picked":"Conserve Battery","floor":6.0},{"not_picked":["Auto Shields","Streamline","Go for the Eyes"],"picked":"SKIP","floor":8.0},{"not_picked":["Leap","Darkness","Streamline"],"picked":"SKIP","floor":11.0},{"not_picked":["Ball Lightning","Turbo"],"picked":"Loop","floor":12.0},{"not_picked":["Glacier","Scrape","Aggregate"],"picked":"SKIP","floor":14.0}],"player_experience":213771,"relics_obtained":[{"floor":6.0,"key":"Bronze Scales"},{"floor":9.0,"key":"Anchor"},{"floor":11.0,"key":"Incense Burner"},{"floor":14.0,"key":"Orichalcum"}],"event_choices":[{"cards_removed":["Strike_B"],"damage_healed":0.0,"max_hp_gain":0.0,"max_hp_loss":0.0,"gold_gain":0.0,"event_name":"Bonfire Elementals","player_choice":"Offered Basic","floor":2.0,"gold_loss":0.0,"damage_taken":0.0},{"cards_removed":["Strike_B"],"damage_healed":0.0,"max_hp_gain":0.0,"max_hp_loss":0.0,"gold_gain":0.0,"event_name":"Living Wall","player_choice":"Forget","floor":5.0,"gold_loss":0.0,"damage_taken":0.0},{"damage_healed":0.0,"max_hp_gain":0.0,"max_hp_loss":0.0,"gold_gain":0.0,"event_name":"Shining Light","player_choice":"Entered Light","floor":13.0,"gold_loss":0.0,"damage_taken":16.0,"cards_upgraded":["Storm","Defend_B"]}],"is_beta":false,"boss_relics":[],"items_purged_floors":[],"is_endless":false,"potions_floor_spawned":[4,8,14],"killed_by":"Slime Boss","ascension_level":1}}