{"host":"KYO","time":1610710337,"event":{"mods":["ATMod(°¢èªMod)","BaseMod","BetterRewards","Minty Spire (QoL Compilation)","Shop Mod","StSLib","SuperFastMode","[IsaacMod]ÒÔÈö¼âËþ","¡¾ÒÅÎï¿¨ÅÆ¡¿REMEMod"],"gold_per_floor":[4175,4182,4182,4377,4377,4566,4759,4950,5030,5030,5103,5547,5741,5929,6115,6115,6415,6604,6604,6792,7238,7432,7505,7944,8143,8594,8789,8985,8985,9230,9230,9320,9558,9629,203,203,394,394,642,642,827,827,1073,1314,1503,1503,1758,1758,1946,2148,2389,2533,2533,2533,2533,2744,2826,3025,3025,3273,3573,3759,3759,4162,4463,4463,4463,4463,4774,5010],"floor_reached":57,"language":"ZHS","playtime":2518,"items_purged":["Strike_G","Defend_G","Strike_G","Defend_G","Strike_G","Defend_G","Strike_G","Strike_G","Defend_G+1","Defend_G+1","Halt+1","EpicFetus+1","Neutralize+1","Survivor+1"],"score":6389,"play_id":"7dbd48db-3b38-4346-8b7e-5e6b591b011b","local_time":"20210115193217","is_ascension_mode":true,"campfire_choices":[{"floor":15,"key":"RECALL"},{"data":"1","floor":15,"key":"LIFT"},{"data":"2","floor":24,"key":"LIFT"},{"data":"3","floor":28,"key":"LIFT"},{"floor":32,"key":"DIG"},{"floor":40,"key":"DIG"},{"floor":49,"key":"DIG"},{"floor":53,"key":"DIG"}],"circlet_count":68,"master_deck":["AscendersBane","AT_CaressingTears+1","Tactician+1","REME_GreenPollution+1","Adrenaline+1","REME_Flogging+1","Prepared+1","Reflex+1"],"relics":["Ring of the Snake","HushsDoor","AT_ATBox","REME_ComplimentaryCards","AnarchistCookbook","BookofShadows","MerchantsRug","Bronze Scales","SteamSale","Frozen Egg 2","AT_MibuBalloonWealth","Membership Card","AT_RedTearstoneRing","AT_ArchangelStaff","Habit","Blue Candle","TheAbacus","Pen Nib","Boot","AT_GuinsooRageblade","ClockworkSouvenir","AT_ChloranthyRing","Juzu Bracelet","REME_CardOfGreed","REME_IWantAll","Toy Ornithopter","Centennial Puzzle","AT_PhaseBoots","Vajra","Frozen Eye","GnawedLeaf","Pantograph","TwistedFunnel","AT_RabadonDeathcap","Gambling Chip","AT_BladeRuinedKing","Medical Kit","Snake Skull","NineVolt","Ancient Tea Set","Lee\u0027s Waffle","Anchor","MealTicket","REME_LimitBreaker","Bag of Marbles","Mummified Hand","Blood Vial","Calipers","AT_ImmortalShieldbow","Tough Bandages","BookOfRevelations","Meat on the Bone","Potion Belt","BelialBook","Girya","Thread and Needle","HandDrill","GuppysTail","Lantern","REME_ArchaeologicalTools","AT_SilvercatRing","Leech","REME_PoisonedDagger","TungstenRod","Letter Opener","OrangePellets","Kunai","TheBattery","Molten Egg 2","Singing Bowl","War Paint","Turnip","Orichalcum","Mercury Hourglass","YumHeart","Cauldron","Dream Catcher","InkBottle","AT_SunfireAegis","AT_RedNoBalance","Gremlin Horn","Diplopia","Tiny Chest","TheBean","AT_BellDemon","REME_HourglassOfDeath","Chemical X","BFFS","HowToJump","AT_EbonyIvory","Art of War","Akabeko","Sling","Prayer Wheel","SalivaCoin","Oddly Smooth Stone","PreservedInsect","CeramicFish","D4","StoneCalendar","Eternal Feather","AT_BellowingDragoncrestRing","Happy Flower","Bag of Preparation","Paper Crane","Ornamental Fan","Omamori","Nunchaku","Regal Pillow","Ginger","Du-Vu Doll","Orrery","HornCleat","AT_DeathDance","TuHaoJin","TheBible","White Beast Statue","BloodDonationMachine","Darkstone Periapt","The Specimen","DeadEye","PrismaticShard","SatanicBible","SharpPlug","DeathBook","FossilizedHelix","DoctorsRemote","Sundial","AT_Kusabimaru","GuppysPaw","CaptainsWheel","Shuriken","PokeGo","UnicornStump","StrikeDummy","Question Card","PillsDrop","Incense Burner","AT_ForceNature","Unceasing Top","Ice Cream","Shovel","Lizard Tail","AT_TheCollector","BlankCard","MoneyPower","Toxic Egg 2","GuppysHead","Bird Faced Urn","Bottled Tornado","Pocketwatch","PunchingBag","WingedGreaves","EdensBlessing","Chaos","WristBlade","Runic Capacitor","Red Skull","SacredBark","REME_ChargedStone","AT_LudenTempest","JudasShadow","Nuclear Battery","MomsKnife","Tingsha","ChampionBelt","Runic Cube","Torii","REME_DemonsWealth","Cables","SlaversCollar","Emotion Chip","HoveringKite","Circlet","Golden Idol","Void","REME_PuzzleBoxRelic","Matryoshka","AT_Manta","AT_RedNoBalance","Pear","Bottled Lightning","Dead Branch","AT_GoldPhoenixTree","Damocles","D6","MagicMushroom","AT_TrinityForce","Toolbox"],"acts_visited":["TheCity","TheBeyond","TheEnding"],"potions_floor_usage":[],"damage_taken":[{"damage":0,"enemies":"3 Sentries","floor":1,"turns":1},{"damage":0,"enemies":"Gremlin Nob","floor":4,"turns":1},{"damage":0,"enemies":"Lagavulin","floor":6,"turns":1},{"damage":0,"enemies":"Gremlin Nob","floor":7,"turns":1},{"damage":0,"enemies":"Lagavulin","floor":8,"turns":1},{"damage":0,"enemies":"3 Sentries","floor":12,"turns":1},{"damage":0,"enemies":"Gremlin Nob","floor":13,"turns":1},{"damage":0,"enemies":"Lagavulin","floor":14,"turns":1},{"damage":0,"enemies":"Gremlin Nob","floor":1,"turns":1},{"damage":0,"enemies":"Lagavulin","floor":4,"turns":1},{"damage":0,"enemies":"Gremlin Nob","floor":6,"turns":1},{"damage":0,"enemies":"3 Sentries","floor":7,"turns":1},{"damage":0,"enemies":"Gremlin Nob","floor":8,"turns":1},{"damage":0,"enemies":"3 Sentries","floor":10,"turns":1},{"damage":0,"enemies":"Gremlin Nob","floor":11,"turns":1},{"damage":0,"enemies":"3 Sentries","floor":12,"turns":1},{"damage":0,"enemies":"Gremlin Nob","floor":13,"turns":1},{"damage":0,"enemies":"Lagavulin","floor":14,"turns":1},{"damage":0,"enemies":"Slime Boss","floor":16,"turns":1},{"damage":0,"enemies":"REME_1_Revenger","floor":18,"turns":1},{"damage":0,"enemies":"Gremlin Leader","floor":19,"turns":1},{"damage":0,"enemies":"2 Thieves","floor":21,"turns":1},{"damage":0,"enemies":"Book of Stabbing","floor":23,"turns":1},{"damage":0,"enemies":"Slavers","floor":25,"turns":1},{"damage":0,"enemies":"Book of Stabbing","floor":27,"turns":1},{"damage":0,"enemies":"Gremlin Leader","floor":29,"turns":1},{"damage":0,"enemies":"Slavers","floor":30,"turns":1},{"damage":0,"enemies":"Book of Stabbing","floor":31,"turns":1},{"damage":0,"enemies":"Collector","floor":33,"turns":1},{"damage":0,"enemies":"Nemesis","floor":35,"turns":1},{"damage":0,"enemies":"Giant Head","floor":36,"turns":1},{"damage":0,"enemies":"Reptomancer","floor":37,"turns":1},{"damage":0,"enemies":"2 Orb Walkers","floor":38,"turns":1},{"damage":0,"enemies":"Giant Head","floor":42,"turns":1},{"damage":0,"enemies":"Nemesis","floor":44,"turns":1},{"damage":0,"enemies":"Reptomancer","floor":46,"turns":1},{"damage":0,"enemies":"Mind Bloom Boss Battle","floor":48,"turns":1},{"damage":0,"enemies":"Awakened One","floor":50,"turns":2},{"damage":0,"enemies":"Donu and Deca","floor":51,"turns":1},{"damage":0,"enemies":"Shield and Spear","floor":55,"turns":1},{"damage":0,"enemies":"The Heart","floor":56,"turns":4}],"seed_played":"-5010933943203071162","potions_obtained":[{"floor":0,"key":"GhostInAJar"},{"floor":0,"key":"Explosive Potion"},{"floor":0,"key":"DuplicationPotion"},{"floor":0,"key":"Energy Potion"},{"floor":0,"key":"PowerPotion"},{"floor":0,"key":"Explosive Potion"},{"floor":0,"key":"PowerPotion"},{"floor":0,"key":"GhostInAJar"},{"floor":0,"key":"DuplicationPotion"},{"floor":0,"key":"Energy Potion"},{"floor":1,"key":"GhostInAJar"},{"floor":8,"key":"Explosive Potion"},{"floor":10,"key":"Block Potion"},{"floor":12,"key":"DuplicationPotion"},{"floor":13,"key":"LiquidBronze"},{"floor":18,"key":"Fire Potion"}],"is_trial":false,"path_per_floor":["M","?","$","M","?","E","M","E","T","$","T","E","M","E","R","M","?","?","M","$","E","E","E","T","E","E","M","M","E","R","B",null,"M","M","T","M","?","M","R","E","T","E","R","E","M","E","R","B",null,"M","M","M","?","?","R","T","E","T","E","$","E","?","?","R","B","B",null,"R","$","E","B",null],"character_chosen":"THE_SILENT","items_purchased":["BookofShadows","MerchantsRug","Bronze Scales","Tactician","SteamSale","Frozen Egg 2","AT_MibuBalloonWealth","Acrobatics","Membership Card","AT_RedTearstoneRing","AT_ArchangelStaff","Habit","REME_GreenPollution+1","Blue Candle","TheAbacus","Pen Nib","Adrenaline","Boot","AT_GuinsooRageblade","ClockworkSouvenir","AT_ChloranthyRing","REME_Flogging+1","Juzu Bracelet","REME_CardOfGreed","REME_IWantAll","Toy Ornithopter","Centennial Puzzle","Prepared","AT_SpeedBoots","Vajra","Frozen Eye","GnawedLeaf","Pantograph","TwistedFunnel","AT_RabadonDeathcap","Gambling Chip","AT_BladeRuinedKing","Medical Kit","Snake Skull","NineVolt","Ancient Tea Set","Lee\u0027s Waffle","Anchor","MealTicket","REME_LimitBreaker","Bag of Marbles","Mummified Hand","Blood Vial","Calipers","AT_ImmortalShieldbow","Tough Bandages","BookOfRevelations","Meat on the Bone","Potion Belt","BelialBook","Girya","Thread and Needle","HandDrill","GuppysTail","Lantern","REME_ArchaeologicalTools","AT_SilvercatRing","Leech","REME_PoisonedDagger","TungstenRod","Letter Opener","OrangePellets","Kunai","TheBattery","Strawberry","Matryoshka","Molten Egg 2","Singing Bowl","War Paint","Turnip","Orichalcum","Mercury Hourglass","YumHeart","Cauldron","Dream Catcher","InkBottle","AT_SunfireAegis","AT_SilverBalance","Gremlin Horn","Diplopia","Tiny Chest","TheBean","AT_BellDemon","REME_HourglassOfDeath","Chemical X","Pear","BFFS","HowToJump","AT_EbonyIvory","Art of War","Akabeko","Sling","Prayer Wheel","SalivaCoin","Oddly Smooth Stone","PreservedInsect","CeramicFish","D4","StoneCalendar","Eternal Feather","AT_BellowingDragoncrestRing","Happy Flower","Bag of Preparation","Paper Crane","Ornamental Fan","ForgetMeNow","Omamori","Nunchaku","Regal Pillow","Ginger","Du-Vu Doll","Orrery","Whetstone","Reflex","HornCleat","AT_DeathDance","TuHaoJin","TheBible","White Beast Statue","BloodDonationMachine","Darkstone Periapt","The Specimen","DeadEye","PrismaticShard","SatanicBible","SharpPlug","DeathBook","FossilizedHelix","DoctorsRemote","Sundial","AT_Kusabimaru","GuppysPaw","CaptainsWheel","Shuriken","PokeGo","UnicornStump","StrikeDummy","Question Card","PillsDrop","Incense Burner","AT_ForceNature","Unceasing Top","Ice Cream","Shovel","Lizard Tail","AT_TheCollector","BlankCard","MoneyPower","Toxic Egg 2","GuppysHead","Bird Faced Urn","Bottled Tornado","Pocketwatch","Mango","PunchingBag","WingedGreaves","EdensBlessing","Chaos","WristBlade","Runic Capacitor","Red Skull","SacredBark","REME_ChargedStone","AT_LudenTempest","JudasShadow","Nuclear Battery","MomsKnife","Tingsha","ChampionBelt","Runic Cube","Torii","REME_DemonsWealth","Cables","SlaversCollar","Emotion Chip","HoveringKite","Calling Bell","Mango","Matryoshka","AT_Manta","AT_SilverBalance","Pear","Circlet","Circlet","Toolbox","Circlet","Circlet"],"campfire_rested":0,"item_purchase_floors":[0,0,0,0,0,0,0,0,0,0,0,0,0,0,0,0,0,0,0,0,0,0,0,0,0,0,0,0,0,0,0,0,0,0,0,0,0,0,0,0,0,0,0,0,0,0,0,0,0,0,0,0,0,0,0,0,0,0,0,0,0,0,0,0,0,0,0,0,0,0,0,0,0,0,0,0,0,0,0,0,0,0,0,0,0,0,0,0,0,0,0,0,0,0,0,0,0,0,0,0,0,0,0,0,0,0,0,0,0,0,0,0,0,0,0,0,0,0,0,0,0,0,0,0,0,0,0,0,0,0,0,0,0,0,0,0,0,0,0,0,0,0,0,0,0,0,0,0,0,0,0,0,0,0,0,0,0,0,0,0,0,0,0,0,0,0,0,0,0,0,0,0,0,0,0,0,0,0,0,0,0,0,5,5,5,5,5,45,45,54,54,54],"current_hp_per_floor":[70,44,59,70,70,84,93,104,109,124,134,140,151,162,186,186,186,189,213,110,118,122,122,133,147,163,177,191,194,223,270,287,301,311,322,322,336,339,353,358,370,370,382,394,406,411,416,416,428,440,452,454,454,454,454,456,456,461,461,463,463,465,465,465,465,465,465,465,467,467],"gold":5010,"neow_bonus":"","is_daily":false,"chose_seed":false,"campfire_upgraded":0,"win_rate":0.0,"timestamp":1610710337,"path_taken":["M","?","$","M","?","E","M","E","T","?","?","E","M","E","R","M","?","?","M","?","E","E","E","T","E","E","M","M","E","R","BOSS","M","M","?","M","?","M","R","E","T","E","R","E","M","E","R","BOSS","M","M","M","?","?","R","?","E","T","E","$","E","?","?","R","BOSS","BOSS","R","$","E","BOSS"],"items_purchased_type":["Relic","Relic","Relic","Card","Relic","Relic","Relic","Card","Relic","Relic","Relic","Relic","Card","Relic","Relic","Relic","Card","Relic","Relic","Relic","Relic","Card","Relic","Relic","Relic","Relic","Relic","Card","Relic","Relic","Relic","Relic","Relic","Relic","Relic","Relic","Relic","Relic","Relic","Relic","Relic","Relic","Relic","Relic","Relic","Relic","Relic","Relic","Relic","Relic","Relic","Relic","Relic","Relic","Relic","Relic","Relic","Relic","Relic","Relic","Relic","Relic","Relic","Relic","Relic","Relic","Relic","Relic","Relic","Relic","Relic","Relic","Relic","Relic","Relic","Relic","Relic","Relic","Relic","Relic","Relic","Relic","Relic","Relic","Relic","Relic","Relic","Relic","Relic","Relic","Relic","Relic","Relic","Relic","Relic","Relic","Relic","Relic","Relic","Relic","Relic","Relic","Relic","Relic","Relic","Relic","Relic","Relic","Relic","Relic","Relic","Relic","Relic","Relic","Relic","Relic","Relic","Relic","Card","Relic","Relic","Relic","Relic","Relic","Relic","Relic","Relic","Relic","Relic","Relic","Relic","Relic","Relic","Relic","Relic","Relic","Relic","Relic","Relic","Relic","Relic","Relic","Relic","Relic","Relic","Relic","Relic","Relic","Relic","Relic","Relic","Relic","Relic","Relic","Relic","Relic","Relic","Relic","Relic","Relic","Relic","Relic","Card","Relic","Relic","Relic","Relic","Relic","Relic","Relic","Relic","Relic","Relic","Relic","Relic","Relic","Relic","Relic","Relic","Relic","Relic","Relic","Relic","Relic","Relic","Relic","Relic","Undefined","Undefined","Relic","Undefined","Undefined"],"build_version":"2020-12-18","purchased_purges":14,"victory":true,"max_hp_per_floor":[121,121,121,128,128,138,145,152,157,157,167,164,171,178,187,187,187,189,213,215,217,219,219,226,238,250,262,274,274,276,283,298,310,320,329,329,341,341,353,358,370,370,382,394,406,411,416,416,428,440,452,454,454,454,454,456,456,461,461,463,463,465,465,465,465,465,465,465,467,467],"card_choices":[{"not_picked":[],"picked":"EpicFetus","floor":0},{"not_picked":["Distraction","Concentrate","AT_ThistleTea"],"picked":"Singing Bowl","floor":0},{"not_picked":["REME_CopyPotion","Bane+1","Acrobatics"],"picked":"Singing Bowl","floor":0},{"not_picked":["Well Laid Plans+1","Dodge and Roll","AT_TinkerSharpsword"],"picked":"Singing Bowl","floor":0},{"not_picked":["Dagger Spray+1","Sucker Punch+1","Calculated Gamble"],"picked":"Singing Bowl","floor":0},{"not_picked":["Catalyst","PiercingWail","Venomology"],"picked":"Singing Bowl","floor":0},{"not_picked":["Feel No Pain+1","Collect+1","Body Slam+1","Steam+1","Parasite"],"picked":"Singing Bowl","floor":1},{"not_picked":["AT_BodySlamDance+1","Tempest+1","Expertise+1","AT_HeatAcrobatics+1","Normality"],"picked":"Singing Bowl","floor":4},{"not_picked":["Devotion+1","AT_SoftenMuscles+1","Undo+1","Prepared+1","Writhe"],"picked":"Singing Bowl","floor":6},{"not_picked":["FTL+1","REME_TwoStrings+1","BowlingBash+1","Entrench+1","Regret"],"picked":"Singing Bowl","floor":7},{"not_picked":["Flex+1","Pommel Strike+1","Acrobatics+1","Tactician+1","Pain"],"picked":"Singing Bowl","floor":8},{"not_picked":["Armaments+1","AT_ThistleTea+1","Conserve Battery+1","WaveOfTheHand+1","Normality"],"picked":"Singing Bowl","floor":12},{"not_picked":["Conserve Battery+1","AT_IchimonjiDouble+1","REME_ShadowStrike+1","DeceiveReality+1","Clumsy"],"picked":"Singing Bowl","floor":13},{"not_picked":["White Noise+1","Dark Shackles+1","Collect+1","Thunderclap+1","Regret"],"picked":"Singing Bowl","floor":14},{"not_picked":["Quick Slash+1","Twin Strike+1","Backflip+1","REME_Flogging+1","Decay"],"picked":"Singing Bowl","floor":1},{"not_picked":["Blizzard+1","AT_PowerWithin+1","Disarm+1","AT_OneInchPunch+1","Regret"],"picked":"Singing Bowl","floor":4},{"not_picked":["AT_GerminateFire+1","REME_Repentance+1","Barrage+1","Poisoned Stab+1","Parasite"],"picked":"Singing Bowl","floor":6},{"not_picked":["Deadly Poison+1","AT_CaressingTears+1","Noxious Fumes+1","Halt+1","Pain"],"picked":"Singing Bowl","floor":7},{"not_picked":["AT_CaressingTears+1","REME_Compress+1","Concentrate+1","Havoc+1","Injury"],"picked":"Singing Bowl","floor":8},{"not_picked":["Swift Strike+1","REME_WorshipGod+1","White Noise+1","Flex+1","Shame"],"picked":"Singing Bowl","floor":10},{"not_picked":["PiercingWail+1","Reprogram+1","Rip and Tear+1","AT_HeatAcrobatics+1","Normality"],"picked":"Singing Bowl","floor":11},{"not_picked":["AT_WindFlip+1","Panacea+1","Violence+1","Redo+1","Parasite"],"picked":"Singing Bowl","floor":12},{"not_picked":["AT_TearsDenial+1","Dodge and Roll+1","Vault+1","AT_ThistleTea+1","Writhe"],"picked":"Singing Bowl","floor":13},{"not_picked":["Scrape+1","Heavy Blade+1","Worship+1","Blade Dance+1","Regret"],"picked":"Singing Bowl","floor":14},{"not_picked":["LessonLearned+1","Adrenaline+1","Secret Weapon+1","REME_BattleFury+1","Doubt"],"picked":"Singing Bowl","floor":16},{"not_picked":["Disarm+1","Armaments+1","Reaper+1","AT_WindRun+1","Shame"],"picked":"Singing Bowl","floor":18},{"not_picked":["Flying Knee+1","Pommel Strike+1","Concentrate+1","Tantrum+1","Doubt"],"picked":"Singing Bowl","floor":19},{"not_picked":["Rupture+1","Evaluate+1","Swift Strike+1","Redo+1","Pain"],"picked":"Singing Bowl","floor":21},{"not_picked":["AT_WindFlip+1","Storm of Steel+1","Crescendo+1","Fire Breathing+1","Injury"],"picked":"Singing Bowl","floor":21},{"not_picked":["Discovery+1","Second Wind+1","Underhanded Strike+1","Footwork+1","Decay"],"picked":"Singing Bowl","floor":23},{"not_picked":["Havoc+1","Ball Lightning+1","Deep Breath+1","AT_RightCognition+1","Doubt"],"picked":"Singing Bowl","floor":25},{"not_picked":["AT_DiedThrough+1","Darkness+1","AT_IchimonjiDouble+1","Rebound+1","Parasite"],"picked":"Singing Bowl","floor":27},{"not_picked":["Terror+1","Clothesline+1","JustLucky+1","Reboot+1","Injury"],"picked":"Singing Bowl","floor":29},{"not_picked":["Gash+1","Leap+1","Predator+1","AT_SoftenMuscles+1","Regret"],"picked":"Singing Bowl","floor":30},{"not_picked":["Bouncing Flask+1","Acrobatics+1","Clothesline+1","Dodge and Roll+1","Writhe"],"picked":"Singing Bowl","floor":31},{"not_picked":["Adrenaline+1","Alpha+1","AT_EmpoweredMortalDraw+1","Fission+1","Pain"],"picked":"Singing Bowl","floor":33},{"not_picked":["Clash+1","Noxious Fumes+1","AT_ThunderBolt+1","AT_ShadowStep+1","Parasite"],"picked":"Singing Bowl","floor":35},{"not_picked":["Beam Cell+1","Feel No Pain+1","AT_BodySlamDance+1","Slice+1","Writhe"],"picked":"Singing Bowl","floor":36},{"not_picked":["Redo+1","PathToVictory+1","AT_HeatAcrobatics+1","AT_MyraUnstableElement+1","Clumsy"],"picked":"Singing Bowl","floor":37},{"not_picked":["Terror+1","Sweeping Beam+1","REME_Whirling+1","AT_BodySlamDance+1","Doubt"],"picked":"Singing Bowl","floor":38},{"not_picked":["Underhanded Strike+1","Double Energy+1","CrushJoints+1","Shrug It Off+1","Shame"],"picked":"Singing Bowl","floor":42},{"not_picked":["Sword Boomerang+1","Underhanded Strike+1","Rebound+1","AT_WindRun+1","Pain"],"picked":"Singing Bowl","floor":44},{"not_picked":["Double Tap+1","Hologram+1","Pray+1","Outmaneuver+1","Parasite"],"picked":"Singing Bowl","floor":46},{"not_picked":["Skewer+1","Aggregate+1","REME_FearOfPain+1","Blizzard+1","Doubt"],"picked":"Singing Bowl","floor":48},{"not_picked":["AT_PowerWithin+1","TalkToTheHand+1","BowlingBash+1","Entrench+1","Writhe"],"picked":"Singing Bowl","floor":55}],"player_experience":596181,"relics_obtained":[{"floor":1,"key":"Circlet"},{"floor":4,"key":"Circlet"},{"floor":6,"key":"Circlet"},{"floor":7,"key":"Circlet"},{"floor":8,"key":"Circlet"},{"floor":9,"key":"Circlet"},{"floor":11,"key":"Circlet"},{"floor":11,"key":"Circlet"},{"floor":12,"key":"Void"},{"floor":13,"key":"Circlet"},{"floor":14,"key":"Circlet"},{"floor":1,"key":"Strawberry"},{"floor":4,"key":"REME_PuzzleBoxRelic"},{"floor":6,"key":"Bottled Lightning"},{"floor":8,"key":"Dead Branch"},{"floor":9,"key":"AT_GoldPhoenixTree"},{"floor":9,"key":"Damocles"},{"floor":10,"key":"D6"},{"floor":10,"key":"Circlet"},{"floor":11,"key":"Circlet"},{"floor":11,"key":"Circlet"},{"floor":12,"key":"Circlet"},{"floor":12,"key":"Circlet"},{"floor":13,"key":"Circlet"},{"floor":13,"key":"Circlet"},{"floor":14,"key":"Circlet"},{"floor":14,"key":"Circlet"},{"floor":18,"key":"Circlet"},{"floor":18,"key":"Circlet"},{"floor":19,"key":"Circlet"},{"floor":19,"key":"Circlet"},{"floor":20,"key":"Circlet"},{"floor":20,"key":"Circlet"},{"floor":21,"key":"Circlet"},{"floor":23,"key":"Circlet"},{"floor":23,"key":"Circlet"},{"floor":25,"key":"Circlet"},{"floor":25,"key":"Circlet"},{"floor":26,"key":"Circlet"},{"floor":27,"key":"Circlet"},{"floor":27,"key":"Circlet"},{"floor":29,"key":"Circlet"},{"floor":29,"key":"Circlet"},{"floor":30,"key":"Circlet"},{"floor":30,"key":"Circlet"},{"floor":31,"key":"Circlet"},{"floor":31,"key":"Circlet"},{"floor":32,"key":"Circlet"},{"floor":35,"key":"Circlet"},{"floor":35,"key":"Circlet"},{"floor":36,"key":"Circlet"},{"floor":36,"key":"Circlet"},{"floor":37,"key":"Circlet"},{"floor":37,"key":"Circlet"},{"floor":38,"key":"Circlet"},{"floor":38,"key":"Circlet"},{"floor":40,"key":"Circlet"},{"floor":41,"key":"Circlet"},{"floor":42,"key":"Circlet"},{"floor":42,"key":"Circlet"},{"floor":43,"key":"Circlet"},{"floor":44,"key":"Circlet"},{"floor":44,"key":"Circlet"},{"floor":46,"key":"Circlet"},{"floor":46,"key":"Circlet"},{"floor":48,"key":"Circlet"},{"floor":48,"key":"Circlet"},{"floor":49,"key":"Circlet"},{"floor":53,"key":"Circlet"},{"floor":55,"key":"Circlet"},{"floor":55,"key":"Circlet"}],"event_choices":[{"damage_healed":0,"gold_gain":0,"player_choice":"Take Damage","damage_taken":42,"relics_obtained":["Golden Idol"],"max_hp_gain":0,"max_hp_loss":0,"event_name":"Golden Idol","floor":2,"gold_loss":0},{"cards_removed":["Acrobatics"],"damage_healed":0,"gold_gain":0,"player_choice":"Forget","damage_taken":0,"max_hp_gain":0,"max_hp_loss":0,"event_name":"Living Wall","floor":5,"gold_loss":0},{"damage_healed":0,"gold_gain":0,"player_choice":"Ignored","damage_taken":0,"max_hp_gain":0,"max_hp_loss":0,"event_name":"Liars Game","floor":2,"gold_loss":0},{"damage_healed":0,"gold_gain":0,"player_choice":"Opened","damage_taken":0,"relics_obtained":["Circlet"],"max_hp_gain":0,"max_hp_loss":0,"event_name":"The Mausoleum","floor":22,"gold_loss":0,"cards_obtained":["Writhe"]},{"damage_healed":0,"gold_gain":0,"player_choice":"Fight","damage_taken":0,"max_hp_gain":0,"max_hp_loss":0,"event_name":"Mysterious Sphere","floor":38,"gold_loss":0},{"damage_healed":0,"gold_gain":0,"player_choice":"Ignored","damage_taken":0,"max_hp_gain":0,"max_hp_loss":0,"event_name":"Tomb of Lord Red Mask","floor":39,"gold_loss":0},{"damage_healed":0,"gold_gain":0,"player_choice":"Fight","damage_taken":0,"max_hp_gain":0,"max_hp_loss":0,"event_name":"MindBloom","floor":48,"gold_loss":0}],"is_beta":true,"boss_relics":[{"not_picked":["Astrolabe","REME_LowDesire"],"picked":"MagicMushroom"},{"not_picked":[]},{"not_picked":["Velvet Choker","Runic Pyramid"],"picked":"AT_TrinityForce"},{"not_picked":[]}],"items_purged_floors":[0,0,0,0,0,0,0,0,0,0,0,0,0,3],"is_endless":false,"potions_floor_spawned":[1,4,6,7,8,12,13,14,1,4,6,7,8,10,11,12,13,14,16,18,19,21,23,25,27,29,30,31,33,35,36,37,38,42,44,46,48,55],"ascension_level":20}}