{"host":"4axoa1rfjgnprp9l","time":1610719539,"event":{"mods":["2.2 Compatiblity","AchievementEnabler","BaseMod","Colored Map","DeckTracker","Highlight Path","Minty Spire (QoL Compilation)","Permanent Neow","StSLib","SuperFastMode"],"gold_per_floor":[112,125,145,157,176,176,20,20,44,58,93,93,120,134,134,233,533,550,550,561,117,117,117,131,166,166,166,166,166],"floor_reached":28,"language":"KOR","playtime":2253,"items_purged":["Strike_P"],"score":276,"play_id":"c882e891-1464-4bd4-aedb-dba8b2ad6b17","local_time":"20210115230539","is_ascension_mode":true,"campfire_choices":[{"data":"Eruption","floor":6.0,"key":"SMITH"},{"data":"Adaptation","floor":8.0,"key":"SMITH"},{"floor":12.0,"key":"REST"},{"data":"Ragnarok","floor":15.0,"key":"SMITH"},{"data":"Scrawl","floor":23.0,"key":"SMITH"}],"circlet_count":0,"master_deck":["Strike_P","Strike_P","Defend_P","Defend_P","Defend_P","Defend_P","Eruption+1","Vigilance","Ragnarok+1","EmptyFist","BattleHymn","InnerPeace","EmptyMind","Adaptation+1","Scrawl+1","CurseOfTheBell","Perseverance+1","FollowUp"],"relics":["PureWater","ClockworkSouvenir","Smiling Mask","Orichalcum","Regal Pillow","Calling Bell","Old Coin","Toxic Egg 2","MealTicket","Nunchaku","Bottled Lightning","Omamori","HornCleat","Ornamental Fan","MutagenicStrength"],"acts_visited":["Exordium","TheCity"],"potions_floor_usage":[],"damage_taken":[{"damage":0.0,"enemies":"Cultist","floor":1.0,"turns":2.0},{"damage":7.0,"enemies":"Jaw Worm","floor":2.0,"turns":2.0},{"damage":2.0,"enemies":"2 Louse","floor":3.0,"turns":2.0},{"damage":27.0,"enemies":"Exordium Wildlife","floor":4.0,"turns":5.0},{"damage":10.0,"enemies":"Large Slime","floor":5.0,"turns":6.0},{"damage":0.0,"enemies":"Exordium Thugs","floor":10.0,"turns":3.0},{"damage":10.0,"enemies":"Lagavulin","floor":11.0,"turns":5.0},{"damage":0.0,"enemies":"Red Slaver","floor":14.0,"turns":1.0},{"damage":12.0,"enemies":"The Guardian","floor":16.0,"turns":8.0},{"damage":21.0,"enemies":"2 Thieves","floor":18.0,"turns":3.0},{"damage":7.0,"enemies":"Chosen","floor":20.0,"turns":3.0},{"damage":27.0,"enemies":"Centurion and Healer","floor":24.0,"turns":5.0},{"damage":24.0,"enemies":"Book of Stabbing","floor":25.0,"turns":4.0},{"damage":2,"enemies":"Shelled Parasite and Fungi","floor":28,"turns":3}],"seed_played":"7884647311726671981","potions_obtained":[{"floor":1.0,"key":"Energy Potion"},{"floor":4.0,"key":"ColorlessPotion"},{"floor":11.0,"key":"ColorlessPotion"},{"floor":14.0,"key":"SkillPotion"},{"floor":16.0,"key":"ColorlessPotion"},{"floor":24.0,"key":"Weak Potion"}],"is_trial":false,"path_per_floor":["M","M","M","M","M","R","$","R","T","M","E","R","T","M","R","B",null,"M","?","M","$","?","R","M","E","T","?","M"],"character_chosen":"WATCHER","items_purchased":["ClockworkSouvenir","Nunchaku","Bottled Lightning"],"campfire_rested":1,"item_purchase_floors":[7,21,21],"current_hp_per_floor":[65,58,56,29,19,19,19,19,19,19,9,28,28,28,28,16,65,44,44,37,52,52,52,25,1,1,1,0,0],"gold":166,"neow_bonus":"THREE_RARE_CARDS","is_daily":false,"chose_seed":false,"campfire_upgraded":4,"win_rate":0.0,"timestamp":1610719539,"path_taken":["M","M","M","M","M","R","$","R","T","M","E","R","?","M","R","BOSS","M","?","?","$","?","R","M","E","T","?","M"],"items_purchased_type":["Relic","Relic","Relic"],"build_version":"2020-12-22","purchased_purges":1,"victory":false,"max_hp_per_floor":[65,65,65,65,65,65,65,65,65,65,65,65,65,65,65,65,65,65,65,65,65,65,65,65,65,65,65,65,65],"card_choices":[{"not_picked":["Alpha","Devotion"],"picked":"Ragnarok","floor":0.0},{"not_picked":["Collect","SandsOfTime"],"picked":"EmptyFist","floor":1.0},{"not_picked":["Sanctity","ForeignInfluence"],"picked":"BattleHymn","floor":2.0},{"not_picked":["Consecrate","SignatureMove"],"picked":"InnerPeace","floor":3.0},{"not_picked":["Pray","Study"],"picked":"EmptyMind","floor":4.0},{"not_picked":["EmptyBody","Conclude"],"picked":"Adaptation","floor":5.0},{"not_picked":["PathToVictory","EmptyFist","ThirdEye"],"picked":"SKIP","floor":10.0},{"not_picked":["Swivel","Omniscience","Conclude"],"picked":"SKIP","floor":11.0},{"not_picked":["EmptyFist","CutThroughFate","JustLucky"],"picked":"SKIP","floor":14.0},{"not_picked":["DevaForm","SpiritShield"],"picked":"Scrawl","floor":16.0},{"not_picked":["SignatureMove","PathToVictory+1"],"picked":"Perseverance+1","floor":18.0},{"not_picked":["FlyingSleeves","PathToVictory+1"],"picked":"FollowUp","floor":20.0},{"not_picked":["FearNoEvil","PathToVictory+1","CutThroughFate"],"picked":"SKIP","floor":24.0},{"not_picked":["Weave+1","Ragnarok","JustLucky+1"],"picked":"SKIP","floor":25.0}],"player_experience":815582,"relics_obtained":[{"floor":9.0,"key":"Smiling Mask"},{"floor":11.0,"key":"Orichalcum"},{"floor":13.0,"key":"Regal Pillow"},{"floor":17.0,"key":"Old Coin"},{"floor":17.0,"key":"Toxic Egg 2"},{"floor":17.0,"key":"MealTicket"},{"floor":25.0,"key":"HornCleat"},{"floor":26.0,"key":"Ornamental Fan"}],"event_choices":[{"cards_removed":["Strike_P"],"damage_healed":0.0,"max_hp_gain":0.0,"max_hp_loss":0.0,"gold_gain":0.0,"event_name":"Purifier","player_choice":"Purged","floor":19.0,"gold_loss":0.0,"damage_taken":0.0},{"damage_healed":0.0,"max_hp_gain":0.0,"max_hp_loss":0.0,"gold_gain":0.0,"event_name":"The Mausoleum","player_choice":"Opened","floor":22.0,"gold_loss":0.0,"damage_taken":0.0,"relics_obtained":["Omamori"]},{"damage_healed":0,"gold_gain":0,"player_choice":"Inject Mutagens","damage_taken":0,"relics_obtained":["MutagenicStrength"],"max_hp_gain":0,"max_hp_loss":0,"event_name":"Drug Dealer","floor":27,"gold_loss":0}],"is_beta":false,"boss_relics":[{"not_picked":["Coffee Dripper","Busted Crown"],"picked":"Calling Bell"}],"items_purged_floors":[21],"is_endless":false,"potions_floor_spawned":[1,4,11,14,16,24],"killed_by":"Shelled Parasite and Fungi","ascension_level":3}}