{"host":"9oysz4knkucnjyyz","time":1610746485,"event":{"mods":["2.2 Compatiblity","Act Like it!","BaseMod","Better Altar","Better Match","Better Note","Better Sensory Stone","Better Skull","Better Third Choice","BetterRewards","Displayed Cursed Tome","Downfall","Friendly Minions","Googly Eyes","GungeonMod","Hallownest","Hermit","Lobotomy","LobotomyExtend","Minty Spire (QoL Compilation)","Spicy Shops","Spire Birthday Party","StSLib","The Bug Knight","everything is the same but u backflip on backflip","slay the spire mod where everything is the same but ironclad has a cowboy hat"],"gold_per_floor":[119,119,62,62,81,81,116,116,116,146,146,181,193,206,206,283,283,300,300,314,268,300,300,366,366,366,378,378,124,124,164,164,235,235,251,263,275,346,365,365,393,393,418,418,135,189,205,216,216,216,216],"floor_reached":50,"language":"ENG","playtime":1646,"items_purged":[],"score":1149,"play_id":"8140c008-e87e-4f9a-95fa-2dbb61a7fe37","local_time":"20210115163445","is_ascension_mode":true,"campfire_choices":[],"circlet_count":0,"master_deck":["SpecialBullet","SpecialBullet","SpecialBullet","SpecialBullet","SpecialBullet","SpecialBullet","SpecialBullet","SpecialBullet","InformationCode","SecurityCode","CentralCode","Scorched","QueenBee","DaCapo","PunishingBird","Regret_ego","WallGazer","Diffraction","Rudolta","Twilight","LaLuna","FourthMatchFlame","WelfareCode","Freischutz","WristCuter","GreedKing","FourthMatchFlame","QueenOfHatred","BloodyDesire","MeltingLove","ScreamingWedge","Logging+1","DisciplinaryCode","LongBird","BlackArmy","Adoration","DespairKnight","RedShoes","ControlCode","SingingMachine","SpiderBud","SpecialBullet","SpecialBullet"],"relics":["CogitoBucket","RabbitCall","NeowsBlessing","LetterFromLob","DemoMod:GnawedKey","Kunai","HollowMod:StagPassRelic","Tiny Chest","Incense Burner","LuminousBracelet","Coffee Dripper","ChangeAnything","Strawberry","Bottled Lightning","PreservedInsect","Red Mask","Busted Crown","SkinProphecy","Girya","Blue Candle","HollowMod:LifeEnderRelic","Pen Nib","DemoMod:OrangeGuonStone"],"acts_visited":["Exordium","TheCity","TheBeyond"],"potions_floor_usage":[16,21,21,35,41,50,50],"damage_taken":[{"damage":0,"enemies":"Cultist","floor":1,"turns":1},{"damage":0,"enemies":"2 Louse","floor":5,"turns":1},{"damage":0,"enemies":"Lagavulin","floor":7,"turns":1},{"damage":10,"enemies":"Gremlin Nob","floor":10,"turns":3},{"damage":36,"enemies":"Lagavulin","floor":12,"turns":4},{"damage":10,"enemies":"Jaw Worm","floor":13,"turns":3},{"damage":0,"enemies":"Blue Slaver","floor":14,"turns":1},{"damage":119,"enemies":"Hexaghost","floor":16,"turns":12},{"damage":15,"enemies":"Shell Parasite","floor":18,"turns":4},{"damage":9,"enemies":"Snake Plant","floor":20,"turns":4},{"damage":70,"enemies":"Chosen and Byrds","floor":21,"turns":6},{"damage":42,"enemies":"Centurion and Healer","floor":22,"turns":3},{"damage":59,"enemies":"Book of Stabbing","floor":24,"turns":4},{"damage":22,"enemies":"Snecko","floor":27,"turns":4},{"damage":1,"enemies":"Masked Bandits","floor":31,"turns":2},{"damage":70,"enemies":"Automaton","floor":33,"turns":8},{"damage":50,"enemies":"3 Darklings","floor":35,"turns":6},{"damage":0,"enemies":"Orb Walker","floor":36,"turns":1},{"damage":38,"enemies":"Writhing Mass","floor":37,"turns":6},{"damage":14,"enemies":"2 Orb Walkers","floor":38,"turns":3},{"damage":0,"enemies":"Jaw Worm Horde","floor":39,"turns":1},{"damage":23,"enemies":"Nemesis","floor":41,"turns":3},{"damage":24,"enemies":"Maw","floor":46,"turns":5},{"damage":0,"enemies":"3 Darklings","floor":47,"turns":1},{"damage":37,"enemies":"Spire Growth","floor":48,"turns":3},{"damage":213,"enemies":"FixerMidnight","floor":50,"turns":4}],"seed_played":"-4720396648529077627","potions_obtained":[{"floor":1,"key":"Dexterity Potion"},{"floor":5,"key":"Guardian:BlockOnCardUsePotion"},{"floor":18,"key":"Block Potion"},{"floor":27,"key":"ColorlessPotion"},{"floor":31,"key":"Swift Potion"},{"floor":33,"key":"Block Potion"},{"floor":37,"key":"FearPotion"},{"floor":38,"key":"AttackPotion"},{"floor":46,"key":"ColorlessPotion"}],"is_trial":false,"path_per_floor":["M","?","$","?","M","R","E","R","T","E","R","E","M","M","R","B",null,"M","M","M","M","M","R","E","R","T","M","R","$","R","?","R","B",null,"M","M","M","?","M","R","E","T","T","?","$","M","M","M","R","B"],"character_chosen":"Angela","items_purchased":["DemoMod:GnawedKey","PreservedInsect","Logging","DemoMod:OrangeGuonStone"],"campfire_rested":0,"item_purchase_floors":[3,29,29,45],"current_hp_per_floor":[70,70,70,70,70,70,70,70,70,72,72,44,53,65,65,53,86,101,101,105,93,83,83,59,59,59,80,80,80,80,99,99,94,124,132,138,141,143,145,145,151,151,151,151,151,157,159,139,145,0,0],"gold":216,"neow_bonus":"THREE_ENEMY_KILL","is_daily":false,"chose_seed":false,"campfire_upgraded":0,"win_rate":0.0,"timestamp":1610746485,"path_taken":["M","?","?","?","M","R","E","R","T","E","R","E","M","M","R","BOSS","M","M","M","M","M","R","E","R","T","?","R","$","R","?","R","BOSS","M","M","M","?","M","R","E","?","T","?","$","M","M","M","R","BOSS"],"items_purchased_type":["Relic","Relic","Card","Relic"],"build_version":"2020-12-22","purchased_purges":0,"victory":false,"max_hp_per_floor":[70,70,70,70,70,70,70,70,70,74,74,74,93,93,93,97,97,101,101,105,105,109,109,113,113,113,117,117,117,117,121,121,125,132,132,138,141,143,145,145,151,151,151,151,151,157,159,161,161,163,163],"card_choices":[{"not_picked":["SpiderBud","MHz"],"picked":"QueenOfHatred","floor":1},{"not_picked":["LifeForTheDareDevil","RapturousDream"],"picked":"SKIP","floor":1},{"not_picked":["OSAHOGD","CrumblingArmor"],"picked":"Scorched","floor":5},{"not_picked":["LifeForTheDareDevil","Hypocrisy"],"picked":"SKIP","floor":5},{"not_picked":["OldLady","BeautyBeast"],"picked":"QueenBee","floor":7},{"not_picked":["Amita"],"picked":"DaCapo","floor":7},{"not_picked":["HeroicMonk","Freischutz"],"picked":"PunishingBird","floor":10},{"not_picked":["TodaysExpression","DaCapo"],"picked":"SKIP","floor":10},{"not_picked":["CUTE"],"picked":"Regret_ego","floor":12},{"not_picked":["OSAHOGD","OldLady"],"picked":"WallGazer","floor":13},{"not_picked":["Loneliness"],"picked":"Diffraction","floor":13},{"not_picked":["Tough","CUTE"],"picked":"SKIP","floor":14},{"not_picked":["DreamingCurrent","UniverseFragment"],"picked":"Rudolta","floor":16},{"not_picked":["SoundOfStar"],"picked":"Twilight","floor":16},{"not_picked":["CrumblingArmor","Woodsman"],"picked":"LaLuna","floor":18},{"not_picked":["RapturousDream"],"picked":"FourthMatchFlame","floor":18},{"not_picked":["RedShoes","ShyLook"],"picked":"Freischutz","floor":20},{"not_picked":["BlueScar","RedEyes"],"picked":"SKIP","floor":20},{"not_picked":["ShedSkin"],"picked":"WristCuter","floor":21},{"not_picked":["BlackSwan","Variant"],"picked":"GreedKing","floor":22},{"not_picked":["Hypocrisy+1"],"picked":"FourthMatchFlame","floor":22},{"not_picked":["UniverseFragment","MeatLantern"],"picked":"QueenOfHatred","floor":24},{"not_picked":["Harvest"],"picked":"BloodyDesire","floor":24},{"not_picked":["Laetitia","Wellcheers"],"picked":"MeltingLove","floor":27},{"not_picked":["SomewhereSpear"],"picked":"ScreamingWedge","floor":27},{"not_picked":["UniverseFragment","Alriune"],"picked":"LongBird","floor":31},{"not_picked":["Yin","RedShoes"],"picked":"BlackArmy","floor":33},{"not_picked":["SoundOfStar"],"picked":"Adoration","floor":33},{"not_picked":["WhitesApple","Funeral"],"picked":"DespairKnight","floor":36},{"not_picked":["Woodsman","Laetitia"],"picked":"RedShoes","floor":37},{"not_picked":["LittlePrince","Funeral"],"picked":"SingingMachine","floor":41},{"not_picked":["Funeral","WhitesApple"],"picked":"SpiderBud","floor":46}],"player_experience":351577,"relics_obtained":[{"floor":1,"key":"LetterFromLob"},{"floor":7,"key":"Kunai"},{"floor":9,"key":"HollowMod:StagPassRelic"},{"floor":10,"key":"Tiny Chest"},{"floor":12,"key":"Incense Burner"},{"floor":24,"key":"DemoMod:WeirdEgg"},{"floor":26,"key":"Bottled Lightning"},{"floor":31,"key":"Red Mask"},{"floor":38,"key":"Girya"},{"floor":41,"key":"Blue Candle"},{"floor":42,"key":"HollowMod:LifeEnderRelic"},{"floor":43,"key":"Pen Nib"}],"event_choices":[{"cards_removed":["QueenOfHatred"],"damage_healed":0,"gold_gain":0,"player_choice":"Offered Uncommon","damage_taken":0,"max_hp_gain":0,"max_hp_loss":0,"event_name":"Bonfire Elementals","floor":2,"gold_loss":0},{"damage_healed":0,"gold_gain":0,"player_choice":"Ignored","damage_taken":0,"max_hp_gain":0,"max_hp_loss":0,"event_name":"Transmorgrifier","floor":4,"gold_loss":0},{"damage_healed":0,"gold_gain":0,"player_choice":"Fought Bandits","damage_taken":0,"max_hp_gain":0,"max_hp_loss":0,"event_name":"Masked Bandits","floor":31,"gold_loss":0},{"damage_healed":0,"gold_gain":0,"player_choice":"Fight","damage_taken":0,"max_hp_gain":0,"max_hp_loss":0,"event_name":"Mysterious Sphere","floor":38,"gold_loss":0}],"is_beta":false,"boss_relics":[{"not_picked":["Sozu","SlaversCollar"],"picked":"Coffee Dripper"},{"not_picked":["SacredBark","Snecko Eye"],"picked":"Busted Crown"}],"items_purged_floors":[],"is_endless":false,"potions_floor_spawned":[1,5,7,18,27,31,33,37,38,46,48],"killed_by":"FixerMidnight","ascension_level":20}}