{"host":"jl3raagrljzztomj","time":1610722056,"event":{"mods":["Aspiration","BaseMod","BetterRewards","Colored Map","Colored Powertips","Custom Start","Hermit","Highlight Path","Minty Spire (QoL Compilation)","Permanent Neow","StSLib","SuperFastMode","The Runesmith"],"gold_per_floor":[112,387,60,10,10,45,45,45,71,90,90,121,121,131,131,232,232,246,256,256,267,267,267,267,267,293,310,330,361,361,381,381,480,480,497,407,19,36,51,51,51,78,146,21,21,40,40,55,55,55],"floor_reached":51,"language":"ENG","playtime":1600,"items_purged":["Regret","Strike_R","Strike_R"],"score":753,"play_id":"a99c27b0-f6f0-460f-afe4-890b7fd89141","local_time":"20210115084736","is_ascension_mode":false,"campfire_choices":[{"data":"Searing Blow","floor":11,"key":"SMITH"},{"floor":13,"key":"REST"},{"data":"Searing Blow+1","floor":15,"key":"SMITH"},{"data":"Armaments","floor":23,"key":"SMITH"},{"data":"Battle Trance","floor":25,"key":"SMITH"},{"floor":30,"key":"REST"},{"data":"Searing Blow+2","floor":32,"key":"SMITH"},{"data":"Searing Blow+3","floor":40,"key":"SMITH"},{"data":"Searing Blow+4","floor":45,"key":"SMITH"},{"data":"Searing Blow+5","floor":47,"key":"SMITH"},{"data":"Searing Blow+6","floor":49,"key":"SMITH"}],"circlet_count":0,"master_deck":["Defend_R+1","Defend_R+1","Defend_R","Defend_R","Bash","Iron Wave","Searing Blow+7","Inflame+1","Battle Trance+1","Armaments+1","Intimidate","Headbutt+1","Offering","Armaments+1","Burning Pact"],"relics":["Burning Blood","Frozen Egg 2","Matryoshka","Vajra","War Paint","Ancient Tea Set","Bag of Marbles","Anchor","Philosopher\u0027s Stone","aspiration:DSix","MutagenicStrength","Oddly Smooth Stone","Runesmith:AutoHammer","Sozu","Omamori","Orichalcum","Dream Catcher","aspiration:FetidBarrel"],"acts_visited":["Exordium","TheCity","TheBeyond"],"potions_floor_usage":[21,33],"damage_taken":[{"damage":6,"enemies":"Jaw Worm","floor":1,"turns":3},{"damage":29,"enemies":"Gremlin Nob","floor":6,"turns":5},{"damage":0,"enemies":"Cultist","floor":10,"turns":3},{"damage":31,"enemies":"Lagavulin","floor":12,"turns":4},{"damage":0,"enemies":"2 Louse","floor":14,"turns":2},{"damage":37,"enemies":"The Guardian","floor":16,"turns":13},{"damage":1,"enemies":"Shell Parasite","floor":18,"turns":5},{"damage":13,"enemies":"Spheric Guardian","floor":19,"turns":4},{"damage":6,"enemies":"Snake Plant","floor":21,"turns":4},{"damage":14,"enemies":"Cultist and Chosen","floor":27,"turns":5},{"damage":10,"enemies":"Centurion and Healer","floor":28,"turns":5},{"damage":28,"enemies":"Book of Stabbing","floor":29,"turns":5},{"damage":0,"enemies":"Snake Plant","floor":31,"turns":2},{"damage":46,"enemies":"Champ","floor":33,"turns":7},{"damage":6,"enemies":"3 Shapes","floor":35,"turns":3},{"damage":6,"enemies":"3 Darklings","floor":38,"turns":3},{"damage":6,"enemies":"Jaw Worm Horde","floor":39,"turns":3},{"damage":6,"enemies":"Giant Head","floor":42,"turns":6},{"damage":6,"enemies":"Writhing Mass","floor":46,"turns":2},{"damage":0,"enemies":"Sphere and 2 Shapes","floor":48,"turns":4},{"damage":22,"enemies":"Awakened One","floor":50,"turns":7}],"seed_played":"-4366946942405798668","potions_obtained":[{"floor":1,"key":"BloodPotion"},{"floor":12,"key":"AttackPotion"},{"floor":16,"key":"SkillPotion"},{"floor":27,"key":"FearPotion"}],"is_trial":false,"path_per_floor":["M","?","$","?","$","E","$","T","T","M","R","E","R","M","R","B",null,"M","M","?","M","?","R","?","R","T","M","M","E","R","M","R","B",null,"M","?","$","M","M","R","?","E","T","$","R","M","R","M","R","B",null],"character_chosen":"IRONCLAD","items_purchased":["Frozen Egg 2","Omamori","Orichalcum"],"campfire_rested":2,"item_purchase_floors":[3,37,37],"current_hp_per_floor":[80,80,80,80,80,57,57,57,57,63,63,38,62,68,68,37,80,80,73,73,73,73,73,73,73,73,65,61,39,63,69,69,29,80,80,80,80,80,80,80,80,80,80,80,80,80,80,80,80,64],"gold":55,"neow_bonus":"THREE_CARDS","is_daily":false,"chose_seed":false,"campfire_upgraded":9,"win_rate":0.0,"timestamp":1610722056,"path_taken":["M","?","?","?","?","E","$","?","T","M","R","E","R","M","R","BOSS","M","M","?","M","?","R","?","R","T","M","?","E","R","M","R","BOSS","M","?","$","?","M","R","?","E","T","$","R","M","R","M","R","BOSS"],"items_purchased_type":["Relic","Relic","Relic"],"build_version":"2020-12-22","purchased_purges":3,"victory":true,"max_hp_per_floor":[80,80,80,80,80,80,80,80,80,80,80,80,80,80,80,80,80,80,80,80,80,80,80,80,80,80,80,80,80,80,80,80,80,80,80,80,80,80,80,80,80,80,80,80,80,80,80,80,80,80],"card_choices":[{"not_picked":["Clothesline","Flex"],"picked":"Iron Wave","floor":0},{"not_picked":["Armaments","Blood for Blood"],"picked":"Searing Blow","floor":1},{"not_picked":["Anger","Hemokinesis","Clothesline"],"picked":"SKIP","floor":6},{"not_picked":["Perfected Strike","Power Through"],"picked":"Inflame+1","floor":10},{"not_picked":["Blood for Blood","Uppercut"],"picked":"Battle Trance","floor":12},{"not_picked":["Whirlwind","Anger"],"picked":"Armaments","floor":14},{"not_picked":["Wild Strike+1","Iron Wave+1"],"picked":"Intimidate","floor":18},{"not_picked":["Clothesline","Spot Weakness"],"picked":"Headbutt","floor":19},{"not_picked":["Wild Strike","Twin Strike","Perfected Strike"],"picked":"SKIP","floor":21},{"not_picked":["Havoc+1","Rampage","Clash"],"picked":"SKIP","floor":27},{"not_picked":["Shrug It Off","Cleave","Sentinel"],"picked":"SKIP","floor":28},{"not_picked":["Shockwave","Barricade+1","Blood for Blood"],"picked":"SKIP","floor":29},{"not_picked":["Sword Boomerang+1","Pommel Strike","Anger"],"picked":"SKIP","floor":31},{"not_picked":["Berserk+1","Bludgeon"],"picked":"Offering","floor":33},{"not_picked":["Uppercut+1","Flex+1","Headbutt+1"],"picked":"SKIP","floor":35},{"not_picked":["Body Slam","Cleave","Thunderclap+1"],"picked":"SKIP","floor":38},{"not_picked":["Sword Boomerang","Power Through+1","Iron Wave"],"picked":"SKIP","floor":39},{"not_picked":["Body Slam+1","Reckless Charge+1"],"picked":"Armaments+1","floor":42},{"not_picked":["Sword Boomerang+1","Reaper"],"picked":"Burning Pact","floor":46},{"not_picked":["Clothesline","Rampage+1","Thunderclap"],"picked":"SKIP","floor":48}],"player_experience":947080,"relics_obtained":[{"floor":6,"key":"Matryoshka"},{"floor":8,"key":"Vajra"},{"floor":8,"key":"War Paint"},{"floor":9,"key":"Ancient Tea Set"},{"floor":9,"key":"Bag of Marbles"},{"floor":12,"key":"Anchor"},{"floor":26,"key":"Oddly Smooth Stone"},{"floor":29,"key":"Runesmith:AutoHammer"},{"floor":42,"key":"Dream Catcher"},{"floor":43,"key":"aspiration:FetidBarrel"}],"event_choices":[{"damage_healed":0,"gold_gain":275,"player_choice":"Desecrate","damage_taken":0,"max_hp_gain":0,"max_hp_loss":0,"event_name":"Golden Shrine","floor":2,"gold_loss":0,"cards_obtained":["Regret"]},{"cards_removed":["Strike_R"],"damage_healed":0,"gold_gain":0,"player_choice":"Card Removal","damage_taken":0,"max_hp_gain":0,"max_hp_loss":0,"event_name":"The Cleric","floor":4,"gold_loss":50},{"damage_healed":0,"gold_gain":0,"player_choice":"Opened","damage_taken":0,"relics_obtained":["aspiration:DSix"],"max_hp_gain":0,"max_hp_loss":0,"event_name":"The Mausoleum","floor":20,"gold_loss":0},{"damage_healed":0,"gold_gain":0,"player_choice":"Inject Mutagens","damage_taken":0,"relics_obtained":["MutagenicStrength"],"max_hp_gain":0,"max_hp_loss":0,"event_name":"Drug Dealer","floor":22,"gold_loss":0},{"cards_removed":["Strike_R"],"damage_healed":0,"gold_gain":0,"player_choice":"Purged","damage_taken":0,"max_hp_gain":0,"max_hp_loss":0,"event_name":"Purifier","floor":24,"gold_loss":0},{"cards_removed":["Strike_R"],"damage_healed":0,"gold_gain":0,"player_choice":"Upgrade and Remove","damage_taken":0,"max_hp_gain":0,"max_hp_loss":0,"event_name":"Designer","floor":36,"gold_loss":90,"cards_upgraded":["Headbutt"]}],"is_beta":false,"boss_relics":[{"not_picked":["Coffee Dripper","Tiny House"],"picked":"Philosopher\u0027s Stone"},{"not_picked":["Calling Bell","Fusion Hammer"],"picked":"Sozu"}],"items_purged_floors":[3,37,44],"is_endless":false,"potions_floor_spawned":[1,12,16,19,27,31,38,46],"ascension_level":0}}