{"host":"i58uscbei3sy5089","time":1610721290,"event":{"mods":["ATMod(°¢èªMod)","Act Like it!","Aspiration","BaseMod","Challenge The Spire","Colored Powertips","Conspire","Infinite Spire","Koishi","Lobotomy","LobotomyExtend","Minty Spire (QoL Compilation)","MostiFishMod","Prisma Mod","Quick Restart","Replay The Spire","Shop Mod","Spicy Shops","StSLib","TestMod","The Construct","The Marked","UnlockEverythingMod","[IsaacMod]ÒÔÈö¼âËþ","vexMod","¡¾¹¦ÄÜMod¡¿»ìãçÖ®»·ÐÞ¸´²¹¶¡","¡¾ÒÅÎï¿¨ÅÆ¡¿REMEMod","óô»ðÖ¸ÄÏ"],"gold_per_floor":[117,117,200,200,218,247,247,279,352,364,22,57,57,76,76,185,185,203,403,427,427,458,458,498,162,162,209,209,247,272,294,294,404,404,422,261,289,345,239,278,278,278,331,331,331,351,380,403,403,409],"floor_reached":51,"language":"ZHS","playtime":1870,"items_purged":["SpecialBullet","SpecialBullet","SpecialBullet","SpecialBullet","SpecialBullet","SpecialBullet"],"score":1323,"play_id":"3d0908b3-77a5-4af9-a7d5-197b45984f61","local_time":"20210115223450","is_ascension_mode":true,"campfire_choices":[{"data":"MostiFishMod:404NotFound","floor":13,"key":"SMITH"},{"data":"DaCapo","floor":15,"key":"SMITH"},{"data":"Adoration","floor":23,"key":"SMITH"},{"data":"MostiFishMod:EE1D","floor":28,"key":"SMITH"},{"data":"MostiFishMod:EE1D","floor":32,"key":"SMITH"},{"floor":49,"key":"REST"}],"circlet_count":0,"master_deck":["SpecialBullet","SpecialBullet","MostiFishMod:EE1D+1","MostiFishMod:EE1D+1","MostiFishMod:EE1D+1","MostiFishMod:404NotFound+1","WallGazer","SpecialBullet","InformationCode","LongBird","OSAHOGD","DaCapo+1","Adoration+1","MHz","MostiFishMod:SephirahHod+1","Thinking Ahead+1","Finesse+1"],"relics":["CogitoBucket","RabbitCall","testmod-TestBox","HushsDoor","KeepersGift","DaveBox","AT_ATBox","REME_ComplimentaryCards","EE1DDrone","testmod-Fanaticism","Iron Core","SynthV:TestCard","LetterFromLob","AT_ForceNature","DeadEye","vexMod:Dragonfruit","testmod-Justice","MerchantsRug","Strawberry","Replay:Bandana","SkinProphecy","SlaversCollar","FossilizedHelix","AT_DeathDance","SteamSale","Frozen Eye","Omamori","vexMod:FocusSash","GuppysPaw","AT_TimeSand","AspirationHeart","MostiFishMod:Hod","Technique","Magic Flower","Darkstone Periapt","TuHaoJin","Mercury Hourglass","Chameleon Ring","aspiration:TomeofQuesting","Moonlight_r","Kunai","BehaviorAdjustment"],"acts_visited":["Exordium","TheCity","TheBeyond"],"potions_floor_usage":[25],"damage_taken":[{"damage":0,"enemies":"Small Slimes","floor":1,"turns":2},{"damage":0,"enemies":"2 Louse","floor":5,"turns":1},{"damage":0,"enemies":"Lagavulin","floor":6,"turns":2},{"damage":21,"enemies":"3 Sentries","floor":8,"turns":2},{"damage":0,"enemies":"Cultist","floor":10,"turns":1},{"damage":1,"enemies":"Gremlin Nob","floor":12,"turns":2},{"damage":0,"enemies":"Looter","floor":14,"turns":1},{"damage":1,"enemies":"Hexaghost","floor":16,"turns":2},{"damage":0,"enemies":"2 Thieves","floor":18,"turns":1},{"damage":25,"enemies":"Chosen","floor":20,"turns":2},{"damage":32,"enemies":"Snake Plant","floor":22,"turns":2},{"damage":0,"enemies":"Slavers","floor":24,"turns":1},{"damage":0,"enemies":"Gremlin Leader","floor":27,"turns":2},{"damage":0,"enemies":"conspire:MimicChest","floor":29,"turns":1},{"damage":0,"enemies":"3 Cultists","floor":30,"turns":1},{"damage":0,"enemies":"Centurion and Healer","floor":31,"turns":1},{"damage":18,"enemies":"Champ","floor":33,"turns":2},{"damage":0,"enemies":"Orb Walker","floor":35,"turns":1},{"damage":0,"enemies":"3 Darklings","floor":37,"turns":1},{"damage":0,"enemies":"Hiden Room Battle","floor":38,"turns":1},{"damage":0,"enemies":"Nightmare","floor":40,"turns":1},{"damage":0,"enemies":"Writhing Mass","floor":46,"turns":1},{"damage":0,"enemies":"Transient","floor":47,"turns":2},{"damage":0,"enemies":"4 Shapes","floor":48,"turns":1},{"damage":32,"enemies":"FixerMidnight","floor":50,"turns":2},{"damage":0,"enemies":"Malkuth","floor":51,"turns":1},{"damage":0,"enemies":"Netzach","floor":51,"turns":1},{"damage":99,"enemies":"Geburah","floor":51,"turns":5},{"damage":5,"enemies":"Binah","floor":51,"turns":3},{"damage":1,"enemies":"Angela","floor":51,"turns":1}],"seed_played":"-4349980066417958010","potions_obtained":[{"floor":5,"key":"Venom Potion"},{"floor":6,"key":"SpeedPotion"},{"floor":12,"key":"SpeedPotion"},{"floor":30,"key":"construct:ShiftPotion"},{"floor":33,"key":"DuplicationPotion"},{"floor":38,"key":"Flashbang"},{"floor":46,"key":"LifebloodPotion"},{"floor":48,"key":"Elixir"}],"is_trial":false,"path_per_floor":["M","?","?","T","M","E","R","E","T","M","$","E","R","M","R","B",null,"M","?","M","AVR","M","R","E","$","T","E","R","?","M","M","R","B",null,"M","$","M","?","$","NM","?","?","T","?","T","M","M","M","R","B",null],"character_chosen":"Angela","items_purchased":["MerchantsRug","Strawberry","SteamSale","Fruit Juice","Frozen Eye","Omamori","Technique","Magic Flower","Mercury Hourglass"],"campfire_rested":1,"item_purchase_floors":[11,11,25,25,25,25,36,36,39],"current_hp_per_floor":[63,63,48,48,48,48,48,73,73,73,80,79,79,79,79,75,78,74,74,76,76,69,69,65,72,72,68,68,64,66,62,62,120,120,116,116,112,101,101,97,92,92,92,44,44,36,32,28,68,138],"gold":461,"neow_bonus":"NOSTALGIA","is_daily":false,"chose_seed":false,"campfire_upgraded":5,"win_rate":0.0,"timestamp":1610721290,"path_taken":["M","?","?","?","?","E","R","E","T","M","$","E","R","M","R","BOSS","M","?","M","AVR","M","R","E","?","T","E","R","?","M","M","R","BOSS","M","?","M","?","$","NM","?","?","T","?","?","M","M","M","R","BOSS"],"items_purchased_type":["Relic","Relic","Relic","Potion","Relic","Relic","Relic","Relic","Relic"],"build_version":"2020-12-22","purchased_purges":6,"victory":true,"max_hp_per_floor":[70,70,70,70,70,70,70,75,75,75,82,82,82,82,82,84,79,81,81,87,87,89,89,91,98,98,100,100,102,116,118,118,120,120,122,122,124,126,126,128,128,128,128,128,128,132,134,136,136,138],"card_choices":[{"not_picked":["UniverseFragment","VoidDream"],"picked":"WallGazer","floor":1},{"not_picked":["Christmas","Tough"],"picked":"SKIP","floor":1},{"not_picked":["RedEyes","Firewall","Galaxy","Capacitor"],"picked":"SKIP","floor":5},{"not_picked":["Alriune","VoidDream"],"picked":"LongBird","floor":6},{"not_picked":["Loneliness","Rebound","Seeing Red","Wingbeat"],"picked":"SKIP","floor":6},{"not_picked":["Spore","Warcry","BloodyDesire","CrimsonScar"],"picked":"SKIP","floor":8},{"not_picked":["CherryBlossom","WristCuter","Seeing Red","Clash"],"picked":"SKIP","floor":10},{"not_picked":["Hypocrisy","Scorching Beam","GoldRush","Flex"],"picked":"SKIP","floor":12},{"not_picked":["Funeral","UniverseFragment"],"picked":"OSAHOGD","floor":14},{"not_picked":["SomewhereSpear","ReplayTheSpireMod:GoodbyeWorld","Iron Wave"],"picked":"DaCapo","floor":14},{"not_picked":["FeatherOfHonor","Galaxy","Reverberation+1","TodaysExpression"],"picked":"SKIP","floor":18},{"not_picked":["Moonlight+1","Ecstasy","GreenStem+1"],"picked":"Adoration","floor":20},{"not_picked":["Woodsman","Mercenary"],"picked":"MHz","floor":20},{"not_picked":["RedEyes","Spore","Harmony","SomewhereSpear"],"picked":"SKIP","floor":22},{"not_picked":["Penitence+1","CUTE","Tough+1","GreenStem"],"picked":"SKIP","floor":24},{"not_picked":["CUTE+1","Beak+1","Pinks","Penitence"],"picked":"SKIP","floor":27},{"not_picked":["Wingbeat","CrimsonScar","SomewhereSpear","BearPaw"],"picked":"SKIP","floor":30},{"not_picked":["RedEyes+1","InTheNameOfLoveAndHate","Pinks","TodaysExpression"],"picked":"SKIP","floor":31},{"not_picked":["Penitence","SomewhereSpear","CUTE","Horn"],"picked":"SKIP","floor":35},{"not_picked":["Laetitia_ego+1","Logging+1","CENSORED_ego","SwordSharpenedByTears"],"picked":"SKIP","floor":37},{"not_picked":["GreenStem+1","Soda+1","CherryBlossom","Pleasure+1"],"picked":"SKIP","floor":40},{"not_picked":["Trip","testmod-Recap","MostiFishMod:Mottled"],"picked":"Thinking Ahead","floor":41},{"not_picked":["Good Instincts","REME_PuzzleBox","Discovery"],"picked":"Finesse","floor":41},{"not_picked":["Tough+1","Horn+1","Wingbeat","RedEyes+1"],"picked":"SKIP","floor":46},{"not_picked":["Hornet+1","Beak+1","Heaven+1","Tough"],"picked":"SKIP","floor":47},{"not_picked":["Horn","ScreamingWedge+1","RedEyes","BloodyDesire+1"],"picked":"SKIP","floor":48}],"player_experience":725715,"relics_obtained":[{"floor":1,"key":"SynthV:TestCard"},{"floor":1,"key":"LetterFromLob"},{"floor":4,"key":"AT_ForceNature"},{"floor":6,"key":"DeadEye"},{"floor":8,"key":"vexMod:Dragonfruit"},{"floor":9,"key":"testmod-Justice"},{"floor":12,"key":"Replay:Bandana"},{"floor":24,"key":"AT_DeathDance"},{"floor":26,"key":"vexMod:FocusSash"},{"floor":27,"key":"GuppysPaw"},{"floor":29,"key":"AT_TimeSand"},{"floor":38,"key":"Darkstone Periapt"},{"floor":38,"key":"TuHaoJin"},{"floor":40,"key":"Chameleon Ring"},{"floor":43,"key":"aspiration:TomeofQuesting"},{"floor":45,"key":"Kunai"}],"event_choices":[{"damage_healed":0,"gold_gain":250,"player_choice":"Bet on Owner","damage_taken":0,"max_hp_gain":0,"max_hp_loss":0,"event_name":"The Joust","floor":19,"gold_loss":50},{"damage_healed":0,"gold_gain":0,"player_choice":"Fight","damage_taken":0,"max_hp_gain":0,"max_hp_loss":0,"event_name":"HidenRoomEvent","floor":38,"gold_loss":0},{"damage_healed":0,"gold_gain":0,"player_choice":"Memory 3","damage_taken":10,"max_hp_gain":0,"max_hp_loss":0,"event_name":"SensoryStone","floor":41,"gold_loss":0},{"damage_healed":0,"gold_gain":0,"player_choice":"Ignored","damage_taken":0,"max_hp_gain":0,"max_hp_loss":0,"event_name":"Tomb of Lord Red Mask","floor":42,"gold_loss":0}],"is_beta":false,"boss_relics":[{"not_picked":["ChewingGum","construct:ClawGrip"],"picked":"SlaversCollar"},{"not_picked":[]},{"not_picked":["aspiration:RitualDagger","Astrolabe"],"picked":"MostiFishMod:Hod"},{"not_picked":[]}],"items_purged_floors":[11,17,21,25,36,39],"is_endless":false,"potions_floor_spawned":[5,6,12,18,20,24,30,33,38,46,48],"ascension_level":6}}