{"host":"bhhjkloc4kd9nqc5","time":1610733879,"event":{"mods":["Act Like it!","BaseMod","Chen","Gensokyo","Infinite Spire","Koishi","Lobotomy","LobotomyExtend","Marisa????????","Minty Spire (QoL Compilation)","Onozuka Komachi Mod","Remilia??????","Replay The Spire","RumiaBox-????????","StSLib","The Administrix","The Cursed","The Gatherer","Yakumo Yukari mod","Yuri Mod","Yuyuko","slay the spire mod where everything is the same but ironclad has a cowboy hat"],"gold_per_floor":[132,132,144,144,161,161,184,184,259,284,300,300,300,49,49,63,63,158,208,228,433,448,448,466,148,179,179,179,179,199,209,223,248,248,346,346,366,76,76,21,21,56,56,76,125,125,54,68,81,91,91,91,91,91,91,91,116,16],"floor_reached":59,"language":"ENG","playtime":3677,"items_purged":[],"score":1512,"play_id":"5ee9fe92-9a85-462b-866f-26a8fe22fcee","local_time":"20210116030439","is_ascension_mode":false,"campfire_choices":[{"data":"Observe_purple_1","floor":6,"key":"SMITH"},{"data":"SharpContractionReality_purple","floor":15,"key":"SMITH"},{"data":"EighthInstrument_OneDividesIntoTwo_purple","floor":17,"key":"SMITH"},{"data":"StateErode_purple","floor":27,"key":"SMITH"},{"data":"Charmbait_purple","floor":29,"key":"SMITH"},{"data":"Nest_LightFlightworm_purple","floor":34,"key":"SMITH"},{"data":"Shallow_ocean_purpleEX","floor":43,"key":"SMITH"},{"data":"Know_ledgeAbilityRealm_purple","floor":46,"key":"SMITH"},{"floor":51,"key":"RECALL"},{"data":"StateErode_purple","floor":55,"key":"SMITH"}],"circlet_count":0,"master_deck":["AT_purpleEX","AT_purpleEX","AT_purpleEX+1","AT_purpleEX+1","Defend_purpleEX","Observe_purple_1+1","Observe_purple_2","EighthInstrument_OneDividesIntoTwo_purple+1","AdvanceAttack_purple+1","Charmbait_purple+1","SharpContractionReality_purple+1","DarkRealmRedLine_purple","D_absorption_purple","StateErode_purple+1","Mirror_FormAndEmptin_purple+1","ButterflyHabitatTemple_purple+1","PurpleNeedle_purple","WatchEChange_purple","Umbrella_purple+1","Umbrella_purple","BarrageBoundary_PipeDream_purple","WorldDissolvedintheRealm_purple","Nest_LightFlightworm_purple+1","Know_ledgeAbilityRealm_purple+1","PurpleNeedle_purple","Gensokyo:RainbowDanmaku+1","Shallow_ocean_purpleEX+1","Umbrella_purple+1","BarrageBoundary_PipeDream_purple","Charmbait_purple+1","StateErode_purple+1","Anti_communist_purple","WorldDissolvedintheRealm_purple+1"],"relics":["Boundary_crack","Memoryfragments_purpleEX","Pet Ghost","LetterFromLob","MagicBullet_r","infinitespire:CheckeredPen","ChaoDraw","GodSword5","Tiny House","Black Star","Bottled Tornado","Replay:Wax Seal","Gremlin Food","ClockworkSouvenir","CaptainsWheel","Replay:Bottled Flurry","Replay:Ringing Soul","Iron Hammer","Bottled Flame","Replay:Drink Me","Onion Ring","Snack Pack","Calipers","Ornamental Fan","GodSword4","infinitespire:Satchel","infinitespire:EmpoweringShard","infinitespire:BottledMercury","Simple Rune","InkBottle","ReplayTheSpireMod:Ninjato"],"acts_visited":["Exordium","TheCity","Gensokyo:Gensokyoest","TheEnding"],"potions_floor_usage":[35,58,58],"damage_taken":[{"damage":0,"enemies":"2 Louse","floor":1,"turns":4},{"damage":1,"enemies":"Jaw Worm","floor":3,"turns":5},{"damage":0,"enemies":"Cultist","floor":5,"turns":3},{"damage":21,"enemies":"3 Sentries","floor":10,"turns":5},{"damage":0,"enemies":"Exordium Wildlife","floor":11,"turns":2},{"damage":0,"enemies":"Lots of Slimes","floor":16,"turns":1},{"damage":16,"enemies":"Hexaghost","floor":18,"turns":6},{"damage":0,"enemies":"Spheric Guardian","floor":20,"turns":2},{"damage":0,"enemies":"2 Thieves","floor":22,"turns":2},{"damage":20,"enemies":"Sentry and Sphere","floor":24,"turns":3},{"damage":0,"enemies":"Book of Stabbing","floor":26,"turns":4},{"damage":0,"enemies":"Centurion and Healer","floor":30,"turns":2},{"damage":0,"enemies":"Snecko","floor":31,"turns":2},{"damage":0,"enemies":"Chosen and Byrds","floor":32,"turns":3},{"damage":0,"enemies":"Gremlin Leader","floor":33,"turns":3},{"damage":27,"enemies":"Automaton","floor":35,"turns":8},{"damage":5,"enemies":"Gensokyo:AncientGuardian","floor":37,"turns":1},{"damage":0,"enemies":"Gensokyo:AncientGuardian","floor":39,"turns":3},{"damage":16,"enemies":"Gensokyo:Doremy","floor":42,"turns":2},{"damage":0,"enemies":"Gensokyo:3_Bats","floor":44,"turns":1},{"damage":0,"enemies":"Gensokyo:Kasen","floor":47,"turns":3},{"damage":0,"enemies":"Gensokyo:AtlasGolem","floor":48,"turns":1},{"damage":0,"enemies":"Gensokyo:Rafflesia","floor":49,"turns":2},{"damage":5,"enemies":"Gensokyo:SeedOfUnknown","floor":50,"turns":2},{"damage":0,"enemies":"Gensokyo:Yuyuko","floor":52,"turns":2},{"damage":0,"enemies":"Shield and Spear","floor":57,"turns":2},{"damage":6,"enemies":"The Heart","floor":58,"turns":3}],"seed_played":"-3424092130203075212","potions_obtained":[{"floor":1,"key":"GamblersBrew"},{"floor":3,"key":"PowerPotion"},{"floor":19,"key":"Block Potion"},{"floor":20,"key":"Dexterity Potion"},{"floor":44,"key":"Explosive Potion"}],"is_trial":false,"path_per_floor":["M","?","M","?","M","R","T","E","T","E","M","PTL","PTL","$","R","M","R","B",null,"M","?","M","AVR","M","$","E","R","T","R","M","M","M","E","R","B",null,"M","$","?","COS","?","E","R","M","T","R","E","M","M","M","R","B",null,null,"R","$","E","B",null],"character_chosen":"Youkari","items_purchased":["GodSword5","Replay:Wax Seal","Gremlin Food","ClockworkSouvenir","Onion Ring","Snack Pack"],"campfire_rested":0,"item_purchase_floors":[14,25,25,25,38,38],"current_hp_per_floor":[70,70,70,56,57,57,57,57,57,38,38,38,38,38,38,38,38,22,75,75,75,75,75,55,55,56,56,56,56,60,63,66,69,69,46,68,71,74,77,80,48,40,40,45,45,45,51,60,67,67,67,67,67,98,98,98,101,101],"gold":16,"neow_bonus":"RANDOM_COMMON_RELIC","is_daily":false,"chose_seed":false,"campfire_upgraded":9,"win_rate":0.0,"timestamp":1610733879,"path_taken":["M","?","M","?","M","R","?","E","T","E","?","PTL","PTL","?","R","M","R","BOSS","M","?","M","AVR","M","$","E","R","T","R","M","M","M","E","R","BOSS","M","$","?","COS","?","E","R","M","T","R","E","M","M","M","R","BOSS","R","$","E","BOSS"],"items_purchased_type":["Relic","Relic","Relic","Relic","Relic","Relic"],"build_version":"2020-12-22","purchased_purges":0,"victory":true,"max_hp_per_floor":[70,70,70,70,70,70,70,70,70,70,70,70,70,70,70,70,70,70,75,75,75,75,75,75,75,75,75,75,75,78,81,84,87,87,90,68,71,74,77,80,80,83,83,86,86,86,89,92,95,98,98,98,98,98,98,98,101,101],"card_choices":[{"not_picked":["SfantasyHide_purple","Realm_recovery_purpleEX"],"picked":"EighthInstrument_OneDividesIntoTwo_purple","floor":1},{"not_picked":["MeetDecomposer_purple","Line_surface_state_purple"],"picked":"Anti_communist_purple","floor":3},{"not_picked":["DimensionStaggered_purple","Yakumo_Ran_purple"],"picked":"AdvanceAttack_purple","floor":5},{"not_picked":["WangLiang_LineAndCurveDreams_purple","Boundary_DynamicStaticEquilibrium_purple"],"picked":"Charmbait_purple","floor":10},{"not_picked":["Erosivefilter_purple","StretchesForeverDream_purple"],"picked":"SharpContractionReality_purple","floor":11},{"not_picked":["Realm_recovery_purpleEX","MeetDecomposer_purple"],"picked":"DarkRealmRedLine_purple","floor":16},{"not_picked":["Mirror_TwoAndThreeElementRealm_purple","Monsters_DoubleDeathButterfly_purple"],"picked":"D_absorption_purple","floor":18},{"not_picked":["Mirror_Drifter_purple","DimensionStaggered_purple"],"picked":"StateErode_purple","floor":19},{"not_picked":["WingOfChimera_purple+1","SfantasyHide_purple"],"picked":"Mirror_FormAndEmptin_purple+1","floor":20},{"not_picked":["DimensionStaggered_purple","Photoelasticity_Doppler_Effect_purple"],"picked":"ButterflyHabitatTemple_purple+1","floor":21},{"not_picked":["MNeedle_purple","MeetDecomposer_purple"],"picked":"PurpleNeedle_purple","floor":22},{"not_picked":["AdvanceAttack_purple+1","Mirror_FormAndEmptin_purple+1"],"picked":"WatchEChange_purple","floor":24},{"not_picked":["Anti_communist_purple","StateDuplicate_purple"],"picked":"Umbrella_purple+1","floor":26},{"not_picked":["ExistenceContinue_purple","StretchesForeverDream_purple"],"picked":"Umbrella_purple","floor":30},{"not_picked":["Boundary_DynamicStaticEquilibrium_purple","Bait_Toxicbait_purple+1"],"picked":"BarrageBoundary_PipeDream_purple","floor":31},{"not_picked":["Mirror_FormAndEmptin_purple","SfantasyHide_purple"],"picked":"WorldDissolvedintheRealm_purple","floor":32},{"not_picked":["Mirror_FormAndEmptin_purple","Extrememeaning_purpleEX"],"picked":"Nest_LightFlightworm_purple","floor":33},{"not_picked":["WangLiang_OokamiKakushi_purple","Boundary_LifeAndDeath_purple"],"picked":"Know_ledgeAbilityRealm_purple","floor":35},{"not_picked":["RuleDissolution_purple+1","StretchesForeverDream_purple"],"picked":"PurpleNeedle_purple","floor":37},{"not_picked":["Gensokyo:UnlikelyAid+1","Gensokyo:RisingWorld+1"],"picked":"Gensokyo:RainbowDanmaku+1","floor":39},{"not_picked":["OmniscientAndOmnipotent_Monster_purple","SharpContractionReality_purple"],"picked":"Shallow_ocean_purpleEX","floor":42},{"not_picked":["MagicEyes_LaplaceDemon_purple","WingOfChimera_purple+1"],"picked":"Umbrella_purple+1","floor":44},{"not_picked":["EighthInstrument_OneDividesIntoTwo_purple","WingOfChimera_purple"],"picked":"BarrageBoundary_PipeDream_purple","floor":47},{"not_picked":["Umbrella_purple","SharpContractionReality_purple+1"],"picked":"Charmbait_purple+1","floor":48},{"not_picked":["ButterflyHabitatTemple_purple","PositiveMatter_Antimatter_Universe_purple"],"picked":"StateErode_purple","floor":49},{"not_picked":["AdvanceAttack_purple+1","SharpContractionReality_purple+1"],"picked":"Anti_communist_purple","floor":50},{"not_picked":["StateDuplicate_purple+1","Line_surface_state_purple"],"picked":"WorldDissolvedintheRealm_purple+1","floor":57}],"player_experience":240596,"relics_obtained":[{"floor":1,"key":"LetterFromLob"},{"floor":9,"key":"infinitespire:CheckeredPen"},{"floor":10,"key":"ChaoDraw"},{"floor":26,"key":"CaptainsWheel"},{"floor":26,"key":"Replay:Bottled Flurry"},{"floor":28,"key":"Replay:Ringing Soul"},{"floor":33,"key":"Iron Hammer"},{"floor":33,"key":"Bottled Flame"},{"floor":42,"key":"Ornamental Fan"},{"floor":42,"key":"GodSword4"},{"floor":45,"key":"infinitespire:Satchel"},{"floor":47,"key":"infinitespire:EmpoweringShard"},{"floor":47,"key":"infinitespire:BottledMercury"},{"floor":57,"key":"Simple Rune"},{"floor":57,"key":"InkBottle"}],"event_choices":[{"damage_healed":0,"gold_gain":0,"player_choice":"Entered Light","damage_taken":14,"max_hp_gain":0,"max_hp_loss":0,"event_name":"Shining Light","floor":4,"gold_loss":0,"cards_upgraded":["AT_purpleEX","AT_purpleEX"]}],"is_beta":false,"boss_relics":[{"not_picked":["Painkiller Herb","Velvet Choker"],"picked":"Tiny House"},{"not_picked":["infinitespire:Cupcake","Runic Pyramid"],"picked":"Replay:Drink Me"}],"items_purged_floors":[],"is_endless":false,"potions_floor_spawned":[1,3,20,24,32,44,50,57],"ascension_level":0}}