{"host":"t4jsb5tuksjmo64s","time":1610676775,"event":{"mods":["AchievementEnabler","BaseMod","Block Reminder","Colored Map","Colored Powertips","Dark Map","Highlight Path","Minty Spire (QoL Compilation)","Quick Restart","Random Character Button","Rare Cards Sparkle","Relic Stats"],"gold_per_floor":[361,381,399,417,44,71,84,84,84,97,126,140,140,171,171,171,171],"floor_reached":16,"language":"ENG","playtime":1081,"items_purged":["Strike_P"],"score":130,"play_id":"879f74df-543c-4262-975a-b3581e22b79f","local_time":"20210114211255","is_ascension_mode":true,"campfire_choices":[{"floor":8,"key":"REST"},{"data":"Omniscience","floor":13,"key":"SMITH"},{"floor":15,"key":"REST"}],"circlet_count":0,"master_deck":["Strike_P","Strike_P","Strike_P","Defend_P","Defend_P","Defend_P","Defend_P","Eruption","Vigilance","Sanctity","SashWhip","BowlingBash","EmptyBody","MentalFortress","Indignation","Study","FlurryOfBlows","WindmillStrike","Omniscience+1","Adaptation"],"relics":["PureWater","Mercury Hourglass","Singing Bowl","Pantograph","Anchor","Yang"],"acts_visited":["Exordium"],"potions_floor_usage":[7],"damage_taken":[{"damage":2,"enemies":"Small Slimes","floor":1,"turns":3},{"damage":0,"enemies":"2 Louse","floor":2,"turns":3},{"damage":0,"enemies":"Jaw Worm","floor":3,"turns":3},{"damage":26,"enemies":"Exordium Thugs","floor":4,"turns":7},{"damage":11,"enemies":"Lagavulin","floor":6,"turns":9},{"damage":2,"enemies":"Gremlin Gang","floor":7,"turns":2},{"damage":0,"enemies":"2 Fungi Beasts","floor":10,"turns":3},{"damage":4,"enemies":"3 Sentries","floor":11,"turns":7},{"damage":4,"enemies":"Lots of Slimes","floor":12,"turns":4},{"damage":30,"enemies":"Gremlin Nob","floor":14,"turns":4},{"damage":56,"enemies":"The Guardian","floor":16,"turns":5}],"seed_played":"-2800259591322223927","potions_obtained":[{"floor":1,"key":"BlessingOfTheForge"},{"floor":3,"key":"SpeedPotion"},{"floor":6,"key":"Explosive Potion"}],"is_trial":false,"path_per_floor":["M","M","M","M","$","E","M","R","T","M","E","M","R","E","R","B"],"character_chosen":"WATCHER","items_purchased":["MentalFortress","Mercury Hourglass"],"campfire_rested":2,"item_purchase_floors":[5,5],"current_hp_per_floor":[63,63,63,37,37,26,24,43,43,43,39,35,35,5,24,0,0],"gold":171,"neow_bonus":"TWO_FIFTY_GOLD","is_daily":false,"chose_seed":false,"campfire_upgraded":1,"win_rate":0.0,"timestamp":1610676775,"path_taken":["M","M","M","M","$","E","M","R","T","M","E","M","R","E","R","BOSS"],"items_purchased_type":["Card","Relic"],"build_version":"2020-12-22","purchased_purges":1,"victory":false,"max_hp_per_floor":[65,65,65,65,65,65,65,65,65,65,65,65,65,65,65,65,65],"relic_stats":{"Singing Bowl":0,"counters":[11,49],"Pantograph":25,"Yang":[7],"obtain_stats":[{"Anchor":11,"Singing Bowl":6,"Pantograph":9,"Yang":14,"PureWater":0,"Mercury Hourglass":5},{"Anchor":8,"Singing Bowl":5,"Pantograph":6,"Yang":10,"PureWater":0,"Mercury Hourglass":4},{"Anchor":37,"Singing Bowl":25,"Pantograph":27,"Yang":44,"PureWater":0,"Mercury Hourglass":16}],"Mercury Hourglass":[170]},"card_choices":[{"not_picked":["Swivel","PathToVictory"],"picked":"Sanctity","floor":1},{"not_picked":["EmptyFist","Consecrate"],"picked":"SashWhip","floor":2},{"not_picked":["JustLucky","Halt"],"picked":"BowlingBash","floor":3},{"not_picked":["SpiritShield","Crescendo"],"picked":"EmptyBody","floor":4},{"not_picked":["LikeWater","Halt"],"picked":"Indignation","floor":6},{"not_picked":["SashWhip","Prostrate"],"picked":"Study","floor":7},{"not_picked":["EmptyFist","Swivel"],"picked":"FlurryOfBlows","floor":10},{"not_picked":["Pray","Wireheading"],"picked":"WindmillStrike","floor":11},{"not_picked":["EmptyBody","Meditate"],"picked":"Omniscience","floor":12},{"not_picked":["EmptyFist","Judgement"],"picked":"Adaptation","floor":14}],"player_experience":202313,"relics_obtained":[{"floor":6,"key":"Singing Bowl"},{"floor":9,"key":"Pantograph"},{"floor":11,"key":"Anchor"},{"floor":14,"key":"Yang"}],"event_choices":[],"is_beta":false,"boss_relics":[],"items_purged_floors":[5],"is_endless":false,"potions_floor_spawned":[1,3,6],"killed_by":"The Guardian","ascension_level":1}}