{"host":"ik12d6vb81j48hay","time":1610730005,"event":{"mods":["BaseMod","Custom Start","Minty Spire (QoL Compilation)","StSLib"],"gold_per_floor":[412,487,507,352,352,352,352],"floor_reached":6,"language":"ENG","playtime":555,"items_purged":[],"score":84,"play_id":"ea698319-65eb-4a20-93df-2db522a2f03d","local_time":"20210115110005","is_ascension_mode":false,"campfire_choices":[],"circlet_count":0,"master_deck":["Apotheosis","Undo","Static Discharge","Echo Form","Glacier","Seek","Double Energy","Reprogram","Reprogram","BootSequence","Chill","FTL","Gash","Gash","Gash","Beam Cell","Go for the Eyes","Cold Snap+1"],"relics":["Cracked Core","FrozenCore","Membership Card","ClockworkSouvenir","DataDisk","Ice Cream","Inserter","Gremlin Horn","Runic Capacitor","Shuriken","The Courier","Kunai","Mummified Hand","Girya","TungstenRod","Bronze Scales","Bird Faced Urn","Busted Crown","Bottled Lightning","Bottled Tornado","Old Coin","Orichalcum","Frozen Egg 2","Smiling Mask","Singing Bowl","Prayer Wheel","Pen Nib","Molten Egg 2","Bag of Marbles","Cables","Du-Vu Doll"],"acts_visited":["Exordium"],"potions_floor_usage":[],"damage_taken":[{"damage":0,"enemies":"2 Louse","floor":1,"turns":2},{"damage":0,"enemies":"Cultist","floor":3,"turns":3},{"damage":0,"enemies":"3 Sentries","floor":6,"turns":3}],"seed_played":"-4744554691158750811","potions_obtained":[{"floor":1,"key":"Strength Potion"}],"is_trial":true,"path_per_floor":["M","?","M","$","?","E"],"character_chosen":"DEFECT","items_purchased":["Bag of Marbles","Cables"],"campfire_rested":0,"item_purchase_floors":[4,4],"current_hp_per_floor":[77,71,75,75,75,77,77],"gold":352,"neow_bonus":"","is_daily":false,"chose_seed":false,"campfire_upgraded":0,"win_rate":0.0,"timestamp":1610730005,"path_taken":["M","?","?","$","?","E"],"items_purchased_type":["Relic","Relic"],"build_version":"2020-12-22","purchased_purges":0,"victory":false,"max_hp_per_floor":[77,77,79,79,79,79,79],"card_choices":[{"not_picked":["Capacitor+1"],"picked":"Singing Bowl","floor":1},{"not_picked":[],"picked":"Cold Snap+1","floor":1},{"not_picked":["Turbo"],"picked":"Singing Bowl","floor":3},{"not_picked":["Sweeping Beam+1"],"picked":"SKIP","floor":3}],"player_experience":2001577,"relics_obtained":[],"event_choices":[{"damage_healed":0,"gold_gain":75,"player_choice":"Touch","damage_taken":7,"max_hp_gain":0,"max_hp_loss":0,"event_name":"FaceTrader","floor":2,"gold_loss":0},{"damage_healed":0,"gold_gain":0,"player_choice":"Gave Potion","damage_taken":0,"relics_obtained":["Du-Vu Doll"],"max_hp_gain":0,"max_hp_loss":0,"event_name":"WeMeetAgain","floor":5,"gold_loss":0}],"is_beta":false,"boss_relics":[],"items_purged_floors":[],"is_endless":false,"potions_floor_spawned":[1],"killed_by":"3 Sentries","ascension_level":0}}