{"host":"pno9h1fupbyz205f","time":1610754856,"event":{"mods":["Aspiration","BaseMod","Better Altar","Better Match","Better Note","Better Sensory Stone","Better Skull","Better Third Choice","Colored Map","Colored Powertips","Hubris","Infinite Spire","Jedi Mod","Mad Scientist","Marisa????????","Minty Spire (QoL Compilation)","Permanent Neow","Potionbrewer","Replay The Spire","Shop Mod","Spicy Shops","StSLib","Td1madao Mod","The Blackbeard","The Gatherer","The Hierophant","The Poker Player","The Runesmith","The Servant 0.9.4","The Vixen","thorton","vexMod"],"gold_per_floor":[112,122,122,122,131,141,141,141,141,66,86,118,128,144,144,239,239,211,229,229,229],"floor_reached":20,"language":"ENG","playtime":713,"items_purged":["hierophant:Strike_Hierophant"],"score":186,"play_id":"e44a8294-87a1-4601-be90-1840c55a1604","local_time":"20210115155416","is_ascension_mode":false,"campfire_choices":[{"data":"hierophant:Glossolalia","floor":7,"key":"SMITH"}],"circlet_count":0,"master_deck":["hierophant:Strike_Hierophant","hierophant:Strike_Hierophant","hierophant:Strike_Hierophant","hierophant:Defend_Hierophant","hierophant:Defend_Hierophant","hierophant:Defend_Hierophant","hierophant:Defend_Hierophant","hierophant:ChurchCoffers+1","hierophant:Glossolalia+1","hierophant:FieryStrike","hierophant:RepressedViolence","hierophant:Chorus","hierophant:ThreeLashes","hierophant:Doomsaying+1","hierophant:WrathOfGod","AbeCurse","hierophant:RepressedViolence"],"relics":["hierophant:PropheticMaskRelic","FaceOfCleric","Orichalcum","hubris:MedicalManual","jedi:matchstick","Abe\u0027s Treasure"],"acts_visited":["Exordium","TheCity"],"potions_floor_usage":[12,12,14,14,16,16],"damage_taken":[{"damage":6,"enemies":"2 Louse","floor":1,"turns":2},{"damage":1,"enemies":"Cultist","floor":2,"turns":4},{"damage":7,"enemies":"Small Slimes","floor":5,"turns":3},{"damage":20,"enemies":"Gremlin Nob","floor":6,"turns":4},{"damage":8,"enemies":"Red Slaver","floor":11,"turns":3},{"damage":24,"enemies":"Lagavulin","floor":12,"turns":6},{"damage":4,"enemies":"Blue Slaver","floor":13,"turns":4},{"damage":0,"enemies":"Large Slime","floor":14,"turns":2},{"damage":33,"enemies":"Hexaghost","floor":16,"turns":12},{"damage":40,"enemies":"2 Thieves","floor":18,"turns":4},{"damage":39,"enemies":"Shell Parasite","floor":19,"turns":5}],"seed_played":"4270247700311654155","potions_obtained":[{"floor":11,"key":"EntropicBrew"},{"floor":12,"key":"Elixir"},{"floor":13,"key":"AttackPotion"},{"floor":14,"key":"Energy Potion"}],"is_trial":false,"path_per_floor":["M","M","?","?","M","E","R","?","T","$","M","E","M","M","R_BF","B",null,"M","M","AVR"],"character_chosen":"HIEROPHANT","items_purchased":[],"campfire_rested":0,"item_purchase_floors":[],"current_hp_per_floor":[69,68,73,73,67,48,48,48,48,48,41,18,15,16,41,9,87,48,10,10,10],"gold":229,"neow_bonus":"UPGRADE_CARD","is_daily":false,"chose_seed":false,"campfire_upgraded":1,"win_rate":0.0,"timestamp":1610754856,"path_taken":["M","M","?","?","?","E","R","?","T","$","M","E","M","?","R_BF","BOSS","M","M","AVR"],"items_purchased_type":[],"build_version":"2020-12-22","purchased_purges":1,"victory":false,"max_hp_per_floor":[75,75,80,80,81,82,82,82,82,82,83,84,85,86,86,87,87,88,89,89,89],"card_choices":[{"not_picked":["hierophant:AuricBeam","hierophant:Racketeering"],"picked":"hierophant:Glossolalia","floor":1},{"not_picked":["hierophant:Alms","hierophant:Zeal"],"picked":"hierophant:FieryStrike","floor":2},{"not_picked":["hierophant:Doubloon","hierophant:AuricShield"],"picked":"hierophant:RepressedViolence","floor":5},{"not_picked":["hierophant:Shelter","hierophant:CursedGold","hierophant:Remorse"],"picked":"SKIP","floor":6},{"not_picked":["hierophant:PristineSoul","hierophant:Exaltation"],"picked":"hierophant:Chorus","floor":11},{"not_picked":["hierophant:Chorus","hierophant:PassingBell"],"picked":"hierophant:ThreeLashes","floor":12},{"not_picked":["hierophant:DisplayOfPower","hierophant:PassingBell","hierophant:Flagellation"],"picked":"SKIP","floor":13},{"not_picked":["hierophant:Bribe","hierophant:RepressedViolence"],"picked":"hierophant:Doomsaying","floor":14},{"not_picked":["hierophant:DivineIntervention","hierophant:Generosity"],"picked":"hierophant:WrathOfGod","floor":16},{"not_picked":["hierophant:Smite","hierophant:Endure"],"picked":"hierophant:RepressedViolence","floor":18},{"not_picked":["hierophant:Refuge","hierophant:Remorse","hierophant:RustyCrate+1"],"picked":"SKIP","floor":19}],"player_experience":176345,"relics_obtained":[{"floor":6,"key":"Orichalcum"},{"floor":9,"key":"hubris:MedicalManual"},{"floor":12,"key":"jedi:matchstick"}],"event_choices":[{"damage_healed":0,"gold_gain":0,"player_choice":"Donut","damage_taken":0,"max_hp_gain":5,"max_hp_loss":0,"event_name":"Big Fish","floor":3,"gold_loss":0},{"damage_healed":0,"gold_gain":0,"player_choice":"Trade","damage_taken":0,"relics_obtained":["FaceOfCleric"],"max_hp_gain":0,"max_hp_loss":0,"event_name":"FaceTrader","floor":4,"gold_loss":0},{"cards_removed":["hierophant:Punish"],"damage_healed":0,"gold_gain":0,"player_choice":"Offered Basic","damage_taken":0,"max_hp_gain":0,"max_hp_loss":0,"event_name":"Bonfire Elementals","floor":8,"gold_loss":0}],"is_beta":false,"boss_relics":[{"not_picked":["aspiration:FutureDiary","Busted Crown"],"picked":"Abe\u0027s Treasure"}],"items_purged_floors":[10],"is_endless":false,"potions_floor_spawned":[11,12,13,14],"ascension_level":0}}