{"host":"utcbn1j9ebmpc40m","time":1610670407,"event":{"mods":["BaseMod","Better Altar","Better Match","GifTheSpireLib","Minty Spire (QoL Compilation)","Poor People Problems","StSLib","SuperFastMode","The IronCluck","The Servant 0.9.4"],"gold_per_floor":[119,44,56,56,56,89,89,124,124,2,28,28,28,46,46,46,46],"floor_reached":16,"language":"ENG","playtime":465,"items_purged":["Strike_R"],"score":226,"play_id":"3e752b5c-4724-45af-bf0f-2f68244afb2a","local_time":"20210114192647","is_ascension_mode":true,"campfire_choices":[{"data":"Heavy Blade","floor":7,"key":"SMITH"},{"floor":12,"key":"REST"},{"data":"Armaments","floor":15,"key":"SMITH"}],"circlet_count":0,"master_deck":["AscendersBane","Strike_R","Strike_R","Strike_R","Strike_R","Defend_R","Defend_R","Defend_R","Bash","Heavy Blade+1","Shrug It Off","Bludgeon","Rupture","Hemokinesis","Flex","Armaments+1"],"relics":["Burning Blood","NeowsBlessing","Regal Pillow","Gambling Chip","Orichalcum","Mercury Hourglass","Happy Flower"],"acts_visited":["Exordium"],"potions_floor_usage":[8,11,11],"damage_taken":[{"damage":0,"enemies":"Jaw Worm","floor":1,"turns":1},{"damage":0,"enemies":"Small Slimes","floor":3,"turns":1},{"damage":0,"enemies":"Lagavulin","floor":6,"turns":1},{"damage":63,"enemies":"3 Sentries","floor":8,"turns":12},{"damage":21,"enemies":"Lagavulin","floor":11,"turns":4},{"damage":2,"enemies":"2 Louse","floor":14,"turns":2},{"damage":71,"enemies":"The Guardian","floor":16,"turns":8}],"seed_played":"-8091412907492736544","potions_obtained":[{"floor":3,"key":"FearPotion"},{"floor":6,"key":"BloodPotion"},{"floor":8,"key":"DistilledChaos"},{"floor":14,"key":"Energy Potion"}],"is_trial":false,"path_per_floor":["M","$","M","?","?","E","R","E","T","$","E","R","?","M","R","B"],"character_chosen":"IRONCLAD","items_purchased":["Rupture","Hemokinesis"],"campfire_rested":1,"item_purchase_floors":[10,10],"current_hp_per_floor":[78,78,80,73,73,79,79,38,38,38,23,62,62,66,66,0,0],"gold":46,"neow_bonus":"THREE_ENEMY_KILL","is_daily":false,"chose_seed":false,"campfire_upgraded":2,"win_rate":0.0,"timestamp":1610670407,"path_taken":["M","$","M","?","?","E","R","E","T","$","E","R","?","?","R","BOSS"],"items_purchased_type":["Card","Card"],"build_version":"2020-12-22","purchased_purges":1,"victory":false,"max_hp_per_floor":[80,80,80,80,80,80,80,80,80,80,80,80,80,80,80,80,80],"card_choices":[{"not_picked":["Havoc","Pommel Strike"],"picked":"Heavy Blade","floor":1},{"not_picked":["Anger","Perfected Strike"],"picked":"Shrug It Off","floor":3},{"not_picked":["Dropkick","Headbutt","Sword Boomerang"],"picked":"SKIP","floor":6},{"not_picked":["Headbutt","Battle Trance"],"picked":"Bludgeon","floor":8},{"not_picked":["Dark Embrace","Shrug It Off"],"picked":"Flex","floor":11},{"not_picked":["Shrug It Off","Headbutt"],"picked":"Armaments","floor":14}],"player_experience":487807,"relics_obtained":[{"floor":6,"key":"Gambling Chip"},{"floor":8,"key":"Orichalcum"},{"floor":9,"key":"Mercury Hourglass"},{"floor":11,"key":"Happy Flower"}],"event_choices":[{"cards_removed":["Defend_R"],"damage_healed":0,"gold_gain":0,"player_choice":"Card Removal","damage_taken":7,"max_hp_gain":0,"max_hp_loss":0,"event_name":"Golden Wing","floor":4,"gold_loss":0},{"damage_healed":0,"gold_gain":0,"player_choice":"Box","damage_taken":0,"relics_obtained":["Regal Pillow"],"max_hp_gain":0,"max_hp_loss":0,"event_name":"Big Fish","floor":5,"gold_loss":0,"cards_obtained":["Regret"]},{"cards_removed":["Regret"],"damage_healed":0,"gold_gain":0,"player_choice":"Forget","damage_taken":0,"max_hp_gain":0,"max_hp_loss":0,"event_name":"Living Wall","floor":13,"gold_loss":0}],"is_beta":false,"boss_relics":[],"items_purged_floors":[2],"is_endless":false,"potions_floor_spawned":[3,6,8,14],"killed_by":"The Guardian","ascension_level":12}}