{"host":"qfrmffs8rw9cf08l","time":1610731815,"event":{"mods":["AchievementEnabler","Act Like it!","AlwaysNeverKeys","Arknights The Spire","BaseMod","Bestiary","Better Match","Better Note","Better Sensory Stone","Better Skull","Better Third Choice","Better Vampires","BetterRewards","Curses Come First","Custom Start","Gensokyo","Gold Saver","MarisaÅiñ∂âJÅ@ñÇóùçπÅj","Minty Spire (QoL Compilation)","Permanent Neow","Poor People Problems","Quick Restart","Relic Filter","Relic Sorter","Relic Stats","Shop Mod","StSLib"],"gold_per_floor":[1239,1239,1257,1275,1275,1309,1309,1409,1436,1436,1448,1448,1288,1315,1315,1412,1412,1428,1428,1448,1458,226,261,261,261,308,332,341,341,14,42,42,156,156,176,185,185,185,205,248,248,274,301,313,359,371,418,430,442,454],"floor_reached":51,"language":"ENG","playtime":4771,"items_purged":[],"score":1378,"play_id":"f36aa8bc-6d0f-48a6-90ce-b6770830b091","local_time":"20210116013015","daily_mods":["Heirloom"],"is_ascension_mode":true,"campfire_choices":[{"data":"MasterSpark","floor":7.0,"key":"SMITH"},{"data":"UpSweep","floor":12.0,"key":"SMITH"},{"floor":15.0,"key":"DIG"},{"data":"EventHorizon+1","floor":25.0,"key":"PURGE"},{"floor":32.0,"key":"DIG"},{"floor":41.0,"key":"DIG"},{"data":"Defend_MRS","floor":44.0,"key":"PURGE"},{"floor":46.0,"key":"DIG"},{"floor":49.0,"key":"DIG"}],"circlet_count":0,"master_deck":["Defend_MRS+1","Defend_MRS+1","Defend_MRS+1","MasterSpark+1","UpSweep+1","MilkyWay+1","MilkyWay+1","DarkMatter+1","EventHorizon+1","EnergyFlow+1","UltimateShortwave+1","FinalSpark+1","MillisecondPulsars+1","BlazingStar+1","UltimateShortwave+1","OrrerysSun+1","PulseMagic+1","CasketOfStar+1","SporeBomb+1","OortCloud+1","AbsoluteMagnitude+1","EarthLightRay+1","Master of Strategy+1","OrrerysSun+1","AsteroidBelt+1","AsteroidBelt+1"],"relics":["MiniHakkero","SimpleLauncher","WingedGreaves","The Courier","Membership Card","Toxic Egg 2","Molten Egg 2","Frozen Egg 2","Black Star","Peace Pipe","Shovel","Singing Bowl","Strawberry","Shuriken","Centennial Puzzle","Juzu Bracelet","Nilry\u0027s Codex","Omamori","Ancient Tea Set","Ornamental Fan","Coffee Dripper","CeramicFish","Medical Kit","Bronze Scales","CaptainsWheel","Bag of Preparation","Matryoshka","Nunchaku","InkBottle","Turnip","MealTicket","Astrolabe","Oddly Smooth Stone","Gremlin Horn","Calling Bell","AmplifyWand","Gambling Chip","Regal Pillow","Happy Flower","StrikeDummy","Anchor","Bag of Marbles","Vajra","Gensokyo:ConquerorOfFear","Question Card","Pear","Prayer Wheel","Bottled Flame","Busted Crown","White Beast Statue","Akabeko","Meat on the Bone","MawBank","FossilizedHelix","War Paint","Blood Vial","Torii","Blue Candle","Bottled Lightning"],"acts_visited":["Exordium","Gensokyo:Gensokyo","Gensokyo:Gensokyoer"],"potions_floor_usage":[],"damage_taken":[{"damage":0.0,"enemies":"Gensokyo:3_Fairies","floor":1.0,"turns":4.0},{"damage":5.0,"enemies":"Gensokyo:Gryphon","floor":3.0,"turns":3.0},{"damage":0.0,"enemies":"Gensokyo:2_Kodama","floor":4.0,"turns":4.0},{"damage":22.0,"enemies":"Gensokyo:Cirno","floor":6.0,"turns":7.0},{"damage":0.0,"enemies":"Gensokyo:VengefulSpirit","floor":11.0,"turns":2.0},{"damage":0.0,"enemies":"Gensokyo:Mamizou","floor":14.0,"turns":4.0},{"damage":21.0,"enemies":"Gensokyo:Yukari","floor":16.0,"turns":5.0},{"damage":22.0,"enemies":"Gensokyo:3_Dogs","floor":18.0,"turns":5.0},{"damage":10.0,"enemies":"Gensokyo:AngelMirror","floor":20.0,"turns":2.0},{"damage":9.0,"enemies":"Gensokyo:Slime_Group","floor":21.0,"turns":4.0},{"damage":7.0,"enemies":"Gensokyo:Tenshi","floor":23.0,"turns":2.0},{"damage":0.0,"enemies":"Gensokyo:Mirror_and_Dog","floor":31.0,"turns":2.0},{"damage":0.0,"enemies":"Gensokyo:Eiki","floor":33.0,"turns":4.0},{"damage":0.0,"enemies":"Gensokyo:3_Bats","floor":35.0,"turns":2.0},{"damage":0.0,"enemies":"Gensokyo:AncientGuardian","floor":39.0,"turns":1.0},{"damage":0.0,"enemies":"Gensokyo:Doremy","floor":40.0,"turns":2.0},{"damage":0.0,"enemies":"Gensokyo:Dusk_and_Dawn","floor":42.0,"turns":2.0},{"damage":0.0,"enemies":"Gensokyo:Kasen","floor":45.0,"turns":3.0},{"damage":0.0,"enemies":"Gensokyo:Doremy","floor":47.0,"turns":2.0},{"damage":0,"enemies":"Gensokyo:Yuyuko","floor":50,"turns":2}],"seed_played":"-2423308771581595190","potions_obtained":[{"floor":4.0,"key":"SmokeBomb"},{"floor":11.0,"key":"LiquidBronze"},{"floor":14.0,"key":"Explosive Potion"},{"floor":23.0,"key":"Weak Potion"},{"floor":35.0,"key":"DistilledChaos"},{"floor":40.0,"key":"EssenceOfSteel"},{"floor":42.0,"key":"Regen Potion"},{"floor":45.0,"key":"Dexterity Potion"},{"floor":47.0,"key":"Fruit Juice"}],"is_trial":true,"path_per_floor":["M","?","M","M","?","E","R","?","T","?","M","R","?","E","R","B",null,"M","?","M","M","$","E","?","R","T","T","?","?","$","M","R","B",null,"M","?","$","$","M","E","R","M","T","R","E","R","E","?","R","B",null],"character_chosen":"MARISA","items_purchased":["CeramicFish","Medical Kit","Bronze Scales","CaptainsWheel","Bag of Preparation","Matryoshka","PulseMagic+1","CasketOfStar+1","Nunchaku","InkBottle","Turnip","MealTicket","Astrolabe","Oddly Smooth Stone","Gremlin Horn","Calling Bell","Question Card","Pear","Prayer Wheel"],"campfire_rested":0,"item_purchase_floors":[22,22,22,22,22,22,22,22,22,22,22,22,22,22,22,22,30,30,30],"current_hp_per_floor":[68,70,65,65,62,40,40,40,40,40,40,40,40,40,40,19,68,46,46,38,29,29,24,24,24,24,24,24,24,49,51,51,51,88,90,92,104,104,106,106,106,108,108,108,110,110,117,117,117,117],"gold":466,"neow_bonus":"","is_daily":false,"chose_seed":false,"campfire_upgraded":2,"win_rate":0.0,"timestamp":1610731815,"path_taken":["M","?","M","M","?","E","R","?","T","?","M","R","?","E","R","BOSS","M","?","M","M","$","E","?","R","T","?","?","?","?","M","R","BOSS","M","?","$","?","M","E","R","M","T","R","E","R","E","?","R","BOSS"],"items_purchased_type":["Relic","Relic","Relic","Relic","Relic","Relic","Card","Card","Relic","Relic","Relic","Relic","Relic","Relic","Relic","Relic","Relic","Relic","Relic"],"build_version":"2020-12-22","purchased_purges":0,"victory":true,"max_hp_per_floor":[75,77,77,77,84,84,84,84,84,84,84,84,84,84,84,84,84,84,84,86,86,86,88,88,88,88,88,88,88,98,100,100,100,100,102,104,104,104,106,106,106,108,108,108,110,110,117,117,117,117],"relic_stats":{"Regal Pillow":0,"Singing Bowl":20,"Gremlin Horn":[8,8],"Torii":0,"CeramicFish":117,"Juzu Bracelet":3,"Bag of Preparation":[20],"Blood Vial":0,"Centennial Puzzle":[15],"Nunchaku":[4],"Shovel":5,"Gambling Chip":[12],"MealTicket":27,"Prayer Wheel":4,"InkBottle":[16],"Happy Flower":[6],"counters":[20,62],"Astrolabe":["SporeBomb","EventHorizon","IllusionStar"],"Blue Candle":[0],"War Paint":[],"Medical Kit":[0],"Question Card":14,"MawBank":96,"Peace Pipe":2,"Busted Crown":22,"Shuriken":[10],"Ornamental Fan":[36],"Bronze Scales":[27],"Turnip":[1],"Black Star":6,"obtain_stats":[{"Gremlin Horn":22,"Nilry\u0027s Codex":13,"CeramicFish":22,"Vajra":27,"Gensokyo:UndefinedDarkness":29,"Blood Vial":46,"Centennial Puzzle":6,"Strawberry":5,"MealTicket":22,"Prayer Wheel":30,"Toxic Egg 2":0,"Pear":30,"Happy Flower":23,"Astrolabe":22,"Blue Candle":47,"Oddly Smooth Stone":22,"War Paint":45,"Question Card":30,"Akabeko":40,"Bottled Flame":32,"Shuriken":6,"Bronze Scales":22,"Molten Egg 2":0,"Black Star":0,"MiniHakkero":0,"StrikeDummy":26,"Meat on the Bone":41,"AmplifyWand":22,"Regal Pillow":23,"Singing Bowl":0,"Torii":47,"Juzu Bracelet":9,"Bag of Preparation":22,"Ancient Tea Set":14,"Nunchaku":22,"Shovel":0,"Matryoshka":22,"Gambling Chip":22,"WingedGreaves":0,"SimpleLauncher":0,"InkBottle":22,"The Courier":0,"Omamori":14,"Gensokyo:ConquerorOfFear":31,"Frozen Egg 2":0,"Medical Kit":22,"MawBank":43,"White Beast Statue":40,"Peace Pipe":0,"Calling Bell":22,"CaptainsWheel":22,"Anchor":26,"Busted Crown":34,"Ornamental Fan":15,"Turnip":22,"Coffee Dripper":17,"Bag of Marbles":27,"Membership Card":0,"Bottled Lightning":49,"FossilizedHelix":45},{"Gremlin Horn":10,"Nilry\u0027s Codex":5,"CeramicFish":10,"Vajra":11,"Gensokyo:UndefinedDarkness":11,"Blood Vial":18,"Centennial Puzzle":4,"Strawberry":3,"MealTicket":10,"Prayer Wheel":11,"Toxic Egg 2":0,"Pear":11,"Happy Flower":11,"Astrolabe":10,"Blue Candle":19,"Oddly Smooth Stone":10,"War Paint":18,"Question Card":11,"Akabeko":16,"Bottled Flame":12,"Shuriken":4,"Bronze Scales":10,"Molten Egg 2":0,"Black Star":0,"MiniHakkero":0,"StrikeDummy":11,"Meat on the Bone":16,"AmplifyWand":10,"Regal Pillow":11,"Singing Bowl":0,"Torii":19,"Juzu Bracelet":4,"Bag of Preparation":10,"Ancient Tea Set":6,"Nunchaku":10,"Shovel":0,"Matryoshka":10,"Gambling Chip":10,"WingedGreaves":0,"SimpleLauncher":0,"InkBottle":10,"The Courier":0,"Omamori":6,"Gensokyo:ConquerorOfFear":12,"Frozen Egg 2":0,"Medical Kit":10,"MawBank":17,"White Beast Statue":16,"Peace Pipe":0,"Calling Bell":10,"CaptainsWheel":10,"Anchor":11,"Busted Crown":13,"Ornamental Fan":6,"Turnip":10,"Coffee Dripper":7,"Bag of Marbles":11,"Membership Card":0,"Bottled Lightning":19,"FossilizedHelix":18},{"Gremlin Horn":40,"Nilry\u0027s Codex":20,"CeramicFish":40,"Vajra":42,"Gensokyo:UndefinedDarkness":42,"Blood Vial":58,"Centennial Puzzle":18,"Strawberry":11,"MealTicket":40,"Prayer Wheel":42,"Toxic Egg 2":0,"Pear":42,"Happy Flower":42,"Astrolabe":40,"Blue Candle":60,"Oddly Smooth Stone":40,"War Paint":58,"Question Card":42,"Akabeko":53,"Bottled Flame":44,"Shuriken":18,"Bronze Scales":40,"Molten Egg 2":0,"Black Star":0,"MiniHakkero":0,"StrikeDummy":42,"Meat on the Bone":53,"AmplifyWand":40,"Regal Pillow":42,"Singing Bowl":0,"Torii":60,"Juzu Bracelet":18,"Bag of Preparation":40,"Ancient Tea Set":24,"Nunchaku":40,"Shovel":0,"Matryoshka":40,"Gambling Chip":40,"WingedGreaves":0,"SimpleLauncher":0,"InkBottle":40,"The Courier":0,"Omamori":24,"Gensokyo:ConquerorOfFear":44,"Frozen Egg 2":0,"Medical Kit":40,"MawBank":55,"White Beast Statue":53,"Peace Pipe":0,"Calling Bell":40,"CaptainsWheel":40,"Anchor":42,"Busted Crown":48,"Ornamental Fan":24,"Turnip":40,"Coffee Dripper":29,"Bag of Marbles":42,"Membership Card":0,"Bottled Lightning":60,"FossilizedHelix":58}],"Meat on the Bone":0},"card_choices":[{"not_picked":["EarthLightRay+1","PowerUp+1"],"picked":"MilkyWay+1","floor":1.0},{"not_picked":["PowerUp+1","OpenUniverse+1"],"picked":"MilkyWay+1","floor":2.0},{"not_picked":["SporeBomb+1","GalacticHalo+1","StarBarrage+1"],"picked":"Singing Bowl","floor":2.0},{"not_picked":["WitchLeyline+1","PowerUp+1"],"picked":"DarkMatter+1","floor":3.0},{"not_picked":["GalacticHalo+1","MysteriousBeam+1"],"picked":"ShootTheMoon+1","floor":4.0},{"not_picked":["SporeBomb+1","BigCrunch+1"],"picked":"EventHorizon+1","floor":6.0},{"not_picked":["UnstableBomb+1","MeteoricShower+1"],"picked":"EnergyFlow+1","floor":11.0},{"not_picked":["EnergyFlow+1","CasketOfStar+1"],"picked":"UltimateShortwave+1","floor":14.0},{"not_picked":["CasketOfStar+1","BigCrunch+1"],"picked":"FinalSpark+1","floor":16.0},{"not_picked":["SporeBomb+1","RefractionSpark+1"],"picked":"DoubleSpark+1","floor":18.0},{"not_picked":["BlazingStar+1","MaximisePower+1"],"picked":"MillisecondPulsars+1","floor":19.0},{"not_picked":["TreasureHunter+1","JA+1"],"picked":"BlazingStar+1","floor":19.0},{"not_picked":["TreasureHunter+1","SuperNova+1"],"picked":"UltimateShortwave+1","floor":19.0},{"not_picked":["AlicesGift+1","UnstableBomb+1","DarkMatter+1"],"picked":"Singing Bowl","floor":20.0},{"not_picked":["AbsoluteMagnitude+1","PropBag+1"],"picked":"OrrerysSun+1","floor":21.0},{"not_picked":["6A+1","IllusionStar+1","DeepEcoloBomb+1"],"picked":"Singing Bowl","floor":23.0},{"not_picked":["GrandCross+1","ChargeUpSpray+1","MeteoricShower+1","DarkMatter+1"],"picked":"Singing Bowl","floor":31.0},{"not_picked":["RefractionSpark+1","GrandCross+1","Robbery+1"],"picked":"NonDirectionalLaser+1","floor":31.0},{"not_picked":["BigCrunch+1","UltimateShortwave+1","SatelliteIllusion+1"],"picked":"AbsoluteMagnitude+1","floor":33.0},{"not_picked":["StarBarrage+1"],"picked":"EarthLightRay+1","floor":35.0},{"not_picked":["6A+1","LuminesStrike+1"],"picked":"Singing Bowl","floor":35.0},{"not_picked":["Flash of Steel+1"],"picked":"Master of Strategy+1","floor":36.0},{"not_picked":["Forethought+1","Master of Strategy+1"],"picked":"Singing Bowl","floor":36.0},{"not_picked":["MilkyWay+1"],"picked":"OrrerysSun+1","floor":39.0},{"not_picked":["DoubleSpark+1","ShootingEcho+1"],"picked":"Singing Bowl","floor":39.0},{"not_picked":["WitchOfGreed+1"],"picked":"AsteroidBelt+1","floor":40.0},{"not_picked":["DoubleSpark+1","IllusionStar+1"],"picked":"Singing Bowl","floor":42.0},{"not_picked":["ShootTheMoon+1"],"picked":"AsteroidBelt+1","floor":42.0},{"not_picked":["DC+1","UnstableBomb+1"],"picked":"Singing Bowl","floor":45.0},{"not_picked":["UnstableBomb+1","DC+1"],"picked":"Singing Bowl","floor":47.0}],"player_experience":273902,"relics_obtained":[{"floor":6.0,"key":"Shuriken"},{"floor":6.0,"key":"Centennial Puzzle"},{"floor":9.0,"key":"Juzu Bracelet"},{"floor":14.0,"key":"Omamori"},{"floor":14.0,"key":"Ancient Tea Set"},{"floor":15.0,"key":"Ornamental Fan"},{"floor":22.0,"key":"AmplifyWand"},{"floor":22.0,"key":"Gambling Chip"},{"floor":23.0,"key":"Regal Pillow"},{"floor":23.0,"key":"Happy Flower"},{"floor":26.0,"key":"StrikeDummy"},{"floor":26.0,"key":"Anchor"},{"floor":27.0,"key":"Bag of Marbles"},{"floor":27.0,"key":"Vajra"},{"floor":31.0,"key":"Gensokyo:ConquerorOfFear"},{"floor":32.0,"key":"Bottled Flame"},{"floor":40.0,"key":"White Beast Statue"},{"floor":40.0,"key":"Akabeko"},{"floor":41.0,"key":"Meat on the Bone"},{"floor":43.0,"key":"MawBank"},{"floor":45.0,"key":"FossilizedHelix"},{"floor":45.0,"key":"War Paint"},{"floor":46.0,"key":"Blood Vial"},{"floor":47.0,"key":"Torii"},{"floor":47.0,"key":"Blue Candle"},{"floor":49.0,"key":"Bottled Lightning"}],"event_choices":[{"damage_healed":0.0,"max_hp_gain":0.0,"max_hp_loss":0.0,"gold_gain":0.0,"event_name":"betterMatch:BetterMatch","player_choice":"3","floor":19.0,"gold_loss":0.0,"damage_taken":0.0,"cards_obtained":["betterMatch:RareCard"]},{"damage_healed":0.0,"max_hp_gain":0.0,"max_hp_loss":0.0,"gold_gain":3.0,"event_name":"betterStone:BetterStone","player_choice":"1","floor":36.0,"gold_loss":0.0,"damage_taken":0.0}],"is_beta":false,"boss_relics":[{"not_picked":["Velvet Choker","Cursed Key"],"picked":"Coffee Dripper"},{"not_picked":["Philosopher\u0027s Stone","Fusion Hammer"],"picked":"Busted Crown"}],"items_purged_floors":[],"is_endless":false,"potions_floor_spawned":[4,11,14,21,23,35,40,42,45,47],"ascension_level":8}}