{"host":"dth8fvkfiulu86fi","time":1610709913,"event":{"mods":["2.2 Compatiblity","AchievementEnabler","BaseMod","Better Third Choice","Colored Map","Colored Powertips","Minty Spire (QoL Compilation)","Rare Cards Sparkle","StSLib","SuperFastMode","Synergy Search"],"gold_per_floor":[112,14,24,24,40,40,67,78,78,108,108,108,121,55,55,157,157,157,157,16,16,16,16,16,16,16,16,16,16,16,16,16,16,16,16,16,16,16,16,16,16,16],"floor_reached":41,"language":"ENG","playtime":1489,"items_purged":[],"score":564,"play_id":"e5ea9976-9f10-4c9b-9630-e073a90add4a","local_time":"20210115122513","is_ascension_mode":true,"campfire_choices":[{"data":"Twin Strike","floor":6.0,"key":"SMITH"},{"data":"Demon Form","floor":15.0,"key":"SMITH"},{"floor":23.0,"key":"REST"},{"floor":27.0,"key":"REST"},{"floor":32.0,"key":"REST"},{"data":"Double Tap","floor":40,"key":"SMITH"}],"circlet_count":0,"master_deck":["Strike_R","Strike_R","Strike_R","Strike_R","Strike_R","Defend_R","Defend_R","Defend_R","Defend_R","Bash","Anger","Finesse","Twin Strike+1","Demon Form+1","Finesse","Reaper","Seeing Red","Inflame+1","Flex","Heavy Blade+1","Anger","Double Tap+1","Anger+1","Seeing Red","Impervious","Anger+1"],"relics":["Black Blood","Bag of Marbles","The Courier","Meat on the Bone","Omamori","Ectoplasm","Red Skull","Tiny Chest","Question Card","Ancient Tea Set","Art of War"],"acts_visited":["Exordium","TheCity","TheBeyond"],"potions_floor_usage":[37,37,41],"damage_taken":[{"damage":0.0,"enemies":"2 Louse","floor":1.0,"turns":2.0},{"damage":0.0,"enemies":"Cultist","floor":3.0,"turns":2.0},{"damage":7.0,"enemies":"Jaw Worm","floor":5.0,"turns":2.0},{"damage":25.0,"enemies":"Lagavulin","floor":7.0,"turns":6.0},{"damage":14.0,"enemies":"Lots of Slimes","floor":8.0,"turns":3.0},{"damage":16.0,"enemies":"3 Sentries","floor":10.0,"turns":8.0},{"damage":0.0,"enemies":"2 Fungi Beasts","floor":13.0,"turns":2.0},{"damage":8.0,"enemies":"Slime Boss","floor":16.0,"turns":8.0},{"damage":4.0,"enemies":"Spheric Guardian","floor":18.0,"turns":3.0},{"damage":11.0,"enemies":"3 Byrds","floor":19.0,"turns":5.0},{"damage":61.0,"enemies":"Snake Plant","floor":21.0,"turns":5.0},{"damage":35.0,"enemies":"Sentry and Sphere","floor":22.0,"turns":5.0},{"damage":53.0,"enemies":"Gremlin Leader","floor":25.0,"turns":4.0},{"damage":54.0,"enemies":"Slavers","floor":28.0,"turns":3.0},{"damage":44.0,"enemies":"Shelled Parasite and Fungi","floor":29.0,"turns":4.0},{"damage":34.0,"enemies":"Snake Plant","floor":30.0,"turns":3.0},{"damage":28.0,"enemies":"Book of Stabbing","floor":31.0,"turns":4.0},{"damage":66.0,"enemies":"Champ","floor":33.0,"turns":8.0},{"damage":78,"enemies":"3 Darklings","floor":35,"turns":7},{"damage":39,"enemies":"3 Shapes","floor":36,"turns":4},{"damage":40,"enemies":"Maw","floor":37,"turns":6},{"damage":44,"enemies":"4 Shapes","floor":38,"turns":6},{"damage":87,"enemies":"Giant Head","floor":41,"turns":6}],"seed_played":"1674975133684682840","potions_obtained":[{"floor":3.0,"key":"Energy Potion"},{"floor":7.0,"key":"Regen Potion"},{"floor":10.0,"key":"Energy Potion"},{"floor":12.0,"key":"Fruit Juice"},{"floor":12.0,"key":"DuplicationPotion"},{"floor":12.0,"key":"FairyPotion"},{"floor":16.0,"key":"Regen Potion"},{"floor":25.0,"key":"Energy Potion"},{"floor":29.0,"key":"SkillPotion"},{"floor":33.0,"key":"Ancient Potion"},{"floor":36,"key":"Strength Potion"},{"floor":37,"key":"CultistPotion"}],"is_trial":false,"path_per_floor":["M","$","M","?","M","R","E","M","T","E","$","?","M","$","R","B",null,"M","M","$","M","M","R","?","E","T","R","E","M","M","E","R","B",null,"M","M","M","M","$","R","E"],"character_chosen":"IRONCLAD","items_purchased":["Finesse","Finesse","Red Skull","Flex"],"campfire_rested":3,"item_purchase_floors":[2,14,20,20],"current_hp_per_floor":[88,88,88,81,80,80,61,62,62,52,52,57,63,63,63,61,93,93,93,93,50,33,60,60,48,48,75,66,40,24,24,51,45,93,57,67,75,59,59,59,0,0],"gold":16,"neow_bonus":"TEN_PERCENT_HP_BONUS","is_daily":false,"chose_seed":false,"campfire_upgraded":3,"win_rate":0.0,"timestamp":1610709913,"path_taken":["M","$","M","?","M","R","E","M","T","E","$","?","M","$","R","BOSS","M","M","$","?","M","R","?","E","T","R","E","M","M","E","R","BOSS","M","M","M","M","?","R","E"],"items_purchased_type":["Card","Card","Relic","Card"],"build_version":"2020-12-22","purchased_purges":0,"victory":false,"max_hp_per_floor":[88,88,88,88,88,88,88,88,88,88,88,93,93,93,93,93,93,93,93,93,93,93,93,93,93,93,93,93,93,93,93,93,93,93,93,93,93,93,93,93,93,93],"card_choices":[{"not_picked":["Warcry","Thunderclap"],"picked":"Anger","floor":1.0},{"not_picked":["Limit Break","Thunderclap"],"picked":"Twin Strike","floor":3.0},{"not_picked":["Wild Strike","Entrench","Thunderclap"],"picked":"SKIP","floor":5.0},{"not_picked":["Fire Breathing","Metallicize","Clothesline"],"picked":"SKIP","floor":7.0},{"not_picked":["Bloodletting","Iron Wave","Clothesline"],"picked":"SKIP","floor":8.0},{"not_picked":["Fire Breathing","Entrench"],"picked":"Demon Form","floor":10.0},{"not_picked":["Iron Wave","Headbutt","Body Slam"],"picked":"SKIP","floor":13.0},{"not_picked":["Corruption","Brutality"],"picked":"Reaper","floor":16.0},{"not_picked":["Reckless Charge","Ghostly Armor"],"picked":"Seeing Red","floor":18.0},{"not_picked":["Wild Strike","Armaments"],"picked":"Inflame+1","floor":19.0},{"not_picked":["Dark Embrace","Sword Boomerang+1"],"picked":"Heavy Blade+1","floor":21.0},{"not_picked":["Iron Wave","Searing Blow"],"picked":"Anger","floor":22.0},{"not_picked":["Shrug It Off","Flex"],"picked":"Double Tap","floor":25.0},{"not_picked":["Warcry+1","Metallicize","Pommel Strike"],"picked":"Anger+1","floor":28.0},{"not_picked":["Rampage+1","Evolve","Bloodletting","Feel No Pain+1"],"picked":"SKIP","floor":29.0},{"not_picked":["Burning Pact+1","Body Slam","Searing Blow+1","Blood for Blood+1"],"picked":"SKIP","floor":30.0},{"not_picked":["Carnage","Iron Wave","Brutality"],"picked":"Seeing Red","floor":31.0},{"not_picked":["Limit Break","Double Tap","Bludgeon"],"picked":"Impervious","floor":33.0},{"not_picked":["Headbutt+1","Evolve","True Grit","Twin Strike"],"picked":"SKIP","floor":35},{"not_picked":["Wild Strike","Headbutt+1","Iron Wave"],"picked":"Anger+1","floor":36},{"not_picked":["Sentinel","Bludgeon","Clothesline+1","Rampage"],"picked":"SKIP","floor":37},{"not_picked":["Clothesline","Infernal Blade","Headbutt+1","Wild Strike"],"picked":"SKIP","floor":38}],"player_experience":1146908,"relics_obtained":[{"floor":7.0,"key":"The Courier"},{"floor":9.0,"key":"Meat on the Bone"},{"floor":10.0,"key":"Omamori"},{"floor":25.0,"key":"Tiny Chest"},{"floor":26.0,"key":"Question Card"},{"floor":28.0,"key":"Ancient Tea Set"},{"floor":31.0,"key":"Art of War"}],"event_choices":[{"damage_healed":0.0,"max_hp_gain":0.0,"max_hp_loss":0.0,"gold_gain":0.0,"event_name":"betterThird:BetterScrap","player_choice":"Relic ","floor":4.0,"gold_loss":0.0,"damage_taken":7.0,"cards_obtained":["Self Repair"]},{"damage_healed":0.0,"max_hp_gain":0.0,"max_hp_loss":0.0,"gold_gain":0.0,"event_name":"Lab","player_choice":"Got Potions","floor":12.0,"gold_loss":0.0,"damage_taken":0.0},{"damage_healed":0.0,"max_hp_gain":0.0,"max_hp_loss":0.0,"gold_gain":0.0,"event_name":"Match and Keep!","player_choice":"0 cards matched","floor":24.0,"gold_loss":0.0,"damage_taken":0.0,"cards_obtained":[]}],"is_beta":false,"boss_relics":[{"not_picked":["Astrolabe","Philosopher\u0027s Stone"],"picked":"Ectoplasm"},{"not_picked":["Black Star","Mark of Pain"],"picked":"Black Blood"}],"items_purged_floors":[],"is_endless":false,"potions_floor_spawned":[3,7,10,16,19,25,29,33,36,37],"killed_by":"Giant Head","ascension_level":2}}