{"host":"0mk07bycsqo1qk03","time":1610730996,"event":{"mods":["BaseMod","Bestiary","Downfall","Hermit","Hubris","Minty Spire (QoL Compilation)","Replay The Spire","StSLib","The Cursed","The Servant 0.9.4"],"gold_per_floor":[119,130,130,130,145,178,178,178,178,195,119,130,161,161,161,262,262,281,281,281,34,34,34,54,86,111,561,573,85,98,109,204,303,303,319,336,353,365,117,117,136,162,162,171,189,216,226,75,84,84],"floor_reached":51,"language":"ENG","playtime":2339,"items_purged":["Normality","Shame"],"score":1651,"play_id":"2681ca89-ea46-4ea5-9999-222c4e28c3d0","local_time":"20210115181636","is_ascension_mode":true,"campfire_choices":[{"data":"hubris:Despair","floor":15,"key":"PURGE"},{"data":"Noxious Fumes","floor":44,"key":"SMITH"}],"circlet_count":0,"master_deck":["AscendersBane","Strike_P","Defend_P","Defend_P","Defend_P","Eruption+1","Vigilance","FlurryOfBlows","Vengeance+1","Halt","CutThroughFate","Wallop","FollowUp","Replay:Hum","Ragnarok","Noxious Fumes+1","Replay:ManipulateFuture","Swivel+1","expansioncontent:Torchfire","JustLucky+1","Genetic Algorithm","hermit:Dive","EmptyFist","Gash+1","ReplayTheSpireMod:Limb From Limb","Bandage Up","Guardian:FierceBash","ReachHeaven","TheCursedMod:CircleOfFlame+1","BottledTime","SandsOfTime","Apotheosis","expansioncontent:DecasProtection","Flash of Steel","Flash of Steel","SignatureMove"],"relics":["PureWater","NeowsBlessing","Pen Nib","ReplayTheSpireMod:Ring of Addiction","Potion Belt","Chameleon Ring","Ring of Searing","TeardropLocket","ReplayTheSpireMod:CursedCoin","PreservedInsect","hubris:TenFootPole","Black Star","Durian","Blood Vial","Question Card","Replay:PocketPolymizer","Pet Ghost","Eternal Feather","PrismaticShard","Coffee Dripper","Yang","Replay:Kaleidoscope","Singing Bowl","CeramicFish"],"acts_visited":["Exordium","TheCity","TheBeyond"],"potions_floor_usage":[6,10,13,16,16,24,25,28,31,33,33,33,36,42,45,50,50,50],"damage_taken":[{"damage":0,"enemies":"Jaw Worm","floor":1,"turns":1},{"damage":0,"enemies":"Cultist","floor":2,"turns":1},{"damage":0,"enemies":"2 Louse","floor":5,"turns":1},{"damage":23,"enemies":"Lagavulin","floor":6,"turns":7},{"damage":0,"enemies":"Large Slime","floor":10,"turns":3},{"damage":0,"enemies":"2 Fungi Beasts","floor":12,"turns":2},{"damage":0,"enemies":"3 Sentries","floor":13,"turns":2},{"damage":0,"enemies":"Slime Boss","floor":16,"turns":3},{"damage":12,"enemies":"Chosen","floor":18,"turns":2},{"damage":10,"enemies":"Spheric Guardian","floor":24,"turns":2},{"damage":0,"enemies":"Book of Stabbing","floor":25,"turns":2},{"damage":9,"enemies":"Snecko","floor":28,"turns":4},{"damage":4,"enemies":"3 Cultists","floor":30,"turns":4},{"damage":3,"enemies":"Cultist and Chosen","floor":31,"turns":4},{"damage":15,"enemies":"Pondfish","floor":33,"turns":6},{"damage":14,"enemies":"Orb Walker","floor":35,"turns":4},{"damage":0,"enemies":"3 Shapes","floor":36,"turns":2},{"damage":28,"enemies":"Spire Growth","floor":37,"turns":4},{"damage":25,"enemies":"Jaw Worm Horde","floor":38,"turns":5},{"damage":0,"enemies":"Transient","floor":41,"turns":5},{"damage":5,"enemies":"R_Hoarder","floor":42,"turns":4},{"damage":11,"enemies":"4 Shapes","floor":45,"turns":3},{"damage":21,"enemies":"Writhing Mass","floor":47,"turns":4},{"damage":0,"enemies":"hubris:GrandSnecko","floor":50,"turns":7}],"seed_played":"8019262528888199761","potions_obtained":[{"floor":2,"key":"champ:CounterPotion"},{"floor":6,"key":"Guardian:BlockOnCardUsePotion"},{"floor":7,"key":"SpeedPotion"},{"floor":7,"key":"sneckomod:MuddlingPotion"},{"floor":7,"key":"champ:CounterPotion"},{"floor":8,"key":"Swift Potion"},{"floor":8,"key":"GamblersBrew"},{"floor":10,"key":"SteroidPotion"},{"floor":23,"key":"Death Potion"},{"floor":23,"key":"SneckoOil"},{"floor":25,"key":"ColorlessPotion"},{"floor":30,"key":"LiquidMemories"},{"floor":35,"key":"Fire Potion"},{"floor":38,"key":"Strength Potion"},{"floor":40,"key":"AttackPotion"},{"floor":40,"key":"BottledMiracle"},{"floor":42,"key":"Fire Potion"},{"floor":47,"key":"SpeedPotion"},{"floor":49,"key":"AttackPotion"},{"floor":49,"key":"DistilledChaos"}],"is_trial":false,"path_per_floor":["M","M","?","?","M","E","?","R","T","M","$","M","E","?","R","B",null,"M","?","?","$","?","R","M","E","T","?","M","$","M","M","R","B",null,"M","M","M","M","$","R","M","E","T","R","M","?","M","$","R","B",null],"character_chosen":"WATCHER","items_purchased":["ReplayTheSpireMod:CursedCoin","PreservedInsect","Blood Vial","Eternal Feather","PrismaticShard","Strength Potion","Strength Potion","Yang","LiquidMemories","Flash of Steel"],"campfire_rested":0,"item_purchase_floors":[11,11,21,29,29,29,29,39,48,48],"current_hp_per_floor":[65,65,65,65,65,42,42,42,42,42,42,42,42,47,47,47,70,58,54,59,59,59,59,51,53,53,28,21,21,19,26,41,28,69,57,59,33,14,14,32,38,35,35,53,50,45,28,28,49,57],"gold":84,"neow_bonus":"THREE_ENEMY_KILL","is_daily":false,"chose_seed":false,"campfire_upgraded":1,"win_rate":0.0,"timestamp":1610730996,"path_taken":["M","M","?","?","?","E","?","R","T","M","$","M","E","?","R","BOSS","M","?","?","$","?","R","?","E","T","?","M","$","M","M","R","BOSS","M","M","M","M","?","R","?","E","T","R","M","?","M","?","R","BOSS"],"items_purchased_type":["Relic","Relic","Relic","Relic","Relic","Potion","Potion","Relic","Potion","Card"],"build_version":"2020-12-22","purchased_purges":2,"victory":true,"max_hp_per_floor":[72,72,72,72,72,72,72,72,72,72,72,72,72,77,77,77,77,77,82,85,85,85,83,83,83,83,83,83,83,83,83,83,83,83,83,83,83,83,83,81,81,81,81,81,83,83,85,85,83,83],"card_choices":[{"not_picked":["LikeWater","CrushJoints"],"picked":"FlurryOfBlows","floor":1},{"not_picked":["EmptyFist","Wireheading"],"picked":"Vengeance","floor":2},{"not_picked":["LikeWater","SashWhip"],"picked":"Halt","floor":5},{"not_picked":["SignatureMove","Collect"],"picked":"CutThroughFate","floor":6},{"not_picked":["Replay:AtTheReady","PathToVictory"],"picked":"Wallop","floor":10},{"not_picked":["ThirdEye","SandsOfTime"],"picked":"FollowUp","floor":12},{"not_picked":["Evaluate","EmptyFist"],"picked":"Replay:Hum","floor":13},{"not_picked":["Devotion","DeusExMachina"],"picked":"Ragnarok","floor":16},{"not_picked":["Tantrum","Prostrate","Sanctity"],"picked":"SKIP","floor":18},{"not_picked":["EmptyMind","Tantrum"],"picked":"Replay:ManipulateFuture","floor":24},{"not_picked":["Wallop+1","CarveReality"],"picked":"Swivel+1","floor":25},{"not_picked":["Replay:Hum","Protect","FlyingSleeves+1"],"picked":"JustLucky+1","floor":28},{"not_picked":["ReplayGash+1","Bane","TheCursedMod:HellsGateOpen"],"picked":"Genetic Algorithm","floor":30},{"not_picked":["champ:GladiatorsShout","sneckomod:UnknownCommonSkill+1","Slimebound:SplitAcid"],"picked":"hermit:Dive","floor":31},{"not_picked":["Slimebound:SlimeSpikes","Slimebound:GoopSpray+1","DoubleEdge+1"],"picked":"Gash+1","floor":35},{"not_picked":["ReplayTheSpireMod:System Scan+1","TheCursedMod:Stigma","Clothesline"],"picked":"ReplayTheSpireMod:Limb From Limb","floor":36},{"not_picked":["Dodge and Roll+1","ReplayTheSpireMod:Strike From Hell","champ:Shatter"],"picked":"Bandage Up","floor":37},{"not_picked":["Recycle","hermit:TrackingShot+1","Dodge and Roll+1"],"picked":"Guardian:FierceBash","floor":38},{"not_picked":["champ:Shatter","Bane","hermit:HighCaliber+1"],"picked":"TheCursedMod:CircleOfFlame+1","floor":41},{"not_picked":["hexamod:GhostOfSpirePresent+1","hermit:HoleUp+1","Headbutt"],"picked":"BottledTime","floor":42},{"not_picked":["TheCursedMod:CircleOfWindfury","ReplayTheSpireMod:GoodbyeWorld","Infernal Blade+1","TheCursedMod:SpitefulStrike+1"],"picked":"Singing Bowl","floor":45},{"not_picked":["expansioncontent:LastStand","expansioncontent:GuardianWhirl","Specialist"],"picked":"Apotheosis","floor":46},{"not_picked":["ReplayTheSpireMod:Trickstab","Deep Breath","Replay:BasicMightCard"],"picked":"expansioncontent:DecasProtection","floor":46},{"not_picked":["expansioncontent:PrepareCrush","Dark Shackles","expansioncontent:AwakenDeath"],"picked":"Flash of Steel","floor":46},{"not_picked":["Alleviate+1","hermit:EyeOfTheStorm","hexamod:NecessarySacrifice+1","hexamod:SwordOfDarkness+1"],"picked":"Singing Bowl","floor":47}],"player_experience":892957,"relics_obtained":[{"floor":6,"key":"Pen Nib"},{"floor":7,"key":"ReplayTheSpireMod:Ring of Addiction"},{"floor":7,"key":"Potion Belt"},{"floor":7,"key":"Chameleon Ring"},{"floor":7,"key":"Ring of Searing"},{"floor":9,"key":"TeardropLocket"},{"floor":13,"key":"hubris:TenFootPole"},{"floor":25,"key":"Question Card"},{"floor":25,"key":"Replay:PocketPolymizer"},{"floor":26,"key":"Pet Ghost"},{"floor":42,"key":"Replay:Kaleidoscope"},{"floor":42,"key":"Singing Bowl"},{"floor":43,"key":"CeramicFish"}],"event_choices":[{"damage_healed":0,"gold_gain":0,"player_choice":"Grow","damage_taken":0,"max_hp_gain":0,"max_hp_loss":0,"event_name":"Living Wall","floor":3,"gold_loss":0,"cards_upgraded":["Eruption"]},{"damage_healed":0,"gold_gain":0,"player_choice":"Upgraded","damage_taken":0,"max_hp_gain":0,"max_hp_loss":0,"event_name":"Upgrade Shrine","floor":4,"gold_loss":0,"cards_upgraded":["Vengeance"]},{"damage_healed":0,"gold_gain":0,"player_choice":"Donut","damage_taken":0,"max_hp_gain":5,"max_hp_loss":0,"event_name":"Big Fish","floor":14,"gold_loss":0},{"damage_healed":0,"gold_gain":0,"player_choice":"Shed Blood","damage_taken":19,"max_hp_gain":5,"max_hp_loss":0,"event_name":"Forgotten Altar","floor":19,"gold_loss":0},{"damage_healed":0,"gold_gain":0,"player_choice":"Stole Relic","damage_taken":0,"relics_obtained":["Durian"],"max_hp_gain":0,"max_hp_loss":0,"event_name":"Addict","floor":20,"gold_loss":0,"cards_obtained":["Shame"]},{"damage_healed":0,"gold_gain":0,"player_choice":"Read","damage_taken":0,"max_hp_gain":0,"max_hp_loss":0,"event_name":"The Library","floor":22,"gold_loss":0,"cards_obtained":["Noxious Fumes"]},{"damage_healed":0,"gold_gain":450,"player_choice":"GOLD GOLD GOLD CARD GOLD GOLD ","damage_taken":52,"max_hp_gain":0,"max_hp_loss":0,"event_name":"Knowing Skull","floor":27,"potions_obtained":[],"gold_loss":0,"cards_obtained":["expansioncontent:Torchfire"]},{"damage_healed":0,"gold_gain":0,"player_choice":"Memory 3","damage_taken":10,"max_hp_gain":0,"max_hp_loss":0,"event_name":"SensoryStone","floor":46,"gold_loss":0}],"is_beta":false,"boss_relics":[{"not_picked":["Sozu","hubris:BlackHole"],"picked":"Black Star"},{"not_picked":["Honey Jar","Replay:Drink Me"],"picked":"Coffee Dripper"}],"items_purged_floors":[11,21],"is_endless":false,"potions_floor_spawned":[2,6,10,25,30,35,38,42,47],"ascension_level":10}}