{"host":"j6mgjir4ee1lqn1j","time":1610676879,"event":{"mods":["BaseMod","Colored Map","Colored Powertips","DeckTracker","Highlight Path","Keyboard Shortcuts","Minty Spire (QoL Compilation)","Permanent Neow","Quick Restart","Rare Cards Sparkle","Shop Mod","StSLib","SuperFastMode"],"gold_per_floor":[141,141,316,391,391,478,478,218,267,318,327,438,540,20,20,320,320,371,401,30,39,39,132,132,231,231,318,134,215,311,371,371,683,692,731,525,525,525,525,600,600,669,695,695,695,534,238,325,325,325],"floor_reached":51,"language":"ENG","playtime":8311,"items_purged":["Flying Knee","Infinite Blades","Shame","Leg Sweep","Dodge and Roll"],"score":1134,"play_id":"34c85629-a6f8-4d86-b3bb-e16449b2b794","local_time":"20210114211439","daily_mods":["Draft","Heirloom","Flight","Midas"],"is_ascension_mode":false,"campfire_choices":[{"floor":7,"key":"REST"},{"floor":15,"key":"REST"},{"floor":32,"key":"REST"},{"floor":41,"key":"REST"},{"floor":45,"key":"REST"},{"floor":49,"key":"REST"}],"circlet_count":0,"master_deck":["Blur","Backflip","Deadly Poison","Outmaneuver","Tactician","Prepared","Reflex","Prepared","Noxious Fumes","Deflect","Acrobatics","PiercingWail","Deadly Poison","Footwork","Noxious Fumes","Calculated Gamble","Footwork","Apotheosis","Expertise","Catalyst","Concentrate","Footwork+1","Blur","CurseOfTheBell","Acrobatics+1","Escape Plan","Tactician+1","Acrobatics","Backflip","Escape Plan"],"relics":["Ring of the Snake","The Specimen","MerchantsRug","CeramicFish","Tingsha","Strange Spoon","HoveringKite","Frozen Egg 2","Singing Bowl","Boot","Nilry\u0027s Codex","Paper Crane","Mercury Hourglass","Incense Burner","Bag of Preparation","HornCleat","Bird Faced Urn","Bronze Scales","Membership Card","Omamori","Mummified Hand","Orichalcum","Tough Bandages","Orrery","Pear","DollysMirror","Happy Flower"],"acts_visited":["Exordium","TheCity","TheBeyond"],"potions_floor_usage":[6,13],"damage_taken":[{"damage":0,"enemies":"Small Slimes","floor":1,"turns":4},{"damage":39,"enemies":"Gremlin Nob","floor":6,"turns":5},{"damage":0,"enemies":"Jaw Worm","floor":10,"turns":5},{"damage":0,"enemies":"Lagavulin","floor":12,"turns":6},{"damage":3,"enemies":"Gremlin Nob","floor":13,"turns":4},{"damage":19,"enemies":"Slime Boss","floor":16,"turns":9},{"damage":0,"enemies":"3 Byrds","floor":18,"turns":4},{"damage":0,"enemies":"Chosen","floor":19,"turns":4},{"damage":3,"enemies":"Book of Stabbing","floor":23,"turns":4},{"damage":4,"enemies":"Gremlin Leader","floor":25,"turns":4},{"damage":23,"enemies":"Slavers","floor":27,"turns":4},{"damage":0,"enemies":"Book of Stabbing","floor":29,"turns":5},{"damage":4,"enemies":"Slavers","floor":30,"turns":5},{"damage":2,"enemies":"Shelled Parasite and Fungi","floor":31,"turns":5},{"damage":0,"enemies":"Collector","floor":33,"turns":6},{"damage":0,"enemies":"3 Darklings","floor":35,"turns":4},{"damage":0,"enemies":"Giant Head","floor":40,"turns":5},{"damage":0,"enemies":"3 Shapes","floor":42,"turns":3},{"damage":0,"enemies":"Reptomancer","floor":48,"turns":3},{"damage":1,"enemies":"Time Eater","floor":50,"turns":10}],"seed_played":"-8916882874999701424","potions_obtained":[{"floor":1,"key":"ColorlessPotion"},{"floor":6,"key":"SpeedPotion"},{"floor":12,"key":"LiquidMemories"},{"floor":16,"key":"EntropicBrew"},{"floor":23,"key":"ColorlessPotion"}],"is_trial":true,"path_per_floor":["M","?","?","?","?","E","R","$","T","M","?","E","E","$","R","B",null,"M","M","$","?","?","E","?","E","T","E","$","E","E","M","R","B",null,"M","$","?","?","T","E","R","M","T","?","R","$","$","E","R","B",null],"character_chosen":"THE_SILENT","items_purchased":["MerchantsRug","Noxious Fumes","Apotheosis","Expertise","Catalyst","Strange Spoon","Concentrate","Frozen Egg 2","Footwork+1","Blur","Membership Card","Omamori","Tough Bandages","Escape Plan","Orrery","Pear","Backflip","DollysMirror"],"campfire_rested":6,"item_purchase_floors":[8,8,14,14,14,14,20,20,20,28,36,36,46,46,46,47,47,47],"current_hp_per_floor":[70,70,70,59,52,13,34,34,34,34,34,41,38,38,61,42,77,77,77,77,77,77,76,60,58,58,37,37,39,37,37,63,65,91,93,93,88,88,88,90,90,90,90,92,92,98,108,110,110,110],"gold":325,"neow_bonus":"","is_daily":false,"chose_seed":false,"campfire_upgraded":0,"win_rate":0.0,"timestamp":1610676879,"path_taken":["M","?","?","?","?","E","R","$","T","?","?","E","E","$","R","BOSS","M","?","$","?","?","E","?","E","T","E","$","E","E","M","R","BOSS","M","$","?","?","?","E","R","?","T","?","R","?","$","E","R","BOSS"],"items_purchased_type":["Relic","Card","Card","Card","Card","Relic","Card","Relic","Card","Card","Relic","Relic","Relic","Card","Relic","Relic","Card","Relic"],"build_version":"2020-12-13","purchased_purges":5,"victory":true,"max_hp_per_floor":[70,70,70,70,70,70,70,70,70,70,70,77,77,77,77,77,77,77,77,77,77,77,79,79,81,81,83,83,85,87,89,89,91,91,93,93,88,88,88,90,90,90,90,92,92,98,108,110,110,110],"card_choices":[{"not_picked":["Heel Hook","Caltrops"],"picked":"Dodge and Roll","floor":0},{"not_picked":["Heel Hook","Quick Slash"],"picked":"Blur","floor":0},{"not_picked":["Calculated Gamble","Prepared"],"picked":"Backflip","floor":0},{"not_picked":["Riddle With Holes","Underhanded Strike"],"picked":"Deadly Poison","floor":0},{"not_picked":["Flying Knee","Underhanded Strike"],"picked":"Outmaneuver","floor":0},{"not_picked":["Infinite Blades","Underhanded Strike"],"picked":"Tactician","floor":0},{"not_picked":["Deadly Poison","Bane"],"picked":"Prepared","floor":0},{"not_picked":["Bane","Slice"],"picked":"Flying Knee","floor":0},{"not_picked":["Flying Knee","Accuracy"],"picked":"Reflex","floor":0},{"not_picked":["Terror","Bane"],"picked":"Prepared","floor":0},{"not_picked":["Calculated Gamble","Backflip"],"picked":"Noxious Fumes","floor":0},{"not_picked":["Sucker Punch","Dagger Spray"],"picked":"Deflect","floor":0},{"not_picked":["Dagger Spray","Dodge and Roll"],"picked":"Acrobatics","floor":0},{"not_picked":["Quick Slash","Slice"],"picked":"PiercingWail","floor":0},{"not_picked":["Dagger Throw","Dagger Spray"],"picked":"Deadly Poison","floor":0},{"not_picked":["Cloak And Dagger","Backflip"],"picked":"Footwork","floor":1},{"not_picked":["Bane","Flying Knee"],"picked":"Leg Sweep","floor":6},{"not_picked":["Dagger Spray","Leg Sweep","Finisher"],"picked":"SKIP","floor":10},{"not_picked":["Bane","Crippling Poison"],"picked":"Calculated Gamble","floor":12},{"not_picked":["Prepared","Finisher"],"picked":"Footwork","floor":13},{"not_picked":["Finisher","Poisoned Stab","Quick Slash"],"picked":"SKIP","floor":18},{"not_picked":["Deflect","Sucker Punch","Dagger Throw"],"picked":"SKIP","floor":19},{"not_picked":["Eviscerate","Riddle With Holes+1","Envenom+1"],"picked":"Singing Bowl","floor":23},{"not_picked":["Concentrate","Bane+1","Cloak And Dagger+1"],"picked":"Singing Bowl","floor":25},{"not_picked":["Eviscerate","Accuracy+1","Finisher"],"picked":"Singing Bowl","floor":27},{"not_picked":["Bane+1","Masterful Stab+1","Finisher+1"],"picked":"Singing Bowl","floor":29},{"not_picked":["Quick Slash+1","Bane+1","Acrobatics"],"picked":"Singing Bowl","floor":30},{"not_picked":["Skewer+1","Cloak And Dagger","Poisoned Stab+1"],"picked":"Singing Bowl","floor":31},{"not_picked":["Malaise","Die Die Die+1","Unload+1"],"picked":"Singing Bowl","floor":33},{"not_picked":["Poisoned Stab+1","Dagger Throw+1","Deadly Poison+1"],"picked":"Singing Bowl","floor":35},{"not_picked":["Blade Dance","Eviscerate+1","Malaise"],"picked":"Singing Bowl","floor":40},{"not_picked":["Underhanded Strike","Dagger Throw+1"],"picked":"Acrobatics+1","floor":42},{"not_picked":["Enlightenment","Flash of Steel","Panacea"],"picked":"Singing Bowl","floor":44},{"not_picked":["Deflect","Burst","Calculated Gamble+1"],"picked":"Singing Bowl","floor":46},{"not_picked":["All Out Attack","Noxious Fumes+1","Choke"],"picked":"Singing Bowl","floor":46},{"not_picked":["Reflex+1","Endless Agony"],"picked":"Tactician+1","floor":46},{"not_picked":["Catalyst","Dash+1","Backflip"],"picked":"Singing Bowl","floor":46},{"not_picked":["Noxious Fumes+1","Slice+1"],"picked":"Acrobatics","floor":46},{"not_picked":["Quick Slash","Terror+1","Underhanded Strike"],"picked":"Singing Bowl","floor":48}],"player_experience":7145,"relics_obtained":[{"floor":6,"key":"Pen Nib"},{"floor":9,"key":"CeramicFish"},{"floor":12,"key":"Strawberry"},{"floor":13,"key":"Tingsha"},{"floor":23,"key":"Boot"},{"floor":24,"key":"Nilry\u0027s Codex"},{"floor":25,"key":"Paper Crane"},{"floor":26,"key":"Mercury Hourglass"},{"floor":27,"key":"Incense Burner"},{"floor":29,"key":"Molten Egg 2"},{"floor":30,"key":"Bag of Preparation"},{"floor":34,"key":"HornCleat"},{"floor":34,"key":"Bird Faced Urn"},{"floor":34,"key":"Bronze Scales"},{"floor":39,"key":"Mummified Hand"},{"floor":40,"key":"Dead Branch"},{"floor":43,"key":"Orichalcum"},{"floor":48,"key":"Happy Flower"}],"event_choices":[{"damage_healed":0,"gold_gain":0,"player_choice":"Leave","damage_taken":0,"max_hp_gain":0,"max_hp_loss":0,"event_name":"The Cleric","floor":2,"gold_loss":0},{"damage_healed":0,"gold_gain":175,"player_choice":"AGREE","damage_taken":0,"max_hp_gain":0,"max_hp_loss":0,"event_name":"Liars Game","floor":3,"gold_loss":0,"cards_obtained":["Doubt"]},{"damage_healed":0,"gold_gain":75,"player_choice":"Gather Gold","damage_taken":11,"max_hp_gain":0,"max_hp_loss":0,"event_name":"World of Goop","floor":4,"gold_loss":0},{"cards_removed":["Doubt"],"damage_healed":0,"gold_gain":0,"player_choice":"Card Removal","damage_taken":7,"max_hp_gain":0,"max_hp_loss":0,"event_name":"Golden Wing","floor":5,"gold_loss":0},{"damage_healed":0,"gold_gain":0,"player_choice":"1 cards matched","damage_taken":0,"max_hp_gain":0,"max_hp_loss":0,"event_name":"Match and Keep!","floor":11,"gold_loss":0,"cards_obtained":["Infinite Blades"]},{"damage_healed":0,"gold_gain":0,"player_choice":"1 cards matched","damage_taken":0,"max_hp_gain":0,"max_hp_loss":0,"event_name":"Match and Keep!","floor":11,"gold_loss":0,"cards_obtained":["Infinite Blades"]},{"damage_healed":0,"gold_gain":0,"player_choice":"Stole Relic","damage_taken":0,"relics_obtained":["Singing Bowl"],"max_hp_gain":0,"max_hp_loss":0,"event_name":"Addict","floor":21,"gold_loss":0,"cards_obtained":["Shame"]},{"damage_healed":0,"gold_gain":0,"player_choice":"Ignored","damage_taken":0,"max_hp_gain":0,"max_hp_loss":0,"event_name":"Ghosts","floor":22,"gold_loss":0},{"damage_healed":0,"gold_gain":0,"player_choice":"Obtained Book","damage_taken":16,"max_hp_gain":0,"max_hp_loss":0,"event_name":"Cursed Tome","floor":24,"gold_loss":0},{"damage_healed":0,"gold_gain":0,"player_choice":"Max HP","damage_taken":0,"max_hp_gain":0,"max_hp_loss":5,"event_name":"Winding Halls","floor":37,"gold_loss":0},{"damage_healed":0,"gold_gain":0,"player_choice":"Ignored","damage_taken":0,"max_hp_gain":0,"max_hp_loss":0,"event_name":"Tomb of Lord Red Mask","floor":38,"gold_loss":0},{"damage_healed":0,"gold_gain":0,"player_choice":"Memory 1","damage_taken":0,"max_hp_gain":0,"max_hp_loss":0,"event_name":"SensoryStone","floor":44,"gold_loss":0}],"is_beta":false,"boss_relics":[{"not_picked":["Sozu","Cursed Key"],"picked":"HoveringKite"},{"not_picked":["Velvet Choker","Runic Pyramid"],"picked":"Calling Bell"}],"items_purged_floors":[8,14,28,36,47],"is_endless":false,"potions_floor_spawned":[1,6,12,16,23,25,29,31,40],"ascension_level":0}}