{"host":"krqozg1tp0zpuvz3","time":1610686700,"event":{"mods":["AchievementEnabler","BaseMod","Colored Map","DeckTracker","Keyboard Shortcuts","Minty Spire (QoL Compilation)","Relic Stats","Shop Mod","SuperFastMode"],"gold_per_floor":[117,41,55,71,87,87,97,97,97,97,110,128,56,56,56,161,161,180,193,193,205,120,120,148,163,163,163,176,187,203,0,0],"floor_reached":31,"language":"KOR","playtime":1029,"items_purged":[],"score":253,"play_id":"25586e6b-6936-44ac-a850-64a69abff0ed","local_time":"20210115135820","is_ascension_mode":false,"campfire_choices":[{"data":"Eruption","floor":6,"key":"SMITH"},{"data":"Scrawl","floor":8,"key":"SMITH"},{"data":"DeusExMachina","floor":10,"key":"SMITH"},{"floor":15,"key":"REST"},{"floor":23,"key":"REST"},{"floor":27,"key":"REST"}],"circlet_count":0,"master_deck":["Strike_P","Strike_P","Defend_P","Defend_P","Defend_P","Eruption+1","Vigilance","DeusExMachina+1","Weave","Scrawl+1","Weave","DeusExMachina","SignatureMove+1","Fasting2+1","BattleHymn+1","PathToVictory+1","FearNoEvil","ClearTheMind+1","Crescendo"],"relics":["PureWater","White Beast Statue","Astrolabe","Sundial","Frozen Egg 2","Pear"],"acts_visited":["Exordium","TheCity"],"potions_floor_usage":[12,16,16,19,21,25],"damage_taken":[{"damage":2,"enemies":"2 Louse","floor":1,"turns":2},{"damage":10,"enemies":"Small Slimes","floor":3,"turns":2},{"damage":6,"enemies":"Jaw Worm","floor":4,"turns":4},{"damage":5,"enemies":"Red Slaver","floor":5,"turns":4},{"damage":0,"enemies":"Large Slime","floor":7,"turns":3},{"damage":0,"enemies":"Blue Slaver","floor":11,"turns":2},{"damage":0,"enemies":"Gremlin Gang","floor":12,"turns":2},{"damage":63,"enemies":"Hexaghost","floor":16,"turns":9},{"damage":12,"enemies":"Shell Parasite","floor":18,"turns":2},{"damage":0,"enemies":"Spheric Guardian","floor":19,"turns":2},{"damage":11,"enemies":"Snecko","floor":21,"turns":3},{"damage":20,"enemies":"Book of Stabbing","floor":24,"turns":4},{"damage":42,"enemies":"Snake Plant","floor":25,"turns":4},{"damage":0,"enemies":"Sentry and Sphere","floor":28,"turns":3},{"damage":13,"enemies":"Centurion and Healer","floor":29,"turns":4},{"damage":2,"enemies":"Shelled Parasite and Fungi","floor":30,"turns":2},{"damage":0,"enemies":"Shelled Parasite and Fungi","floor":31,"turns":1}],"seed_played":"7853277396098905","potions_obtained":[{"floor":5,"key":"Fire Potion"},{"floor":11,"key":"Explosive Potion"},{"floor":12,"key":"SpeedPotion"},{"floor":16,"key":"PowerPotion"},{"floor":18,"key":"PowerPotion"},{"floor":19,"key":"DistilledChaos"},{"floor":21,"key":"EssenceOfSteel"},{"floor":24,"key":"SteroidPotion"},{"floor":25,"key":"DuplicationPotion"}],"is_trial":false,"path_per_floor":["M","$","M","M","M","R","M","R","T","R","M","M","$","?","R","B",null,"M","M","?","M","?","R","E","M","T","R","M","M","M","?"],"character_chosen":"WATCHER","items_purchased":["Weave","Weave"],"campfire_rested":3,"item_purchase_floors":[2,13],"current_hp_per_floor":[70,70,60,54,49,49,49,49,49,49,49,49,49,49,70,7,72,60,60,60,49,49,70,50,8,18,42,42,29,27,27,27],"gold":0,"neow_bonus":"ONE_RANDOM_RARE_CARD","is_daily":false,"chose_seed":false,"campfire_upgraded":3,"win_rate":0.0,"timestamp":1610686700,"path_taken":["M","$","M","M","M","R","M","R","T","R","M","M","$","?","R","BOSS","M","M","?","M","?","R","E","M","T","R","M","M","M","?"],"items_purchased_type":["Card","Card"],"build_version":"2020-12-22","purchased_purges":0,"victory":false,"max_hp_per_floor":[72,72,72,72,72,72,72,72,72,72,72,72,72,72,72,72,72,72,72,72,72,72,72,72,72,82,82,82,82,82,82,82],"relic_stats":{"counters":[16,52],"Sundial":[2],"Astrolabe":["SignatureMove","Fasting2","BattleHymn"],"obtain_stats":[{"Pear":26,"Sundial":22,"Astrolabe":17,"PureWater":0,"Frozen Egg 2":24,"White Beast Statue":9},{"Pear":13,"Sundial":11,"Astrolabe":8,"PureWater":0,"Frozen Egg 2":12,"White Beast Statue":5},{"Pear":43,"Sundial":35,"Astrolabe":28,"PureWater":0,"Frozen Egg 2":39,"White Beast Statue":15}]},"card_choices":[{"not_picked":["CrushJoints","Protect","CutThroughFate"],"picked":"SKIP","floor":1},{"not_picked":["Evaluate","DeceiveReality","ThirdEye"],"picked":"SKIP","floor":3},{"not_picked":["ThirdEye","FlurryOfBlows"],"picked":"Scrawl","floor":4},{"not_picked":["ThirdEye","Pray","CutThroughFate"],"picked":"SKIP","floor":5},{"not_picked":["SashWhip","Evaluate","Halt"],"picked":"SKIP","floor":7},{"not_picked":["BowlingBash","Halt","Evaluate"],"picked":"SKIP","floor":11},{"not_picked":["Study","LikeWater","JustLucky"],"picked":"SKIP","floor":12},{"not_picked":["Establishment","Omniscience"],"picked":"DeusExMachina","floor":16},{"not_picked":["CarveReality","ClearTheMind"],"picked":"PathToVictory+1","floor":18},{"not_picked":["CrushJoints","Pray"],"picked":"FearNoEvil","floor":19},{"not_picked":["Indignation","Swivel"],"picked":"ClearTheMind+1","floor":21},{"not_picked":["EmptyFist","Consecrate","SignatureMove"],"picked":"SKIP","floor":24},{"not_picked":["Halt","BattleHymn+1","BowlingBash+1"],"picked":"SKIP","floor":25},{"not_picked":["SignatureMove+1","EmptyFist"],"picked":"Crescendo","floor":28},{"not_picked":["FollowUp","WheelKick","SashWhip"],"picked":"SKIP","floor":29},{"not_picked":["JustLucky+1","Collect","Crescendo"],"picked":"SKIP","floor":30}],"player_experience":292644,"relics_obtained":[{"floor":9,"key":"White Beast Statue"},{"floor":24,"key":"Frozen Egg 2"},{"floor":26,"key":"Pear"}],"event_choices":[{"damage_healed":0,"gold_gain":0,"player_choice":"Ignored","damage_taken":0,"max_hp_gain":0,"max_hp_loss":0,"event_name":"Liars Game","floor":14,"gold_loss":0},{"damage_healed":0,"gold_gain":0,"player_choice":"Ignored","damage_taken":0,"max_hp_gain":0,"max_hp_loss":0,"event_name":"Ghosts","floor":20,"gold_loss":0},{"damage_healed":0,"gold_gain":0,"player_choice":"Obtained Relic","damage_taken":0,"relics_obtained":["Sundial"],"max_hp_gain":0,"max_hp_loss":0,"event_name":"Addict","floor":22,"gold_loss":85},{"damage_healed":0,"gold_gain":0,"player_choice":"Paid Fearfully","damage_taken":0,"max_hp_gain":0,"max_hp_loss":0,"event_name":"Masked Bandits","floor":31,"gold_loss":203}],"is_beta":false,"boss_relics":[{"not_picked":["Coffee Dripper","Cursed Key"],"picked":"Astrolabe"}],"items_purged_floors":[],"is_endless":false,"potions_floor_spawned":[5,11,12,16,18,19,21,24,25,28,29,30],"killed_by":"Shelled Parasite and Fungi","ascension_level":0}}