{"host":"rgyusf9batiqntnt","time":1610703170,"event":{"mods":["BaseMod","Colored Powertips","Downfall","Minty Spire (QoL Compilation)","Quick Restart","StSLib"],"gold_per_floor":[99,113,213,228,403,414,414,433,452,462,179,195,195,210,230,230,230,230],"floor_reached":16,"language":"ENG","playtime":1167,"items_purged":["champ:Defend"],"score":98,"play_id":"c60c6a5a-eb25-4b71-8b2e-2434a1fdbb66","local_time":"20210115200250","is_ascension_mode":false,"campfire_choices":[{"data":"champ:Execute","floor":1,"key":"SMITH"},{"floor":13,"key":"REST"}],"circlet_count":0,"master_deck":["champ:Strike","champ:Strike","champ:Strike","champ:Strike","champ:Defend","champ:Defend","champ:Defend","champ:Execute+1","champ:Taunt","champ:Backstep","champ:PerfectedStrike","Doubt","champ:DeathBlow","champ:BringItOn","champ:BringItOn","champ:FlashCut","champ:StrikeOfGenius","Chrysalis","champ:PreciseThrust","champ:BerserkersShout","champ:EndlessRage"],"relics":["champ:ChampionCrown","Kunai"],"acts_visited":["Exordium"],"potions_floor_usage":[12,16,16,16],"damage_taken":[{"damage":5,"enemies":"Small Slimes","floor":2,"turns":3},{"damage":7,"enemies":"Jaw Worm","floor":4,"turns":4},{"damage":5,"enemies":"Cultist","floor":6,"turns":4},{"damage":17,"enemies":"3 Louse","floor":8,"turns":4},{"damage":21,"enemies":"2 Fungi Beasts","floor":9,"turns":3},{"damage":24,"enemies":"Exordium Thugs","floor":10,"turns":6},{"damage":15,"enemies":"downfall:FleeingMerchant","floor":11,"turns":4},{"damage":43,"enemies":"Lots of Slimes","floor":12,"turns":4},{"damage":0,"enemies":"Red Slaver","floor":14,"turns":3},{"damage":9,"enemies":"2 Fungi Beasts","floor":15,"turns":3},{"damage":92,"enemies":"downfall:Defect","floor":16,"turns":6}],"seed_played":"1440049713943377673","potions_obtained":[{"floor":4,"key":"LiquidBronze"},{"floor":8,"key":"Guardian:BlockOnCardUsePotion"},{"floor":9,"key":"Ancient Potion"},{"floor":12,"key":"sneckomod:MuddlingPotion"}],"is_trial":false,"path_per_floor":["R","M","?","M","?","M","T","M","M","M","$","M","R","M","M","B"],"character_chosen":"THE_CHAMP","items_purchased":["Chrysalis"],"campfire_rested":1,"item_purchase_floors":[11],"current_hp_per_floor":[99,99,99,97,97,97,97,90,84,75,75,45,74,74,70,0,0,0],"gold":230,"neow_bonus":"TEN_PERCENT_HP_BONUS","is_daily":false,"chose_seed":false,"campfire_upgraded":1,"win_rate":0.0,"timestamp":1610703170,"path_taken":["R","M","?","M","?","M","T","M","M","M","$","M","R","M","M","BOSS"],"items_purchased_type":["Card"],"build_version":"2020-12-22","purchased_purges":1,"victory":false,"max_hp_per_floor":[99,99,99,99,99,99,99,99,99,99,99,99,99,99,99,99,99,99],"card_choices":[{"not_picked":["champ:GutPunch","champ:CrookedStrike"],"picked":"champ:Backstep","floor":2},{"not_picked":["champ:ShieldWall","champ:GladiatorsShout"],"picked":"champ:PerfectedStrike","floor":4},{"not_picked":["champ:Backstep","champ:Lariat"],"picked":"champ:DeathBlow","floor":6},{"not_picked":["champ:PerfectedStrike","champ:FightOn"],"picked":"champ:BringItOn","floor":8},{"not_picked":["champ:CrookedStrike","champ:GladiatorsShout"],"picked":"champ:BringItOn","floor":9},{"not_picked":["champ:Duel","champ:Backstep"],"picked":"champ:FlashCut","floor":10},{"not_picked":["champ:Shatter","champ:RisingSlash"],"picked":"champ:StrikeOfGenius","floor":11},{"not_picked":["champ:FaceSlap","champ:Lariat"],"picked":"champ:PreciseThrust","floor":12},{"not_picked":["champ:FlashCut","champ:FalseCounter"],"picked":"champ:BerserkersShout","floor":14},{"not_picked":["champ:RapidStrikes","champ:BringItOn"],"picked":"champ:EndlessRage","floor":15}],"player_experience":75906,"relics_obtained":[{"floor":7,"key":"Kunai"}],"event_choices":[],"is_beta":false,"boss_relics":[],"items_purged_floors":[11],"is_endless":false,"potions_floor_spawned":[4,8,9,12,15],"killed_by":"downfall:Defect","ascension_level":0}}