{"host":"aj6dldabq8s02zuz","time":1610689541,"event":{"mods":["AchievementEnabler","BaseMod","Better Note","Better Third Choice","Block Reminder","Colored Map","Custom Start","Downfall","Hermit","Highlight Path","Hubris","Mimic Mod","Minty Spire (QoL Compilation)","Permanent Neow","Quick Restart","Relic Sorter","Replay The Spire","StSLib","The Blue Laboratory","The Jungle","TheArtist","Wandering Minibosses"],"gold_per_floor":[99,113,127,127,140,172,219,69,87,187,187,100,100,100,112,212,212,212,222,240,225,225,225,225,225],"floor_reached":23,"language":"ENG","playtime":2162,"items_purged":[],"score":189,"play_id":"c86d335c-a39b-40f1-98b3-ef4057ad4b17","local_time":"20210114234541","is_ascension_mode":false,"campfire_choices":[{"floor":1,"key":"RECALL"},{"floor":8,"key":"REST"},{"data":"Guardian:GemFinder","floor":13,"key":"SMITH"},{"data":"Guardian:GuardianWhirl","floor":18,"key":"SMITH"}],"circlet_count":0,"master_deck":["Guardian:Strike_Guardian","Guardian:Strike_Guardian","Guardian:Strike_Guardian","Guardian:Strike_Guardian","Guardian:Defend_Guardian","Guardian:Defend_Guardian","Guardian:Defend_Guardian","Guardian:Defend_Guardian","Guardian:TwinSlam","Guardian:GemFinder+1","Guardian:ExploitGems","Guardian:WalkerClaw","Guardian:PrismaticBeam","Guardian:Reroute","Guardian:GuardianWhirl+1","Guardian:DonusPower+1","Guardian:Incinerate","Guardian:TimeSifter","Guardian:Recover","Guardian:CrystalBeam+1","Guardian:Harden"],"relics":["Guardian:ModeShifter","Ancient Tea Set","downfall:HeartBlessingRed","downfall:HeartBlessingBlue","hubris:Towel","Black Star"],"acts_visited":["Exordium","TheCity"],"potions_floor_usage":[],"damage_taken":[{"damage":2,"enemies":"2 Louse","floor":2,"turns":4},{"damage":2,"enemies":"Small Slimes","floor":3,"turns":5},{"damage":10,"enemies":"Cultist","floor":5,"turns":5},{"damage":38,"enemies":"Lagavulin","floor":6,"turns":9},{"damage":0,"enemies":"Exordium Wildlife","floor":9,"turns":4},{"damage":0,"enemies":"downfall:FleeingMerchant","floor":12,"turns":4},{"damage":12,"enemies":"Blue Slaver","floor":15,"turns":3},{"damage":44,"enemies":"downfall:Silent","floor":16,"turns":12},{"damage":7,"enemies":"Shell Parasite","floor":19,"turns":5},{"damage":20,"enemies":"Spheric Guardian","floor":20,"turns":5},{"damage":7,"enemies":"downfall:FleeingMerchant","floor":21,"turns":4},{"damage":58,"enemies":"Slavers","floor":23,"turns":6}],"seed_played":"-3711257827953825263","potions_obtained":[{"floor":3,"key":"SpeedPotion"},{"floor":16,"key":"Dexterity Potion"},{"floor":22,"key":"blueLaboratory:RecallPotion"}],"is_trial":false,"path_per_floor":["R","M","M","?","M","E","T","R","M","?","?","$","R","?","M","B",null,"R","M","M","$","?","E"],"character_chosen":"GUARDIAN","items_purchased":["Guardian:GuardianWhirl"],"campfire_rested":1,"item_purchase_floors":[12],"current_hp_per_floor":[80,78,76,76,66,28,28,65,65,65,65,65,65,65,53,9,90,90,83,63,56,56,0,0,0],"gold":225,"neow_bonus":"ONE_RANDOM_RARE_CARD","is_daily":false,"chose_seed":false,"campfire_upgraded":2,"win_rate":0.0,"timestamp":1610689541,"path_taken":["R","M","M","?","M","E","T","R","M","?","?","$","R","?","M","BOSS","R","M","M","$","?","E"],"items_purchased_type":["Card"],"build_version":"2020-12-22","purchased_purges":0,"victory":false,"max_hp_per_floor":[80,80,80,80,80,80,80,90,90,90,90,90,90,90,90,90,90,90,90,90,90,90,90,90,90],"card_choices":[{"not_picked":["Guardian:Gem_Green","Guardian:Gem_Lightblue"],"picked":"Guardian:Gem_Cyan","floor":2},{"not_picked":["Guardian:PiercingHide","Guardian:RollAttack"],"picked":"Guardian:ExploitGems","floor":2},{"not_picked":["Guardian:Gem_Cyan","Guardian:Gem_Green"],"picked":"Guardian:Gem_Red","floor":3},{"not_picked":["Guardian:Gem_Crimson","Guardian:Recover"],"picked":"Guardian:Gem_Yellow","floor":3},{"not_picked":["Guardian:Gem_Cyan","Guardian:Gem_Red"],"picked":"Guardian:Gem_Lightblue","floor":5},{"not_picked":["Guardian:Reroute","Guardian:Gem_Crimson"],"picked":"Guardian:WalkerClaw","floor":5},{"not_picked":["Guardian:Gem_Red","Guardian:Gem_Green"],"picked":"Guardian:Gem_Cyan","floor":6},{"not_picked":["Guardian:EvasiveProtocol","Guardian:Incinerate","Guardian:ShieldCharger"],"picked":"SKIP","floor":6},{"not_picked":["Guardian:Gem_Lightblue","Guardian:Gem_Red"],"picked":"Guardian:Gem_Green","floor":9},{"not_picked":["Guardian:TemporalStrike","Guardian:EvasiveProtocol"],"picked":"Guardian:PrismaticBeam","floor":9},{"not_picked":["Guardian:Gem_Yellow","Guardian:Gem_Crimson"],"picked":"Guardian:Reroute","floor":12},{"not_picked":["Guardian:Gem_Lightblue","Guardian:Gem_Red"],"picked":"Guardian:Gem_Cyan","floor":15},{"not_picked":["Guardian:Gem_Cyan","Guardian:Gem_Lightblue"],"picked":"Guardian:Gem_Green","floor":15},{"not_picked":["Guardian:ChargeCore","Guardian:WalkerClaw"],"picked":"Guardian:Incinerate","floor":15},{"not_picked":["Guardian:FastForward","Guardian:AncientConstruct"],"picked":"Guardian:TimeSifter","floor":16},{"not_picked":["Guardian:Gem_Green","Guardian:Gem_Lightblue"],"picked":"Guardian:Gem_Red","floor":16},{"not_picked":["Guardian:Gem_Lightblue","Guardian:Gem_Red"],"picked":"Guardian:Gem_Green","floor":16},{"not_picked":["Guardian:FastForward","Guardian:Planning+1"],"picked":"Guardian:Recover","floor":19},{"not_picked":["Guardian:Gem_Cyan","Guardian:GatlingBeam"],"picked":"Guardian:CrystalBeam+1","floor":20},{"not_picked":["Guardian:Gem_Green","Guardian:Suspension"],"picked":"Guardian:Harden","floor":21}],"player_experience":31508,"relics_obtained":[{"floor":6,"key":"Ancient Tea Set"}],"event_choices":[{"damage_healed":0,"gold_gain":0,"player_choice":"Got Potions","damage_taken":0,"max_hp_gain":0,"max_hp_loss":0,"event_name":"Lab","floor":22,"gold_loss":0}],"is_beta":false,"boss_relics":[{"not_picked":["Calling Bell","Kintsugi"],"picked":"Black Star"}],"items_purged_floors":[],"is_endless":false,"potions_floor_spawned":[3,9,16],"killed_by":"Slavers","ascension_level":0}}