{"host":"fa35vd3kig5td25x","time":1610739096,"event":{"mods":["BaseMod","Colored Powertips","Minty Spire (QoL Compilation)","Relic Stats","Slay the Relics Exporter"],"gold_per_floor":[113,6,22,22,172,208,1,24,24,62,62,87,162,186,186,282,282,300,318,318,14,14,52,52,52],"floor_reached":24,"language":"ENG","playtime":1284,"items_purged":["Doubt"],"score":498,"play_id":"dcab81d6-4b1c-49bf-84af-158328165066","local_time":"20210115203136","is_ascension_mode":true,"campfire_choices":[{"data":"Flame Barrier","floor":11,"key":"SMITH"},{"data":"Disarm","floor":15,"key":"SMITH"}],"circlet_count":0,"master_deck":["AscendersBane","Strike_R","Strike_R","Strike_R","Strike_R","Strike_R","Defend_R","Defend_R","Defend_R","Defend_R","Bash","Twin Strike","Inflame","Anger","Reaper","Brutality","Feel No Pain","Flame Barrier+1","Disarm+1","Reaper","Dark Embrace","Spot Weakness+1","True Grit","Immolate"],"relics":["Burning Blood","NeowsBlessing","Golden Idol","Sundial","Letter Opener","Pear","Coffee Dripper","Medical Kit","PreservedInsect"],"acts_visited":["Exordium","TheCity"],"potions_floor_usage":[10,10,14,23,23,24],"damage_taken":[{"damage":0,"enemies":"2 Louse","floor":1,"turns":1},{"damage":0,"enemies":"Small Slimes","floor":3,"turns":1},{"damage":0,"enemies":"Lagavulin","floor":6,"turns":1},{"damage":14,"enemies":"Jaw Worm","floor":8,"turns":4},{"damage":8,"enemies":"Gremlin Nob","floor":10,"turns":3},{"damage":14,"enemies":"Lots of Slimes","floor":12,"turns":4},{"damage":33,"enemies":"Gremlin Gang","floor":14,"turns":5},{"damage":32,"enemies":"The Guardian","floor":16,"turns":16},{"damage":34,"enemies":"Chosen","floor":18,"turns":6},{"damage":13,"enemies":"3 Byrds","floor":19,"turns":3},{"damage":89,"enemies":"Slavers","floor":23,"turns":6},{"damage":37,"enemies":"Centurion and Healer","floor":24,"turns":5}],"seed_played":"2046959656328462909","potions_obtained":[{"floor":3,"key":"GamblersBrew"},{"floor":12,"key":"DistilledChaos"},{"floor":18,"key":"SpeedPotion"},{"floor":22,"key":"EssenceOfSteel"},{"floor":23,"key":"LiquidBronze"}],"is_trial":false,"path_per_floor":["M","$","M","?","?","E","$","M","T","E","R","M","?","M","R","B",null,"M","M","?","$","?","E","M"],"character_chosen":"IRONCLAD","items_purchased":["Inflame","Anger","Feel No Pain","Strength Potion","True Grit","Medical Kit","DistilledChaos"],"campfire_rested":0,"item_purchase_floors":[2,2,7,7,21,21,21],"current_hp_per_floor":[74,74,75,49,49,56,56,54,54,62,62,63,52,37,37,17,68,52,59,59,59,59,12,0,0],"gold":52,"neow_bonus":"THREE_ENEMY_KILL","is_daily":false,"chose_seed":false,"campfire_upgraded":2,"win_rate":0.0,"timestamp":1610739096,"path_taken":["M","$","M","?","?","E","$","M","T","E","R","M","?","M","R","BOSS","M","M","?","$","?","E","M"],"items_purchased_type":["Card","Card","Card","Potion","Card","Relic","Potion"],"build_version":"2020-12-22","purchased_purges":1,"victory":false,"max_hp_per_floor":[75,75,75,75,75,75,75,75,75,85,85,85,85,85,85,85,85,85,85,85,85,85,85,85,85],"relic_stats":{"counters":[12,55],"Golden Idol":65,"Sundial":[10],"PreservedInsect":0,"Letter Opener":[25],"Medical Kit":[10],"obtain_stats":[{"Pear":10,"NeowsBlessing":0,"Golden Idol":4,"Sundial":6,"PreservedInsect":23,"Coffee Dripper":17,"Letter Opener":9,"Medical Kit":21,"Burning Blood":0},{"Pear":5,"NeowsBlessing":0,"Golden Idol":2,"Sundial":3,"PreservedInsect":11,"Coffee Dripper":8,"Letter Opener":4,"Medical Kit":10,"Burning Blood":0},{"Pear":10,"NeowsBlessing":0,"Golden Idol":2,"Sundial":3,"PreservedInsect":50,"Coffee Dripper":35,"Letter Opener":7,"Medical Kit":44,"Burning Blood":0}],"Burning Blood":61},"card_choices":[{"not_picked":["Shrug It Off","Warcry"],"picked":"Twin Strike","floor":1},{"not_picked":["Heavy Blade","Combust"],"picked":"Reaper","floor":3},{"not_picked":["Evolve","Armaments"],"picked":"Brutality","floor":6},{"not_picked":["Clash","Sever Soul","Flex"],"picked":"SKIP","floor":8},{"not_picked":["Reckless Charge","Armaments"],"picked":"Flame Barrier","floor":10},{"not_picked":["Fire Breathing","Sword Boomerang","Anger"],"picked":"SKIP","floor":12},{"not_picked":["Carnage","Warcry"],"picked":"Disarm","floor":14},{"not_picked":["Brutality","Barricade"],"picked":"Reaper","floor":16},{"not_picked":["Twin Strike+1","Clash"],"picked":"Dark Embrace","floor":18},{"not_picked":["Pommel Strike","Second Wind"],"picked":"Spot Weakness+1","floor":19},{"not_picked":["Perfected Strike+1","Clothesline"],"picked":"Immolate","floor":23}],"player_experience":2934884,"relics_obtained":[{"floor":6,"key":"Sundial"},{"floor":9,"key":"Letter Opener"},{"floor":10,"key":"Pear"},{"floor":23,"key":"PreservedInsect"}],"event_choices":[{"damage_healed":0,"gold_gain":0,"player_choice":"Take Damage","damage_taken":26,"relics_obtained":["Golden Idol"],"max_hp_gain":0,"max_hp_loss":0,"event_name":"Golden Idol","floor":4,"gold_loss":0},{"damage_healed":0,"gold_gain":150,"player_choice":"AGREE","damage_taken":0,"max_hp_gain":0,"max_hp_loss":0,"event_name":"Liars Game","floor":5,"gold_loss":0,"cards_obtained":["Doubt"]},{"damage_healed":0,"gold_gain":75,"player_choice":"Gather Gold","damage_taken":11,"max_hp_gain":0,"max_hp_loss":0,"event_name":"World of Goop","floor":13,"gold_loss":0},{"damage_healed":0,"gold_gain":0,"player_choice":"Ignored","damage_taken":0,"max_hp_gain":0,"max_hp_loss":0,"event_name":"Ghosts","floor":20,"gold_loss":0},{"damage_healed":0,"gold_gain":0,"player_choice":"Got Potions","damage_taken":0,"max_hp_gain":0,"max_hp_loss":0,"event_name":"Lab","floor":22,"gold_loss":0}],"is_beta":false,"boss_relics":[{"not_picked":["Busted Crown","Sozu"],"picked":"Coffee Dripper"}],"items_purged_floors":[7],"is_endless":false,"potions_floor_spawned":[3,8,12,18,23],"killed_by":"Centurion and Healer","ascension_level":20}}