{"host":"ojme7g6xlqwffsso","time":1610691920,"event":{"mods":["BaseMod","Downfall","Minty Spire (QoL Compilation)","Shop Mod","StSLib"],"gold_per_floor":[99,199,213,213,230,242,267,284,301,54,71,100,100,112,131,233,233,158,172,172,272,272,286,286,286,286,312,323,356,356,306,316,316,316,316],"floor_reached":33,"language":"ENG","playtime":1484,"items_purged":["Pain"],"score":440,"play_id":"87678e18-a28a-49ab-b15d-a5bfa1b6b376","local_time":"20210115152520","is_ascension_mode":true,"campfire_choices":[{"data":"hexamod:Float","floor":1,"key":"SMITH"},{"floor":13,"key":"RECALL"},{"data":"hexamod:TimeOfNeed","floor":18,"key":"SMITH"},{"floor":25,"key":"DIG"},{"floor":30,"key":"DIG"}],"circlet_count":0,"master_deck":["hexamod:Defend","hexamod:Defend","hexamod:Defend","hexamod:Sear","hexamod:Float+1","hexamod:AdvancingGuard","hexamod:BacktrackSmack","hexamod:ShieldOfDarkness","hexamod:SpectersWail","hexamod:GhostflameBarrier","hexamod:SwordOfDarkness","hexamod:FastForward","hexamod:ThermalTransfer","hexamod:FastForward","hexamod:TimeOfNeed+1","hexamod:FastForward","hexamod:FourthSeal","hexamod:FirstSeal","hexamod:FastForward","Bite","Bite","Bite","Bite","Bite","hexamod:BacktrackSmack","hexamod:Hexaguard"],"relics":["hexamod:SpiritBrand","WarpedTongs","Toolbox","Omamori","Calling Bell","PreservedInsect","StrikeDummy","CaptainsWheel","downfall:HeartBlessingRed","Shovel","Ornamental Fan","InkBottle","Orichalcum","hexamod:SoulConsumer","Tiny Chest","Eternal Feather"],"acts_visited":["Exordium","TheCity"],"potions_floor_usage":[10,23,27,28,29,32],"damage_taken":[{"damage":0,"enemies":"2 Louse","floor":3,"turns":3},{"damage":3,"enemies":"Cultist","floor":5,"turns":4},{"damage":3,"enemies":"Jaw Worm","floor":6,"turns":3},{"damage":3,"enemies":"2 Fungi Beasts","floor":8,"turns":3},{"damage":5,"enemies":"Lots of Slimes","floor":9,"turns":4},{"damage":6,"enemies":"downfall:FleeingMerchant","floor":10,"turns":4},{"damage":0,"enemies":"3 Louse","floor":11,"turns":1},{"damage":6,"enemies":"Lagavulin","floor":12,"turns":5},{"damage":0,"enemies":"2 Fungi Beasts","floor":14,"turns":3},{"damage":0,"enemies":"Blue Slaver","floor":15,"turns":3},{"damage":20,"enemies":"downfall:Silent","floor":16,"turns":11},{"damage":5,"enemies":"Shell Parasite","floor":19,"turns":5},{"damage":30,"enemies":"downfall:Defect","floor":21,"turns":6},{"damage":0,"enemies":"Chosen","floor":23,"turns":4},{"damage":29,"enemies":"Book of Stabbing","floor":27,"turns":6},{"damage":5,"enemies":"Shelled Parasite and Fungi","floor":28,"turns":5},{"damage":54,"enemies":"Gremlin Leader","floor":29,"turns":7},{"damage":4,"enemies":"3 Cultists","floor":32,"turns":4},{"damage":113,"enemies":"downfall:Watcher","floor":33,"turns":10}],"seed_played":"491031758463494484","potions_obtained":[{"floor":3,"key":"AttackPotion"},{"floor":6,"key":"AttackPotion"},{"floor":9,"key":"GamblersBrew"},{"floor":12,"key":"DuplicationPotion"},{"floor":21,"key":"hexamod:DoubleChargePotion"},{"floor":21,"key":"SteroidPotion"},{"floor":23,"key":"Fruit Juice"},{"floor":27,"key":"Energy Potion"},{"floor":27,"key":"ColorlessPotion"},{"floor":28,"key":"Dexterity Potion"},{"floor":28,"key":"AttackPotion"},{"floor":29,"key":"GamblersBrew"},{"floor":32,"key":"FairyPotion"}],"is_trial":false,"path_per_floor":["R","?","M","?","M","M","T","M","M","$","M","E","R","M","M","B",null,"R","M","?","?","?","M","T","R","?","E","M","E","R","?","M","B"],"character_chosen":"THE_SPIRIT","items_purchased":["Toolbox"],"campfire_rested":0,"item_purchase_floors":[10],"current_hp_per_floor":[70,70,70,70,67,64,64,63,60,56,58,54,54,56,58,40,68,68,65,65,37,37,51,51,51,51,38,53,24,24,55,60,0,0,0],"gold":316,"neow_bonus":"TEN_PERCENT_HP_BONUS","is_daily":false,"chose_seed":false,"campfire_upgraded":2,"win_rate":0.0,"timestamp":1610691920,"path_taken":["R","?","M","?","?","M","T","M","M","$","M","E","R","M","M","BOSS","R","M","?","?","?","?","T","R","?","E","M","E","R","?","M","BOSS"],"items_purchased_type":["Relic"],"build_version":"2020-12-22","purchased_purges":1,"victory":false,"max_hp_per_floor":[77,77,77,77,77,77,77,77,77,77,77,77,77,77,77,77,77,77,77,77,77,77,82,82,82,82,82,82,82,82,82,82,82,82,82],"card_choices":[{"not_picked":["hexamod:SecondSeal","hexamod:Haunt"],"picked":"hexamod:AdvancingGuard","floor":3},{"not_picked":["hexamod:SpectralSpark","hexamod:Incineration"],"picked":"hexamod:BacktrackSmack","floor":5},{"not_picked":["hexamod:Firestarter","hexamod:SpectralSpark"],"picked":"hexamod:ShieldOfDarkness","floor":6},{"not_picked":["hexamod:BacktrackSmack","hexamod:AdvancingGuard"],"picked":"hexamod:SpectersWail","floor":8},{"not_picked":["hexamod:FlamesFromBeyond","hexamod:RainOfEmbers"],"picked":"hexamod:GhostflameBarrier","floor":9},{"not_picked":["hexamod:ChargedBarrage","hexamod:CrushingStance"],"picked":"hexamod:SwordOfDarkness","floor":10},{"not_picked":["hexamod:ShieldOfDarkness","hexamod:RecurringNightmare"],"picked":"hexamod:FastForward","floor":11},{"not_picked":["hexamod:Incineration","hexamod:CrushingStance","hexamod:PhantomCloak"],"picked":"SKIP","floor":12},{"not_picked":["hexamod:BurningTouch","hexamod:FlamesFromBeyond"],"picked":"hexamod:ThermalTransfer","floor":14},{"not_picked":["hexamod:NightmareGuise","hexamod:Again"],"picked":"hexamod:FastForward","floor":15},{"not_picked":["hexamod:UnleashSpirits","hexamod:SixthSeal"],"picked":"hexamod:TimeOfNeed","floor":16},{"not_picked":["hexamod:RetreatToShadows","hexamod:ThermalTransfer+1"],"picked":"hexamod:FastForward","floor":19},{"not_picked":["hexamod:Hexaguard+1","hexamod:NightmareStrike+1"],"picked":"hexamod:FirstSeal","floor":21},{"not_picked":["hexamod:SwordOfDarkness+1","hexamod:HeatCrush"],"picked":"hexamod:FastForward","floor":23},{"not_picked":["hexamod:Again","hexamod:NightmareGuise"],"picked":"hexamod:BacktrackSmack","floor":27},{"not_picked":["hexamod:PhantomCloak","hexamod:NightmareGuise","hexamod:ExtraCrispy+1"],"picked":"SKIP","floor":28},{"not_picked":["hexamod:UnlimitedPower","hexamod:Firestarter","hexamod:HauntingEcho"],"picked":"SKIP","floor":29},{"not_picked":["hexamod:UnlimitedPower","hexamod:Firestarter","hexamod:HauntingEcho"],"picked":"SKIP","floor":29},{"not_picked":["hexamod:GhostLash","hexamod:GhostShield"],"picked":"hexamod:Hexaguard","floor":32}],"player_experience":854784,"relics_obtained":[{"floor":7,"key":"Blood Vial"},{"floor":12,"key":"Omamori"},{"floor":17,"key":"PreservedInsect"},{"floor":17,"key":"StrikeDummy"},{"floor":17,"key":"CaptainsWheel"},{"floor":21,"key":"Shovel"},{"floor":21,"key":"Ornamental Fan"},{"floor":24,"key":"InkBottle"},{"floor":25,"key":"Orichalcum"},{"floor":27,"key":"hexamod:SoulConsumer"},{"floor":29,"key":"Tiny Chest"},{"floor":30,"key":"Eternal Feather"}],"event_choices":[{"damage_healed":0,"gold_gain":0,"player_choice":"Rummage","damage_taken":0,"relics_obtained":["WarpedTongs"],"max_hp_gain":0,"max_hp_loss":0,"event_name":"Accursed Blacksmith","floor":4,"gold_loss":0,"cards_obtained":["Pain"]},{"cards_removed":["hexamod:Defend"],"damage_healed":0,"gold_gain":0,"player_choice":"Purged","damage_taken":0,"max_hp_gain":0,"max_hp_loss":0,"event_name":"Purifier","floor":22,"gold_loss":0},{"damage_healed":0,"gold_gain":0,"player_choice":"Became a vampire (Vial)","damage_taken":0,"max_hp_gain":0,"max_hp_loss":0,"event_name":"Vampires","floor":26,"relics_lost":["Blood Vial"],"gold_loss":0,"cards_obtained":["Bite","Bite","Bite","Bite","Bite"]}],"is_beta":false,"boss_relics":[{"not_picked":["SacredBark","Velvet Choker"],"picked":"Calling Bell"}],"items_purged_floors":[10],"is_endless":false,"potions_floor_spawned":[3,6,9,12,14,21,27,28],"killed_by":"downfall:Watcher","ascension_level":7}}