{"host":"4cgvt8brk2i8ma1b","time":1610668899,"event":{"mods":["Act Like it!","BaseMod","Better Third Choice","Conspire","Downfall","Hallownest","Hubris","Infinite Spire","Jorbs\u0027s Wanderer Trilogy","Minty Spire (QoL Compilation)","Replay The Spire","StSLib","The Bug Knight","The Jungle","The Necromancer","The Poker Player","The Runesmith"],"gold_per_floor":[119,119,132,145,164,196,176,176,176,203,229,259,316,332,332,336,336],"floor_reached":16,"language":"ENG","playtime":1379,"items_purged":[],"score":149,"play_id":"19812015-9dc1-4bad-b2d0-f30b7ce3e5ca","local_time":"20210114180139","is_ascension_mode":false,"campfire_choices":[{"data":"stsjorbsmod:EyeOfTheStorm","floor":8,"key":"SMITH"},{"floor":15,"key":"REST"}],"circlet_count":0,"master_deck":["stsjorbsmod:ForbiddenGrimoire+1","stsjorbsmod:Strike_Wanderer","stsjorbsmod:Strike_Wanderer","stsjorbsmod:Strike_Wanderer","stsjorbsmod:Strike_Wanderer","stsjorbsmod:Defend_Wanderer","stsjorbsmod:Defend_Wanderer","stsjorbsmod:Defend_Wanderer","stsjorbsmod:Defend_Wanderer","stsjorbsmod:FreshAdventure","stsjorbsmod:EyeOfTheStorm+1","stsjorbsmod:Prestidigitation","stsjorbsmod:RefuseToForget","stsjorbsmod:LocateObject","stsjorbsmod:Thorns+1","stsjorbsmod:WanderingMind","stsjorbsmod:Prepare","stsjorbsmod:HoldMonster"],"relics":["stsjorbsmod:GrimoireRelic","infinitespire:Lucky Rock","Replay:Wax Seal","Replay:Bandana","Gremlin Food"],"acts_visited":["Exordium"],"potions_floor_usage":[10,10,13,13,13],"damage_taken":[{"damage":0,"enemies":"Cultist","floor":1,"turns":3},{"damage":0,"enemies":"Small Slimes","floor":3,"turns":3},{"damage":3,"enemies":"2 Louse","floor":4,"turns":3},{"damage":0,"enemies":"Large Slime","floor":5,"turns":7},{"damage":29,"enemies":"Lagavulin","floor":6,"turns":7},{"damage":32,"enemies":"Gremlin Nob","floor":10,"turns":5},{"damage":11,"enemies":"Lots of Slimes","floor":11,"turns":3},{"damage":2,"enemies":"Looter","floor":12,"turns":4},{"damage":0,"enemies":"HollowMod:MossKnight","floor":13,"turns":4},{"damage":2,"enemies":"Blue Slaver","floor":14,"turns":4},{"damage":51,"enemies":"Fading Forest","floor":16,"turns":9}],"seed_played":"7782640388567760322","potions_obtained":[{"floor":3,"key":"Regen Potion"},{"floor":7,"key":"DuplicationPotion"},{"floor":10,"key":"sneckomod:MuddlingPotion"},{"floor":11,"key":"Strength Potion"},{"floor":12,"key":"sneckomod:MuddlingPotion"}],"is_trial":false,"path_per_floor":["M","T","M","M","M","E","?","R","T","E","M","M","E","M","R","B"],"character_chosen":"WANDERER","items_purchased":[],"campfire_rested":1,"item_purchase_floors":[],"current_hp_per_floor":[74,74,74,72,74,45,45,45,45,23,14,15,16,15,37,0,0],"gold":336,"neow_bonus":"TEN_PERCENT_HP_BONUS","is_daily":false,"chose_seed":false,"campfire_upgraded":1,"win_rate":0.0,"timestamp":1610668899,"path_taken":["M","?","M","?","M","E","?","R","T","E","M","?","E","M","R","BOSS"],"items_purchased_type":[],"build_version":"2020-12-22","purchased_purges":0,"victory":false,"max_hp_per_floor":[74,74,74,74,74,74,74,74,74,74,74,74,74,74,74,74,74],"card_choices":[{"not_picked":["stsjorbsmod:MagicMissiles","stsjorbsmod:Introspection"],"picked":"stsjorbsmod:Prestidigitation","floor":1},{"not_picked":["stsjorbsmod:Prestidigitation","stsjorbsmod:Index","stsjorbsmod:Hurt"],"picked":"SKIP","floor":3},{"not_picked":["stsjorbsmod:RayOfFrost","stsjorbsmod:Materialize"],"picked":"stsjorbsmod:RefuseToForget","floor":4},{"not_picked":["stsjorbsmod:Prestidigitation","stsjorbsmod:MageArmor","stsjorbsmod:Message"],"picked":"SKIP","floor":5},{"not_picked":["stsjorbsmod:Prepare","stsjorbsmod:MistyStep"],"picked":"stsjorbsmod:LocateObject","floor":6},{"not_picked":["stsjorbsmod:FaerieFire","stsjorbsmod:Mania"],"picked":"stsjorbsmod:Thorns","floor":10},{"not_picked":["stsjorbsmod:MagicMirror","stsjorbsmod:Index"],"picked":"stsjorbsmod:WanderingMind","floor":11},{"not_picked":["stsjorbsmod:ArcaneWeapon","stsjorbsmod:Index"],"picked":"stsjorbsmod:Prepare","floor":12},{"not_picked":["stsjorbsmod:ArcaneWeapon","stsjorbsmod:HedgeWizard","stsjorbsmod:AnimateObjects"],"picked":"SKIP","floor":13},{"not_picked":["stsjorbsmod:Mindworm","stsjorbsmod:ChatteringStrike"],"picked":"stsjorbsmod:HoldMonster","floor":14}],"player_experience":344598,"relics_obtained":[{"floor":6,"key":"infinitespire:Lucky Rock"},{"floor":9,"key":"Replay:Wax Seal"},{"floor":10,"key":"Replay:Bandana"},{"floor":13,"key":"Gremlin Food"}],"event_choices":[{"damage_healed":0,"gold_gain":0,"player_choice":"Bought 1 Potion","damage_taken":0,"max_hp_gain":0,"max_hp_loss":0,"event_name":"The Woman in Blue","floor":7,"gold_loss":0}],"is_beta":false,"boss_relics":[],"items_purged_floors":[],"is_endless":false,"potions_floor_spawned":[3,10,11,12],"killed_by":"Fading Forest","ascension_level":0}}