{"host":"vh33hu3wddwn6yt6","time":1610745260,"event":{"mods":["AchievementEnabler","Act Like it!","Aspiration","BaseMod","Better Altar","Better Match","Better Note","Better Sensory Stone","Better Skull","Better Third Choice","BetterRewards","Downfall","Hermit","Hubris","Infinite Spire","Minty Spire (QoL Compilation)","Permanent Neow","Replay The Spire","Shade Mod","Shop Mod","Spicy Shops","StSLib","SuperFastMode","The Blackbeard","The Necromancer","The Runesmith","The Servant 0.9.4","TheBandit","Wandering Minibosses"],"gold_per_floor":[109,109,109,125,125,152,171,171,226,253,253,3,14,48,48,150,150,162,162,175,189,189,189],"floor_reached":22,"language":"DEU","playtime":517,"items_purged":[],"score":267,"play_id":"00c5e53b-e27b-4429-a6d0-012e2b412e2d","local_time":"20210115221420","is_ascension_mode":true,"campfire_choices":[{"data":"Negative_Energy_Arrows","floor":8.0,"key":"SMITH"}],"circlet_count":0,"master_deck":["Strike_W","Strike_W+1","Strike_W","Strike_W","Defend_W","Defend_W","Defend_W","Defend_W","Negative_Energy_Arrows+1","Bone_Wall","Death_March_Dance","Grasp_Heart","Summon_Lich","Summon_Undead","Summon_Vampire_Lady","CurseOfTheBell","Pot Of Greed","Pot Of Greed","Negative_Energy_Mist"],"relics":["Vampire_Amulet","NeowsBlessing","Kunai","ReplayTheSpireMod:TigerMarble","PreservedInsect","Mirror","hubris:TenFootPole","Calling Bell","Grinning Jar","hubris:Metronome","hubris:FunFungus"],"acts_visited":["Exordium","TheCity"],"potions_floor_usage":[22],"damage_taken":[{"damage":0.0,"enemies":"Cultist","floor":1.0,"turns":1.0},{"damage":0.0,"enemies":"Small Slimes","floor":4.0,"turns":2.0},{"damage":0.0,"enemies":"Gremlin Nob","floor":6.0,"turns":2.0},{"damage":1.0,"enemies":"Jaw Worm","floor":7.0,"turns":5.0},{"damage":3.0,"enemies":"Lagavulin","floor":10.0,"turns":5.0},{"damage":5.0,"enemies":"2 Fungi Beasts","floor":13.0,"turns":3.0},{"damage":2.0,"enemies":"Gremlin Nob","floor":14.0,"turns":3.0},{"damage":25.0,"enemies":"The Guardian","floor":16.0,"turns":8.0},{"damage":7.0,"enemies":"Shell Parasite","floor":18.0,"turns":4.0},{"damage":0.0,"enemies":"3 Byrds","floor":20.0,"turns":3.0},{"damage":4.0,"enemies":"Snake Plant","floor":21.0,"turns":3.0},{"damage":99,"enemies":"Shelled Parasite and Fungi","floor":22,"turns":3}],"seed_played":"-4127443097517393549","potions_obtained":[{"floor":6.0,"key":"Fire Potion"},{"floor":7.0,"key":"Fire Potion"},{"floor":13.0,"key":"Dexterity Potion"},{"floor":14.0,"key":"LifebloodPotion"},{"floor":16.0,"key":"ColorlessPotion"},{"floor":20.0,"key":"Elixir"}],"is_trial":false,"path_per_floor":["M","?","?","M","?","E","M","R","T","E","?","$","M","E","R","B",null,"M","?","M","M","M"],"character_chosen":"NECROMANCER","items_purchased":["Summon_Lich","Mirror"],"campfire_rested":0,"item_purchase_floors":[12,12],"current_hp_per_floor":[75,75,75,75,75,75,75,75,75,74,74,74,72,72,72,49,75,75,75,75,73,0,0],"gold":189,"neow_bonus":"THREE_ENEMY_KILL","is_daily":false,"chose_seed":false,"campfire_upgraded":1,"win_rate":0.0,"timestamp":1610745260,"path_taken":["M","?","?","M","?","E","M","R","T","E","?","$","M","E","R","BOSS","M","?","M","M","M"],"items_purchased_type":["Card","Relic"],"build_version":"2020-12-22","purchased_purges":0,"victory":false,"max_hp_per_floor":[75,75,75,75,75,75,75,75,75,75,75,75,75,75,75,75,75,75,75,75,75,75,75],"card_choices":[{"not_picked":["Bone_Bullets","Strike_from_Beyond","Blood_Is_Power"],"picked":"SKIP","floor":1.0},{"not_picked":["Blood_Whip","Negative_Energy_Shield"],"picked":"Death_March_Dance","floor":4.0},{"not_picked":["Shade_Step","Shackles_Of_Pain","Negative_Energy_Shield"],"picked":"SKIP","floor":6.0},{"not_picked":["Bones_to_Steel","Negative_Energy_Mist"],"picked":"Grasp_Heart","floor":7.0},{"not_picked":["Spectral_Walk","Bone_Spikes","Toxic_Smoke_Screen"],"picked":"SKIP","floor":10.0},{"not_picked":["Shackles_Of_Pain","Death_March_Dance"],"picked":"Summon_Undead","floor":13.0},{"not_picked":["Blood_Curse","Bones_to_Steel","Violent_Necrosis"],"picked":"SKIP","floor":14.0},{"not_picked":["Hellfire","Cloudkill"],"picked":"Summon_Vampire_Lady","floor":16.0},{"not_picked":["Vampiric_Strike+1","Bones_to_Steel","Bone_Bullets"],"picked":"SKIP","floor":18.0},{"not_picked":["Chill_Blood","Bones_to_Steel"],"picked":"Negative_Energy_Mist","floor":20.0},{"not_picked":["Blood_Shield+1","Spectral_Walk","Shackles_Of_Pain+1"],"picked":"SKIP","floor":21.0}],"player_experience":631462,"relics_obtained":[{"floor":6.0,"key":"Kunai"},{"floor":9.0,"key":"ReplayTheSpireMod:TigerMarble"},{"floor":10.0,"key":"PreservedInsect"},{"floor":14.0,"key":"hubris:TenFootPole"},{"floor":17.0,"key":"Grinning Jar"},{"floor":17.0,"key":"hubris:Metronome"},{"floor":17.0,"key":"hubris:FunFungus"}],"event_choices":[{"damage_healed":0.0,"max_hp_gain":0.0,"max_hp_loss":0.0,"gold_gain":0.0,"event_name":"betterNote:BetterNote","player_choice":"Ignored","floor":19.0,"gold_loss":0.0,"damage_taken":0.0,"cards_obtained":["Defend_S"]}],"is_beta":false,"boss_relics":[{"not_picked":["Runic Dome","aspiration:SecretTechniqueScroll"],"picked":"Calling Bell"}],"items_purged_floors":[],"is_endless":false,"potions_floor_spawned":[6,7,13,14,16,18,20],"killed_by":"Shelled Parasite and Fungi","ascension_level":1}}