{"host":"a2lvm7nbw6nkrc91","time":1610710751,"event":{"mods":["BaseMod","Friendly Minions","Hermit","Lobotomy","Minty Spire (QoL Compilation)","Replay The Spire","StSLib"],"gold_per_floor":[115,125,145,164,177,177,207,226,252,252,252,283,69,69,69,173,173,199,221,242,142,168,168,198,219,219,219,248,248,278,35,35,49,49],"floor_reached":33,"language":"KOR","playtime":1366,"items_purged":["Bloodbath","VoidDream"],"score":288,"play_id":"cce58d5b-0ca0-45b6-9dd4-055ce33c1914","local_time":"20210115203911","is_ascension_mode":false,"campfire_choices":[{"data":"hermit:Vantage","floor":6.0,"key":"SMITH"},{"floor":10,"key":"REST"},{"data":"Freischutz","floor":15,"key":"PURGE"},{"floor":23,"key":"REST"},{"floor":27,"key":"REST"},{"floor":32,"key":"REST"}],"circlet_count":0,"master_deck":["hermit:Snapshot","hermit:Covet","BodiesMountain","hermit:Vantage+1","hermit:TrackingShot","hermit:Headshot","Laetitia","hermit:RoundhouseKick","GalaxyChild","hermit:CalledShot","GreedKing","hermit:Gambit","hermit:Brawl","hermit:NoHoldsBarred","hermit:FatalDesire","hermit:Dive","hermit:Desperado","hermit:Determination","Scarecrow","hermit:EternalForm","hermit:Roulette+1","hermit:ItchyTrigger+1","hermit:Deadeye+1","hermit:FromBeyond","hermit:Malice+1","hermit:FinalCanter+1","hermit:Malice+1","hermit:Vantage","WhitesApple","hermit:Desperado+1","QueenBee","hermit:Snipe+1","Parasite","Porccubus","hermit:Misfire+1","CENSORED","hermit:LoneWolf","Parasite","hermit:Determination","SingingMachine","NakedNest","hermit:SprayPray+1","Parasite","RedShoes","Apotheosis","hermit:TakeAim"],"relics":["hermit:Momento","CogitoBucket","Vajra","Bag of Preparation","Replay:Bandana","Molten Egg 2","Pandora\u0027s Box","SkinProphecy","Toy Ornithopter","ChangeAnything","AtMidnight"],"acts_visited":["Exordium","TheCity"],"potions_floor_usage":[12,16,20,28,33],"damage_taken":[{"damage":1.0,"enemies":"Cultist","floor":1.0,"turns":3.0},{"damage":8.0,"enemies":"Jaw Worm","floor":2.0,"turns":4.0},{"damage":1.0,"enemies":"2 Louse","floor":3.0,"turns":2.0},{"damage":10.0,"enemies":"Large Slime","floor":4.0,"turns":6.0},{"damage":14.0,"enemies":"Blue Slaver","floor":5.0,"turns":3.0},{"damage":13.0,"enemies":"Lagavulin","floor":7.0,"turns":4.0},{"damage":10.0,"enemies":"Looter","floor":8.0,"turns":4.0},{"damage":11,"enemies":"3 Sentries","floor":12,"turns":5},{"damage":38,"enemies":"Slime Boss","floor":16,"turns":6},{"damage":20,"enemies":"2 Thieves","floor":18,"turns":3},{"damage":0,"enemies":"Shell Parasite","floor":19,"turns":2},{"damage":42,"enemies":"Chosen and Byrds","floor":20,"turns":5},{"damage":8,"enemies":"Snecko","floor":22,"turns":3},{"damage":0,"enemies":"Centurion and Healer","floor":24,"turns":3},{"damage":54,"enemies":"Shelled Parasite and Fungi","floor":25,"turns":5},{"damage":28,"enemies":"Cultist and Chosen","floor":28,"turns":4},{"damage":38,"enemies":"Snake Plant","floor":30,"turns":5},{"damage":106,"enemies":"Collector","floor":33,"turns":6}],"seed_played":"5599814427915825904","potions_obtained":[{"floor":2.0,"key":"ColorlessPotion"},{"floor":4.0,"key":"FearPotion"},{"floor":5.0,"key":"Regen Potion"},{"floor":7.0,"key":"CultistPotion"},{"floor":19,"key":"Venom Potion"},{"floor":22,"key":"AttackPotion"},{"floor":24,"key":"Swift Potion"},{"floor":28,"key":"LiquidMemories"}],"is_trial":false,"path_per_floor":["M","M","M","M","M","R","E","M","T","R","?","E","$","T","R","B",null,"M","M","M","$","M","R","M","M","T","R","M","?","M","$","R","B"],"character_chosen":"HERMIT","items_purchased":["hermit:Dive","hermit:Desperado","hermit:Determination","Apotheosis","hermit:TakeAim"],"campfire_rested":4,"item_purchase_floors":[13,13,13,31,31],"current_hp_per_floor":[74,68,68,60,48,48,37,31,31,53,53,56,56,56,56,23,75,61,68,34,34,27,50,51,22,22,46,36,36,15,15,41,0,0],"gold":49,"neow_bonus":"","is_daily":false,"chose_seed":false,"campfire_upgraded":1,"win_rate":0.0,"timestamp":1610710751,"path_taken":["M","?","M","M","?","R","E","M","T","R","?","E","$","?","R","BOSS","M","M","M","$","?","R","M","M","T","R","M","?","M","$","R","BOSS"],"items_purchased_type":["Card","Card","Card","Card","Card"],"build_version":"2020-12-22","purchased_purges":2,"victory":false,"max_hp_per_floor":[75,75,75,75,75,75,75,75,75,75,75,75,75,75,75,75,75,75,75,75,75,77,77,79,81,81,81,83,83,87,87,87,89,89],"card_choices":[{"not_picked":["Woodsman","MeatLantern"],"picked":"BodiesMountain","floor":1.0},{"not_picked":["hermit:Dive","hermit:Scavenge"],"picked":"hermit:Vantage","floor":1.0},{"not_picked":["Murderer","MeatLantern"],"picked":"Freischutz","floor":2.0},{"not_picked":["hermit:Feint","hermit:Dive"],"picked":"hermit:TrackingShot","floor":2.0},{"not_picked":["Wellcheers","Murderer"],"picked":"Bloodbath","floor":3.0},{"not_picked":["hermit:CalledShot","hermit:Maintenance"],"picked":"hermit:Headshot","floor":3.0},{"not_picked":["Murderer","PunishingBird"],"picked":"Laetitia","floor":4.0},{"not_picked":["hermit:WideOpen","hermit:Desperado"],"picked":"hermit:RoundhouseKick","floor":4.0},{"not_picked":["FairyFestival","QueenOfHatred"],"picked":"GalaxyChild","floor":5.0},{"not_picked":["hermit:Manifest","hermit:HeroicBravado"],"picked":"hermit:CalledShot","floor":5.0},{"not_picked":["BeautyBeast","Variant","MHz"],"picked":"Singing Bowl","floor":7.0},{"not_picked":["WallGazer","OldLady"],"picked":"GreedKing","floor":7.0},{"not_picked":["hermit:Glare","hermit:Horror"],"picked":"hermit:Gambit","floor":7.0},{"not_picked":["hermit:SprayPray","hermit:Coalescence"],"picked":"hermit:Brawl","floor":8},{"not_picked":["Wellcheers","BlackSwan","CherryBlossoms"],"picked":"Singing Bowl","floor":12},{"not_picked":["OSAHOGD","BeautyBeast"],"picked":"VoidDream","floor":12},{"not_picked":["hermit:Ricochet","hermit:Gestalt"],"picked":"hermit:FatalDesire","floor":12},{"not_picked":["FairyFestival","OldLady"],"picked":"Scarecrow","floor":16},{"not_picked":["hermit:FatalDesire","hermit:RoundhouseKick+1"],"picked":"hermit:EternalForm","floor":16},{"not_picked":["SpiderBud","SnowQueen"],"picked":"WhitesApple","floor":18},{"not_picked":["hermit:Glare","hermit:Maintenance"],"picked":"hermit:Desperado+1","floor":18},{"not_picked":["OSAHOGD","FairyFestival"],"picked":"QueenBee","floor":19},{"not_picked":["hermit:Combo","hermit:Determination"],"picked":"hermit:Snipe+1","floor":19},{"not_picked":["SpiderBud","Murderer"],"picked":"Porccubus","floor":20},{"not_picked":["hermit:Coalescence","hermit:HoleUp+1"],"picked":"hermit:Misfire+1","floor":20},{"not_picked":["Murderer","Funeral"],"picked":"CENSORED","floor":22},{"not_picked":["hermit:TrackingShot+1","hermit:ItchyTrigger+1"],"picked":"hermit:LoneWolf","floor":22},{"not_picked":["hermit:Reprieve","hermit:LowProfile"],"picked":"hermit:Determination","floor":24},{"not_picked":["PunishingBird","NakedNest"],"picked":"SingingMachine","floor":25},{"not_picked":["hermit:LoneWolf","hermit:Glare","hermit:Misfire+1"],"picked":"SKIP","floor":25},{"not_picked":["ShyLook","LittleHelper"],"picked":"NakedNest","floor":28},{"not_picked":["hermit:Deadeye+1","hermit:Dive"],"picked":"hermit:SprayPray+1","floor":28},{"not_picked":["Scorched","SpiderBud","BeautyBeast"],"picked":"Singing Bowl","floor":30},{"not_picked":["MeatLantern","BigBird"],"picked":"RedShoes","floor":30},{"not_picked":["hermit:LowProfile","hermit:Roulette+1","hermit:CalledShot+1"],"picked":"SKIP","floor":30}],"player_experience":505200,"relics_obtained":[{"floor":7.0,"key":"Vajra"},{"floor":9,"key":"Bag of Preparation"},{"floor":12,"key":"Replay:Bandana"},{"floor":14,"key":"Molten Egg 2"},{"floor":26,"key":"Toy Ornithopter"},{"floor":30,"key":"AtMidnight"}],"event_choices":[{"damage_healed":0,"gold_gain":0,"player_choice":"1 cards matched","damage_taken":0,"max_hp_gain":0,"max_hp_loss":0,"event_name":"Match and Keep!","floor":11,"gold_loss":0,"cards_obtained":["hermit:NoHoldsBarred"]}],"is_beta":false,"boss_relics":[{"not_picked":["Busted Crown","Runic Pyramid"],"picked":"Pandora\u0027s Box"}],"items_purged_floors":[13,21],"is_endless":false,"potions_floor_spawned":[2,4,5,7,19,22,24,28],"killed_by":"Collector","ascension_level":0}}