{"host":"oehe2dxjvdgux73m","time":1610711800,"event":{"mods":["AchievementEnabler","BaseMod","Colored Map","Colored Powertips","DeckTracker","Keyboard Shortcuts","Minty Spire (QoL Compilation)","Permanent Neow","Quick Restart","StSLib","SuperFastMode"],"gold_per_floor":[117,137,151,170,184,184,215,215,240,116,116,136,136,148,148,148,148],"floor_reached":16,"language":"KOR","playtime":725,"items_purged":[],"score":177,"play_id":"119c22c3-ed5a-4766-bba6-b102d66385c3","local_time":"20210115205640","is_ascension_mode":true,"campfire_choices":[{"floor":6.0,"key":"REST"},{"floor":13.0,"key":"REST"},{"data":"Dagger Spray","floor":15.0,"key":"SMITH"}],"circlet_count":0,"master_deck":["AscendersBane","Strike_G","Strike_G","Strike_G","Strike_G","Strike_G","Defend_G","Defend_G","Defend_G","Defend_G","Defend_G","Survivor","Neutralize","Underhanded Strike","Bullet Time","Masterful Stab","Backflip","Dash","Dagger Spray+1","Finesse","Calculated Gamble","Blur","Calculated Gamble"],"relics":["Ring of the Snake","Potion Belt","Ancient Tea Set","Boot","Dream Catcher"],"acts_visited":["Exordium"],"potions_floor_usage":[],"damage_taken":[{"damage":1.0,"enemies":"Cultist","floor":1.0,"turns":4.0},{"damage":2.0,"enemies":"2 Louse","floor":2.0,"turns":4.0},{"damage":7.0,"enemies":"Jaw Worm","floor":3.0,"turns":5.0},{"damage":35.0,"enemies":"Exordium Wildlife","floor":4.0,"turns":8.0},{"damage":6.0,"enemies":"2 Fungi Beasts","floor":5.0,"turns":5.0},{"damage":23.0,"enemies":"Gremlin Nob","floor":7.0,"turns":5.0},{"damage":8.0,"enemies":"Large Slime","floor":12.0,"turns":7.0},{"damage":0.0,"enemies":"Blue Slaver","floor":14.0,"turns":4.0},{"damage":36,"enemies":"Slime Boss","floor":16,"turns":8}],"seed_played":"3951216140110112759","potions_obtained":[{"floor":4.0,"key":"Block Potion"},{"floor":5.0,"key":"SpeedPotion"},{"floor":7.0,"key":"Regen Potion"}],"is_trial":false,"path_per_floor":["M","M","M","M","M","R","E","?","T","$","T","M","R","M","R","B"],"character_chosen":"THE_SILENT","items_purchased":["Dagger Spray","Finesse"],"campfire_rested":2,"item_purchase_floors":[10,10],"current_hp_per_floor":[58,56,49,14,8,27,4,4,4,4,4,11,30,30,30,0,0],"gold":148,"neow_bonus":"RANDOM_COMMON_RELIC","is_daily":false,"chose_seed":false,"campfire_upgraded":1,"win_rate":0.0,"timestamp":1610711800,"path_taken":["M","?","M","M","M","R","E","?","T","?","?","M","R","M","R","BOSS"],"items_purchased_type":["Card","Card"],"build_version":"2020-12-22","purchased_purges":0,"victory":false,"max_hp_per_floor":[66,66,66,66,66,66,66,66,66,66,66,66,66,66,66,66,66],"card_choices":[{"not_picked":["Outmaneuver","Accuracy"],"picked":"Underhanded Strike","floor":1.0},{"not_picked":["Heel Hook","Catalyst","Bane"],"picked":"SKIP","floor":2.0},{"not_picked":["Masterful Stab","Outmaneuver"],"picked":"Bullet Time","floor":3.0},{"not_picked":["Dodge and Roll","Backflip"],"picked":"Masterful Stab","floor":4.0},{"not_picked":["Dodge and Roll","Noxious Fumes"],"picked":"Backflip","floor":5.0},{"not_picked":["Heel Hook","Cloak And Dagger"],"picked":"Dash","floor":7.0},{"not_picked":["Masterful Stab","Footwork"],"picked":"Calculated Gamble","floor":12.0},{"not_picked":["Poisoned Stab","Night Terror"],"picked":"Blur","floor":13.0},{"not_picked":["Deflect","Blade Dance"],"picked":"Calculated Gamble","floor":14.0}],"player_experience":206698,"relics_obtained":[{"floor":7.0,"key":"Ancient Tea Set"},{"floor":9.0,"key":"Boot"},{"floor":11.0,"key":"Dream Catcher"}],"event_choices":[{"damage_healed":0.0,"max_hp_gain":0.0,"max_hp_loss":0.0,"gold_gain":0.0,"event_name":"Scrap Ooze","player_choice":"Fled","floor":8.0,"gold_loss":0.0,"damage_taken":0.0}],"is_beta":false,"boss_relics":[],"items_purged_floors":[],"is_endless":false,"potions_floor_spawned":[4,5,7],"killed_by":"Slime Boss","ascension_level":14}}