{"host":"px2oznrenyeljk7o","time":1610740171,"event":{"mods":["A Magickal Journey","AchievementEnabler","Arknights The Spire","BaseMod","Better Altar","Better Match","Better Note","Better Sensory Stone","Better Third Choice","Conspire","Curses Come First","GifTheSpireLib","GungeonMod","Hermit","Koishi","Lobotomy","LobotomyExtend","Minty Spire (QoL Compilation)","Nova Terra(??·??)","Potionbrewer","Reimu??????","Replay The Spire","Robot Space Explorer","Small Relic Pack","Somnambulant","Spicy Shops","StSLib","Stuff the Spire","The Administrix","The Alterego","The Blackbeard","The Blue Laboratory","The Bug Knight","The Construct","The Cursed","The Disciple","The Gatherer","The Hayseed","The Hierophant","The Jungle","The Marked","The Poker Player","The Runesmith","Yakumo Yukari mod","Yuri Mod","everything is the same but u backflip on backflip","slay the spire mod where everything is the same but ironclad has a cowboy hat"],"gold_per_floor":[115,115,115,129,149,176,176,176,203,222,232,252,252,14,14,111,111,129,229,229,239,250,250,250,250,250,22,39,51,51,80,80,182,182,202,220,47,47,47],"floor_reached":38,"language":"ENG","playtime":4242,"items_purged":["alterego_mod:Impale"],"score":446,"play_id":"60339f5e-187f-4fb8-88d5-7238eb1d332b","local_time":"20210115204931","is_ascension_mode":false,"campfire_choices":[{"floor":8,"key":"REST"},{"data":"construct:AttackMode","floor":15,"key":"PURGE"},{"floor":23,"key":"REST"},{"floor":25,"key":"REST"},{"floor":30,"key":"REST"},{"data":"StuffTheSpire:Synthwave","floor":32,"key":"SMITH"}],"circlet_count":0,"master_deck":["Strike_B","Strike_B","Strike_B+1","Strike_B","Defend_B","Defend_B","Defend_B","Defend_B","Zap","Dualcast","StuffTheSpire:Synthwave+1","Auto Shields","Auto Shields","BootSequence","Compile Driver","StuffTheSpire:Plugnplay","Turbo","Rebound","Beam Cell","Sweeping Beam","Self Repair+1","Conserve Battery","Sweeping Beam","Coolheaded","Turbo","StuffTheSpire:Plugnplay+1","Hologram","Sunder","StuffTheSpire:Coldhearted","Hyperbeam","Echo Form","Go for the Eyes","Discovery+1","Melter","Storm","Defragment","Static Discharge","Sweeping Beam","Electrodynamics","Hologram+1","Rebound+1","ReplayTheSpireMod:Trickstab","Defragment"],"relics":["Cracked Core","LetterFromLob","StuffTheSpire:EmeraldSignet","Toy Ornithopter","ReplayFunnel","potionbrewer:BoosterPack","Ring of Chaos","Replay:Baseball","Oddly Smooth Stone"],"acts_visited":["Exordium","TheCity","TheBeyond"],"potions_floor_usage":[5,10,11,29,33,36],"damage_taken":[{"damage":6,"enemies":"Jaw Worm","floor":1,"turns":2},{"damage":0,"enemies":"Small Slimes","floor":4,"turns":3},{"damage":0,"enemies":"2 Louse","floor":5,"turns":2},{"damage":17,"enemies":"Lagavulin","floor":6,"turns":6},{"damage":0,"enemies":"Large Slime","floor":10,"turns":4},{"damage":0,"enemies":"2 Fungi Beasts","floor":11,"turns":3},{"damage":14,"enemies":"Lots of Slimes","floor":12,"turns":4},{"damage":61,"enemies":"The Guardian","floor":16,"turns":15},{"damage":23,"enemies":"Shell Parasite","floor":18,"turns":9},{"damage":0,"enemies":"Spheric Guardian","floor":21,"turns":3},{"damage":63,"enemies":"Chosen and Byrds","floor":22,"turns":11},{"damage":3,"enemies":"Snecko","floor":28,"turns":6},{"damage":9,"enemies":"Snake Plant","floor":29,"turns":5},{"damage":18,"enemies":"HollowMod:Nosk","floor":31,"turns":10},{"damage":24,"enemies":"conspire:MysteriousRune","floor":33,"turns":9},{"damage":57,"enemies":"3 Darklings","floor":35,"turns":8},{"damage":33,"enemies":"3 Shapes","floor":36,"turns":5},{"damage":39,"enemies":"conspire:MimicChest","floor":38,"turns":3}],"seed_played":"1653412081897167509","potions_obtained":[{"floor":1,"key":"blueLaboratory:BottleOfVodka"},{"floor":6,"key":"SkillPotion"},{"floor":10,"key":"blueLaboratory:FruitPunch"},{"floor":28,"key":"SteroidPotion"},{"floor":31,"key":"potionbrewer:EndurancePotion"},{"floor":35,"key":"blueLaboratory:TrueEctoplasm"}],"is_trial":false,"path_per_floor":["M","?","T","M","M","E","?","R","T","M","M","M","E","$","R","B",null,"M","?","?","M","M","R","?","R","T","$","M","M","R","E","R","B",null,"M","M","$","?"],"character_chosen":"DEFECT","items_purchased":["Sweeping Beam","Coolheaded","potionbrewer:BoosterPack","Replay:Baseball","ReplayTheSpireMod:Trickstab","Defragment"],"campfire_rested":4,"item_purchase_floors":[14,14,14,27,37,37],"current_hp_per_floor":[83,83,83,85,85,68,68,89,89,89,91,84,91,91,91,37,91,75,75,75,75,25,52,43,70,70,70,67,77,91,85,85,66,91,54,36,36,0,0],"gold":47,"neow_bonus":"TWENTY_PERCENT_HP_BONUS","is_daily":false,"chose_seed":false,"campfire_upgraded":1,"win_rate":0.0,"timestamp":1610740171,"path_taken":["M","?","?","M","?","E","?","R","T","M","M","M","E","$","R","BOSS","M","?","?","M","M","R","?","R","T","$","M","?","R","E","R","BOSS","M","M","$","?"],"items_purchased_type":["Card","Card","Relic","Relic","Card","Card"],"build_version":"2020-12-22","purchased_purges":1,"victory":false,"max_hp_per_floor":[89,89,89,89,89,89,89,89,89,89,91,91,91,91,91,91,91,91,91,91,91,91,91,91,91,91,91,91,91,91,91,91,91,91,91,91,91,91,91],"card_choices":[{"not_picked":["StuffTheSpire:LoadUp","Storm"],"picked":"StuffTheSpire:Synthwave","floor":1},{"not_picked":["StuffTheSpire:LoadUp","Reinforced Body"],"picked":"Turbo","floor":4},{"not_picked":["Reinforced Body","Darkness"],"picked":"Rebound","floor":5},{"not_picked":["Barrage","StuffTheSpire:CleanHardDrive"],"picked":"Beam Cell","floor":6},{"not_picked":["Beam Cell","Compile Driver"],"picked":"Sweeping Beam","floor":10},{"not_picked":["Redo","Cold Snap"],"picked":"Self Repair","floor":11},{"not_picked":["FIFO Queue","BasicCrystalCard"],"picked":"Conserve Battery","floor":12},{"not_picked":["ReplayTheSpireMod:Omega Cannon","Multi-Cast"],"picked":"Echo Form","floor":16},{"not_picked":["conspire:SharedLibrary","Compile Driver"],"picked":"Go for the Eyes","floor":18},{"not_picked":["Chaos","Streamline"],"picked":"Melter","floor":21},{"not_picked":["Reinforced Body","BasicCrystalCard"],"picked":"Storm","floor":22},{"not_picked":["Stack","ReplaySolidLightProjector"],"picked":"Defragment","floor":28},{"not_picked":["BasicCrystalCard","Coolheaded"],"picked":"Static Discharge","floor":29},{"not_picked":["Gash","Coolheaded"],"picked":"Sweeping Beam","floor":31},{"not_picked":["StuffTheSpire:ForEach","Multi-Cast"],"picked":"Electrodynamics","floor":33},{"not_picked":["Rebound","Time Bomb+1"],"picked":"Hologram+1","floor":35},{"not_picked":["ReplayTheSpireMod:System Scan","Conserve Battery"],"picked":"Rebound+1","floor":36}],"player_experience":460177,"relics_obtained":[{"floor":1,"key":"LetterFromLob"},{"floor":3,"key":"StuffTheSpire:EmeraldSignet"},{"floor":6,"key":"Toy Ornithopter"},{"floor":9,"key":"ReplayFunnel"},{"floor":31,"key":"Oddly Smooth Stone"}],"event_choices":[{"damage_healed":0,"gold_gain":100,"player_choice":"Pray","damage_taken":0,"max_hp_gain":0,"max_hp_loss":0,"event_name":"Golden Shrine","floor":19,"gold_loss":0},{"cards_removed":["Auto Shields"],"damage_healed":0,"gold_gain":0,"player_choice":"Take \u0026 Give","damage_taken":0,"max_hp_gain":0,"max_hp_loss":0,"event_name":"betterNote:BetterNote","floor":20,"gold_loss":0,"cards_obtained":["Discovery"]}],"is_beta":false,"boss_relics":[{"not_picked":["Pandora\u0027s Box","Sozu"],"picked":"Ring of Chaos"},{"not_picked":["StuffTheSpire:RunicConfusion","relicPack:ShieldShield","conspire:SeveredTorchhead"]}],"items_purged_floors":[27],"is_endless":false,"potions_floor_spawned":[1,6,10,12,22,28,31,35],"killed_by":"conspire:MimicChest","ascension_level":0}}