{"host":"17uzppmr1r5fe5jj","time":1610719034,"event":{"mods":["BaseMod","Minty Spire (QoL Compilation)","StSLib","TestMod","The Cursed","[IsaacMod]ÒÔÈö¼âËþ"],"gold_per_floor":[118,293,303,318,334,334,359,359,439,439,470,470,26,56,56,158,158,171,270,289,309,309,309,337,337,337,337,369,382,399,147,147,250,250,263,273,290,340,358,358,375,394,394,269,282,327,21,34,34,34],"floor_reached":51,"language":"ZHS","playtime":3130,"items_purged":["TheCursedMod:Defend_TheCursed","TheCursedMod:Defend_TheCursed","TheCursedMod:Strike_TheCursed","TheCursedMod:Defend_TheCursed","TheCursedMod:Strike_TheCursed"],"score":1234,"play_id":"41712c4f-0806-40f2-af1e-a580e2908465","local_time":"20210115215714","is_ascension_mode":true,"campfire_choices":[{"data":"TheCursedMod:EmpowerCircles","floor":6.0,"key":"SMITH"},{"data":"TheCursedMod:CircleOfWindfury","floor":8.0,"key":"SMITH"},{"data":"TheCursedMod:ReleasedKnowledge","floor":10.0,"key":"SMITH"},{"data":"TheCursedMod:PrepareRite","floor":15.0,"key":"SMITH"},{"data":"TheCursedMod:ManaCirculation","floor":23.0,"key":"SMITH"},{"data":"TheCursedMod:CircleOfFlame","floor":25.0,"key":"SMITH"},{"data":"TheCursedMod:CircleOfAbyss","floor":27.0,"key":"SMITH"},{"data":"TheCursedMod:NeowsMight","floor":32.0,"key":"SMITH"},{"data":"TheCursedMod:CircleOfFocus","floor":40.0,"key":"SMITH"},{"data":"TheCursedMod:CircleOfCorruption","floor":49,"key":"SMITH"}],"circlet_count":0,"master_deck":["TheCursedMod:Defend_TheCursed+1","TheCursedMod:CursedWand","TheCursedMod:CleanUpWorkshop+1","TheCursedMod:Dregs","TheCursedMod:CursedStaff","TheCursedMod:FleshFromBone","TheCursedMod:CircleOfWindfury+1","Doubt","TheCursedMod:EmpowerCircles+1","TheCursedMod:ReleasedKnowledge+1","TheCursedMod:CursedSpellbook","TheCursedMod:CircleOfFlame+1","TheCursedMod:SmokeScreen","TheCursedMod:CircleOfAbyss+1","TheCursedMod:CircleOfFocus+1","TheCursedMod:ManaCirculation+1","TheCursedMod:PrepareRite+1","TheCursedMod:NeowsMight+1","CurseOfTheBell","TheCursedMod:CursedShiv+1","TheCursedMod:CircleOfCorruption+1","TheCursedMod:Wield","TheCursedMod:SurpriseAttack","TheCursedMod:LuckyCharm+1","TheCursedMod:AntiAging","TheCursedMod:ReleasedStrength+1","TheCursedMod:CollectTribute","TheCursedMod:CircleOfBlood+1"],"relics":["TheCursedMod:BlackMagic101","testmod-TestBox","HushsDoor","Leech","testmod-ConstraintPeriapt","Incense Burner","Ornamental Fan","Pen Nib","Mango","Calling Bell","testmod-IndustrialRevolution","Shuriken","StoneCalendar","TheCursedMod:SoulVessel","InkBottle","Orrery","testmod-Recursion","GuppysPaw","D4","DoctorsRemote","testmod-CrystalShield","testmod-Charity"],"acts_visited":["Exordium","TheCity","TheBeyond"],"potions_floor_usage":[50,50,50],"damage_taken":[{"damage":0.0,"enemies":"2 Louse","floor":1.0,"turns":1.0},{"damage":0.0,"enemies":"Small Slimes","floor":3.0,"turns":2.0},{"damage":0.0,"enemies":"Jaw Worm","floor":4.0,"turns":1.0},{"damage":0.0,"enemies":"Looter","floor":5.0,"turns":2.0},{"damage":0.0,"enemies":"Gremlin Nob","floor":7.0,"turns":2.0},{"damage":4.0,"enemies":"3 Sentries","floor":11.0,"turns":2.0},{"damage":8.0,"enemies":"Lagavulin","floor":14.0,"turns":3.0},{"damage":6.0,"enemies":"The Guardian","floor":16.0,"turns":4.0},{"damage":0.0,"enemies":"Spheric Guardian","floor":18.0,"turns":2.0},{"damage":0.0,"enemies":"Shell Parasite","floor":20.0,"turns":1.0},{"damage":1.0,"enemies":"Shelled Parasite and Fungi","floor":21.0,"turns":2.0},{"damage":6.0,"enemies":"Book of Stabbing","floor":24.0,"turns":3.0},{"damage":0.0,"enemies":"Slavers","floor":28.0,"turns":1.0},{"damage":0.0,"enemies":"Sentry and Sphere","floor":29.0,"turns":2.0},{"damage":0.0,"enemies":"3 Cultists","floor":30.0,"turns":2.0},{"damage":0.0,"enemies":"Champ","floor":33.0,"turns":4.0},{"damage":0.0,"enemies":"3 Shapes","floor":35.0,"turns":1.0},{"damage":0.0,"enemies":"Orb Walker","floor":36.0,"turns":2.0},{"damage":0.0,"enemies":"Spire Growth","floor":37.0,"turns":2.0},{"damage":3.0,"enemies":"Mind Bloom Boss Battle","floor":38.0,"turns":3.0},{"damage":0.0,"enemies":"4 Shapes","floor":39.0,"turns":1.0},{"damage":0.0,"enemies":"Sphere and 2 Shapes","floor":41.0,"turns":2.0},{"damage":0.0,"enemies":"Maw","floor":42.0,"turns":3.0},{"damage":0,"enemies":"Transient","floor":45,"turns":5},{"damage":0,"enemies":"2 Orb Walkers","floor":46,"turns":1},{"damage":0,"enemies":"Sphere and 2 Shapes","floor":48,"turns":1},{"damage":0,"enemies":"Donu and Deca","floor":50,"turns":4}],"seed_played":"9163698855703032944","potions_obtained":[{"floor":1.0,"key":"Swift Potion"},{"floor":4.0,"key":"Fruit Juice"},{"floor":14.0,"key":"PowerPotion"},{"floor":18.0,"key":"Fire Potion"},{"floor":20.0,"key":"AttackPotion"},{"floor":24.0,"key":"testmod-SpacePotion"},{"floor":30.0,"key":"AttackPotion"},{"floor":38.0,"key":"Dexterity Potion"},{"floor":41.0,"key":"CultistPotion"},{"floor":42,"key":"Regen Potion"}],"is_trial":false,"path_per_floor":["M","?","M","M","M","R","E","R","T","R","E","?","$","E","R","B",null,"M","?","M","M","?","R","E","R","T","R","E","M","M","$","R","B",null,"M","M","M","?","M","R","M","M","T","$","M","?","$","M","R","B",null],"character_chosen":"THE_CURSED","items_purchased":["TheCursedMod:CircleOfAbyss","TheCursedMod:CircleOfFocus","TheCursedMod:ManaCirculation","Orrery","GuppysPaw","testmod-Charity"],"campfire_rested":0,"item_purchase_floors":[13,13,13,31,34,47],"current_hp_per_floor":[57,57,59,64,67,67,76,76,76,76,80,64,64,82,82,94,94,94,94,94,94,94,94,94,94,94,94,94,94,94,94,94,94,79,81,83,85,87,89,89,91,91,91,91,93,95,95,98,98,100],"gold":34,"neow_bonus":"TRANSFORM_TWO_CARDS","is_daily":false,"chose_seed":false,"campfire_upgraded":10,"win_rate":0.0,"timestamp":1610719034,"path_taken":["M","?","M","M","M","R","E","R","T","R","E","?","$","E","R","BOSS","M","?","M","M","?","R","E","R","T","R","E","M","?","$","R","BOSS","M","M","M","?","M","R","M","?","T","?","M","?","$","?","R","BOSS"],"items_purchased_type":["Card","Card","Card","Relic","Relic","Relic"],"build_version":"2020-12-22","purchased_purges":5,"victory":true,"max_hp_per_floor":[75,75,75,80,80,80,80,80,80,80,80,80,80,94,94,94,94,94,94,94,94,94,94,94,94,94,94,94,94,94,94,94,94,79,81,83,85,87,89,89,91,91,91,91,93,95,95,98,98,100],"card_choices":[{"not_picked":[],"picked":"Bomb","floor":0.0},{"not_picked":["TheCursedMod:Obscuration","TheCursedMod:CursedMace"],"picked":"TheCursedMod:CircleOfWindfury","floor":1.0},{"not_picked":["TheCursedMod:SaltUponWound","TheCursedMod:ReleasedKnowledge"],"picked":"TheCursedMod:EmpowerCircles","floor":3.0},{"not_picked":["TheCursedMod:ParallelWorld","TheCursedMod:CursedStaff"],"picked":"TheCursedMod:ReleasedKnowledge","floor":4.0},{"not_picked":["TheCursedMod:ReleasedStrength","TheCursedMod:CursedAmulet"],"picked":"TheCursedMod:CursedSpellbook","floor":5.0},{"not_picked":["TheCursedMod:CursedArmor","TheCursedMod:LuckyCharm"],"picked":"TheCursedMod:CircleOfFlame","floor":7.0},{"not_picked":["TheCursedMod:SpitefulPlan","TheCursedMod:CursedBlade"],"picked":"TheCursedMod:SmokeScreen","floor":11.0},{"not_picked":["TheCursedMod:RapidMovement","TheCursedMod:CursedMace"],"picked":"TheCursedMod:PrepareRite","floor":14.0},{"not_picked":["TheCursedMod:CircleOfAbyss","TheCursedMod:DarkBarrier"],"picked":"TheCursedMod:NeowsMight","floor":16.0},{"not_picked":["TheCursedMod:Torture","TheCursedMod:SoulCrush"],"picked":"TheCursedMod:CursedShiv+1","floor":18.0},{"not_picked":["TheCursedMod:SpitefulStrike","TheCursedMod:CursedShiv","TheCursedMod:SmokeScreen"],"picked":"SKIP","floor":20.0},{"not_picked":["TheCursedMod:SurpriseAttack","TheCursedMod:Obscuration"],"picked":"TheCursedMod:CircleOfCorruption","floor":21.0},{"not_picked":["TheCursedMod:CursedBoomerang","TheCursedMod:FleshFromBone+1","TheCursedMod:SmokeScreen"],"picked":"SKIP","floor":24.0},{"not_picked":["TheCursedMod:CircleOfFlame+1","TheCursedMod:VitalStrike","TheCursedMod:TacticalStrike"],"picked":"SKIP","floor":28.0},{"not_picked":["TheCursedMod:CursedShiv","TheCursedMod:CursedRelics","TheCursedMod:Stretching"],"picked":"SKIP","floor":29.0},{"not_picked":["TheCursedMod:SpitefulStrike","TheCursedMod:EmpowerCircles+1"],"picked":"TheCursedMod:SurpriseAttack","floor":30.0},{"not_picked":["TheCursedMod:CursedBoomerang+1","TheCursedMod:RavingStaff"],"picked":"TheCursedMod:LuckyCharm+1","floor":31.0},{"not_picked":["TheCursedMod:DarkBarrier","TheCursedMod:NeowsMight"],"picked":"TheCursedMod:AntiAging","floor":33.0},{"not_picked":["TheCursedMod:RavingStaff","TheCursedMod:CursedArmor","TheCursedMod:SmokeScreen"],"picked":"SKIP","floor":35.0},{"not_picked":["TheCursedMod:FleshFromBone","TheCursedMod:TacticalStrike","TheCursedMod:AshesToAshes"],"picked":"SKIP","floor":36.0},{"not_picked":["TheCursedMod:HellsGateOpen","TheCursedMod:CursedBoomerang+1","TheCursedMod:SmokeScreen+1"],"picked":"SKIP","floor":37.0},{"not_picked":["TheCursedMod:SmokeScreen+1","TheCursedMod:CursedShiv+1","TheCursedMod:CursedMace"],"picked":"SKIP","floor":39.0},{"not_picked":["TheCursedMod:SmokeScreen+1","TheCursedMod:CursedShiv+1","TheCursedMod:CursedMace"],"picked":"SKIP","floor":39.0},{"not_picked":["TheCursedMod:FleshFromBone","TheCursedMod:WearCloak"],"picked":"TheCursedMod:ReleasedStrength+1","floor":41.0},{"not_picked":["TheCursedMod:RavingStaff+1","TheCursedMod:CursedMace+1","TheCursedMod:SpitefulPlan"],"picked":"SKIP","floor":42},{"not_picked":["TheCursedMod:BloodBarrier","TheCursedMod:CursedAmulet+1"],"picked":"TheCursedMod:CollectTribute","floor":45},{"not_picked":["TheCursedMod:DemonSword","TheCursedMod:CircleOfFocus+1"],"picked":"TheCursedMod:CircleOfBlood+1","floor":48}],"player_experience":97761,"relics_obtained":[{"floor":7.0,"key":"Incense Burner"},{"floor":9.0,"key":"Ornamental Fan"},{"floor":11.0,"key":"Pen Nib"},{"floor":14.0,"key":"Mango"},{"floor":17.0,"key":"testmod-IndustrialRevolution"},{"floor":17.0,"key":"Shuriken"},{"floor":17.0,"key":"StoneCalendar"},{"floor":26.0,"key":"TheCursedMod:SoulVessel"},{"floor":28.0,"key":"InkBottle"},{"floor":38.0,"key":"D4"},{"floor":43,"key":"DoctorsRemote"},{"floor":46,"key":"testmod-CrystalShield"}],"event_choices":[{"damage_healed":0.0,"max_hp_gain":0.0,"max_hp_loss":0.0,"gold_gain":175.0,"event_name":"Liars Game","player_choice":"AGREE","floor":2.0,"gold_loss":0.0,"damage_taken":0.0,"cards_obtained":["Doubt"]},{"damage_healed":0.0,"max_hp_gain":0.0,"max_hp_loss":0.0,"gold_gain":0.0,"event_name":"Shining Light","player_choice":"Entered Light","floor":12.0,"gold_loss":0.0,"damage_taken":16.0,"cards_upgraded":["TheCursedMod:Defend_TheCursed","TheCursedMod:CleanUpWorkshop"]},{"damage_healed":0.0,"max_hp_gain":0.0,"max_hp_loss":0.0,"gold_gain":99.0,"event_name":"Nest","player_choice":"Stole From Cult","floor":19.0,"gold_loss":0.0,"damage_taken":0.0},{"damage_healed":0.0,"max_hp_gain":0.0,"max_hp_loss":0.0,"gold_gain":0.0,"event_name":"The Library","player_choice":"Read","floor":22.0,"gold_loss":0.0,"damage_taken":0.0,"cards_obtained":["TheCursedMod:Wield"]},{"damage_healed":0.0,"max_hp_gain":0.0,"max_hp_loss":0.0,"gold_gain":0.0,"event_name":"MindBloom","player_choice":"Fight","floor":38.0,"gold_loss":0.0,"damage_taken":0.0},{"damage_healed":0,"gold_gain":0,"player_choice":"Fight","damage_taken":0,"max_hp_gain":0,"max_hp_loss":0,"event_name":"Mysterious Sphere","floor":46,"gold_loss":0}],"is_beta":false,"boss_relics":[{"not_picked":["Tiny House","Empty Cage"],"picked":"Calling Bell"},{"not_picked":[]},{"not_picked":["Runic Dome","testmod-KeyOfTheVoid"],"picked":"testmod-Recursion"},{"not_picked":[]}],"items_purged_floors":[13,31,34,44,47],"is_endless":false,"potions_floor_spawned":[1,4,14,18,20,24,30,38,41,42],"ascension_level":1}}