{"host":"qxeepl7ydvsgmfdb","time":1610715378,"event":{"mods":["AchievementEnabler","BaseMod","Colored Powertips","Minty Spire (QoL Compilation)","Quick Restart","slay the spire mod where everything is the same but ironclad has a cowboy hat"],"gold_per_floor":[115,134,309,234,250,277,289,330,342,354,354],"floor_reached":10,"language":"ENG","playtime":341,"items_purged":["Doubt"],"score":84,"play_id":"09e84baf-2878-40f3-ae58-83fffc1b73df","local_time":"20210115075618","is_ascension_mode":true,"campfire_choices":[{"floor":7.0,"key":"REST"}],"circlet_count":0,"master_deck":["Strike_B","Strike_B","Strike_B","Strike_B","Defend_B","Defend_B","Defend_B","Defend_B","Zap","Dualcast","White Noise","BootSequence","Coolheaded","Defragment","Redo","Leap"],"relics":["Cracked Core","Prayer Wheel","MawBank","Matryoshka","Pantograph","MealTicket"],"acts_visited":["Exordium"],"potions_floor_usage":[10],"damage_taken":[{"damage":5.0,"enemies":"Cultist","floor":1.0,"turns":4.0},{"damage":7.0,"enemies":"Small Slimes","floor":2.0,"turns":3.0},{"damage":0.0,"enemies":"Jaw Worm","floor":5.0,"turns":3.0},{"damage":46.0,"enemies":"Gremlin Nob","floor":6.0,"turns":5.0},{"damage":15,"enemies":"Lagavulin","floor":8,"turns":9},{"damage":17,"enemies":"Gremlin Nob","floor":10,"turns":3}],"seed_played":"4983721668045962425","potions_obtained":[{"floor":1.0,"key":"PotionOfCapacity"},{"floor":8,"key":"PowerPotion"}],"is_trial":false,"path_per_floor":["M","M","?","$","M","E","R","E","T","E"],"character_chosen":"DEFECT","items_purchased":[],"campfire_rested":1,"item_purchase_floors":[],"current_hp_per_floor":[63,56,56,56,56,10,30,15,15,0,0],"gold":354,"neow_bonus":"ONE_RARE_RELIC","is_daily":false,"chose_seed":false,"campfire_upgraded":0,"win_rate":0.0,"timestamp":1610715378,"path_taken":["M","M","?","$","M","E","R","E","T","E"],"items_purchased_type":[],"build_version":"2020-12-22","purchased_purges":1,"victory":false,"max_hp_per_floor":[68,68,68,68,68,68,68,68,68,68,68],"card_choices":[{"not_picked":["Static Discharge","Capacitor"],"picked":"White Noise","floor":1.0},{"not_picked":["Hologram","Gash"],"picked":"BootSequence","floor":1.0},{"not_picked":["Turbo","Seek"],"picked":"Coolheaded","floor":2.0},{"not_picked":["Beam Cell","Stack","Storm"],"picked":"SKIP","floor":2.0},{"not_picked":["Ball Lightning","Storm"],"picked":"Defragment","floor":5.0},{"not_picked":["Leap","Conserve Battery"],"picked":"Redo","floor":5.0},{"not_picked":["Redo","Gash"],"picked":"Leap","floor":6.0},{"not_picked":["Gash","Blizzard","Glacier"],"picked":"SKIP","floor":8}],"player_experience":141364,"relics_obtained":[{"floor":6.0,"key":"MawBank"},{"floor":8,"key":"Matryoshka"},{"floor":9,"key":"Pantograph"},{"floor":9,"key":"MealTicket"}],"event_choices":[{"damage_healed":0.0,"max_hp_gain":0.0,"max_hp_loss":0.0,"gold_gain":175.0,"event_name":"Liars Game","player_choice":"AGREE","floor":3.0,"gold_loss":0.0,"damage_taken":0.0,"cards_obtained":["Doubt"]}],"is_beta":false,"boss_relics":[],"items_purged_floors":[4],"is_endless":false,"potions_floor_spawned":[1,8],"killed_by":"Gremlin Nob","ascension_level":2}}