{"host":"i4yzoangb31cseo0","time":1610732953,"event":{"mods":["AchievementEnabler","BaseMod","ChefMod","Colored Powertips","Curses Come First","Hermit","Minty Spire (QoL Compilation)","StSLib","The Servant 0.9.4","TheWitcher"],"gold_per_floor":[116,130,130,130,146,171,171,182,230,16,47,47,60,88,88,191,241,251,26,26,45,45,45,73,73,96,96,18,37,52,52,52,153,153,169,169,169,189,189,215,231,231,231,265,48,48,48,62,62,62,62],"floor_reached":50,"language":"ENG","playtime":4859,"items_purged":["Strike_B","Scrape"],"score":563,"play_id":"8840fbeb-f2fd-4129-964b-d93ff5e46a06","local_time":"20210116041913","is_ascension_mode":false,"campfire_choices":[{"floor":7,"key":"REST"},{"data":"Lockon","floor":12,"key":"SMITH"},{"floor":15,"key":"REST"},{"data":"Storm","floor":23,"key":"SMITH"},{"floor":25,"key":"REST"},{"floor":32,"key":"REST"},{"floor":42,"key":"REST"},{"floor":49,"key":"REST"}],"circlet_count":0,"master_deck":["Strike_B","Defend_B","Defend_B","Zap","Dualcast","BootSequence+1","Beam Cell","Melter","Melter","Lockon+1","Genetic Algorithm","Doom and Gloom","Self Repair","Stack","Buffer","Electrodynamics","Redo","Storm+1","Loop","Genetic Algorithm","Buffer","Chaos","RitualDagger","Capacitor","Steam","Force Field","Buffer","Conserve Battery","Aggregate","Echo Form+1","Barrage+1","Barrage+1","Conserve Battery+1"],"relics":["Cracked Core","NeowsBlessing","Sundial","Bag of Marbles","Bag of Preparation","HornCleat","Blood Vial","Tiny House","Pear","PreservedInsect","Omamori","Empty Cage","Frozen Egg 2","Bronze Scales","Eternal Feather","Anchor","Membership Card"],"acts_visited":["Exordium","TheCity","TheBeyond"],"potions_floor_usage":[1,11,14,24,33,39,44,50,50,50],"damage_taken":[{"damage":0,"enemies":"2 Louse","floor":1,"turns":1},{"damage":0,"enemies":"Small Slimes","floor":2,"turns":1},{"damage":0,"enemies":"Jaw Worm","floor":5,"turns":1},{"damage":32,"enemies":"Gremlin Nob","floor":6,"turns":5},{"damage":5,"enemies":"Exordium Thugs","floor":8,"turns":3},{"damage":22,"enemies":"3 Sentries","floor":11,"turns":5},{"damage":0,"enemies":"Looter","floor":13,"turns":2},{"damage":30,"enemies":"Gremlin Nob","floor":14,"turns":4},{"damage":8,"enemies":"Slime Boss","floor":16,"turns":10},{"damage":0,"enemies":"Spheric Guardian","floor":18,"turns":3},{"damage":8,"enemies":"2 Thieves","floor":21,"turns":4},{"damage":95,"enemies":"Slavers","floor":24,"turns":7},{"damage":10,"enemies":"Snake Plant","floor":29,"turns":5},{"damage":8,"enemies":"Chosen and Byrds","floor":30,"turns":5},{"damage":93,"enemies":"Champ","floor":33,"turns":15},{"damage":15,"enemies":"3 Darklings","floor":35,"turns":5},{"damage":18,"enemies":"Orb Walker","floor":38,"turns":5},{"damage":2,"enemies":"Maw","floor":39,"turns":10},{"damage":46,"enemies":"Giant Head","floor":40,"turns":9},{"damage":1,"enemies":"Sphere and 2 Shapes","floor":41,"turns":3},{"damage":57,"enemies":"Reptomancer","floor":44,"turns":7},{"damage":30,"enemies":"3 Darklings","floor":48,"turns":8},{"damage":56,"enemies":"Awakened One","floor":50,"turns":5}],"seed_played":"4283977826472056950","potions_obtained":[{"floor":1,"key":"Fruit Juice"},{"floor":5,"key":"Swift Potion"},{"floor":8,"key":"ColorlessPotion"},{"floor":13,"key":"BlessingOfTheForge"},{"floor":14,"key":"GamblersBrew"},{"floor":17,"key":"SmokeBomb"},{"floor":29,"key":"Dexterity Potion"},{"floor":40,"key":"SkillPotion"},{"floor":47,"key":"Swift Potion"},{"floor":47,"key":"CultistPotion"}],"is_trial":false,"path_per_floor":["M","M","?","?","M","E","R","M","T","$","E","R","M","E","R","B",null,"M","$","?","M","?","R","E","R","T","?","$","M","M","?","R","B",null,"M","?","T","M","M","E","M","R","T","E","$","?","?","M","R","B"],"character_chosen":"DEFECT","items_purchased":["FairyPotion","Genetic Algorithm","Doom and Gloom","Loop","Genetic Algorithm","Capacitor","Membership Card","FocusPotion"],"campfire_rested":6,"item_purchase_floors":[10,10,10,19,19,28,45,45],"current_hp_per_floor":[80,80,85,78,78,46,71,66,66,66,44,44,51,28,53,54,90,90,90,100,99,99,99,12,42,42,36,36,35,36,36,66,18,100,92,92,92,76,83,46,47,77,77,29,29,29,29,1,47,0,0],"gold":62,"neow_bonus":"THREE_ENEMY_KILL","is_daily":false,"chose_seed":false,"campfire_upgraded":2,"win_rate":0.0,"timestamp":1610732953,"path_taken":["M","M","?","?","M","E","R","M","T","$","E","R","M","E","R","BOSS","M","$","?","M","?","R","E","R","T","?","$","M","M","?","R","BOSS","M","?","?","M","?","E","M","R","T","E","$","?","?","M","R","BOSS"],"items_purchased_type":["Potion","Card","Card","Card","Card","Card","Relic","Potion"],"build_version":"2020-12-22","purchased_purges":2,"victory":false,"max_hp_per_floor":[80,80,85,85,85,85,85,85,85,85,85,85,85,85,85,85,90,90,90,100,100,100,100,100,100,100,100,100,100,100,100,100,100,100,100,100,100,100,100,100,100,100,100,100,100,95,95,95,95,95,95],"card_choices":[{"not_picked":["Force Field","Conserve Battery"],"picked":"BootSequence","floor":1},{"not_picked":["Rip and Tear","Rebound"],"picked":"Beam Cell","floor":2},{"not_picked":["Barrage","Conserve Battery"],"picked":"Melter","floor":5},{"not_picked":["Compile Driver","Auto Shields"],"picked":"Melter","floor":6},{"not_picked":["Leap","Fusion"],"picked":"Lockon","floor":8},{"not_picked":["Blizzard","Steam"],"picked":"Self Repair","floor":11},{"not_picked":["Beam Cell","Leap"],"picked":"Stack","floor":13},{"not_picked":["Coolheaded","Turbo"],"picked":"Buffer","floor":14},{"not_picked":["Amplify","Meteor Strike"],"picked":"Electrodynamics","floor":16},{"not_picked":["Coolheaded","Turbo"],"picked":"Redo","floor":17},{"not_picked":["Glacier","Steam"],"picked":"Storm","floor":18},{"not_picked":["Reprogram","Leap","Coolheaded"],"picked":"SKIP","floor":21},{"not_picked":["Lockon","Beam Cell"],"picked":"Chaos","floor":24},{"not_picked":["Turbo","Cold Snap"],"picked":"Steam","floor":29},{"not_picked":["Streamline+1","Loop"],"picked":"Force Field","floor":30},{"not_picked":["Amplify","Creative AI"],"picked":"Buffer","floor":33},{"not_picked":["Compile Driver+1","Ball Lightning+1"],"picked":"Conserve Battery","floor":35},{"not_picked":["Stack+1","Redo"],"picked":"Aggregate","floor":38},{"not_picked":["Melter","Compile Driver"],"picked":"Echo Form+1","floor":40},{"not_picked":["Gash+1","Lockon"],"picked":"Barrage+1","floor":41},{"not_picked":["Electrodynamics+1","Gash"],"picked":"Barrage+1","floor":44},{"not_picked":["Steam Power+1","Go for the Eyes+1"],"picked":"Conserve Battery+1","floor":48}],"player_experience":75694,"relics_obtained":[{"floor":6,"key":"Bag of Marbles"},{"floor":9,"key":"Bag of Preparation"},{"floor":11,"key":"HornCleat"},{"floor":14,"key":"Blood Vial"},{"floor":24,"key":"PreservedInsect"},{"floor":26,"key":"Omamori"},{"floor":37,"key":"Frozen Egg 2"},{"floor":40,"key":"Bronze Scales"},{"floor":43,"key":"Eternal Feather"},{"floor":44,"key":"Anchor"}],"event_choices":[{"damage_healed":0,"gold_gain":0,"player_choice":"Donut","damage_taken":0,"max_hp_gain":5,"max_hp_loss":0,"event_name":"Big Fish","floor":3,"gold_loss":0},{"damage_healed":0,"gold_gain":0,"player_choice":"Success","damage_taken":7,"relics_obtained":["Sundial"],"max_hp_gain":0,"max_hp_loss":0,"event_name":"Scrap Ooze","floor":4,"gold_loss":0},{"damage_healed":0,"gold_gain":0,"player_choice":"Opened","damage_taken":0,"relics_obtained":["Pear"],"max_hp_gain":0,"max_hp_loss":0,"event_name":"The Mausoleum","floor":20,"gold_loss":0},{"damage_healed":0,"gold_gain":0,"cards_transformed":["Defend_B","Strike_B"],"player_choice":"Became Test Subject","damage_taken":0,"max_hp_gain":0,"max_hp_loss":0,"event_name":"Drug Dealer","floor":22,"gold_loss":0,"cards_obtained":["Scrape","Buffer"]},{"damage_healed":0,"gold_gain":0,"player_choice":"Joined the Cult","damage_taken":6,"max_hp_gain":0,"max_hp_loss":0,"event_name":"Nest","floor":27,"gold_loss":0,"cards_obtained":["RitualDagger"]},{"damage_healed":0,"gold_gain":0,"player_choice":"Ignored","damage_taken":0,"max_hp_gain":0,"max_hp_loss":0,"event_name":"Ghosts","floor":31,"gold_loss":0},{"damage_healed":0,"gold_gain":0,"player_choice":"Ignored","damage_taken":0,"max_hp_gain":0,"max_hp_loss":0,"event_name":"Tomb of Lord Red Mask","floor":36,"gold_loss":0},{"damage_healed":0,"gold_gain":0,"player_choice":"Max HP","damage_taken":0,"max_hp_gain":0,"max_hp_loss":5,"event_name":"Winding Halls","floor":46,"gold_loss":0},{"damage_healed":0,"gold_gain":0,"player_choice":"Got Potions","damage_taken":0,"max_hp_gain":0,"max_hp_loss":0,"event_name":"Lab","floor":47,"gold_loss":0}],"is_beta":false,"boss_relics":[{"not_picked":["SacredBark","Black Star"],"picked":"Tiny House"},{"not_picked":["Coffee Dripper","Sozu"],"picked":"Empty Cage"}],"items_purged_floors":[19,45],"is_endless":false,"potions_floor_spawned":[1,5,8,13,14,21,29,39,40],"killed_by":"Awakened One","ascension_level":0}}