{"host":"vohenq18pmg6jboc","time":1610718190,"event":{"mods":["100% Spire Juice","Arknights The Spire","Bard","BaseMod","Chen","Downfall","Gremlin Mod","GungeonMod","Hermit","Koishi","Marisa¡]Ãú«B¡@Å]²z¨F¡^","Minty Spire (QoL Compilation)","Relic Stats","Remilia¡]Á¢¦Ì²ú?¡^","StSLib","The Administrix","The Bug Knight","The Cursed","The Hierophant","The IronCluck","The Runesmith","The Servant 0.9.4","WarShipGirlsR/??¤Ö¤kR mod","Yakumo Yukari mod","Youmu¡]»î¾z§¯?¡^","Yuyuko"],"gold_per_floor":[118,118,57,78,153,153,186,186,186,209,227,22,38,62,62,183,183,199,215,215,215,215],"floor_reached":21,"language":"ZHS","playtime":1180,"items_purged":[],"score":206,"play_id":"822f8eb2-7d41-45d8-a615-0426c0900ac3","local_time":"20210115214310","is_ascension_mode":false,"campfire_choices":[{"floor":6,"key":"DIG"},{"floor":8,"key":"REST"},{"floor":15,"key":"REST"}],"circlet_count":0,"master_deck":["Moonworks:Strike","Moonworks:Strike","Moonworks:Strike","Moonworks:Strike","Moonworks:Defend","Moonworks:Defend","Moonworks:Defend","Moonworks:Defend","Moonworks:Ambush","Moonworks:LongDistanceShot","Moonworks:JonathanRush","Injury","Moonworks:SweetBattle","Moonworks:ForcedRevival","Moonworks:RagingMadness","Moonworks:Wanted","Regret","Moonworks:CookingTime","Moonworks:DeployBits","Moonworks:StarBlastingFuse","Moonworks:IndiscriminateFireSupport","Moonworks:BindingChains","Normality"],"relics":["Moonworks:SBBomb","Moonworks:Homemark","NeowsBlessing","Golden Idol","Shovel","Letter Opener","DemoMod:Metronome","Sundial"],"acts_visited":["Exordium","TheCity"],"potions_floor_usage":[16,16,16],"damage_taken":[{"damage":0,"enemies":"Jaw Worm","floor":1,"turns":1},{"damage":0,"enemies":"2 Louse","floor":4,"turns":1},{"damage":0,"enemies":"Gremlin Nob","floor":7,"turns":1},{"damage":8,"enemies":"Cultist","floor":10,"turns":5},{"damage":9,"enemies":"Looter","floor":11,"turns":3},{"damage":26,"enemies":"Lots of Slimes","floor":13,"turns":6},{"damage":27,"enemies":"Large Slime","floor":14,"turns":8},{"damage":26,"enemies":"Slime Boss","floor":16,"turns":10},{"damage":21,"enemies":"2 Thieves","floor":18,"turns":5},{"damage":0,"enemies":"Spheric Guardian","floor":19,"turns":2},{"damage":56,"enemies":"Cultist and Chosen","floor":21,"turns":6}],"seed_played":"-8528070904287933930","potions_obtained":[{"floor":4,"key":"Fire Potion"},{"floor":11,"key":"Fire Potion"},{"floor":14,"key":"Dexterity Potion"}],"is_trial":false,"path_per_floor":["M","?","?","M","?","R","E","R","T","M","M","?","M","M","R","B",null,"M","M","?","M"],"character_chosen":"THE_STARBREAKER","items_purchased":[],"campfire_rested":2,"item_purchase_floors":[],"current_hp_per_floor":[60,60,60,60,49,49,49,60,60,53,44,44,22,3,21,5,60,39,45,45,0,0],"gold":215,"neow_bonus":"THREE_ENEMY_KILL","is_daily":false,"chose_seed":false,"campfire_upgraded":0,"win_rate":0.0,"timestamp":1610718190,"path_taken":["M","?","?","?","?","R","E","R","T","M","M","?","M","M","R","BOSS","M","?","?","M"],"items_purchased_type":[],"build_version":"2020-12-22","purchased_purges":0,"victory":false,"max_hp_per_floor":[60,60,60,60,60,60,60,60,60,60,60,60,60,60,60,60,60,60,60,60,60,60],"relic_stats":{"Shovel":1,"counters":[11,48],"Golden Idol":58,"Sundial":[4],"Letter Opener":[45],"obtain_stats":[{"Moonworks:SBBomb":17,"Shovel":3,"NeowsBlessing":0,"Golden Idol":2,"DemoMod:Metronome":7,"Sundial":9,"Moonworks:Homemark":0,"DemoMod:GlassGuonStoneRelic":10,"Letter Opener":6,"Moonworks:BrokenBomb":0},{"Moonworks:SBBomb":8,"Shovel":1,"NeowsBlessing":0,"Golden Idol":1,"DemoMod:Metronome":3,"Sundial":3,"Moonworks:Homemark":0,"DemoMod:GlassGuonStoneRelic":4,"Letter Opener":2,"Moonworks:BrokenBomb":0},{"Moonworks:SBBomb":35,"Shovel":1,"NeowsBlessing":0,"Golden Idol":1,"DemoMod:Metronome":3,"Sundial":3,"Moonworks:Homemark":0,"DemoMod:GlassGuonStoneRelic":8,"Letter Opener":2,"Moonworks:BrokenBomb":0}]},"card_choices":[{"not_picked":["Moonworks:ImOnFire","Moonworks:LulusLuckyEgg"],"picked":"Moonworks:JonathanRush","floor":1},{"not_picked":["Moonworks:BigMagnum","Moonworks:ImOnFire"],"picked":"Moonworks:SweetBattle","floor":4},{"not_picked":["Moonworks:MixPhenomenon","Moonworks:DeployBits"],"picked":"Moonworks:ForcedRevival","floor":7},{"not_picked":["Moonworks:SelfDestruct","Moonworks:BackdoorTrade"],"picked":"Moonworks:RagingMadness","floor":10},{"not_picked":["Moonworks:Bloodlust","Moonworks:CompletionReward"],"picked":"Moonworks:Wanted","floor":11},{"not_picked":["Moonworks:SweetBattle","Moonworks:UnluckyCharm"],"picked":"Moonworks:CookingTime","floor":13},{"not_picked":["Moonworks:LulusLuckyEgg","Moonworks:NicePresent"],"picked":"Moonworks:DeployBits","floor":14},{"not_picked":["Moonworks:MetallicMonocoque","Moonworks:LeapThroughSpace"],"picked":"Moonworks:StarBlastingFuse","floor":16},{"not_picked":["Moonworks:Heat300Percent","Moonworks:Dash"],"picked":"Moonworks:IndiscriminateFireSupport","floor":18},{"not_picked":["Moonworks:BackdoorTrade","Moonworks:ImOnFire"],"picked":"Moonworks:BindingChains","floor":19}],"player_experience":99374,"relics_obtained":[{"floor":6,"key":"Letter Opener"},{"floor":7,"key":"DemoMod:Metronome"},{"floor":9,"key":"Sundial"}],"event_choices":[{"damage_healed":0,"gold_gain":0,"player_choice":"Take Wound","damage_taken":0,"relics_obtained":["Golden Idol"],"max_hp_gain":0,"max_hp_loss":0,"event_name":"Golden Idol","floor":2,"gold_loss":0,"cards_obtained":["Injury"]},{"damage_healed":0,"gold_gain":0,"player_choice":"Paid Gold","damage_taken":0,"relics_obtained":["Shovel"],"max_hp_gain":0,"max_hp_loss":0,"event_name":"WeMeetAgain","floor":3,"gold_loss":61},{"damage_healed":0,"gold_gain":75,"player_choice":"Gather Gold","damage_taken":11,"max_hp_gain":0,"max_hp_loss":0,"event_name":"World of Goop","floor":5,"gold_loss":0},{"damage_healed":0,"gold_gain":275,"player_choice":"Desecrate","damage_taken":0,"max_hp_gain":0,"max_hp_loss":0,"event_name":"Golden Shrine","floor":12,"gold_loss":0,"cards_obtained":["Regret"]}],"is_beta":false,"boss_relics":[{"not_picked":["Cursed Key","Ectoplasm"],"picked":"Moonworks:SBBomb"}],"items_purged_floors":[],"is_endless":false,"potions_floor_spawned":[4,11,14],"killed_by":"Cultist and Chosen","ascension_level":0}}