{"host":"q6ff4ns2kep02ti6","time":1610727786,"event":{"mods":["AchievementEnabler","BaseMod","Minty Spire (QoL Compilation)","Relic Stats","StSLib","Unceasing Turn Reminder"],"gold_per_floor":[112,112,128,138,158,191,191,223,296,317,57,71,87,104,104,202,202,213,213,228,238,257,287,22,22,101,127,127,159,171,200,200,304,304,316,668,31,0,17,17,17],"floor_reached":40,"language":"ENG","playtime":3337,"items_purged":["Strike_B","Strike_B"],"score":788,"play_id":"3ceb0d45-505b-48bb-acfb-baa18e15151e","local_time":"20210115172306","is_ascension_mode":true,"campfire_choices":[{"data":"Scrape","floor":7,"key":"SMITH"},{"data":"Beam Cell","floor":15,"key":"SMITH"},{"data":"Aggregate","floor":25,"key":"SMITH"},{"floor":32,"key":"REST"}],"circlet_count":0,"master_deck":["Strike_B","Defend_B","Defend_B","Defend_B","Defend_B","Zap","Dualcast","Sweeping Beam","Beam Cell+1","Go for the Eyes","Skim","Tempest","Scrape+1","Fission","Reinforced Body","Thinking Ahead","Scrape","Go for the Eyes","Gash","Gash","Reboot","Gash","Scrape","Steam+1","Aggregate+1","All For One","Meteor Strike","Gash+1"],"relics":["Runic Dome","Vajra","Dead Branch","The Courier","Odd Mushroom","SlaversCollar","Bag of Preparation","Ancient Tea Set","Ice Cream","Singing Bowl","Potion Belt","Pocketwatch","Toy Ornithopter","Fusion Hammer","Old Coin","Centennial Puzzle","Pen Nib","Bronze Scales","PreservedInsect","Red Mask"],"acts_visited":["Exordium","TheCity","TheBeyond"],"potions_floor_usage":[6,6,6,8,16,21,30,31,33],"damage_taken":[{"damage":6,"enemies":"2 Louse","floor":1,"turns":3},{"damage":1,"enemies":"Cultist","floor":3,"turns":3},{"damage":4,"enemies":"Jaw Worm","floor":4,"turns":3},{"damage":0,"enemies":"Large Slime","floor":5,"turns":4},{"damage":14,"enemies":"Gremlin Nob","floor":6,"turns":4},{"damage":15,"enemies":"Lagavulin","floor":8,"turns":3},{"damage":0,"enemies":"The Mushroom Lair","floor":10,"turns":1},{"damage":0,"enemies":"Looter","floor":12,"turns":2},{"damage":1,"enemies":"3 Louse","floor":13,"turns":3},{"damage":0,"enemies":"Exordium Wildlife","floor":14,"turns":1},{"damage":0,"enemies":"Slime Boss","floor":16,"turns":4},{"damage":0,"enemies":"Chosen","floor":18,"turns":2},{"damage":0,"enemies":"3 Byrds","floor":20,"turns":3},{"damage":0,"enemies":"Shelled Parasite and Fungi","floor":21,"turns":2},{"damage":8,"enemies":"Cultist and Chosen","floor":22,"turns":4},{"damage":21,"enemies":"Gremlin Leader","floor":23,"turns":3},{"damage":3,"enemies":"Book of Stabbing","floor":27,"turns":4},{"damage":10,"enemies":"Gremlin Leader","floor":29,"turns":4},{"damage":7,"enemies":"Centurion and Healer","floor":30,"turns":5},{"damage":13,"enemies":"Slavers","floor":31,"turns":2},{"damage":33,"enemies":"Collector","floor":33,"turns":5},{"damage":21,"enemies":"3 Shapes","floor":35,"turns":5},{"damage":23,"enemies":"2 Orb Walkers","floor":36,"turns":3},{"damage":0,"enemies":"Orb Walker","floor":39,"turns":1},{"damage":34,"enemies":"Reptomancer","floor":40,"turns":2}],"seed_played":"-1628368540729619941","potions_obtained":[{"floor":3,"key":"EntropicBrew"},{"floor":5,"key":"Fruit Juice"},{"floor":8,"key":"CultistPotion"},{"floor":10,"key":"FocusPotion"},{"floor":12,"key":"SpeedPotion"},{"floor":18,"key":"AttackPotion"},{"floor":21,"key":"PowerPotion"},{"floor":23,"key":"Regen Potion"},{"floor":29,"key":"PowerPotion"}],"is_trial":false,"path_per_floor":["M","?","M","M","M","E","R","E","T","?","$","M","M","M","R","B",null,"M","?","M","M","M","E","$","R","T","E","?","E","M","E","R","B",null,"M","?","$","?","M","E"],"character_chosen":"DEFECT","items_purchased":["Thinking Ahead","Scrape","Aggregate","Ice Cream","Centennial Puzzle","Pen Nib","EntropicBrew","Bronze Scales","PreservedInsect"],"campfire_rested":1,"item_purchase_floors":[11,11,24,24,37,37,37,37,37],"current_hp_per_floor":[62,62,61,57,57,48,48,33,33,33,33,33,32,32,32,32,68,68,68,68,68,60,39,39,39,39,36,36,28,37,26,51,23,70,49,28,28,28,30,0,0],"gold":17,"neow_bonus":"BOSS_RELIC","is_daily":false,"chose_seed":false,"campfire_upgraded":3,"win_rate":0.0,"timestamp":1610727786,"path_taken":["M","?","?","M","M","E","R","E","T","?","$","M","M","M","R","BOSS","M","?","M","M","M","E","$","R","T","E","?","E","M","E","R","BOSS","M","?","$","?","M","E"],"items_purchased_type":["Card","Card","Card","Relic","Relic","Relic","Potion","Relic","Relic"],"build_version":"2020-12-22","purchased_purges":2,"victory":false,"max_hp_per_floor":[75,75,75,75,75,80,80,80,80,80,80,80,80,80,80,80,80,80,80,80,80,80,80,80,80,80,80,80,82,84,86,86,86,86,86,88,88,88,90,90,90],"relic_stats":{"Centennial Puzzle":[3],"Singing Bowl":10,"counters":[25,76],"Dead Branch":[55],"Bronze Scales":[3],"Pen Nib":[2],"PreservedInsect":58,"Bag of Preparation":[26],"obtain_stats":[{"Ice Cream":24,"Potion Belt":27,"Singing Bowl":26,"Dead Branch":8,"Vajra":6,"The Courier":9,"Pen Nib":37,"PreservedInsect":37,"Bag of Preparation":19,"Odd Mushroom":10,"Ancient Tea Set":23,"Old Coin":36,"Runic Dome":0,"SlaversCollar":17,"Centennial Puzzle":37,"Bronze Scales":37,"Fusion Hammer":34,"Red Mask":38,"Cracked Core":0,"Toy Ornithopter":31,"Pocketwatch":29},{"Ice Cream":16,"Potion Belt":17,"Singing Bowl":16,"Dead Branch":6,"Vajra":5,"The Courier":6,"Pen Nib":23,"PreservedInsect":23,"Bag of Preparation":12,"Odd Mushroom":7,"Ancient Tea Set":16,"Old Coin":23,"Runic Dome":0,"SlaversCollar":11,"Centennial Puzzle":23,"Bronze Scales":23,"Fusion Hammer":21,"Red Mask":23,"Cracked Core":0,"Toy Ornithopter":20,"Pocketwatch":18},{"Ice Cream":45,"Potion Belt":49,"Singing Bowl":45,"Dead Branch":20,"Vajra":17,"The Courier":20,"Pen Nib":73,"PreservedInsect":73,"Bag of Preparation":33,"Odd Mushroom":21,"Ancient Tea Set":45,"Old Coin":73,"Runic Dome":0,"SlaversCollar":31,"Centennial Puzzle":73,"Bronze Scales":73,"Fusion Hammer":65,"Red Mask":73,"Cracked Core":0,"Toy Ornithopter":60,"Pocketwatch":53}],"Toy Ornithopter":5,"Pocketwatch":[3]},"card_choices":[{"not_picked":["Steam","Turbo"],"picked":"Sweeping Beam","floor":1},{"not_picked":["Skim","BootSequence"],"picked":"Go for the Eyes","floor":3},{"not_picked":["Barrage","Defragment"],"picked":"Skim","floor":4},{"not_picked":["Leap","Redo"],"picked":"Tempest","floor":5},{"not_picked":["Blizzard","Conserve Battery"],"picked":"Scrape","floor":6},{"not_picked":["White Noise","Cold Snap"],"picked":"Fission","floor":8},{"not_picked":["Melter","Loop"],"picked":"Reinforced Body","floor":10},{"not_picked":["Cold Snap","Beam Cell"],"picked":"Go for the Eyes","floor":12},{"not_picked":["Scrape","Streamline"],"picked":"Gash","floor":13},{"not_picked":["Conserve Battery","Redo"],"picked":"Gash","floor":14},{"not_picked":["Rainbow","Thunder Strike"],"picked":"Reboot","floor":16},{"not_picked":["Compile Driver","Rebound","Stack"],"picked":"SKIP","floor":18},{"not_picked":["Glacier","Static Discharge","Rebound"],"picked":"SKIP","floor":20},{"not_picked":["Reprogram+1","Hologram+1"],"picked":"Gash","floor":21},{"not_picked":["Chaos+1","Sweeping Beam"],"picked":"Scrape","floor":22},{"not_picked":["Streamline+1","Stack+1"],"picked":"Steam+1","floor":23},{"not_picked":["Scrape","Double Energy+1"],"picked":"All For One","floor":27},{"not_picked":["Loop+1","Leap+1","Static Discharge"],"picked":"Singing Bowl","floor":29},{"not_picked":["Doom and Gloom","Leap","Turbo"],"picked":"Singing Bowl","floor":30},{"not_picked":["Barrage","Stack","Defragment"],"picked":"Singing Bowl","floor":31},{"not_picked":["Seek","Hyperbeam"],"picked":"Meteor Strike","floor":33},{"not_picked":["Darkness","Blizzard+1"],"picked":"Gash+1","floor":35},{"not_picked":["Turbo+1","Glacier","Compile Driver"],"picked":"Singing Bowl","floor":36},{"not_picked":["Consume","Conserve Battery","Cold Snap+1"],"picked":"Singing Bowl","floor":39}],"player_experience":942927,"relics_obtained":[{"floor":6,"key":"Vajra"},{"floor":8,"key":"Dead Branch"},{"floor":9,"key":"The Courier"},{"floor":10,"key":"Odd Mushroom"},{"floor":23,"key":"Ancient Tea Set"},{"floor":26,"key":"Singing Bowl"},{"floor":27,"key":"Potion Belt"},{"floor":29,"key":"Pocketwatch"},{"floor":31,"key":"Toy Ornithopter"},{"floor":36,"key":"Old Coin"}],"event_choices":[{"damage_healed":0,"gold_gain":0,"cards_transformed":["Strike_B"],"player_choice":"Transformed","damage_taken":0,"max_hp_gain":0,"max_hp_loss":0,"event_name":"Transmorgrifier","floor":2,"gold_loss":0,"cards_obtained":["Beam Cell"]},{"damage_healed":0,"gold_gain":0,"player_choice":"Fought Mushrooms","damage_taken":0,"max_hp_gain":0,"max_hp_loss":0,"event_name":"Mushrooms","floor":10,"gold_loss":0},{"damage_healed":0,"gold_gain":0,"player_choice":"Opened","damage_taken":0,"relics_obtained":["Bag of Preparation"],"max_hp_gain":0,"max_hp_loss":0,"event_name":"The Mausoleum","floor":19,"gold_loss":0},{"damage_healed":0,"gold_gain":0,"player_choice":"Ignored","damage_taken":0,"max_hp_gain":0,"max_hp_loss":0,"event_name":"Vampires","floor":28,"gold_loss":0},{"damage_healed":0,"gold_gain":0,"player_choice":"Fight","damage_taken":0,"max_hp_gain":0,"max_hp_loss":0,"event_name":"Mysterious Sphere","floor":36,"gold_loss":0},{"damage_healed":0,"gold_gain":0,"player_choice":"Paid","damage_taken":0,"relics_obtained":["Red Mask"],"max_hp_gain":0,"max_hp_loss":0,"event_name":"Tomb of Lord Red Mask","floor":38,"gold_loss":31}],"is_beta":false,"boss_relics":[{"not_picked":["Calling Bell","Cursed Key"],"picked":"SlaversCollar"},{"not_picked":["Velvet Choker","Inserter"],"picked":"Fusion Hammer"}],"items_purged_floors":[11,37],"is_endless":false,"potions_floor_spawned":[3,5,8,10,12,18,21,23,29],"killed_by":"Reptomancer","ascension_level":7}}