{"host":"vowwmltf0agfbljp","time":1610746406,"event":{"mods":["Bard","BaseMod","Downfall","Duelist Mod","Googly Eyes","Minty Spire (QoL Compilation)","Potionbrewer","StSLib","The Druid","The Elementalist","The Forsaken","The Necromancer","The Poker Player","TheArtist","TheBandit","TheFirefly","TheVacant"],"gold_per_floor":[114,133,146,160,160,191,201,228,228,238,270,270,40,40,40,145,145,159,104,114,114,127,159,159,192,192,192,192,38,38,51,51,149,149,166,184,38,0,0,0,0,0,0,0,0],"floor_reached":44,"language":"ENG","playtime":2904,"items_purged":[],"score":489,"play_id":"5c0ad551-d433-4cd9-b66c-9459f4053656","local_time":"20210115153326","is_ascension_mode":false,"campfire_choices":[{"data":"Summon_Undead","floor":12,"key":"SMITH"},{"floor":15,"key":"REST"},{"floor":24,"key":"REST"},{"floor":27,"key":"REST"},{"floor":30,"key":"REST"},{"data":"Summon_Undead_Army","floor":32,"key":"SMITH"},{"floor":40,"key":"REST"}],"circlet_count":0,"master_deck":["Strike_W","Strike_W+1","Strike_W","Strike_W","Defend_W","Defend_W","Defend_W+1","Defend_W","Negative_Energy_Arrows","Bone_Wall","Bones_to_Steel","Negative_Energy_Javelin","Bone_Shift","Summon_Undead+1","Negative_Energy_Javelin","Bone_Armory","Skeleton_Dragon","Stop_Heart","Negative_Energy_Burst+1","Uncharnel","Summon_Undead_Army+1","Grasp_Heart","Summon_Vampire_Lady","Summon_Lich","Pandemic+1","Summon_Undead_Army","Epidemic","expansioncontent:ManipulateTime"],"relics":["Vampire_Amulet","Juzu Bracelet","theForsaken:Gavel","StoneCalendar","Dead Branch","Tiny Chest","SlaversCollar","WingedGreaves","Smiling Mask","Anchor","potionbrewer:MortarAndPestle","Black Star","Red Mask","Omamori","MealTicket"],"acts_visited":["Exordium","TheCity","TheBeyond"],"potions_floor_usage":[8,16,18,20,22,22,22,23,25,33,33],"damage_taken":[{"damage":0,"enemies":"Cultist","floor":1,"turns":5},{"damage":0,"enemies":"2 Louse","floor":2,"turns":3},{"damage":1,"enemies":"Small Slimes","floor":3,"turns":4},{"damage":3,"enemies":"Looter","floor":4,"turns":4},{"damage":25,"enemies":"3 Sentries","floor":6,"turns":14},{"damage":4,"enemies":"Blue Slaver","floor":7,"turns":6},{"damage":21,"enemies":"Lagavulin","floor":8,"turns":9},{"damage":10,"enemies":"Exordium Thugs","floor":10,"turns":6},{"damage":0,"enemies":"3 Sentries","floor":11,"turns":7},{"damage":29,"enemies":"Hexaghost","floor":16,"turns":14},{"damage":24,"enemies":"3 Byrds","floor":18,"turns":7},{"damage":20,"enemies":"Spheric Guardian","floor":20,"turns":4},{"damage":21,"enemies":"Cultist and Chosen","floor":22,"turns":5},{"damage":49,"enemies":"Gremlin Leader","floor":23,"turns":7},{"damage":45,"enemies":"Slavers","floor":25,"turns":4},{"damage":15,"enemies":"Centurion and Healer","floor":31,"turns":7},{"damage":75,"enemies":"Collector","floor":33,"turns":7},{"damage":49,"enemies":"3 Darklings","floor":35,"turns":4},{"damage":33,"enemies":"Orb Walker","floor":36,"turns":5},{"damage":42,"enemies":"3 Darklings","floor":44,"turns":4}],"seed_played":"1163248796901940253","potions_obtained":[{"floor":2,"key":"EntropicBrew"},{"floor":4,"key":"Weak Potion"},{"floor":7,"key":"Energy Potion"},{"floor":8,"key":"SmokeBomb"},{"floor":11,"key":"Swift Potion"},{"floor":16,"key":"AttackPotion"},{"floor":18,"key":"AttackPotion"},{"floor":23,"key":"Block Potion"},{"floor":25,"key":"potionbrewer:ToxicPotion"},{"floor":31,"key":"Dexterity Potion"},{"floor":36,"key":"FearPotion"}],"is_trial":false,"path_per_floor":["M","M","M","M","?","E","M","E","T","M","E","R","$","?","R","B",null,"M","?","M","?","M","E","R","E","T","R","T","$","R","M","R","B",null,"M","M","$","?","?","R","T","?","T","M"],"character_chosen":"NECROMANCER","items_purchased":["Bone_Armory","Tiny Chest","Grasp_Heart","Summon_Undead_Army","Epidemic"],"campfire_rested":5,"item_purchase_floors":[13,13,29,37,37],"current_hp_per_floor":[82,82,82,81,81,62,60,65,65,74,80,80,80,64,82,55,82,64,82,64,64,47,26,50,11,11,35,35,35,59,70,70,23,82,35,4,4,4,4,28,28,28,28,0,0],"gold":0,"neow_bonus":"TEN_PERCENT_HP_BONUS","is_daily":false,"chose_seed":false,"campfire_upgraded":2,"win_rate":0.0,"timestamp":1610746406,"path_taken":["M","M","?","M","?","E","M","E","T","M","E","R","$","?","R","BOSS","M","?","M","?","M","E","R","E","T","R","?","?","R","M","R","BOSS","M","M","$","?","?","R","?","?","T","M"],"items_purchased_type":["Card","Relic","Card","Card","Card"],"build_version":"2020-12-22","purchased_purges":0,"victory":false,"max_hp_per_floor":[82,82,82,82,82,82,82,82,82,82,82,82,82,82,82,82,82,82,82,82,82,82,82,82,82,82,82,82,82,82,82,82,82,82,82,82,82,82,82,82,82,82,82,82,82],"card_choices":[{"not_picked":["Negative_Energy_Shield","Vampiric_Strike"],"picked":"Bones_to_Steel","floor":1},{"not_picked":["Death_Knell","Whirlwind_of_Bones","Death_Coil"],"picked":"SKIP","floor":2},{"not_picked":["Negative_Energy_Shield","Bone_Prison"],"picked":"Negative_Energy_Javelin","floor":3},{"not_picked":["Bone_Spikes","Shackles_Of_Pain"],"picked":"Bone_Shift","floor":4},{"not_picked":["Summon_Death_Knight","Life_Tap"],"picked":"Summon_Undead","floor":6},{"not_picked":["Pandemic","Exploit","Negative_Energy_Burst"],"picked":"SKIP","floor":7},{"not_picked":["Consume_Illness","Death_Knell","Death_March_Dance"],"picked":"SKIP","floor":8},{"not_picked":["Shackles_Of_Pain","Thousand_Bone_Knives"],"picked":"Negative_Energy_Javelin","floor":10},{"not_picked":["Negative_Energy_Sphere","Deaths_Shadow","Bone_Shift"],"picked":"SKIP","floor":11},{"not_picked":["Cloudkill","Blood_Wake"],"picked":"Skeleton_Dragon","floor":16},{"not_picked":["Negative_Energy_Sphere","Blood_Shield"],"picked":"Stop_Heart","floor":18},{"not_picked":["Vampiric_Strike+1","Bones_to_Steel"],"picked":"Negative_Energy_Burst+1","floor":20},{"not_picked":["Bone_Shift","Thousand_Bone_Knives","Finger_Of_Death"],"picked":"SKIP","floor":22},{"not_picked":["Consume_Illness+1","Thousand_Bone_Knives"],"picked":"Uncharnel","floor":23},{"not_picked":["Bones_to_Steel","Bone_Spikes"],"picked":"Summon_Undead_Army","floor":25},{"not_picked":["Toxic_Smoke_Screen","Bones_to_Steel","Vampiric_Strike+1"],"picked":"SKIP","floor":31},{"not_picked":["Grasp_Heart","Skeleton_Dragon"],"picked":"Summon_Vampire_Lady","floor":33},{"not_picked":["Shackles_Of_Pain","Consume_Illness+1"],"picked":"Summon_Lich","floor":35},{"not_picked":["Finger_Of_Death","Deaths_Shadow"],"picked":"Pandemic+1","floor":36},{"not_picked":["theDuelist:OrbMetronome","expansioncontent:Torchfire"],"picked":"expansioncontent:ManipulateTime","floor":42}],"player_experience":541011,"relics_obtained":[{"floor":6,"key":"Juzu Bracelet"},{"floor":8,"key":"theForsaken:Gavel"},{"floor":9,"key":"StoneCalendar"},{"floor":11,"key":"Dead Branch"},{"floor":23,"key":"WingedGreaves"},{"floor":25,"key":"Smiling Mask"},{"floor":26,"key":"Anchor"},{"floor":28,"key":"potionbrewer:MortarAndPestle"},{"floor":41,"key":"Omamori"},{"floor":43,"key":"MealTicket"}],"event_choices":[{"damage_healed":0,"gold_gain":0,"player_choice":"Ignored","damage_taken":0,"max_hp_gain":0,"max_hp_loss":0,"event_name":"Golden Idol","floor":5,"gold_loss":0},{"damage_healed":0,"gold_gain":0,"player_choice":"Entered Light","damage_taken":16,"max_hp_gain":0,"max_hp_loss":0,"event_name":"Shining Light","floor":14,"gold_loss":0,"cards_upgraded":["Defend_W","Strike_W"]},{"damage_healed":0,"gold_gain":0,"player_choice":"Ignored","damage_taken":0,"max_hp_gain":0,"max_hp_loss":0,"event_name":"Vampires","floor":21,"gold_loss":0},{"damage_healed":0,"gold_gain":0,"player_choice":"Paid","damage_taken":0,"relics_obtained":["Red Mask"],"max_hp_gain":0,"max_hp_loss":0,"event_name":"Tomb of Lord Red Mask","floor":38,"gold_loss":38},{"damage_healed":0,"gold_gain":0,"player_choice":"Ignored","damage_taken":0,"max_hp_gain":0,"max_hp_loss":0,"event_name":"Mysterious Sphere","floor":39,"gold_loss":0},{"damage_healed":0,"gold_gain":0,"player_choice":"Memory 1","damage_taken":0,"max_hp_gain":0,"max_hp_loss":0,"event_name":"SensoryStone","floor":42,"gold_loss":0}],"is_beta":false,"boss_relics":[{"not_picked":["Pandora\u0027s Box","Ectoplasm"],"picked":"SlaversCollar"},{"not_picked":["Runic Pyramid","Runic Dome"],"picked":"Black Star"}],"items_purged_floors":[],"is_endless":false,"potions_floor_spawned":[2,4,7,8,11,16,18,23,25,31,36],"killed_by":"3 Darklings","ascension_level":0}}