{"host":"92108ef2q9tm8rod","time":1610692912,"event":{"mods":["BaseMod","Defuse TimeMaze Blight","Minty Spire (QoL Compilation)","StSLib","The Jungle"],"gold_per_floor":[117,136,153,169,94,94,108,140,163,163,163,173,198,213,213,312,312,331,341,4,20,31,64,64,64,146,162,162,162,197,212,212,310,310,324,338,349,78,91,91,91,122,122,122,166,166,16,41,41,41],"floor_reached":51,"language":"ENG","playtime":3522,"items_purged":["Strike_G","Defend_G","Defend_G","Defend_G"],"score":1011,"play_id":"5902ade8-8e8f-45a9-a0b3-d9bd57154ac0","local_time":"20210115064152","daily_mods":["Vintage","ControlledChaos","Colorless Cards","Heirloom","Flight"],"is_ascension_mode":false,"campfire_choices":[{"data":"Neutralize","floor":6.0,"key":"SMITH"},{"floor":10.0,"key":"REST"},{"data":"Survivor","floor":11.0,"key":"SMITH"},{"data":"Strike_G","floor":15.0,"key":"SMITH"},{"floor":24.0,"key":"REST"},{"data":"Strike_G","floor":25.0,"key":"SMITH"},{"data":"Defend_G","floor":28.0,"key":"SMITH"},{"floor":29.0,"key":"REST"},{"floor":32.0,"key":"REST"},{"floor":40.0,"key":"REST"},{"floor":41.0,"key":"REST"},{"data":"Defend_G","floor":44,"key":"SMITH"},{"floor":46,"key":"REST"},{"floor":49,"key":"REST"}],"circlet_count":0,"master_deck":["Strike_G+1","Strike_G+1","Strike_G+1","Strike_G+1","Defend_G+1","Defend_G+1","Survivor+1","Neutralize+1","Backstab+1"],"relics":["Ring of the Serpent","Frozen Eye","Dead Branch","Anchor","Blood Vial","Dream Catcher","PreservedInsect","Pantograph","InkBottle","Tiny Chest","Blue Candle","Tough Bandages","Art of War","SacredBark","Sundial","MawBank","Pear","Toxic Egg 2","Ice Cream","Ancient Tea Set","Frozen Egg 2","HornCleat","Whetstone","Matryoshka","Tingsha","Du-Vu Doll","Omamori","TwistedFunnel","Happy Flower","Darkstone Periapt","Strawberry","StrikeDummy","Shuriken","Molten Egg 2"],"acts_visited":["Exordium","Exordium","TheBeyond"],"potions_floor_usage":[42,50,50],"damage_taken":[{"damage":9.0,"enemies":"Cultist","floor":1.0,"turns":4.0},{"damage":4.0,"enemies":"Jaw Worm","floor":2.0,"turns":5.0},{"damage":0.0,"enemies":"2 Louse","floor":3.0,"turns":3.0},{"damage":10.0,"enemies":"Exordium Thugs","floor":4.0,"turns":5.0},{"damage":5.0,"enemies":"Lots of Slimes","floor":7.0,"turns":6.0},{"damage":7.0,"enemies":"3 Sentries","floor":8.0,"turns":6.0},{"damage":0.0,"enemies":"Large Slime","floor":12.0,"turns":4.0},{"damage":2.0,"enemies":"Lagavulin","floor":13.0,"turns":7.0},{"damage":0.0,"enemies":"2 Fungi Beasts","floor":14.0,"turns":4.0},{"damage":10.0,"enemies":"The Guardian","floor":16.0,"turns":8.0},{"damage":0.0,"enemies":"Shell Parasite","floor":18.0,"turns":5.0},{"damage":7.0,"enemies":"theJungle:MUSHROOMGANG","floor":19.0,"turns":5.0},{"damage":14.0,"enemies":"theJungle:Lyon","floor":21.0,"turns":5.0},{"damage":3.0,"enemies":"theJungle:JungleHuntersEncounter","floor":22.0,"turns":4.0},{"damage":18.0,"enemies":"theJungle:2_Phrogs","floor":23.0,"turns":5.0},{"damage":12.0,"enemies":"Snake Plant","floor":27.0,"turns":5.0},{"damage":13.0,"enemies":"theJungle:MamaSnecko","floor":30.0,"turns":5.0},{"damage":18.0,"enemies":"theJungle:Lyon","floor":31.0,"turns":5.0},{"damage":15.0,"enemies":"theJungle:FunGuy","floor":33.0,"turns":9.0},{"damage":4.0,"enemies":"3 Shapes","floor":35.0,"turns":5.0},{"damage":19.0,"enemies":"3 Darklings","floor":36.0,"turns":4.0},{"damage":39.0,"enemies":"Transient","floor":37.0,"turns":5.0},{"damage":1.0,"enemies":"4 Shapes","floor":39.0,"turns":5.0},{"damage":12,"enemies":"Reptomancer","floor":42,"turns":4},{"damage":0,"enemies":"Maw","floor":45,"turns":5},{"damage":40,"enemies":"Nemesis","floor":48,"turns":5},{"damage":9,"enemies":"Donu and Deca","floor":50,"turns":5}],"seed_played":"8946298882741703911","potions_obtained":[{"floor":1.0,"key":"Poison Potion"},{"floor":3.0,"key":"Dexterity Potion"},{"floor":12.0,"key":"Explosive Potion"},{"floor":18.0,"key":"Weak Potion"},{"floor":19.0,"key":"Explosive Potion"},{"floor":23.0,"key":"SpeedPotion"},{"floor":31.0,"key":"ColorlessPotion"},{"floor":36.0,"key":"SkillPotion"},{"floor":45,"key":"LiquidBronze"}],"is_trial":true,"path_per_floor":["M","M","M","M","$","R","M","E","T","R","R","M","E","M","R","B",null,"M","M","$","M","M","E","R","R","T","M","R","R","E","M","R","B",null,"M","M","M","$","M","R","R","E","T","R","M","R","$","E","R","B",null],"character_chosen":"THE_SILENT","items_purchased":["Pear","TwistedFunnel"],"campfire_rested":8,"item_purchase_floors":[20,38],"current_hp_per_floor":[61,57,59,51,51,51,48,43,43,64,64,66,66,68,68,60,70,70,63,73,61,60,44,68,68,68,58,58,80,67,51,75,65,80,76,59,22,22,23,47,71,61,68,68,70,87,87,47,73,78],"gold":41,"neow_bonus":"","is_daily":false,"chose_seed":false,"campfire_upgraded":6,"win_rate":0.0,"timestamp":1610692912,"path_taken":["M","M","M","M","?","R","M","E","T","R","R","M","E","M","R","BOSS","M","M","$","M","M","E","R","R","T","M","R","R","E","M","R","BOSS","M","M","M","$","M","R","R","E","T","R","M","R","$","E","R","BOSS"],"items_purchased_type":["Relic","Relic"],"build_version":"2020-12-22","purchased_purges":4,"victory":true,"max_hp_per_floor":[70,70,70,70,70,70,70,70,70,70,70,70,70,70,70,70,70,70,70,80,80,80,80,80,80,80,80,80,80,80,80,80,80,80,80,80,80,80,80,80,80,80,87,87,87,87,87,87,87,87],"card_choices":[{"not_picked":["Poisoned Stab","Prepared","Deflect"],"picked":"SKIP","floor":8.0},{"not_picked":["Escape Plan","Blind","Forethought"],"picked":"SKIP","floor":13.0},{"not_picked":["Quick Slash","Calculated Gamble+1","PiercingWail+1"],"picked":"SKIP","floor":23.0},{"not_picked":["Enlightenment+1","Grand Finale","Forethought+1"],"picked":"SKIP","floor":30.0},{"not_picked":["Underhanded Strike","Flying Knee+1","Predator+1"],"picked":"SKIP","floor":42},{"not_picked":["Dodge and Roll+1","Mind Blast+1"],"picked":"Backstab+1","floor":46},{"not_picked":["Poisoned Stab+1","Deadly Poison+1","Dagger Throw+1"],"picked":"SKIP","floor":48}],"player_experience":3282893,"relics_obtained":[{"floor":1.0,"key":"Anchor"},{"floor":2.0,"key":"Blood Vial"},{"floor":3.0,"key":"Dream Catcher"},{"floor":4.0,"key":"PreservedInsect"},{"floor":7.0,"key":"Pantograph"},{"floor":8.0,"key":"InkBottle"},{"floor":9.0,"key":"Tiny Chest"},{"floor":12.0,"key":"Blue Candle"},{"floor":13.0,"key":"Tough Bandages"},{"floor":14.0,"key":"Art of War"},{"floor":18.0,"key":"Sundial"},{"floor":19.0,"key":"MawBank"},{"floor":21.0,"key":"Toxic Egg 2"},{"floor":22.0,"key":"Ice Cream"},{"floor":23.0,"key":"Ancient Tea Set"},{"floor":26.0,"key":"Frozen Egg 2"},{"floor":27.0,"key":"HornCleat"},{"floor":30.0,"key":"Whetstone"},{"floor":31.0,"key":"Matryoshka"},{"floor":35.0,"key":"Tingsha"},{"floor":36.0,"key":"Du-Vu Doll"},{"floor":37.0,"key":"Omamori"},{"floor":39.0,"key":"Happy Flower"},{"floor":42,"key":"Darkstone Periapt"},{"floor":43,"key":"Strawberry"},{"floor":43,"key":"StrikeDummy"},{"floor":45,"key":"Shuriken"},{"floor":48,"key":"Molten Egg 2"}],"event_choices":[],"is_beta":false,"boss_relics":[{"not_picked":["HoveringKite","Runic Pyramid"],"picked":"SacredBark"},{"not_picked":["Cursed Key","Velvet Choker"],"picked":"Ring of the Serpent"}],"items_purged_floors":[5,20,38,47],"is_endless":false,"potions_floor_spawned":[1,3,12,18,19,23,31,33,35,36,45],"ascension_level":0}}