{"host":"u94b8se4p65mmtuf","time":1610749769,"event":{"mods":["BaseMod","Downfall","Hubris","Infinite Spire","Jorbs\u0027s Wanderer Trilogy","Minty Spire (QoL Compilation)","Replay The Spire","StSLib","SuperFastMode","The Animator","The Jungle"],"gold_per_floor":[10,10,10,10,10,10,10,24,71,100,100,125,125,154,154,256,256,272,272,251,251,251,251,251],"floor_reached":23,"language":"ENG","playtime":888,"items_purged":[],"score":179,"play_id":"914f6ad2-1caa-4fef-9a78-ad70ac1c1d8b","local_time":"20210115172929","is_ascension_mode":false,"campfire_choices":[{"data":"animator:HighElfArcher","floor":6,"key":"SMITH"},{"data":"animator:LizardPriest","floor":11,"key":"SMITH"},{"data":"animator:DwarfShaman","floor":13,"key":"SMITH"}],"circlet_count":0,"master_deck":["animator:Strike_GoblinSlayer","animator:Defend_GoblinSlayer","animator:Strike","animator:Strike","animator:Defend","animator:Defend","animator:Defend","animator:LizardPriest+1","animator:DwarfShaman+1","Regret","animator:HighElfArcher+1","animator:GuildGirl","animator:Boros","animator:Vesta","animator:HighElfArcher"],"relics":["animator:LivingPicture","animator:TheMissingPiece","Incense Burner","ReplayTheSpireMod:TigerMarble","hubris:Towel","ReplayTheSpireMod:Lightbulb","Busted Crown","FaceOfCleric"],"acts_visited":["Exordium","TheCity"],"potions_floor_usage":[12,16],"damage_taken":[{"damage":5,"enemies":"Small Slimes","floor":1,"turns":5},{"damage":0,"enemies":"2 Louse","floor":8,"turns":2},{"damage":1,"enemies":"Cultist","floor":10,"turns":4},{"damage":27,"enemies":"Exordium Thugs","floor":12,"turns":5},{"damage":4,"enemies":"Gremlin Gang","floor":14,"turns":5},{"damage":21,"enemies":"Hexaghost","floor":16,"turns":9},{"damage":0,"enemies":"Spheric Guardian","floor":18,"turns":1},{"damage":39,"enemies":"2 Thieves","floor":20,"turns":5},{"damage":30,"enemies":"Snake Plant","floor":23,"turns":3}],"seed_played":"6007112108789183310","potions_obtained":[{"floor":10,"key":"animator:GrowthPotion"},{"floor":12,"key":"PowerPotion"}],"is_trial":false,"path_per_floor":["M","?","?","?","$","R","?","M","T","M","R","M","R","M","R","B",null,"M","?","M","PTL","PTL","M"],"character_chosen":"THE_ANIMATOR","items_purchased":[],"campfire_rested":0,"item_purchase_floors":[],"current_hp_per_floor":[61,61,61,61,61,61,61,61,61,60,60,33,33,29,29,14,66,66,66,28,28,28,0,0],"gold":251,"neow_bonus":"ONE_RARE_RELIC","is_daily":false,"chose_seed":false,"campfire_upgraded":3,"win_rate":0.0,"timestamp":1610749769,"path_taken":["M","?","?","?","$","R","?","?","T","M","R","M","R","M","R","BOSS","M","?","M","PTL","PTL","M"],"items_purchased_type":[],"build_version":"2020-12-22","purchased_purges":0,"victory":false,"max_hp_per_floor":[66,66,66,66,66,66,66,66,66,66,66,66,66,66,66,66,66,66,66,67,67,67,67,67],"card_choices":[{"not_picked":["animator:Guy","animator:YaoHaDucy","animator:Azekura"],"picked":"SKIP","floor":1},{"not_picked":["animator:TsurugaMeisai","animator:Kuribayashi","animator:LeleiLaLalena"],"picked":"SKIP","floor":8},{"not_picked":["animator:Viivi","animator:CowGirl"],"picked":"animator:GuildGirl","floor":10},{"not_picked":["animator:LeleiLaLalena","animator:MetalKnight","animator:Kazuma"],"picked":"SKIP","floor":12},{"not_picked":["animator:Shion","animator:Viivi"],"picked":"animator:Boros","floor":14},{"not_picked":["animator:Verdia"],"picked":"SKIP","floor":18},{"not_picked":[],"picked":"animator:HighElfArcher","floor":20}],"player_experience":106239,"relics_obtained":[{"floor":9,"key":"ReplayTheSpireMod:Lightbulb"}],"event_choices":[{"damage_healed":0,"gold_gain":0,"player_choice":"Box","damage_taken":0,"relics_obtained":["ReplayTheSpireMod:TigerMarble"],"max_hp_gain":0,"max_hp_loss":0,"event_name":"Big Fish","floor":2,"gold_loss":0,"cards_obtained":["Regret"]},{"damage_healed":0,"gold_gain":0,"player_choice":"Ignored","damage_taken":0,"max_hp_gain":0,"max_hp_loss":0,"event_name":"WeMeetAgain","floor":7,"gold_loss":0},{"damage_healed":0,"gold_gain":0,"player_choice":"Trade","damage_taken":0,"relics_obtained":["FaceOfCleric"],"max_hp_gain":0,"max_hp_loss":0,"event_name":"FaceTrader","floor":19,"gold_loss":0}],"is_beta":false,"boss_relics":[{"not_picked":["hubris:GrandSneckoEye","Velvet Choker"],"picked":"Busted Crown"}],"items_purged_floors":[],"is_endless":false,"potions_floor_spawned":[10,12],"killed_by":"Snake Plant","ascension_level":0}}