{"host":"dftyqn972q7tuon4","time":1610668826,"event":{"mods":["AchievementEnabler","BaseMod","Better Altar","Better Match","Better Note","Better Sensory Stone","Better Skull","Better Third Choice","Colored Powertips","Highlight Path","Minty Spire (QoL Compilation)","Permanent Neow","Quick Restart","StSLib"],"gold_per_floor":[39,39,74,105,30,30,87,87,87,87,156,156,193,193,193,296,296,366,366,412,451,451,451,451],"floor_reached":23,"language":"ENG","playtime":931,"items_purged":["Defend_B"],"score":271,"play_id":"0b44ce32-e9aa-44ee-8b4b-7c99c292f2b9","local_time":"20210115010026","is_ascension_mode":true,"campfire_choices":[{"data":"HandOfGreed","floor":6,"key":"SMITH"},{"data":"Darkness","floor":8,"key":"SMITH"},{"data":"Zap","floor":10,"key":"SMITH"},{"data":"Dualcast","floor":15,"key":"SMITH"}],"circlet_count":0,"master_deck":["Strike_B","Defend_B","Defend_B","Defend_B","Zap+1","Dualcast+1","HandOfGreed+1","Darkness+1","Machine Learning","Cold Snap","Conserve Battery","BootSequence","Thunder Strike+1","Amplify","Conserve Battery"],"relics":["Cracked Core","Molten Egg 2","Tiny Chest","Singing Bowl","Philosopher\u0027s Stone","Strawberry","Nloth\u0027s Gift"],"acts_visited":["Exordium","TheCity"],"potions_floor_usage":[7,18,18,23,23],"damage_taken":[{"damage":0,"enemies":"2 Louse","floor":1,"turns":2},{"damage":1,"enemies":"Cultist","floor":3,"turns":3},{"damage":7,"enemies":"Jaw Worm","floor":4,"turns":2},{"damage":8,"enemies":"Gremlin Nob","floor":7,"turns":3},{"damage":7,"enemies":"2 Fungi Beasts","floor":13,"turns":4},{"damage":13,"enemies":"The Guardian","floor":16,"turns":10},{"damage":16,"enemies":"3 Byrds","floor":18,"turns":4},{"damage":19,"enemies":"Spheric Guardian","floor":21,"turns":4},{"damage":38,"enemies":"Gremlin Leader","floor":23,"turns":3}],"seed_played":"2491752212517562120","potions_obtained":[{"floor":3,"key":"AttackPotion"},{"floor":4,"key":"Fire Potion"},{"floor":7,"key":"Weak Potion"},{"floor":18,"key":"EssenceOfSteel"},{"floor":21,"key":"Strength Potion"}],"is_trial":false,"path_per_floor":["M","?","M","M","$","R","E","R","T","R","T","?","M","?","R","B",null,"M","T","T","M","?","E"],"character_chosen":"DEFECT","items_purchased":[],"campfire_rested":0,"item_purchase_floors":[],"current_hp_per_floor":[68,68,67,60,60,60,52,52,52,52,52,52,45,45,45,32,64,50,50,57,38,38,0,0],"gold":451,"neow_bonus":"RANDOM_COLORLESS_2","is_daily":false,"chose_seed":false,"campfire_upgraded":4,"win_rate":0.0,"timestamp":1610668826,"path_taken":["M","?","?","M","?","R","E","R","T","R","?","?","M","?","R","BOSS","M","?","?","?","?","E"],"items_purchased_type":[],"build_version":"2020-12-22","purchased_purges":1,"victory":false,"max_hp_per_floor":[75,75,75,75,75,75,75,75,75,75,75,75,75,75,75,75,75,77,77,84,84,84,84,84],"card_choices":[{"not_picked":["Transmutation","Magnetism"],"picked":"HandOfGreed","floor":0},{"not_picked":["Ball Lightning","Sweeping Beam"],"picked":"Darkness","floor":1},{"not_picked":["Ball Lightning","Scrape"],"picked":"Cold Snap","floor":3},{"not_picked":["Coolheaded","Sweeping Beam"],"picked":"Conserve Battery","floor":4},{"not_picked":["Leap","Tempest"],"picked":"BootSequence","floor":7},{"not_picked":["Gash+1","Rebound+1"],"picked":"Thunder Strike+1","floor":13},{"not_picked":["All For One+1","Hyperbeam+1"],"picked":"Amplify","floor":16},{"not_picked":["Sweeping Beam+1","Ball Lightning+1","Gash+1"],"picked":"Singing Bowl","floor":18},{"not_picked":["Gash+1","Recycle"],"picked":"Conserve Battery","floor":21}],"player_experience":645958,"relics_obtained":[{"floor":7,"key":"Molten Egg 2"},{"floor":9,"key":"Tiny Chest"},{"floor":11,"key":"Singing Bowl"},{"floor":19,"key":"Girya"},{"floor":20,"key":"Strawberry"}],"event_choices":[{"damage_healed":0,"gold_gain":0,"cards_transformed":["Strike_B"],"player_choice":"Transformed","damage_taken":0,"max_hp_gain":0,"max_hp_loss":0,"event_name":"Transmorgrifier","floor":2,"gold_loss":0,"cards_obtained":["Machine Learning"]},{"cards_removed":["Strike_B"],"damage_healed":0,"gold_gain":0,"player_choice":"Forget","damage_taken":0,"max_hp_gain":0,"max_hp_loss":0,"event_name":"Living Wall","floor":12,"gold_loss":0},{"cards_removed":["Strike_B"],"damage_healed":0,"gold_gain":0,"player_choice":"Purged","damage_taken":0,"max_hp_gain":0,"max_hp_loss":0,"event_name":"Purifier","floor":14,"gold_loss":0},{"damage_healed":0,"gold_gain":0,"player_choice":"Traded Relic","damage_taken":0,"relics_obtained":["Nloth\u0027s Gift"],"max_hp_gain":0,"max_hp_loss":0,"event_name":"N\u0027loth","floor":22,"relics_lost":["Girya"],"gold_loss":0}],"is_beta":false,"boss_relics":[{"not_picked":["Runic Pyramid","Astrolabe"],"picked":"Philosopher\u0027s Stone"}],"items_purged_floors":[5],"is_endless":false,"potions_floor_spawned":[3,4,7,18,21],"killed_by":"Gremlin Leader","ascension_level":9}}