{"host":"5rw0nun05olx0r44","time":1610704320,"event":{"mods":["AchievementEnabler","BaseMod","Colored Map","Colored Powertips","Downfall","Highlight Path","Minty Spire (QoL Compilation)","Permanent Neow","Quick Restart","Shop Mod","StSLib"],"gold_per_floor":[109,124,139,155,165,165,177,7,30,46,46,79,90,4,4,108,108,123,123,0,0,19,19,35,49,49,49,49,49,49],"floor_reached":29,"language":"ENG","playtime":1999,"items_purged":["Strike_B"],"score":267,"play_id":"f4f9b34b-35ad-4a39-805b-b7bb01c2d81f","local_time":"20210115035200","is_ascension_mode":true,"campfire_choices":[{"data":"Zap","floor":6,"key":"SMITH"},{"floor":15,"key":"REST"},{"data":"Echo Form","floor":23,"key":"SMITH"},{"floor":27,"key":"REST"}],"circlet_count":0,"master_deck":["Defend_B","Defend_B","Defend_B","Defend_B","Zap+1","Dualcast","Cold Snap","Barrage","Loop","Sweeping Beam","Redo","Leap","Lockon","Ball Lightning","Leap","Coolheaded","Echo Form+1","Ball Lightning","Darkness","Force Field","Genetic Algorithm","Compile Driver"],"relics":["Cracked Core","Membership Card","Art of War","Mummified Hand","Nuclear Battery","Gremlin Horn"],"acts_visited":["TheCity"],"potions_floor_usage":[12,12,16,18,18,24,28],"damage_taken":[{"damage":0,"enemies":"Cultist","floor":1,"turns":3},{"damage":0,"enemies":"Small Slimes","floor":2,"turns":3},{"damage":0,"enemies":"Jaw Worm","floor":3,"turns":3},{"damage":12,"enemies":"3 Louse","floor":4,"turns":3},{"damage":7,"enemies":"2 Fungi Beasts","floor":5,"turns":4},{"damage":11,"enemies":"Exordium Wildlife","floor":7,"turns":5},{"damage":8,"enemies":"Gremlin Gang","floor":10,"turns":5},{"damage":0,"enemies":"Gremlin Nob","floor":12,"turns":2},{"damage":0,"enemies":"Large Slime","floor":13,"turns":4},{"damage":4,"enemies":"Slime Boss","floor":16,"turns":9},{"damage":10,"enemies":"Shell Parasite","floor":18,"turns":2},{"damage":13,"enemies":"2 Thieves","floor":22,"turns":4},{"damage":6,"enemies":"Snake Plant","floor":24,"turns":3},{"damage":33,"enemies":"Shelled Parasite and Fungi","floor":25,"turns":6},{"damage":11,"enemies":"Colosseum Slavers","floor":28,"turns":6},{"damage":29,"enemies":"Book of Stabbing","floor":29,"turns":5}],"seed_played":"-6725134108704310776","potions_obtained":[{"floor":1,"key":"PowerPotion"},{"floor":5,"key":"ColorlessPotion"},{"floor":12,"key":"ColorlessPotion"},{"floor":13,"key":"champ:CounterPotion"},{"floor":16,"key":"champ:CounterPotion"},{"floor":25,"key":"SkillPotion"}],"is_trial":false,"path_per_floor":["M","M","M","M","M","R","M","$","T","M","?","E","M","$","R","B",null,"M","?","?","?","M","R","M","M","T","R","?","E"],"character_chosen":"DEFECT","items_purchased":["Membership Card","Energy Potion","Leap","Coolheaded"],"campfire_rested":2,"item_purchase_floors":[8,8,14,14],"current_hp_per_floor":[75,75,75,63,56,56,45,45,45,37,37,37,37,37,59,55,75,65,65,65,65,52,52,46,13,13,35,24,0,0],"gold":49,"neow_bonus":"REMOVE_CARD","is_daily":false,"chose_seed":false,"campfire_upgraded":2,"win_rate":0.0,"timestamp":1610704320,"path_taken":["M","M","M","M","?","R","M","$","T","M","?","E","M","?","R","BOSS","M","?","?","?","M","R","M","M","T","R","?","E"],"items_purchased_type":["Relic","Potion","Card","Card"],"build_version":"2020-12-22","purchased_purges":1,"victory":false,"max_hp_per_floor":[75,75,75,75,75,75,75,75,75,75,75,75,75,75,75,75,75,75,75,75,75,75,75,75,75,75,75,75,75,75],"card_choices":[{"not_picked":["Darkness","Turbo"],"picked":"Cold Snap","floor":1},{"not_picked":["Reprogram","Recycle","Stack"],"picked":"SKIP","floor":2},{"not_picked":["Blizzard","Go for the Eyes"],"picked":"Barrage","floor":3},{"not_picked":["Compile Driver","Leap"],"picked":"Loop","floor":4},{"not_picked":["Beam Cell","Conserve Battery"],"picked":"Sweeping Beam","floor":5},{"not_picked":["Ball Lightning","BootSequence"],"picked":"Redo","floor":7},{"not_picked":["Chill","Reboot"],"picked":"Leap","floor":10},{"not_picked":["Chill","All For One"],"picked":"Lockon","floor":12},{"not_picked":["Streamline","Chaos"],"picked":"Ball Lightning","floor":13},{"not_picked":["Amplify","Creative AI"],"picked":"Echo Form","floor":16},{"not_picked":["Stack","Gash"],"picked":"Ball Lightning","floor":18},{"not_picked":["Beam Cell","Storm","Reinforced Body"],"picked":"SKIP","floor":22},{"not_picked":["Redo+1","Turbo"],"picked":"Genetic Algorithm","floor":24},{"not_picked":["Chill","Hologram"],"picked":"Compile Driver","floor":25}],"player_experience":109604,"relics_obtained":[{"floor":9,"key":"Art of War"},{"floor":12,"key":"Mummified Hand"},{"floor":26,"key":"Gremlin Horn"}],"event_choices":[{"damage_healed":0,"gold_gain":0,"player_choice":"Ignored","damage_taken":0,"max_hp_gain":0,"max_hp_loss":0,"event_name":"Liars Game","floor":11,"gold_loss":0},{"damage_healed":0,"gold_gain":0,"player_choice":"Ignored","damage_taken":0,"max_hp_gain":0,"max_hp_loss":0,"event_name":"Vampires","floor":19,"gold_loss":0},{"damage_healed":0,"gold_gain":0,"player_choice":"Paid Fearfully","damage_taken":0,"max_hp_gain":0,"max_hp_loss":0,"event_name":"Masked Bandits","floor":20,"gold_loss":123},{"damage_healed":0,"gold_gain":0,"cards_transformed":["Strike_B","Strike_B"],"player_choice":"Became Test Subject","damage_taken":0,"max_hp_gain":0,"max_hp_loss":0,"event_name":"Drug Dealer","floor":21,"gold_loss":0,"cards_obtained":["Darkness","Force Field"]},{"damage_healed":0,"gold_gain":0,"player_choice":"Fight","damage_taken":0,"max_hp_gain":0,"max_hp_loss":0,"event_name":"Colosseum","floor":28,"gold_loss":0},{"damage_healed":0,"gold_gain":0,"player_choice":"Fled From Nobs","damage_taken":0,"max_hp_gain":0,"max_hp_loss":0,"event_name":"Colosseum","floor":28,"gold_loss":0}],"is_beta":false,"boss_relics":[{"not_picked":["Snecko Eye","Astrolabe"],"picked":"Nuclear Battery"}],"items_purged_floors":[14],"is_endless":false,"potions_floor_spawned":[1,5,12,13,16,25,28],"killed_by":"Book of Stabbing","ascension_level":1}}