{"host":"h1qktzcccqnez8tx","time":1610750536,"event":{"mods":["BaseMod","Block Reminder","Colored Map","Colored Powertips","Curses Come First","Downfall","Highlight Path","Jorbs\u0027s Wanderer Trilogy","Minty Spire (QoL Compilation)","Permanent Neow","Quick Restart","Relic Stats","Replay The Spire","Say the Spire","StSLib","The Cursed","The Disciple","The Hierophant","The Necromancer","The Servant 0.9.4"],"gold_per_floor":[109,122,141,155,219,254,10,23,49,49,49,69,69,89,89,188,188,200,22,42,58,74,106,66,111,111,111,151,151,189,223,223,344,344,381,415,22,61,61,61,92,92,92,92,92,15,15,44,44,60],"floor_reached":51,"language":"ENG","playtime":2766,"items_purged":["Clumsy"],"score":793,"play_id":"68aec6fb-4987-431f-b408-1ff86f9b084a","local_time":"20210115234216","is_ascension_mode":false,"campfire_choices":[{"data":"Neutralize","floor":10,"key":"SMITH"},{"data":"Noxious Fumes","floor":13,"key":"SMITH"},{"data":"Endless Agony","floor":15,"key":"SMITH"},{"floor":29,"key":"REST"},{"floor":32,"key":"REST"},{"floor":40,"key":"REST"},{"floor":45,"key":"REST"},{"floor":49,"key":"REST"}],"circlet_count":0,"master_deck":["Defend_G","Defend_G","Defend_G","Defend_G","Defend_G","Survivor","Neutralize+1","CurseOfTheBell","Endless Agony+1","Backflip","Dash","Flying Knee+1","Noxious Fumes+1","PiercingWail","Footwork","Flying Knee","ReplayTheSpireMod:Speed Training","Corpse Explosion","Toxin Wave","Catalyst+1","Footwork","Prepared+1","Bane","Bouncing Flask","Bane+1","Bite","Bite","Bite","Bite","Bite","Crippling Poison+1","Poisoned Stab+1","Outmaneuver+1","Outmaneuver","stsjorbsmod:Procrastination","ReplayTheSpireMod:Faulty Equipment","Backflip+1","Footwork+1","Catalyst","Dash+1","ReplayTheSpireMod:Speed Training","Terror"],"relics":["Calling Bell","FossilizedHelix","Replay:Ringing Soul","Anchor","Pen Nib","ReplayFunnel","Lantern","Replay:Grab Bag","Runic Dome","Fusion Hammer","Black Star","Replay:Bandana","Dream Catcher","ReplayTheSpireMod:TigerMarble","Replay:Rubber Ducky","Ninja Scroll","Replay:Ancient Bell","Replay:Wax Seal","Molten Egg 2","Ice Cream","Paper Crane","Quantum Egg"],"acts_visited":["Exordium","TheCity","TheBeyond"],"potions_floor_usage":[16,16,16,25,50,50,50],"damage_taken":[{"damage":0,"enemies":"Small Slimes","floor":1,"turns":4},{"damage":0,"enemies":"Jaw Worm","floor":2,"turns":5},{"damage":0,"enemies":"Cultist","floor":3,"turns":4},{"damage":0,"enemies":"Exordium Wildlife","floor":4,"turns":6},{"damage":21,"enemies":"Lagavulin","floor":6,"turns":9},{"damage":0,"enemies":"Large Slime","floor":8,"turns":7},{"damage":0,"enemies":"Exordium Thugs","floor":12,"turns":5},{"damage":0,"enemies":"3 Louse","floor":14,"turns":3},{"damage":4,"enemies":"Fading Forest","floor":16,"turns":11},{"damage":0,"enemies":"2 Thieves","floor":18,"turns":4},{"damage":0,"enemies":"Shell Parasite","floor":20,"turns":5},{"damage":17,"enemies":"Snake Plant","floor":21,"turns":6},{"damage":21,"enemies":"Sentry and Sphere","floor":22,"turns":7},{"damage":18,"enemies":"Book of Stabbing","floor":23,"turns":8},{"damage":53,"enemies":"Gremlin Leader","floor":25,"turns":7},{"damage":0,"enemies":"Snecko","floor":28,"turns":4},{"damage":0,"enemies":"Centurion and Healer","floor":30,"turns":4},{"damage":0,"enemies":"Shelled Parasite and Fungi","floor":31,"turns":7},{"damage":67,"enemies":"Collector","floor":33,"turns":8},{"damage":0,"enemies":"Orb Walker","floor":35,"turns":3},{"damage":0,"enemies":"3 Shapes","floor":36,"turns":6},{"damage":10,"enemies":"Writhing Mass","floor":38,"turns":6},{"damage":10,"enemies":"3 Darklings","floor":41,"turns":6},{"damage":6,"enemies":"Jaw Worm Horde","floor":48,"turns":4},{"damage":67,"enemies":"Awakened One","floor":50,"turns":12}],"seed_played":"3798059061658231910","potions_obtained":[{"floor":3,"key":"SkillPotion"},{"floor":4,"key":"Fire Potion"},{"floor":6,"key":"PowerPotion"},{"floor":12,"key":"PowerPotion"},{"floor":21,"key":"Strength Potion"},{"floor":25,"key":"CultistPotion"},{"floor":38,"key":"Dexterity Potion"}],"is_trial":false,"path_per_floor":["M","M","M","M","?","E","$","M","T","R","?","M","R","M","R","B",null,"M","$","M","M","M","E","$","E","T","?","M","R","M","M","R","B",null,"M","M","$","M","$","R","M","?","T","$","R","$","$","M","R","B",null],"character_chosen":"THE_SILENT","items_purchased":["PiercingWail","Footwork","ReplayFunnel","Catalyst","Fire Potion","Poison Potion","Bouncing Flask","Paper Crane","Catalyst","ReplayTheSpireMod:Speed Training"],"campfire_rested":5,"item_purchase_floors":[7,7,7,19,19,19,24,37,37,46],"current_hp_per_floor":[73,76,79,82,82,64,67,70,70,70,70,70,70,73,73,72,97,100,103,103,89,71,56,59,9,9,12,23,52,60,77,97,40,100,103,106,109,104,104,112,106,106,106,106,112,115,115,112,118,61],"gold":60,"neow_bonus":"BOSS_RELIC","is_daily":false,"chose_seed":false,"campfire_upgraded":3,"win_rate":0.0,"timestamp":1610750536,"path_taken":["M","M","M","M","?","E","$","M","T","R","?","M","R","M","R","BOSS","M","$","M","M","M","E","$","E","T","?","M","R","M","M","R","BOSS","M","M","$","M","$","R","M","?","T","?","R","?","$","M","R","BOSS"],"items_purchased_type":["Card","Card","Relic","Card","Potion","Potion","Card","Relic","Card","Card"],"build_version":"2020-12-22","purchased_purges":1,"victory":true,"max_hp_per_floor":[73,76,79,82,82,85,88,91,91,91,91,91,91,94,94,97,97,100,103,103,106,109,112,115,118,118,85,88,91,91,94,97,97,100,103,106,109,112,112,112,112,112,112,112,112,115,115,118,118,118],"relic_stats":{"Dream Catcher":5,"counters":[25,151],"Pen Nib":[26],"Black Star":2,"obtain_stats":[{"ReplayFunnel":7,"Ice Cream":34,"Lantern":9,"Replay:Grab Bag":17,"Quantum Egg":43,"Pen Nib":6,"Replay:Ancient Bell":34,"Paper Crane":37,"Replay:Rubber Ducky":25,"Calling Bell":0,"Replay:Ringing Soul":0,"Runic Dome":17,"Anchor":0,"Replay:Bandana":23,"Dream Catcher":23,"Ninja Scroll":26,"Molten Egg 2":34,"Fusion Hammer":17,"Black Star":17,"ReplayTheSpireMod:TigerMarble":25,"Replay:Wax Seal":34,"FossilizedHelix":0,"Ring of the Snake":0},{"ReplayFunnel":5,"Ice Cream":19,"Lantern":6,"Replay:Grab Bag":9,"Quantum Egg":23,"Pen Nib":5,"Replay:Ancient Bell":19,"Paper Crane":21,"Replay:Rubber Ducky":15,"Calling Bell":0,"Replay:Ringing Soul":0,"Runic Dome":9,"Anchor":0,"Replay:Bandana":14,"Dream Catcher":14,"Ninja Scroll":15,"Molten Egg 2":19,"Fusion Hammer":9,"Black Star":9,"ReplayTheSpireMod:TigerMarble":15,"Replay:Wax Seal":19,"FossilizedHelix":0,"Ring of the Snake":0},{"ReplayFunnel":28,"Ice Cream":114,"Lantern":35,"Replay:Grab Bag":54,"Quantum Egg":135,"Pen Nib":28,"Replay:Ancient Bell":114,"Paper Crane":123,"Replay:Rubber Ducky":91,"Calling Bell":0,"Replay:Ringing Soul":0,"Runic Dome":54,"Anchor":0,"Replay:Bandana":84,"Dream Catcher":84,"Ninja Scroll":91,"Molten Egg 2":114,"Fusion Hammer":54,"Black Star":54,"ReplayTheSpireMod:TigerMarble":91,"Replay:Wax Seal":114,"FossilizedHelix":0,"Ring of the Snake":0}]},"card_choices":[{"not_picked":["Sucker Punch","Skewer"],"picked":"Endless Agony","floor":1},{"not_picked":["Dagger Spray","Quick Slash"],"picked":"Backflip","floor":2},{"not_picked":["Draining Mist","Slice"],"picked":"Dash","floor":3},{"not_picked":["Dodge and Roll","Hidden Blade"],"picked":"Flying Knee","floor":4},{"not_picked":["Deflect","Malaise"],"picked":"Noxious Fumes","floor":6},{"not_picked":["Outmaneuver","Deflect"],"picked":"Flying Knee","floor":8},{"not_picked":["Blade Dance","Backflip","Dagger Spray"],"picked":"SKIP","floor":12},{"not_picked":["Deadly Poison","ReplayTheSpireMod:Shiv Toss"],"picked":"ReplayTheSpireMod:Speed Training","floor":14},{"not_picked":["Envenom","Atom Bomb"],"picked":"Corpse Explosion","floor":16},{"not_picked":["Underhanded Strike","Endless Agony"],"picked":"Toxin Wave","floor":18},{"not_picked":["Outmaneuver+1","Dagger Spray","Sucker Punch"],"picked":"SKIP","floor":20},{"not_picked":["Escape Plan+1","Dagger Throw"],"picked":"Footwork","floor":21},{"not_picked":["Dagger Throw+1","Dagger Spray"],"picked":"Prepared+1","floor":22},{"not_picked":["Expertise","Underhanded Strike"],"picked":"Bane","floor":23},{"not_picked":["Riddle With Holes","Dagger Throw"],"picked":"Bane+1","floor":25},{"not_picked":["PiercingWail","Eviscerate"],"picked":"Crippling Poison+1","floor":28},{"not_picked":["Slice","Backflip"],"picked":"Poisoned Stab+1","floor":29},{"not_picked":["Venomology","ReplayTheSpireMod:Tripwire","Predator"],"picked":"SKIP","floor":30},{"not_picked":["Calculated Gamble","Expertise"],"picked":"Outmaneuver+1","floor":31},{"not_picked":["Heel Hook","Blade Dance"],"picked":"Outmaneuver","floor":32},{"not_picked":["Normality","ReplayTheSpireMod:Faulty Equipment"],"picked":"stsjorbsmod:Procrastination","floor":34},{"not_picked":["Regret","SwitchConfidence"],"picked":"ReplayTheSpireMod:Faulty Equipment","floor":34},{"not_picked":["ReplayTheSpireMod:Doomed","Looming Evil"],"picked":"Clumsy","floor":34},{"not_picked":["Dagger Spray+1","Sucker Punch+1"],"picked":"Backflip+1","floor":35},{"not_picked":["Backflip+1","Quick Slash+1"],"picked":"Footwork+1","floor":36},{"not_picked":["Dagger Throw+1","Endless Agony+1"],"picked":"Dash+1","floor":38},{"not_picked":["Eviscerate+1","Glass Knife+1","Prepared"],"picked":"SKIP","floor":41},{"not_picked":["Dodge and Roll","Endless Agony+1"],"picked":"Terror","floor":48}],"player_experience":92386,"relics_obtained":[{"floor":0,"key":"FossilizedHelix"},{"floor":0,"key":"Replay:Ringing Soul"},{"floor":0,"key":"Anchor"},{"floor":6,"key":"Pen Nib"},{"floor":9,"key":"Lantern"},{"floor":23,"key":"Replay:Bandana"},{"floor":23,"key":"Dream Catcher"},{"floor":25,"key":"ReplayTheSpireMod:TigerMarble"},{"floor":25,"key":"Replay:Rubber Ducky"},{"floor":26,"key":"Ninja Scroll"},{"floor":43,"key":"Quantum Egg"}],"event_choices":[{"damage_healed":0,"gold_gain":64,"player_choice":"Gained Gold","damage_taken":0,"max_hp_gain":0,"max_hp_loss":0,"event_name":"Golden Wing","floor":5,"gold_loss":0},{"damage_healed":0,"gold_gain":0,"player_choice":"Became a vampire","damage_taken":0,"max_hp_gain":0,"max_hp_loss":36,"event_name":"Vampires","floor":27,"gold_loss":0,"cards_obtained":["Bite","Bite","Bite","Bite","Bite"]},{"damage_healed":0,"gold_gain":0,"player_choice":"Upgraded","damage_taken":0,"max_hp_gain":0,"max_hp_loss":0,"event_name":"Upgrade Shrine","floor":42,"gold_loss":0,"cards_upgraded":["Catalyst"]}],"is_beta":false,"boss_relics":[{"not_picked":["Empty Cage","Replay:Bronze Core"],"picked":"Replay:Grab Bag"},{"not_picked":["ReplayTheSpireMod:Onyx Gauntlets","ReplayTheSpireMod:DimensionalGlitch"],"picked":"Runic Dome"},{"not_picked":["Abe\u0027s Treasure","Velvet Choker"],"picked":"Fusion Hammer"},{"not_picked":["SlaversCollar","Snecko Scales"],"picked":"Black Star"},{"not_picked":["Replay:Drink Me","Sozu"],"picked":"Replay:Ancient Bell"},{"not_picked":["Toy Ornithopter","Tiny Chest"],"picked":"Replay:Wax Seal"},{"not_picked":["Pantograph","Replay:Bottled Snecko"],"picked":"Molten Egg 2"},{"not_picked":["Replay:Kaleidoscope","Incense Burner"],"picked":"Ice Cream"}],"items_purged_floors":[37],"is_endless":false,"potions_floor_spawned":[3,4,6,12,21,23,25,38,48],"ascension_level":0}}