{"host":"36t3qd3wjvajtu1z","time":1610686618,"event":{"mods":["AchievementEnabler","BaseMod","Block Reminder","Colored Powertips","Minty Spire (QoL Compilation)","Permanent Neow","Quick Restart","Random Character Button","Rare Cards Sparkle","Relic Stats","Slay-I","StSLib"],"gold_per_floor":[114,128,27,37,48,77,77,93,167,195,145,145,172,447,447,542,542,559,474,474,493,507,507,130,163,163,181,280,19,19,52,52,148,148,160,39,57,75,75,103,103,131,176,176,195,195,208,220,220,220,220],"floor_reached":50,"language":"ENG","playtime":3606,"items_purged":["Regret","Regret","Strike_B"],"score":781,"play_id":"f976c762-18de-469e-9b46-2afbee367742","local_time":"20210114205658","is_ascension_mode":true,"campfire_choices":[{"floor":7,"key":"REST"},{"floor":15,"key":"REST"},{"floor":23,"key":"REST"},{"data":"Fission","floor":30,"key":"SMITH"},{"data":"Chrysalis","floor":32,"key":"SMITH"},{"floor":41,"key":"REST"},{"data":"Buffer","floor":44,"key":"SMITH"},{"data":"Coolheaded","floor":46,"key":"SMITH"},{"data":"Multi-Cast","floor":49,"key":"SMITH"}],"circlet_count":0,"master_deck":["Strike_B","Strike_B","Defend_B","Defend_B","Defend_B","Zap","Dualcast","Rebound","Ball Lightning","Ball Lightning","Hologram","Multi-Cast+1","Coolheaded+1","Glacier","Glacier","Conserve Battery","Fission+1","CurseOfTheBell","Capacitor+1","Buffer+1","Compile Driver+1","Hologram+1","Self Repair","Chrysalis+1","Leap+1","Core Surge+1","Loop","Thunder Strike+1","Static Discharge","Static Discharge","HandOfGreed+1","Lockon+1","Barrage+1","Consume+1","Capacitor+1","Leap"],"relics":["Cracked Core","Lizard Tail","Mummified Hand","Mercury Hourglass","Torii","Bag of Preparation","Calling Bell","Dream Catcher","Eternal Feather","StoneCalendar","Molten Egg 2","Regal Pillow","Ice Cream","Toy Ornithopter","Philosopher\u0027s Stone","Nunchaku","Ancient Tea Set","Juzu Bracelet"],"acts_visited":["Exordium","TheCity","TheBeyond"],"potions_floor_usage":[6,10,10,16,21,21,25,25,25,27,31,33,37,40,50,50],"damage_taken":[{"damage":3,"enemies":"Cultist","floor":1,"turns":3},{"damage":2,"enemies":"Small Slimes","floor":2,"turns":3},{"damage":0,"enemies":"2 Louse","floor":4,"turns":2},{"damage":10,"enemies":"2 Fungi Beasts","floor":5,"turns":3},{"damage":40,"enemies":"Lagavulin","floor":6,"turns":6},{"damage":3,"enemies":"Exordium Thugs","floor":8,"turns":4},{"damage":0,"enemies":"3 Sentries","floor":10,"turns":4},{"damage":31,"enemies":"Gremlin Nob","floor":13,"turns":4},{"damage":6,"enemies":"Slime Boss","floor":16,"turns":7},{"damage":15,"enemies":"Shell Parasite","floor":18,"turns":7},{"damage":6,"enemies":"2 Thieves","floor":21,"turns":4},{"damage":26,"enemies":"Snake Plant","floor":22,"turns":4},{"damage":13,"enemies":"Slavers","floor":25,"turns":3},{"damage":25,"enemies":"Cultist and Chosen","floor":27,"turns":7},{"damage":26,"enemies":"Book of Stabbing","floor":31,"turns":7},{"damage":82,"enemies":"Automaton","floor":33,"turns":13},{"damage":10,"enemies":"3 Shapes","floor":35,"turns":3},{"damage":16,"enemies":"3 Darklings","floor":37,"turns":4},{"damage":25,"enemies":"4 Shapes","floor":38,"turns":7},{"damage":30,"enemies":"Giant Head","floor":40,"turns":7},{"damage":15,"enemies":"Nemesis","floor":42,"turns":5},{"damage":9,"enemies":"Transient","floor":45,"turns":5},{"damage":25,"enemies":"3 Darklings","floor":47,"turns":5},{"damage":11,"enemies":"Maw","floor":48,"turns":7},{"damage":71,"enemies":"Time Eater","floor":50,"turns":10}],"seed_played":"3169905881457691978","potions_obtained":[{"floor":5,"key":"Regen Potion"},{"floor":6,"key":"BlessingOfTheForge"},{"floor":8,"key":"DuplicationPotion"},{"floor":13,"key":"BlessingOfTheForge"},{"floor":16,"key":"GamblersBrew"},{"floor":20,"key":"Regen Potion"},{"floor":20,"key":"Block Potion"},{"floor":22,"key":"PowerPotion"},{"floor":25,"key":"SkillPotion"},{"floor":31,"key":"SteroidPotion"},{"floor":38,"key":"LiquidBronze"},{"floor":45,"key":"DuplicationPotion"}],"is_trial":false,"path_per_floor":["M","M","$","M","M","E","R","M","T","E","?","?","E","?","R","B",null,"M","?","?","M","M","R","$","E","T","M","?","$","R","E","R","B",null,"M","$","M","M","?","E","R","E","T","R","M","R","M","M","R","B"],"character_chosen":"DEFECT","items_purchased":["Ball Lightning","DuplicationPotion","Self Repair","Chrysalis","Loop","SkillPotion","FearPotion","Static Discharge","Dexterity Potion"],"campfire_rested":4,"item_purchase_floors":[3,24,24,24,29,29,29,36,36],"current_hp_per_floor":[72,70,70,70,60,35,57,54,54,54,54,47,16,16,38,32,64,49,49,49,55,29,63,63,57,57,39,39,39,54,35,50,44,67,57,57,46,28,28,10,65,57,57,75,73,75,57,53,74,13,13],"gold":220,"neow_bonus":"ONE_RARE_RELIC","is_daily":false,"chose_seed":false,"campfire_upgraded":5,"win_rate":0.0,"timestamp":1610686618,"path_taken":["M","M","$","?","M","E","R","M","T","E","?","?","E","?","R","BOSS","M","?","?","?","M","R","?","E","T","M","?","$","R","E","R","BOSS","M","$","M","M","?","E","R","E","T","R","M","R","M","M","R","BOSS"],"items_purchased_type":["Card","Potion","Card","Card","Card","Potion","Potion","Card","Potion"],"build_version":"2020-12-22","purchased_purges":3,"victory":false,"max_hp_per_floor":[75,75,75,75,75,75,75,75,75,75,75,75,75,75,75,75,75,75,75,75,75,75,75,75,75,75,75,75,75,75,75,75,75,75,75,75,75,75,75,75,75,75,75,75,75,75,75,75,75,75,75],"relic_stats":{"Regal Pillow":15,"Torii":32,"counters":[25,133],"Eternal Feather":101,"StoneCalendar":[221],"Bag of Preparation":[34],"Juzu Bracelet":0,"Mercury Hourglass":[464],"Lizard Tail":37,"Dream Catcher":2,"Nunchaku":[4],"Mummified Hand":[69],"obtain_stats":[{"Ice Cream":26,"Regal Pillow":25,"Torii":10,"Eternal Feather":17,"StoneCalendar":17,"Bag of Preparation":13,"Juzu Bracelet":43,"Ancient Tea Set":42,"Mercury Hourglass":9,"Calling Bell":17,"Lizard Tail":0,"Dream Catcher":17,"Nunchaku":40,"Mummified Hand":6,"Molten Egg 2":19,"Philosopher\u0027s Stone":34,"Cracked Core":0,"Toy Ornithopter":31},{"Ice Cream":13,"Regal Pillow":13,"Torii":7,"Eternal Feather":9,"StoneCalendar":9,"Bag of Preparation":8,"Juzu Bracelet":21,"Ancient Tea Set":21,"Mercury Hourglass":6,"Calling Bell":9,"Lizard Tail":0,"Dream Catcher":9,"Nunchaku":20,"Mummified Hand":5,"Molten Egg 2":10,"Philosopher\u0027s Stone":16,"Cracked Core":0,"Toy Ornithopter":15},{"Ice Cream":53,"Regal Pillow":53,"Torii":25,"Eternal Feather":35,"StoneCalendar":35,"Bag of Preparation":28,"Juzu Bracelet":106,"Ancient Tea Set":106,"Mercury Hourglass":21,"Calling Bell":35,"Lizard Tail":0,"Dream Catcher":35,"Nunchaku":101,"Mummified Hand":17,"Molten Egg 2":42,"Philosopher\u0027s Stone":80,"Cracked Core":0,"Toy Ornithopter":67}],"Toy Ornithopter":25},"card_choices":[{"not_picked":["Gash","Stack"],"picked":"Rebound","floor":1},{"not_picked":["Scrape","Consume"],"picked":"Ball Lightning","floor":2},{"not_picked":["Turbo","Gash"],"picked":"Hologram","floor":4},{"not_picked":["Auto Shields","Gash"],"picked":"Multi-Cast","floor":5},{"not_picked":["Redo","Doom and Gloom"],"picked":"Coolheaded","floor":6},{"not_picked":["Steam","Beam Cell"],"picked":"Glacier","floor":8},{"not_picked":["Redo","Sweeping Beam"],"picked":"Glacier","floor":10},{"not_picked":["Genetic Algorithm","Rebound"],"picked":"Conserve Battery","floor":13},{"not_picked":["Core Surge","Hyperbeam"],"picked":"Fission","floor":16},{"not_picked":["Barrage","Ball Lightning"],"picked":"Capacitor+1","floor":18},{"not_picked":["Tempest","Sweeping Beam+1"],"picked":"Buffer","floor":21},{"not_picked":["Reprogram","Genetic Algorithm"],"picked":"Compile Driver+1","floor":22},{"not_picked":["Streamline+1","Gash+1"],"picked":"Hologram+1","floor":23},{"not_picked":["Barrage+1","Darkness"],"picked":"Leap+1","floor":25},{"not_picked":["Sweeping Beam+1","Coolheaded"],"picked":"Core Surge+1","floor":27},{"not_picked":["Tempest","Stack","Beam Cell+1"],"picked":"SKIP","floor":31},{"not_picked":["Seek","Buffer"],"picked":"Thunder Strike+1","floor":33},{"not_picked":["Turbo","Streamline+1","Gash+1"],"picked":"SKIP","floor":35},{"not_picked":["Undo","Barrage+1"],"picked":"Static Discharge","floor":37},{"not_picked":["Beam Cell+1","Hologram","Recycle+1"],"picked":"SKIP","floor":38},{"not_picked":["Swift Strike+1","Secret Technique"],"picked":"HandOfGreed+1","floor":39},{"not_picked":["Redo+1","Reboot"],"picked":"Lockon+1","floor":40},{"not_picked":["Gash+1","Chill"],"picked":"Barrage+1","floor":41},{"not_picked":["Rip and Tear+1","Go for the Eyes+1"],"picked":"Consume+1","floor":42},{"not_picked":["Genetic Algorithm","Auto Shields+1"],"picked":"Capacitor+1","floor":45},{"not_picked":["Steam","Turbo"],"picked":"Leap","floor":47},{"not_picked":["Hello World+1","Reprogram+1","Steam"],"picked":"SKIP","floor":48}],"player_experience":352834,"relics_obtained":[{"floor":6,"key":"Mummified Hand"},{"floor":9,"key":"Mercury Hourglass"},{"floor":10,"key":"Torii"},{"floor":13,"key":"Bag of Preparation"},{"floor":17,"key":"Dream Catcher"},{"floor":17,"key":"Eternal Feather"},{"floor":17,"key":"StoneCalendar"},{"floor":25,"key":"Regal Pillow"},{"floor":26,"key":"Ice Cream"},{"floor":31,"key":"Toy Ornithopter"},{"floor":40,"key":"Nunchaku"},{"floor":42,"key":"Ancient Tea Set"},{"floor":43,"key":"Juzu Bracelet"}],"event_choices":[{"cards_removed":["Defend_B"],"damage_healed":0,"gold_gain":0,"player_choice":"Card Removal","damage_taken":0,"max_hp_gain":0,"max_hp_loss":0,"event_name":"The Cleric","floor":11,"gold_loss":50},{"cards_removed":["Strike_B"],"damage_healed":0,"gold_gain":0,"player_choice":"Card Removal","damage_taken":7,"max_hp_gain":0,"max_hp_loss":0,"event_name":"Golden Wing","floor":12,"gold_loss":0},{"damage_healed":0,"gold_gain":275,"player_choice":"Desecrate","damage_taken":0,"max_hp_gain":0,"max_hp_loss":0,"event_name":"Golden Shrine","floor":14,"gold_loss":0,"cards_obtained":["Regret"]},{"damage_healed":0,"gold_gain":0,"player_choice":"Obtained Relic","damage_taken":0,"relics_obtained":["Molten Egg 2"],"max_hp_gain":0,"max_hp_loss":0,"event_name":"Addict","floor":19,"gold_loss":85},{"damage_healed":0,"gold_gain":0,"player_choice":"Got Potions","damage_taken":0,"max_hp_gain":0,"max_hp_loss":0,"event_name":"Lab","floor":20,"gold_loss":0},{"damage_healed":0,"gold_gain":99,"player_choice":"Stole From Cult","damage_taken":0,"max_hp_gain":0,"max_hp_loss":0,"event_name":"Nest","floor":28,"gold_loss":0},{"damage_healed":0,"gold_gain":0,"player_choice":"Memory 1","damage_taken":0,"max_hp_gain":0,"max_hp_loss":0,"event_name":"SensoryStone","floor":39,"gold_loss":0}],"is_beta":false,"boss_relics":[{"not_picked":["Sozu","Tiny House"],"picked":"Calling Bell"},{"not_picked":["SlaversCollar","Pandora\u0027s Box"],"picked":"Philosopher\u0027s Stone"}],"items_purged_floors":[3,24,29],"is_endless":false,"potions_floor_spawned":[5,6,8,13,16,22,25,31,38,45],"killed_by":"Time Eater","ascension_level":5}}