{"host":"8pjvbxl6xo882v42","time":1610739487,"event":{"mods":["AchievementEnabler","BaseMod","Minty Spire (QoL Compilation)","Replay The Spire","StSLib","The Cursed"],"gold_per_floor":[110,110,110,121,24,57,57,72,122,122,150,150,190,190,190,269,269,287,297,297,297,155,180,199,216,216,236,253,263,263,281,281,281,281],"floor_reached":33,"language":"FRA","playtime":1567,"items_purged":[],"score":604,"play_id":"79903475-fe77-4090-a0cc-ddd882e60b49","local_time":"20210115203807","is_ascension_mode":true,"campfire_choices":[{"data":"Bash","floor":7,"key":"SMITH"},{"data":"Flash of Steel","floor":10,"key":"SMITH"},{"data":"Spot Weakness","floor":12,"key":"SMITH"},{"data":"Flex","floor":15,"key":"SMITH"},{"floor":32,"key":"REST"}],"circlet_count":0,"master_deck":["AscendersBane","Strike_R+1","Strike_R+1","Strike_R+1","Strike_R+1","Defend_R+1","Defend_R+1","Defend_R+1","Defend_R+1","Twin Strike","Pummel","Flash of Steel+1","Impervious","Pummel","Spot Weakness+1","Flex+1","Survivor+1","Neutralize+1","Limit Break","Shrug It Off","Flex+1","Exhume","Exhume","Flex+1","Shrug It Off","Reaper"],"relics":["Burning Blood","NeowsBlessing","Blue Doll","Happy Flower","War Paint","Painkiller Herb","ReplayTheSpireMod:TigerMarble","Question Card"],"acts_visited":["Exordium","TheCity"],"potions_floor_usage":[6,11,16,23,23,24,29,33],"damage_taken":[{"damage":0,"enemies":"Small Slimes","floor":1,"turns":1},{"damage":0,"enemies":"Jaw Worm","floor":4,"turns":1},{"damage":0,"enemies":"Lagavulin","floor":6,"turns":1},{"damage":0,"enemies":"Cultist","floor":8,"turns":2},{"damage":8,"enemies":"Gremlin Nob","floor":11,"turns":3},{"damage":2,"enemies":"Slime Boss","floor":16,"turns":8},{"damage":19,"enemies":"Spheric Guardian","floor":18,"turns":4},{"damage":3,"enemies":"2 Thieves","floor":19,"turns":2},{"damage":30,"enemies":"Slavers","floor":23,"turns":4},{"damage":4,"enemies":"Snake Plant","floor":24,"turns":2},{"damage":2,"enemies":"3 Cultists","floor":25,"turns":4},{"damage":23,"enemies":"Cultist and Chosen","floor":27,"turns":10},{"damage":11,"enemies":"Shelled Parasite and Fungi","floor":28,"turns":3},{"damage":19,"enemies":"3 Cultists","floor":29,"turns":6},{"damage":33,"enemies":"Snecko","floor":31,"turns":4},{"damage":97,"enemies":"Champ","floor":33,"turns":13}],"seed_played":"-392443974298016499","potions_obtained":[{"floor":1,"key":"Strength Potion"},{"floor":4,"key":"Adrenaline Potion"},{"floor":13,"key":"LiquidMemories"},{"floor":13,"key":"CultistPotion"},{"floor":16,"key":"Strength Potion"},{"floor":23,"key":"Block Potion"},{"floor":27,"key":"Languid Potion"},{"floor":28,"key":"DuplicationPotion"},{"floor":29,"key":"BlessingOfTheForge"}],"is_trial":false,"path_per_floor":["M","?","?","M","$","E","R","M","T","R","E","R","?","?","R","B",null,"?","?","?","?","T","E","?","?","T","?","?","?","?","?","T","B"],"character_chosen":"IRONCLAD","items_purchased":["Flash of Steel","Flex+1","Exhume"],"campfire_rested":1,"item_purchase_floors":[5,22,22],"current_hp_per_floor":[74,51,44,50,50,56,56,62,62,62,60,60,60,60,60,64,72,59,62,62,62,62,38,40,44,44,27,22,58,58,35,57,0,0],"gold":281,"neow_bonus":"THREE_ENEMY_KILL","is_daily":false,"chose_seed":false,"campfire_upgraded":4,"win_rate":0.0,"timestamp":1610739487,"path_taken":["M","?","?","M","?","E","R","?","T","R","E","R","?","?","R","BOSS","?","?","?","?","T","E","?","?","T","?","?","?","?","?","T","BOSS"],"items_purchased_type":["Card","Card","Card"],"build_version":"2020-12-22","purchased_purges":0,"victory":false,"max_hp_per_floor":[75,75,75,75,75,75,75,75,75,75,75,75,75,75,75,75,75,75,75,75,75,75,75,75,75,75,75,75,75,75,75,75,75,75],"card_choices":[{"not_picked":["Bloodletting","Warcry"],"picked":"Twin Strike","floor":1},{"not_picked":["Thunderclap","Wild Strike"],"picked":"Pummel","floor":4},{"not_picked":["ReplayTheSpireMod:Corrosion Curse","Cleave"],"picked":"Impervious","floor":6},{"not_picked":["Flame Barrier","Iron Wave"],"picked":"Pummel","floor":8},{"not_picked":["Sword Boomerang","Thunderclap"],"picked":"Spot Weakness","floor":11},{"not_picked":["Armaments","Wild Strike"],"picked":"Flex","floor":13},{"not_picked":["Demonic Infusion","Eclipse"],"picked":"Limit Break","floor":16},{"not_picked":["Warcry","Run Through"],"picked":"Shrug It Off","floor":18},{"not_picked":["Thunderclap","Havoc","Warcry"],"picked":"SKIP","floor":19},{"not_picked":["Iron Wave","Bloodletting+1"],"picked":"Flex+1","floor":23},{"not_picked":["Run Through","ReplayReversal","Thunderclap"],"picked":"SKIP","floor":24},{"not_picked":["Massacre","Anger+1"],"picked":"Shrug It Off","floor":25},{"not_picked":["Heavy Blade","Twin Strike","Combust"],"picked":"Reaper","floor":27},{"not_picked":["Run Through+1","ReplayTheSpireMod:Limb From Limb","Havoc+1","Flex"],"picked":"SKIP","floor":28},{"not_picked":["ReplayTheSpireMod:Strike From Hell","Bloodletting","Pommel Strike","Warcry"],"picked":"SKIP","floor":29},{"not_picked":["Sword Boomerang","Heavy Blade","Flex","Perfected Strike"],"picked":"SKIP","floor":31}],"player_experience":339028,"relics_obtained":[{"floor":6,"key":"Blue Doll"},{"floor":9,"key":"Happy Flower"},{"floor":11,"key":"War Paint"},{"floor":23,"key":"ReplayTheSpireMod:TigerMarble"},{"floor":26,"key":"Question Card"}],"event_choices":[{"damage_healed":0,"gold_gain":0,"player_choice":"Entered Light","damage_taken":23,"max_hp_gain":0,"max_hp_loss":0,"event_name":"Shining Light","floor":2,"gold_loss":0,"cards_upgraded":["Strike_R","Strike_R"]},{"cards_removed":["Strike_R"],"damage_healed":0,"gold_gain":0,"player_choice":"Card Removal","damage_taken":7,"max_hp_gain":0,"max_hp_loss":0,"event_name":"Golden Wing","floor":3,"gold_loss":0},{"damage_healed":0,"gold_gain":0,"player_choice":"Ignored","damage_taken":0,"max_hp_gain":0,"max_hp_loss":0,"event_name":"Ghosts","floor":20,"gold_loss":0},{"damage_healed":0,"gold_gain":0,"player_choice":"Simplicity","damage_taken":0,"max_hp_gain":0,"max_hp_loss":0,"event_name":"Back to Basics","floor":21,"gold_loss":0,"cards_upgraded":["Strike_R","Strike_R","Defend_R","Defend_R"]},{"damage_healed":0,"gold_gain":0,"player_choice":"Ignored","damage_taken":0,"max_hp_gain":0,"max_hp_loss":0,"event_name":"Vampires","floor":30,"gold_loss":0}],"is_beta":false,"boss_relics":[{"not_picked":["Replay:Drink Me","Ectoplasm"],"picked":"Painkiller Herb"}],"items_purged_floors":[],"is_endless":false,"potions_floor_spawned":[1,4,16,23,27,28,29],"killed_by":"Champ","ascension_level":20}}