{"host":"pa65g39v0cwbmgvo","time":1610706989,"event":{"mods":["2.2 Compatiblity","ATMod(°¢èªMod)","BaseMod","Better Skull","Better Third Choice","BetterRewards","Dota2Spire","Minty Spire (QoL Compilation)","Quick Restart","Replay The Spire","Spicy Shops","StSLib","SuperFastMode","¡¾ÒÅÎï¿¨ÅÆ¡¿REMEMod"],"gold_per_floor":[110,110,129,129,129,162,172,172,172,247,247,266,295,309,309,405,405,423,433,433,348,40,75,75,75,75],"floor_reached":25,"language":"ZHS","playtime":596,"items_purged":[],"score":425,"play_id":"ca6a1fe1-e0ab-4469-9e6c-a1e6f4a07b2c","local_time":"20210115183629","is_ascension_mode":true,"campfire_choices":[{"data":"AT_StudyProgram","floor":8.0,"key":"SMITH"},{"floor":15.0,"key":"RECALL"},{"floor":24,"key":"REST"}],"circlet_count":0,"master_deck":["Strike_B+1","Strike_B","Strike_B","Defend_B","Defend_B","Defend_B","Defend_B","Zap","Dualcast","REME_Flogging+1","AT_RightCognition+1","Flash of Steel","FIFO Queue","AT_StudyProgram+1","Strike_B","Coolheaded","AT_RightCognition+1","White Noise"],"relics":["FrozenCore","REME_ComplimentaryCards","AT_ATBox","AT_Manta","Replay:Frozen Program","AT_ChloranthyRing","Replay:Mystery Machine","Nunchaku","Bag of Marbles","Juzu Bracelet","Dota2Spire:OctarineCore","Sling","Dota2Spire:Dagon","Blue Doll","AT_ForceNature","Ring of Hypnosis","Dota2Spire:EchoSabre","Geode","AT_BellDemon","Guide Book","Gremlin Food","Question Card"],"acts_visited":["Exordium","TheCity"],"potions_floor_usage":[23,23,23],"damage_taken":[{"damage":0.0,"enemies":"Jaw Worm","floor":1.0,"turns":1.0},{"damage":0.0,"enemies":"2 Louse","floor":3.0,"turns":2.0},{"damage":0.0,"enemies":"3 Sentries","floor":6.0,"turns":4.0},{"damage":0.0,"enemies":"Small Slimes","floor":7.0,"turns":3.0},{"damage":0.0,"enemies":"2 Fungi Beasts","floor":12.0,"turns":2.0},{"damage":6.0,"enemies":"Lagavulin","floor":13.0,"turns":3.0},{"damage":0.0,"enemies":"Exordium Wildlife","floor":14.0,"turns":3.0},{"damage":22.0,"enemies":"The Guardian","floor":16.0,"turns":6.0},{"damage":20.0,"enemies":"Shell Parasite","floor":18.0,"turns":3.0},{"damage":0.0,"enemies":"3 Byrds","floor":19.0,"turns":4.0},{"damage":30,"enemies":"Gremlin Leader","floor":23,"turns":3},{"damage":48,"enemies":"Book of Stabbing","floor":25,"turns":2}],"seed_played":"-7214858329928527311","potions_obtained":[{"floor":6.0,"key":"Fire Potion"},{"floor":7.0,"key":"Swift Potion"},{"floor":13.0,"key":"FearPotion"},{"floor":18.0,"key":"ColorlessPotion"}],"is_trial":false,"path_per_floor":["M","?","M","?","?","E","M","R","T","?","?","M","E","M","R","B",null,"M","M","?","?","$","E","R","E"],"character_chosen":"DEFECT","items_purchased":["REME_Flogging","Replay:Frozen Program","AT_ChloranthyRing","Replay:Mystery Machine","Nunchaku","Bag of Marbles","Flash of Steel","Juzu Bracelet","FIFO Queue","Sling","Dota2Spire:Dagon","Dota2Spire:HealingSalve","AT_BellDemon","Guide Book"],"campfire_rested":1,"item_purchase_floors":[0,0,0,0,0,0,0,0,0,0,0,0,22,22],"current_hp_per_floor":[75,68,68,68,68,68,68,68,68,57,57,57,51,51,51,35,75,55,55,55,55,55,25,47,0,0],"gold":75,"neow_bonus":"","is_daily":false,"chose_seed":false,"campfire_upgraded":1,"win_rate":0.0,"timestamp":1610706989,"path_taken":["M","?","M","?","?","E","M","R","T","?","?","M","E","M","R","BOSS","M","M","?","?","?","E","R","E"],"items_purchased_type":["Card","Relic","Relic","Relic","Relic","Relic","Card","Relic","Card","Relic","Relic","Potion","Relic","Relic"],"build_version":"2020-12-22","purchased_purges":0,"victory":false,"max_hp_per_floor":[75,75,75,75,75,75,75,75,75,75,75,75,75,75,75,75,75,75,75,75,75,75,75,75,75,75],"card_choices":[{"not_picked":["BasicCrystalCard","Double Energy"],"picked":"AT_StudyProgram","floor":1.0},{"not_picked":["Go for the Eyes","Panic Button","ReplayTheSpireMod:System Scan"],"picked":"SKIP","floor":3.0},{"not_picked":["Sweeping Beam","Hologram","Doom and Gloom"],"picked":"SKIP","floor":6.0},{"not_picked":["AT_HeatAcrobatics","Panic Button"],"picked":"Coolheaded","floor":7.0},{"not_picked":["Hologram","Tempest","Aggregate"],"picked":"SKIP","floor":12.0},{"not_picked":["Force Field","Redo","Hyperbeam"],"picked":"SKIP","floor":13.0},{"not_picked":["Force Field","REME_DataAnalysis","Hologram"],"picked":"SKIP","floor":14.0},{"not_picked":["Rainbow","Fission"],"picked":"AT_RightCognition","floor":16.0},{"not_picked":["ReplayTheSpireMod:System Scan","BasicCrystalCard","Panic Button"],"picked":"SKIP","floor":18.0},{"not_picked":["Panic Button","Stack+1"],"picked":"White Noise","floor":19},{"not_picked":["Hologram+1","Steam Power","Defragment"],"picked":"SKIP","floor":23}],"player_experience":74823,"relics_obtained":[{"floor":6.0,"key":"Blue Doll"},{"floor":9.0,"key":"AT_ForceNature"},{"floor":11.0,"key":"Ring of Hypnosis"},{"floor":13.0,"key":"Dota2Spire:EchoSabre"},{"floor":23,"key":"Gremlin Food"},{"floor":23,"key":"Question Card"}],"event_choices":[{"damage_healed":0.0,"max_hp_gain":0.0,"max_hp_loss":0.0,"gold_gain":0.0,"event_name":"betterThird:BetterSerpent","player_choice":"Ignored","floor":4.0,"gold_loss":0.0,"damage_taken":129.0},{"damage_healed":0.0,"max_hp_gain":0.0,"max_hp_loss":0.0,"gold_gain":0.0,"event_name":"Living Wall","player_choice":"Grow","floor":5.0,"gold_loss":0.0,"damage_taken":0.0,"cards_upgraded":["AT_RightCognition"]},{"damage_healed":0.0,"max_hp_gain":0.0,"max_hp_loss":0.0,"gold_gain":75.0,"event_name":"betterThird:BetterGoop","player_choice":"Gold","floor":10.0,"gold_loss":0.0,"damage_taken":11.0},{"cards_removed":["Strike_B"],"damage_healed":0,"gold_gain":0,"player_choice":"Elegance","damage_taken":0,"max_hp_gain":0,"max_hp_loss":0,"event_name":"betterThird:BetterWriting","floor":20,"gold_loss":0},{"damage_healed":0,"gold_gain":0,"player_choice":"Obtained Relic","damage_taken":0,"relics_obtained":["Geode"],"max_hp_gain":0,"max_hp_loss":0,"event_name":"Addict","floor":21,"gold_loss":85}],"is_beta":false,"boss_relics":[{"not_picked":["Snecko Eye","Replay:Grab Bag"],"picked":"FrozenCore"}],"items_purged_floors":[],"is_endless":false,"potions_floor_spawned":[6,7,13,18],"killed_by":"Book of Stabbing","ascension_level":4}}