{"host":"lcnwkjlokfwcnxxu","time":1610706646,"event":{"mods":["BaseMod","Colored Map","Downfall","GifTheSpireLib","Infinite Spire","Koishi","Marisa（霧雨　魔理沙）","Minty Spire (QoL Compilation)","Quick Restart","Replay The Spire","StSLib","The Disciple","The Hierophant","The Senshi","The Servant 0.9.4"],"gold_per_floor":[99,110,20,20,39,59,59,79,98,98,117,117,117,148,168,266,266,266,282,282,302,115,131,155,155,170,170,170,195,211,211,211,211,229,326,326,326,344,361,361,361,361],"floor_reached":40,"language":"ENG","playtime":2447,"items_purged":["Slimebound:Strike_Slimebound","Slimebound:Defend_Slimebound","Slimebound:Strike_Slimebound","Slimebound:Defend_Slimebound"],"score":435,"play_id":"15915369-597e-42b0-adda-6738a806973a","local_time":"20210115023046","is_ascension_mode":false,"campfire_choices":[{"data":"Slimebound:Split","floor":1,"key":"SMITH"},{"data":"Slimebound:RejuvenatingLick","floor":10,"key":"SMITH"},{"floor":12,"key":"RECALL"},{"data":"Slimebound:SelfFormingGoo","floor":18,"key":"SMITH"},{"data":"Slimebound:SplitMire","floor":25,"key":"SMITH"},{"floor":27,"key":"REST"},{"data":"Slimebound:CorrosiveSpit","floor":37,"key":"SMITH"}],"circlet_count":0,"master_deck":["Slimebound:Strike_Slimebound","Slimebound:Tackle","Slimebound:Defend_Slimebound","Slimebound:Split+1","Slimebound:CorrosiveSpit+1","Slimebound:ViciousTackle","Slimebound:Prepare","Slimebound:LeechEnergy","Slimebound:RejuvenatingLick+1","Slimebound:GoopSpray","Slimebound:ItLooksTasty","Slimebound:SplitLeeching","Slimebound:SplitMire+1","Slimebound:SelfFormingGoo+1","Slimebound:ServeAndProtect+1","Slimebound:Repurpose","Slimebound:SpikyOuterGoop","Slimebound:PressTheAttack","Slimebound:Overexert"],"relics":["Velvet Choker","Cursed Key","infinitespire:Eraser","Replay:Grab Bag","Turnip","infinitespire:SolderingIron","Snecko Scales","Replay:Bandana","champ:DeflectingBracers","infinitespire:Chaos"],"acts_visited":["Exordium","TheCity","TheBeyond"],"potions_floor_usage":[14,16,19,35,35],"damage_taken":[{"damage":11,"enemies":"Small Slimes","floor":2,"turns":3},{"damage":27,"enemies":"downfall:FleeingMerchant","floor":3,"turns":4},{"damage":8,"enemies":"2 Louse","floor":5,"turns":2},{"damage":9,"enemies":"Jaw Worm","floor":6,"turns":3},{"damage":15,"enemies":"2 Fungi Beasts","floor":8,"turns":3},{"damage":23,"enemies":"Exordium Thugs","floor":9,"turns":4},{"damage":14,"enemies":"Red Slaver","floor":11,"turns":2},{"damage":42,"enemies":"3 Sentries","floor":14,"turns":6},{"damage":12,"enemies":"3 Louse","floor":15,"turns":4},{"damage":60,"enemies":"downfall:Silent","floor":16,"turns":8},{"damage":33,"enemies":"Spheric Guardian","floor":19,"turns":5},{"damage":22,"enemies":"Chosen","floor":21,"turns":4},{"damage":19,"enemies":"downfall:FleeingMerchant","floor":22,"turns":4},{"damage":55,"enemies":"Shelled Parasite and Fungi","floor":23,"turns":6},{"damage":36,"enemies":"Snecko","floor":26,"turns":6},{"damage":0,"enemies":"Nightmare","floor":29,"turns":1},{"damage":26,"enemies":"Snake Plant","floor":30,"turns":4},{"damage":45,"enemies":"Chosen and Byrds","floor":34,"turns":5},{"damage":106,"enemies":"downfall:Watcher","floor":35,"turns":12},{"damage":29,"enemies":"3 Shapes","floor":38,"turns":4},{"damage":16,"enemies":"Orb Walker","floor":39,"turns":3}],"seed_played":"4567016602059694704","potions_obtained":[{"floor":5,"key":"sneckomod:MuddlingPotion"},{"floor":6,"key":"FairyPotion"},{"floor":8,"key":"AttackPotion"},{"floor":11,"key":"SpeedPotion"},{"floor":15,"key":"SpeedPotion"},{"floor":21,"key":"champ:CounterPotion"},{"floor":23,"key":"Weak Potion"},{"floor":29,"key":"Swift Potion"}],"is_trial":false,"path_per_floor":["R","M","$","?","M","M","T","M","M","R","M","R","?","E","M","B",null,"R","M","?","M","$","M","T","R","M","R","AVR","NM","M","PTL","PTL","?","M","B",null,"R","M","M","AVR"],"character_chosen":"SLIMEBOUND","items_purchased":["Slimebound:SpikyOuterGoop"],"campfire_rested":1,"item_purchase_floors":[22],"current_hp_per_floor":[66,66,58,33,41,52,52,55,50,50,58,58,58,50,60,50,66,66,53,53,57,65,41,41,41,37,56,56,56,56,56,56,56,53,34,66,66,65,66,66,66,66],"gold":361,"neow_bonus":"TEN_PERCENT_HP_BONUS","is_daily":false,"chose_seed":false,"campfire_upgraded":5,"win_rate":0.0,"timestamp":1610706646,"path_taken":["R","M","$","?","M","M","T","M","M","R","M","R","?","E","M","BOSS","R","M","?","M","$","M","T","R","M","R","AVR","NM","M","PTL","PTL","?","M","BOSS","R","M","M","AVR"],"items_purchased_type":["Card"],"build_version":"2020-12-22","purchased_purges":4,"victory":false,"max_hp_per_floor":[66,66,66,66,66,66,66,66,66,66,66,66,66,66,66,66,66,66,66,66,66,66,66,66,66,66,66,66,66,66,66,66,66,66,66,66,66,66,66,66,66,66],"card_choices":[{"not_picked":["Slimebound:SlimeSpikes","Slimebound:PressTheAttack"],"picked":"Slimebound:ViciousTackle","floor":2},{"not_picked":["Slimebound:SlimeBrawl","Slimebound:SlimeTap"],"picked":"Slimebound:Prepare","floor":3},{"not_picked":["Slimebound:Prepare","Slimebound:ComboTackle"],"picked":"Slimebound:LeechEnergy","floor":5},{"not_picked":["Slimebound:SlimeBrawl","Slimebound:SplitBruiser"],"picked":"Slimebound:RejuvenatingLick","floor":6},{"not_picked":["Slimebound:LeadByExample","Slimebound:ItLooksTasty"],"picked":"Slimebound:GoopSpray","floor":8},{"not_picked":["Slimebound:RallyTheTroops","Slimebound:FinishingTackle"],"picked":"Slimebound:ItLooksTasty","floor":9},{"not_picked":["Slimebound:GrowthPunch","Slimebound:Repurpose"],"picked":"Slimebound:SplitLeeching","floor":11},{"not_picked":["Slimebound:LivingWall","Slimebound:Prepare"],"picked":"Slimebound:SplitMire","floor":14},{"not_picked":["Slimebound:SplitAcid","Slimebound:ViciousTackle","Slimebound:RollThrough"],"picked":"SKIP","floor":15},{"not_picked":["Slimebound:Teamwork","Slimebound:DuplicatedForm"],"picked":"Slimebound:SelfFormingGoo","floor":16},{"not_picked":["Slimebound:SplitBruiser","Slimebound:LeechEnergy"],"picked":"Slimebound:ServeAndProtect+1","floor":19},{"not_picked":["Slimebound:DivideAndConquer","Slimebound:SlimeTap"],"picked":"Slimebound:Repurpose","floor":21},{"not_picked":["Slimebound:SplitBruiser","Slimebound:FirmFortitude","Slimebound:ViciousTackle+1"],"picked":"SKIP","floor":22},{"not_picked":["Slimebound:SlimeTap+1","Slimebound:SplitBruiser","Slimebound:Repurpose+1"],"picked":"SKIP","floor":23},{"not_picked":["Slimebound:GoopSpray","Slimebound:SplitLeeching","Slimebound:FirmFortitude+1"],"picked":"SKIP","floor":26},{"not_picked":["Slimebound:Schlurp+1","Slimebound:BestDefense","Slimebound:Equalize"],"picked":"SKIP","floor":29},{"not_picked":["Slimebound:FinishingTackle","Slimebound:LeechingTouch","Slimebound:Prepare"],"picked":"SKIP","floor":30},{"not_picked":["Slimebound:SlimeSpikes","Slimebound:GrowthPunch"],"picked":"Slimebound:PressTheAttack","floor":34},{"not_picked":["Slimebound:MassFeed","Slimebound:SlimeSlap"],"picked":"Slimebound:Overexert","floor":35},{"not_picked":["Slimebound:LeechingTouch"],"picked":"SKIP","floor":38},{"not_picked":["Slimebound:GoopSpray"],"picked":"SKIP","floor":39}],"player_experience":89928,"relics_obtained":[{"floor":14,"key":"infinitespire:PuzzleCube"},{"floor":24,"key":"infinitespire:Lucky Rock"},{"floor":29,"key":"Replay:Accelerometer"},{"floor":29,"key":"Snack Pack"}],"event_choices":[{"damage_healed":0,"gold_gain":0,"player_choice":"Success","damage_taken":25,"relics_obtained":["PreservedInsect"],"max_hp_gain":0,"max_hp_loss":0,"event_name":"Scrap Ooze","floor":4,"gold_loss":0},{"cards_removed":["Slimebound:Defend_Slimebound"],"damage_healed":0,"gold_gain":0,"player_choice":"Elegance","damage_taken":0,"max_hp_gain":0,"max_hp_loss":0,"event_name":"Back to Basics","floor":20,"gold_loss":0}],"is_beta":false,"boss_relics":[{"not_picked":["Coffee Dripper","Runic Dome"],"picked":"Black Star"},{"not_picked":["Calling Bell","Cursed Key"],"picked":"Busted Crown"}],"items_purged_floors":[3,22,28,40],"is_endless":true,"potions_floor_spawned":[5,6,8,11,15,21,23,29],"ascension_level":0}}