{"host":"m3qxensetu6036ua","time":1610736037,"event":{"mods":["2.2 Compatiblity","AchievementEnabler","BaseMod","Better Altar","Better Match","Better Sensory Stone","Better Skull","Better Third Choice","Better Vampires","Block Reminder","Colored Powertips","Displayed Cursed Tome","Good Game Mod","GungeonMod","Hubris","Minty Spire (QoL Compilation)","Rare Cards Sparkle","Remove Card Discount Mod","Replay The Spire","Robot Space Explorer","Spicy Shops","StSLib"],"gold_per_floor":[110,129,129,141,159,159,179,34,34,34,34,61,79,79,79,177,177,190,210,160,160,160],"floor_reached":21,"language":"ENG","playtime":1542,"items_purged":[],"score":181,"play_id":"441c503d-3ed1-4f01-ad88-d533f8d3ba28","local_time":"20210115194037","is_ascension_mode":false,"campfire_choices":[{"data":"1","floor":6,"key":"LIFT"},{"floor":15,"key":"REST"}],"circlet_count":0,"master_deck":["Strike_R","Strike_R","Strike_R","Strike_R","Defend_R","Defend_R","Defend_R","Defend_R","RobotSpaceExplorer:ShockMissile","Headbutt","Combust","Sword Boomerang","Battle Trance","Survivor","Neutralize","Reaper","Offering","True Grit+1"],"relics":["Burning Blood","REME:ComplimentaryCards","Girya","ReplayTheSpireMod:Ninjato","DemoMod:ClearGuonStone","Peace Pipe","ReplayTheSpireMod:Shallot","hubris:Backtick","hubris:OldNail","DemoMod:GlassGuonStoneRelic"],"acts_visited":["Exordium","TheCity"],"potions_floor_usage":[16,18],"damage_taken":[{"damage":1,"enemies":"Jaw Worm","floor":1,"turns":5},{"damage":0,"enemies":"2 Louse","floor":2,"turns":3},{"damage":7,"enemies":"Cultist","floor":4,"turns":3},{"damage":9,"enemies":"Gremlin Gang","floor":5,"turns":4},{"damage":22,"enemies":"Large Slime","floor":7,"turns":5},{"damage":16,"enemies":"Gremlin Nob","floor":12,"turns":4},{"damage":2,"enemies":"2 Fungi Beasts","floor":13,"turns":2},{"damage":10,"enemies":"Hexaghost","floor":16,"turns":11},{"damage":9,"enemies":"2 Thieves","floor":18,"turns":4},{"damage":15,"enemies":"Spheric Guardian","floor":19,"turns":4},{"damage":8,"enemies":"Centurion and Healer","floor":21,"turns":5}],"seed_played":"-3851708330504455153","potions_obtained":[{"floor":2,"key":"Milkshake"},{"floor":12,"key":"Elixir"},{"floor":13,"key":"SkillPotion"},{"floor":16,"key":"PowerPotion"},{"floor":18,"key":"Adrenaline Potion"}],"is_trial":false,"path_per_floor":["M","M","?","M","M","R","M","$","T","?","?","E","M","$","R","B",null,"M","M","?","M"],"character_chosen":"IRONCLAD","items_purchased":["DemoMod:ClearGuonStone"],"campfire_rested":1,"item_purchase_floors":[8],"current_hp_per_floor":[61,67,55,54,51,51,35,35,35,35,28,18,22,22,46,47,80,77,73,73,72,72],"gold":160,"neow_bonus":"ONE_RARE_RELIC","is_daily":false,"chose_seed":false,"campfire_upgraded":0,"win_rate":0.0,"timestamp":1610736037,"path_taken":["M","M","?","M","M","R","M","$","T","?","?","E","M","?","R","BOSS","M","?","?","?"],"items_purchased_type":["Relic"],"build_version":"2020-12-22","purchased_purges":0,"victory":false,"max_hp_per_floor":[80,80,80,80,80,80,80,80,80,80,80,80,80,80,80,80,80,80,80,80,80,80],"card_choices":[{"not_picked":["Headbutt","Metallicize","Thunderclap"],"picked":"SKIP","floor":1},{"not_picked":["Metallicize","Thunderclap"],"picked":"Headbutt","floor":1},{"not_picked":["Armaments","Seeing Red"],"picked":"Combust","floor":2},{"not_picked":["Twin Strike","Body Slam"],"picked":"Sword Boomerang","floor":4},{"not_picked":["Ghostly Armor","Twin Strike"],"picked":"Battle Trance","floor":5},{"not_picked":["Power Through","Defy Death","Twin Strike"],"picked":"SKIP","floor":7},{"not_picked":["ReplayTheSpireMod:Corrosion Curse","Metallicize"],"picked":"Reaper","floor":12},{"not_picked":["Armaments","Heavy Blade","ReplayTheSpireMod:Strike From Hell"],"picked":"SKIP","floor":13},{"not_picked":["Replay:Many Hands","Brutality"],"picked":"Offering","floor":16},{"not_picked":["Dual Wield","Defy Death+1","Armaments"],"picked":"SKIP","floor":18},{"not_picked":["ReplayTheSpireMod:Muscle Training","Clothesline+1"],"picked":"True Grit+1","floor":19}],"player_experience":175947,"relics_obtained":[{"floor":9,"key":"Peace Pipe"},{"floor":12,"key":"ReplayTheSpireMod:Shallot"}],"event_choices":[{"damage_healed":0,"gold_gain":0,"player_choice":"Relic ","damage_taken":12,"max_hp_gain":0,"max_hp_loss":0,"event_name":"betterThird:BetterScrap","floor":3,"gold_loss":0,"cards_obtained":["Die Die Die"]},{"cards_removed":["Strike_R"],"damage_healed":0,"gold_gain":0,"player_choice":"Card Removal","damage_taken":7,"max_hp_gain":0,"max_hp_loss":0,"event_name":"Golden Wing","floor":11,"gold_loss":0},{"damage_healed":0,"gold_gain":0,"player_choice":"Bet on Owner","damage_taken":0,"max_hp_gain":0,"max_hp_loss":0,"event_name":"The Joust","floor":20,"gold_loss":50}],"is_beta":false,"boss_relics":[{"not_picked":["Cursed Key","Sozu"],"picked":"hubris:Backtick"}],"items_purged_floors":[],"is_endless":false,"potions_floor_spawned":[2,12,13,16,18],"killed_by":"Centurion and Healer","ascension_level":0}}