{"host":"gndxudri6ebovps6","time":1610687044,"event":{"mods":["AchievementEnabler","Act Like it!","Aspiration","BaseMod","Better Altar","Better Match","Better Note","Better Sensory Stone","Better Skull","Better Vampires","BetterRewards","Block Reminder","Conspire","GifTheSpireLib","Hubris","Infinite Spire","Marked Mod","Minty Spire (QoL Compilation)","Pale of the Ancients","Quick Restart","Replay The Spire","Shop Mod","Spicy Shops","Spikes Relics","StSLib","Stuff the Spire","The Bug Knight","The Cursed","The Disciple","The Judge","The Necromancer","everything is the same but u backflip on backflip","vexMod"],"gold_per_floor":[111,129,57,57,57,57,90,22,94,94,50,66,66,66,66,77,77,191,203,234,265,227,291,303,315,367,416,451,463,528,540,552,584,596,712,724,760,792,804,224,349,349,349],"floor_reached":42,"language":"ENG","playtime":1508,"items_purged":["vexMod:UltimateCard"],"score":921,"play_id":"0ad0d917-8a1a-49c6-8119-d5811d8ceadb","local_time":"20210115030404","is_ascension_mode":true,"campfire_choices":[{"floor":6.0,"key":"DIG"},{"floor":13.0,"key":"DIG"},{"floor":17.0,"key":"DIG"},{"floor":25.0,"key":"DIG"},{"floor":29.0,"key":"DIG"},{"floor":31.0,"key":"DIG"},{"floor":34.0,"key":"DIG"}],"circlet_count":0,"master_deck":["conspire:GhostlyStrike","conspire:GhostlyStrike","conspire:GhostlyStrike","conspire:GhostlyStrike","conspire:GhostlyDefend","conspire:GhostlyDefend","conspire:GhostlyDefend","conspire:GhostlyDefend","Negative_Energy_Arrows","Bone_Wall","Summon_Undead_Army+1","Summon_Undead_Army+1","Summon_Undead_Army+1","Toxic_Smoke_Screen","Finger_Of_Death","Summon_Undead_Army+1","Violent_Necrosis","Acid_Javelin+1","Toxic_Smoke_Screen","Bone_Shift","Requiem","Blood_Curse+1","conspire:SpireCoStock","Spectral_Walk","Bone_Shift+1","Bones_to_Steel","Shame","Violent_Necrosis+1","Skeleton_Dragon+1","Negative_Energy_Burst+1","Bone_Prison+1","Summon_Undead_Army+1","Summon_Undead+1","infinitespire:NeuralNetwork+1"],"relics":["Vampire_Amulet","vexMod:InvisibilityCloak","Juzu Bracelet","vexMod:FocusSash","StrikeDummy","Shovel","Replay:WaspNest","Toolbox","HollowMod:StagPassRelic","Lantern","ReplayTheSpireMod:CursedCoin","SpikesRelics:DaevaFist","The Courier","Tiny Chest","Replay:Bottled Eggs","MawBank","SlaversCollar","Bronze Scales","Chameleon Ring","MealTicket","StuffTheSpire:Gunfinga","SnailShell","aspiration:TomeofQuesting","Frozen Egg 2","Black Star","CeramicFish","Regal Pillow","RoseTintedShades","vexMod:PlasmaPancake","aspiration:FetidBarrel"],"acts_visited":["Exordium","TheCity","TheBeyond"],"potions_floor_usage":[],"damage_taken":[{"damage":0.0,"enemies":"Cultist","floor":1.0,"turns":3.0},{"damage":0.0,"enemies":"conspire:RoseBush","floor":2.0,"turns":3.0},{"damage":3.0,"enemies":"Replay:BlueRogue","floor":7.0,"turns":5.0},{"damage":0.0,"enemies":"Jaw Worm","floor":12.0,"turns":3.0},{"damage":0.0,"enemies":"3 Louse","floor":16.0,"turns":4.0},{"damage":0.0,"enemies":"Hexaghost","floor":18.0,"turns":6.0},{"damage":3.0,"enemies":"Shell Parasite","floor":20.0,"turns":5.0},{"damage":3.0,"enemies":"Spheric Guardian","floor":21.0,"turns":3.0},{"damage":0.0,"enemies":"Cultist and Chosen","floor":26.0,"turns":4.0},{"damage":6.0,"enemies":"Chosen and Byrds","floor":27.0,"turns":4.0},{"damage":0.0,"enemies":"Snecko","floor":33.0,"turns":3.0},{"damage":33.0,"enemies":"Champ","floor":35.0,"turns":7.0},{"damage":26.0,"enemies":"3 Shapes","floor":37.0,"turns":4.0},{"damage":20.0,"enemies":"3 Darklings","floor":38.0,"turns":5.0},{"damage":41.0,"enemies":"infinitespire:Three Voidlings","floor":41.0,"turns":4.0},{"damage":12.0,"enemies":"Nightmare_Alpha","floor":41.0,"turns":8.0},{"damage":25,"enemies":"Spire Growth","floor":42,"turns":4}],"seed_played":"-6696118136089411528","potions_obtained":[{"floor":1.0,"key":"Reflective Coating"},{"floor":7.0,"key":"Dexterity Potion"},{"floor":20.0,"key":"EssenceOfSteel"},{"floor":21.0,"key":"Explosive Potion"},{"floor":38.0,"key":"Energy Potion"}],"is_trial":false,"path_per_floor":["M","M","$","?","?","R","E","$","T","?","$","M","R","PTL","PTL","M","R","B",null,"M","M","?","T","?","R","M","M","T","R","T","R","?","M","R","B",null,"M","M","?","$","?","M"],"character_chosen":"NECROMANCER","items_purchased":["vexMod:InvisibilityCloak","Juzu Bracelet","vexMod:FocusSash","Summon_Undead_Army","StrikeDummy","Shovel","Summon_Undead_Army","Replay:WaspNest","Toolbox","DuplicationPotion","Summon_Undead_Army","ReplayTheSpireMod:CursedCoin","SpikesRelics:DaevaFist","Acid_Javelin+1","Bone_Prison","Summon_Undead_Army+1","Summon_Undead","CeramicFish","Regal Pillow","RoseTintedShades"],"campfire_rested":0,"item_purchase_floors":[0,0,0,0,0,0,0,0,0,0,3,8,8,11,40,40,40,40,40,40],"current_hp_per_floor":[30,32,32,32,32,32,31,31,31,31,31,33,33,33,33,39,39,41,67,66,65,65,65,65,65,69,67,67,67,67,67,67,69,69,38,66,46,28,28,43,25,0,0],"gold":349,"neow_bonus":"","is_daily":false,"chose_seed":false,"campfire_upgraded":0,"win_rate":0.0,"timestamp":1610687044,"path_taken":["M","M","?","?","?","R","E","$","T","?","$","M","R","PTL","PTL","M","R","BOSS","M","M","?","?","?","R","M","M","T","R","?","R","?","M","R","BOSS","M","M","?","$","?","M"],"items_purchased_type":["Relic","Relic","Relic","Card","Relic","Relic","Card","Relic","Relic","Potion","Card","Relic","Relic","Card","Card","Card","Card","Relic","Relic","Relic"],"build_version":"2020-12-22","purchased_purges":1,"victory":false,"max_hp_per_floor":[75,75,75,75,75,75,75,75,75,75,75,75,75,75,75,75,75,75,75,75,75,75,75,75,75,75,75,75,75,75,75,75,75,75,75,75,75,75,75,75,81,81,81],"card_choices":[{"not_picked":["Shackles_Of_Pain","Corrupt"],"picked":"Toxic_Smoke_Screen","floor":1.0},{"not_picked":["Vampiric_Strike","Negative_Energy_Mist"],"picked":"Finger_Of_Death","floor":2.0},{"not_picked":["Negative_Energy_Javelin","Death_Coil"],"picked":"Violent_Necrosis","floor":7.0},{"not_picked":["Death_Coil","Strike_from_Beyond"],"picked":"Toxic_Smoke_Screen","floor":12.0},{"not_picked":["Finger_Of_Death","Whirlwind_of_Bones"],"picked":"Bone_Shift","floor":16.0},{"not_picked":["Detonate_Bones","Hellfire"],"picked":"Requiem","floor":18.0},{"not_picked":["Bone_Bullets","Bone_Shift"],"picked":"Blood_Curse+1","floor":20.0},{"not_picked":["Vampiric_Strike","Shackles_Of_Pain","Bone_Spikes"],"picked":"SKIP","floor":21.0},{"not_picked":["Negative_Energy_Sphere","Negative_Energy_Mist"],"picked":"Bone_Shift+1","floor":26.0},{"not_picked":["Necromantic_Selection","Summon_Vampire_Lady"],"picked":"Bones_to_Steel","floor":27.0},{"not_picked":["Flesh_Made_Foul","Plague_Bolt"],"picked":"Violent_Necrosis+1","floor":33.0},{"not_picked":["Requiem","Summon_Vampire_Lady+1"],"picked":"Skeleton_Dragon+1","floor":35.0},{"not_picked":["Chill_Blood","Shackles_Of_Pain","Blood_Whip+1"],"picked":"SKIP","floor":37.0},{"not_picked":["Negative_Energy_Sphere+1","Negative_Energy_Mist+1"],"picked":"Negative_Energy_Burst+1","floor":38.0},{"not_picked":["infinitespire:Collect","ReplayTheSpireMod:??????????????????????"],"picked":"infinitespire:NeuralNetwork","floor":41}],"player_experience":507166,"relics_obtained":[{"floor":6.0,"key":"HollowMod:StagPassRelic"},{"floor":7.0,"key":"Lantern"},{"floor":9.0,"key":"The Courier"},{"floor":13.0,"key":"Replay:Bottled Eggs"},{"floor":17.0,"key":"MawBank"},{"floor":23.0,"key":"Bronze Scales"},{"floor":25.0,"key":"Chameleon Ring"},{"floor":28.0,"key":"MealTicket"},{"floor":29.0,"key":"StuffTheSpire:Gunfinga"},{"floor":30.0,"key":"SnailShell"},{"floor":31.0,"key":"aspiration:TomeofQuesting"},{"floor":34.0,"key":"Frozen Egg 2"},{"floor":41,"key":"vexMod:PlasmaPancake"},{"floor":41,"key":"aspiration:FetidBarrel"}],"event_choices":[{"damage_healed":0.0,"max_hp_gain":0.0,"max_hp_loss":0.0,"gold_gain":0.0,"event_name":"Golden Wing","player_choice":"Ignored","floor":4.0,"gold_loss":0.0,"damage_taken":0.0},{"damage_healed":0.0,"max_hp_gain":0.0,"max_hp_loss":0.0,"gold_gain":0.0,"event_name":"conspire:LoneGhost","player_choice":"Agree","floor":5.0,"gold_loss":0.0,"damage_taken":0.0},{"damage_healed":0.0,"max_hp_gain":0.0,"max_hp_loss":0.0,"gold_gain":0.0,"event_name":"Dead Adventurer","player_choice":"Searched \u00272\u0027 times","floor":10.0,"gold_loss":0.0,"damage_taken":0.0,"relics_obtained":["Tiny Chest"]},{"damage_healed":0.0,"max_hp_gain":0.0,"max_hp_loss":0.0,"gold_gain":0.0,"event_name":"conspire:Investor","player_choice":"Invest 1","floor":22.0,"gold_loss":0.0,"damage_taken":0.0},{"damage_healed":0.0,"max_hp_gain":0.0,"max_hp_loss":0.0,"gold_gain":0.0,"event_name":"The Library","player_choice":"Read","floor":24.0,"gold_loss":0.0,"damage_taken":0.0,"cards_obtained":["Spectral_Walk"]}],"is_beta":false,"boss_relics":[{"not_picked":["conspire:RoyalGoblet","Ring of Chaos"],"picked":"SlaversCollar"},{"not_picked":["hubris:TerracottaHorce","Coffee Dripper"],"picked":"Black Star"}],"items_purged_floors":[8],"is_endless":true,"potions_floor_spawned":[1,7,20,21,38,41],"killed_by":"Spire Growth","ascension_level":5}}