{"host":"ntxknsu5npj85rka","time":1610731756,"event":{"mods":["AchievementEnabler","Act Like it!","BaseMod","Downfall","Gensokyo","Minty Spire (QoL Compilation)","StSLib","Yakumo Yukari mod","Yuri Mod","[IsaacMod]ÒÔÈö¼âËþ"],"gold_per_floor":[131,11,26,26,338,567,567,586,586,586,586],"floor_reached":10,"language":"ZHS","playtime":1526,"items_purged":[],"score":93,"play_id":"f78674fc-a014-4247-9560-652120d15d72","local_time":"20210116012916","is_ascension_mode":false,"campfire_choices":[{"data":"Shallow_ocean_purpleEX","floor":7,"key":"SMITH"}],"circlet_count":0,"master_deck":["AT_purpleEX","AT_purpleEX","AT_purpleEX","AT_purpleEX","Defend_purpleEX","Defend_purpleEX","Defend_purpleEX","Defend_purpleEX","Observe_purple_1","Observe_purple_2","ExistenceContinue_purple","Gensokyo:BlemishedSteel","MetroBOOM_purple","Pain","Shallow_ocean_purpleEX+1","DimensionStaggered_purple","RuleDissolution_purple"],"relics":["Boundary_crack","Memoryfragments_purpleEX","HushsDoor","Gensokyo:LunaticRedEyes","BookofShadows","Meat on the Bone","Ornamental Fan"],"acts_visited":["Exordium"],"potions_floor_usage":[6],"damage_taken":[{"damage":5,"enemies":"Gensokyo:3_Fairies","floor":1,"turns":5},{"damage":10,"enemies":"Gensokyo:Gryphon","floor":3,"turns":6},{"damage":13,"enemies":"Gensokyo:Python","floor":5,"turns":5},{"damage":22,"enemies":"Gensokyo:Cirno","floor":6,"turns":7},{"damage":11,"enemies":"Gensokyo:5_Fairies","floor":8,"turns":7},{"damage":40,"enemies":"Gensokyo:Aya","floor":10,"turns":6}],"seed_played":"6071029462387297951","potions_obtained":[{"floor":5,"key":"AttackPotion"}],"is_trial":false,"path_per_floor":["M","COS","M","?","M","E","R","M","T","E"],"character_chosen":"Youkari","items_purchased":[],"campfire_rested":0,"item_purchase_floors":[],"current_hp_per_floor":[74,74,64,64,52,33,33,36,36,0,0],"gold":586,"neow_bonus":"TEN_PERCENT_HP_BONUS","is_daily":false,"chose_seed":false,"campfire_upgraded":1,"win_rate":0.0,"timestamp":1610731756,"path_taken":["M","COS","M","?","M","E","R","?","T","E"],"items_purchased_type":[],"build_version":"2020-12-22","purchased_purges":0,"victory":false,"max_hp_per_floor":[77,77,77,77,77,77,77,77,77,77,77],"card_choices":[{"not_picked":["Realm_recovery_purpleEX","RuleDissolution_purple"],"picked":"ExistenceContinue_purple","floor":1},{"not_picked":["Boundary_ObjectiveBoundary_purple","Charmbait_purple"],"picked":"MetroBOOM_purple","floor":3},{"not_picked":["Mirror_Drifter_purple","DimensionStaggered_purple"],"picked":"Shallow_ocean_purpleEX","floor":5},{"not_picked":["MetroBOOM_purple","Charmbait_purple"],"picked":"DimensionStaggered_purple","floor":6},{"not_picked":["SfantasyHide_purple","Mirror_Drifter_purple"],"picked":"RuleDissolution_purple","floor":8}],"player_experience":81047,"relics_obtained":[{"floor":6,"key":"Meat on the Bone"},{"floor":9,"key":"Ornamental Fan"}],"event_choices":[],"is_beta":false,"boss_relics":[],"items_purged_floors":[],"is_endless":false,"potions_floor_spawned":[5],"killed_by":"Gensokyo:Aya","ascension_level":0}}