{"host":"y8cpnk8u7pqs5ve6","time":1610711477,"event":{"mods":["Act Like it!","BaseMod","Gold Saver","Hallownest","Hermit","Minty Spire (QoL Compilation)","Quick Restart","StSLib","The Cursed","The Servant 0.9.4","WarShipGirlsR/’ΩΩ¢…Ÿ≈ÆR mod","Yakumo Yukari mod"],"gold_per_floor":[646,571,582,498,498,533,550,550,550,550,566,566,595,605,605,678,678,693,707,286,286,304,304,304,304,327,357,357,357],"floor_reached":28,"language":"ZHS","playtime":1445,"items_purged":["Strike_R","Bludgeon"],"score":488,"play_id":"6480c13a-ff1e-4492-acef-29ad8701e21a","local_time":"20210115195117","is_ascension_mode":true,"campfire_choices":[{"data":"Battle Trance","floor":8.0,"key":"SMITH"},{"data":"Pommel Strike","floor":10.0,"key":"SMITH"},{"data":"Infernal Blade","floor":15,"key":"SMITH"},{"data":"Limit Break","floor":23,"key":"SMITH"},{"data":"Armaments","floor":25,"key":"SMITH"}],"circlet_count":0,"master_deck":["AscendersBane","Bash","Twin Strike","Dropkick","Battle Trance+1","Pommel Strike+1","Infernal Blade+1","Shrug It Off","Limit Break","Headbutt","Limit Break+1","Hemokinesis","Immolate","Hemokinesis","Armaments+1","Battle Trance"],"relics":["Burning Blood","NeowsBlessing","CaptainsWheel","Bird Faced Urn","Eternal Feather","Orichalcum","Pandora\u0027s Box","Membership Card","Kunai","Tiny Chest","CeramicFish","Peace Pipe"],"acts_visited":["Exordium","TheCity"],"potions_floor_usage":[16,16,28],"damage_taken":[{"damage":0.0,"enemies":"Jaw Worm","floor":1.0,"turns":1.0},{"damage":0.0,"enemies":"2 Louse","floor":3.0,"turns":1.0},{"damage":0.0,"enemies":"3 Sentries","floor":6.0,"turns":1.0},{"damage":0.0,"enemies":"Small Slimes","floor":7.0,"turns":3.0},{"damage":26.0,"enemies":"Gremlin Gang","floor":11.0,"turns":6.0},{"damage":17,"enemies":"Lagavulin","floor":13,"turns":5},{"damage":17,"enemies":"Lots of Slimes","floor":14,"turns":4},{"damage":17,"enemies":"Hexaghost","floor":16,"turns":7},{"damage":9,"enemies":"Spheric Guardian","floor":18,"turns":3},{"damage":8,"enemies":"Chosen","floor":19,"turns":3},{"damage":17,"enemies":"Snake Plant","floor":22,"turns":4},{"damage":38,"enemies":"Book of Stabbing","floor":27,"turns":5},{"damage":24,"enemies":"3 Cultists","floor":28,"turns":4}],"seed_played":"-5254832944054312009","potions_obtained":[{"floor":3.0,"key":"SteroidPotion"},{"floor":6.0,"key":"BloodPotion"},{"floor":13,"key":"Strength Potion"},{"floor":16,"key":"GamblersBrew"},{"floor":18,"key":"HeartOfIron"}],"is_trial":false,"path_per_floor":["M","$","M","$","?","E","M","R","T","R","M","?","E","M","R","B",null,"M","M","$","?","M","R","?","R","T","E","M"],"character_chosen":"IRONCLAD","items_purchased":["Battle Trance","Membership Card","Kunai","Tiny Chest"],"campfire_rested":0,"item_purchase_floors":[4,20,20,20],"current_hp_per_floor":[74,74,75,75,57,63,69,69,69,75,55,55,44,33,42,46,68,65,63,63,42,31,40,40,49,49,17,0,0],"gold":357,"neow_bonus":"THREE_ENEMY_KILL","is_daily":false,"chose_seed":false,"campfire_upgraded":5,"win_rate":0.0,"timestamp":1610711477,"path_taken":["M","$","M","$","?","E","M","R","T","R","M","?","E","M","R","BOSS","M","M","$","?","M","R","?","R","T","E","M"],"items_purchased_type":["Card","Relic","Relic","Relic"],"build_version":"2020-12-22","purchased_purges":2,"victory":false,"max_hp_per_floor":[75,75,75,75,75,75,75,75,75,75,75,75,75,75,75,75,75,75,75,75,80,80,80,80,80,80,80,80,80],"card_choices":[{"not_picked":["Havoc","Rupture"],"picked":"Twin Strike","floor":1.0},{"not_picked":["Havoc","Power Through"],"picked":"Dropkick","floor":3.0},{"not_picked":["Headbutt","Iron Wave","Dropkick"],"picked":"SKIP","floor":6.0},{"not_picked":["Perfected Strike","Body Slam"],"picked":"Pommel Strike","floor":7.0},{"not_picked":["Wild Strike","Juggernaut","Headbutt"],"picked":"SKIP","floor":11.0},{"not_picked":["Pommel Strike","Clash"],"picked":"Infernal Blade","floor":13},{"not_picked":["Body Slam","Havoc"],"picked":"Shrug It Off","floor":14},{"not_picked":["Fiend Fire","Juggernaut"],"picked":"Limit Break","floor":16},{"not_picked":["Iron Wave","Clash"],"picked":"Armaments","floor":18},{"not_picked":["Perfected Strike","Pommel Strike"],"picked":"Battle Trance","floor":19},{"not_picked":["Hemokinesis","Twin Strike","Clash"],"picked":"SKIP","floor":22},{"not_picked":["Fiend Fire","Wild Strike","True Grit"],"picked":"SKIP","floor":27}],"player_experience":215753,"relics_obtained":[{"floor":6.0,"key":"Bird Faced Urn"},{"floor":9.0,"key":"Eternal Feather"},{"floor":13,"key":"Orichalcum"},{"floor":26,"key":"CeramicFish"},{"floor":27,"key":"Peace Pipe"}],"event_choices":[{"damage_healed":0.0,"max_hp_gain":0.0,"max_hp_loss":0.0,"gold_gain":0.0,"event_name":"Scrap Ooze","player_choice":"Success","floor":5.0,"gold_loss":0.0,"damage_taken":18.0,"relics_obtained":["CaptainsWheel"]},{"cards_removed":["Defend_R"],"damage_healed":0,"gold_gain":0,"player_choice":"Forget","damage_taken":0,"max_hp_gain":0,"max_hp_loss":0,"event_name":"Living Wall","floor":12,"gold_loss":0},{"damage_healed":0,"gold_gain":0,"player_choice":"Shed Blood","damage_taken":26,"max_hp_gain":5,"max_hp_loss":0,"event_name":"Forgotten Altar","floor":21,"gold_loss":0},{"cards_removed":["Juggernaut"],"damage_healed":0,"gold_gain":0,"player_choice":"Elegance","damage_taken":0,"max_hp_gain":0,"max_hp_loss":0,"event_name":"Back to Basics","floor":24,"gold_loss":0}],"is_beta":false,"boss_relics":[{"not_picked":["Snecko Eye","Busted Crown"],"picked":"Pandora\u0027s Box"}],"items_purged_floors":[2,20],"is_endless":false,"potions_floor_spawned":[3,6,13,16,18],"killed_by":"3 Cultists","ascension_level":16}}