{"host":"jnjxzd6rarbui4j8","time":1610701842,"event":{"mods":["AchievementEnabler","BaseMod","Colored Map","Highlight Path","Minty Spire (QoL Compilation)","Relic Stats","StSLib"],"gold_per_floor":[113,133,58,76,90,117,17,17,85,102,136,136,156,191,191,262,262,280,106,122,140,153,153,181,181,235,255,255,286,286,317,317,390,390,400,400,400,411,84,110,110,130,206,224,252,126,126,151,151,151,151,151,151,5,32,32,32],"floor_reached":56,"language":"ENG","playtime":10647,"items_purged":["Strike_G","Strike_G","Strike_G"],"score":2030,"play_id":"3181d1e0-f420-4bee-8c31-6aa164ed7462","local_time":"20210115041042","is_ascension_mode":true,"campfire_choices":[{"data":"Die Die Die","floor":8.0,"key":"SMITH"},{"data":"Dash","floor":12.0,"key":"SMITH"},{"data":"Crippling Poison","floor":15.0,"key":"SMITH"},{"data":"Glass Knife","floor":23.0,"key":"SMITH"},{"data":"Malaise","floor":25.0,"key":"SMITH"},{"data":"Bouncing Flask","floor":28.0,"key":"SMITH"},{"floor":32.0,"key":"REST"},{"floor":41.0,"key":"RECALL"},{"floor":49.0,"key":"REST"},{"floor":53.0,"key":"REST"}],"circlet_count":0,"master_deck":["AscendersBane","Strike_G","Defend_G","Defend_G","Defend_G","Defend_G","Survivor","Neutralize","Poisoned Stab","Crippling Poison+1","Predator","PiercingWail","Poisoned Stab","Die Die Die+1","Caltrops+1","Dash+1","Adrenaline","Glass Knife+1","Malaise+1","Bouncing Flask+1","Footwork+1","PiercingWail","Crippling Poison+1","Noxious Fumes+1","Bullet Time","Acrobatics+1","Discovery","Catalyst+1","The Bomb","Bullet Time","Blur","Dodge and Roll","Backflip","Venomology"],"relics":["Ring of the Snake","TungstenRod","Frozen Egg 2","Anchor","Turnip","Snecko Eye","Art of War","Bronze Scales","Sundial","Runic Dome","HornCleat","Kunai","Bag of Preparation","Akabeko","Pocketwatch"],"acts_visited":["Exordium","TheCity","TheBeyond","TheEnding"],"potions_floor_usage":[56,56,56],"damage_taken":[{"damage":0.0,"enemies":"Cultist","floor":1.0,"turns":4.0},{"damage":1.0,"enemies":"Small Slimes","floor":2.0,"turns":4.0},{"damage":0.0,"enemies":"2 Louse","floor":4.0,"turns":3.0},{"damage":0.0,"enemies":"2 Fungi Beasts","floor":5.0,"turns":3.0},{"damage":22.0,"enemies":"Lagavulin","floor":6.0,"turns":6.0},{"damage":1.0,"enemies":"Red Slaver","floor":10.0,"turns":3.0},{"damage":1.0,"enemies":"3 Sentries","floor":11.0,"turns":3.0},{"damage":3.0,"enemies":"Exordium Thugs","floor":13.0,"turns":4.0},{"damage":7.0,"enemies":"Gremlin Nob","floor":14.0,"turns":4.0},{"damage":8.0,"enemies":"The Guardian","floor":16.0,"turns":9.0},{"damage":0.0,"enemies":"Spheric Guardian","floor":18.0,"turns":3.0},{"damage":0.0,"enemies":"3 Byrds","floor":20.0,"turns":3.0},{"damage":6.0,"enemies":"Cultist and Chosen","floor":21.0,"turns":5.0},{"damage":0.0,"enemies":"Snake Plant","floor":22.0,"turns":4.0},{"damage":2.0,"enemies":"Slavers","floor":24.0,"turns":3.0},{"damage":5.0,"enemies":"Centurion and Healer","floor":27.0,"turns":5.0},{"damage":17.0,"enemies":"Gremlin Leader","floor":29.0,"turns":7.0},{"damage":1.0,"enemies":"Slavers","floor":31.0,"turns":4.0},{"damage":25.0,"enemies":"Collector","floor":33.0,"turns":7.0},{"damage":2.0,"enemies":"3 Shapes","floor":35.0,"turns":4.0},{"damage":3.0,"enemies":"Orb Walker","floor":38.0,"turns":3.0},{"damage":2.0,"enemies":"Reptomancer","floor":40.0,"turns":4.0},{"damage":0.0,"enemies":"3 Darklings","floor":42.0,"turns":3.0},{"damage":0.0,"enemies":"Sphere and 2 Shapes","floor":44.0,"turns":2.0},{"damage":13.0,"enemies":"Giant Head","floor":45.0,"turns":5.0},{"damage":12.0,"enemies":"Nemesis","floor":48.0,"turns":7.0},{"damage":15.0,"enemies":"Awakened One","floor":50.0,"turns":12.0},{"damage":14.0,"enemies":"Donu and Deca","floor":51.0,"turns":7.0},{"damage":20,"enemies":"Shield and Spear","floor":55,"turns":7},{"damage":57,"enemies":"The Heart","floor":56,"turns":5}],"seed_played":"9191838917794390975","potions_obtained":[{"floor":1.0,"key":"SkillPotion"},{"floor":4.0,"key":"Explosive Potion"},{"floor":5.0,"key":"CunningPotion"},{"floor":11.0,"key":"Poison Potion"},{"floor":13.0,"key":"Block Potion"},{"floor":18.0,"key":"SteroidPotion"},{"floor":24.0,"key":"SpeedPotion"},{"floor":27.0,"key":"GamblersBrew"},{"floor":29.0,"key":"SkillPotion"},{"floor":33.0,"key":"BlessingOfTheForge"},{"floor":38.0,"key":"Swift Potion"},{"floor":44.0,"key":"Regen Potion"}],"is_trial":false,"path_per_floor":["M","M","$","M","M","E","$","R","T","M","E","R","M","E","R","B",null,"M","$","M","M","M","R","E","R","T","M","R","E","?","E","R","B",null,"M","?","?","M","$","E","R","M","T","M","E","$","?","E","R","B","B",null,"R","$","E","B"],"character_chosen":"THE_SILENT","items_purchased":["Malaise","Bouncing Flask","The Bomb","LiquidMemories","Blur","LiquidMemories","Backflip"],"campfire_rested":3,"item_purchase_floors":[19,19,39,46,46,54,54],"current_hp_per_floor":[59,58,58,58,58,36,36,36,36,35,34,34,31,24,24,16,49,49,49,49,43,43,43,41,41,41,36,36,19,19,18,36,11,48,46,46,46,43,43,41,41,41,41,41,43,43,43,31,49,34,20,50,60,60,40,0,0],"gold":32,"neow_bonus":"TRANSFORM_TWO_CARDS","is_daily":false,"chose_seed":false,"campfire_upgraded":6,"win_rate":0.0,"timestamp":1610701842,"path_taken":["M","M","?","M","M","E","$","R","T","M","E","R","M","E","R","BOSS","M","$","M","M","M","R","E","R","T","M","R","E","?","E","R","BOSS","M","?","?","M","$","E","R","M","T","M","E","$","?","E","R","BOSS","BOSS","R","$","E","BOSS"],"items_purchased_type":["Card","Card","Card","Potion","Card","Potion","Card"],"build_version":"2020-12-22","purchased_purges":3,"victory":false,"max_hp_per_floor":[60,60,60,60,60,60,60,60,60,60,60,60,60,60,60,60,60,60,60,60,60,60,60,60,60,60,60,60,60,60,60,60,60,60,60,60,60,60,60,60,60,60,60,60,60,60,60,60,60,60,60,60,60,60,60,60,60],"relic_stats":{"counters":[30,143],"Sundial":[10],"Bronze Scales":[252],"Snecko Eye":[211,201,199,192],"Turnip":[14],"Art of War":[14],"Bag of Preparation":[5],"Kunai":[14],"obtain_stats":[{"Bag of Preparation":45,"Frozen Egg 2":9,"Akabeko":48,"Runic Dome":34,"Anchor":11,"HornCleat":40,"Sundial":31,"Bronze Scales":29,"Snecko Eye":17,"Turnip":14,"Art of War":24,"Kunai":43,"TungstenRod":6,"Ring of the Snake":0,"Pocketwatch":55},{"Bag of Preparation":25,"Frozen Egg 2":5,"Akabeko":26,"Runic Dome":19,"Anchor":7,"HornCleat":22,"Sundial":18,"Bronze Scales":17,"Snecko Eye":10,"Turnip":9,"Art of War":15,"Kunai":23,"TungstenRod":5,"Ring of the Snake":0,"Pocketwatch":29},{"Bag of Preparation":105,"Frozen Egg 2":20,"Akabeko":112,"Runic Dome":84,"Anchor":26,"HornCleat":95,"Sundial":77,"Bronze Scales":73,"Snecko Eye":43,"Turnip":34,"Art of War":61,"Kunai":98,"TungstenRod":20,"Ring of the Snake":0,"Pocketwatch":138}],"TungstenRod":36,"Ring of the Snake":[60],"Pocketwatch":[6]},"card_choices":[{"not_picked":["Flechettes","Accuracy"],"picked":"Predator","floor":1.0},{"not_picked":["Flying Knee","Outmaneuver"],"picked":"PiercingWail","floor":2.0},{"not_picked":["Deflect","Calculated Gamble"],"picked":"Poisoned Stab","floor":4.0},{"not_picked":["Deflect","Dagger Throw"],"picked":"Die Die Die","floor":5.0},{"not_picked":["Slice","Skewer","Sucker Punch"],"picked":"SKIP","floor":6.0},{"not_picked":["Concentrate","Flying Knee"],"picked":"Caltrops+1","floor":10.0},{"not_picked":["Slice","Die Die Die"],"picked":"Dash","floor":11.0},{"not_picked":["Outmaneuver","Cloak And Dagger","Underhanded Strike"],"picked":"SKIP","floor":13.0},{"not_picked":["Cloak And Dagger","Slice"],"picked":"Adrenaline","floor":14.0},{"not_picked":["Bullet Time","Storm of Steel"],"picked":"Glass Knife","floor":16.0},{"not_picked":["Deadly Poison","Finisher","All Out Attack"],"picked":"SKIP","floor":18.0},{"not_picked":["Well Laid Plans+1","Dodge and Roll"],"picked":"Footwork+1","floor":20.0},{"not_picked":["Quick Slash","Sucker Punch","Reflex+1"],"picked":"SKIP","floor":21.0},{"not_picked":["Backstab","Bane","Sucker Punch"],"picked":"SKIP","floor":22.0},{"not_picked":["Prepared","Adrenaline","Infinite Blades+1"],"picked":"SKIP","floor":24.0},{"not_picked":["Poisoned Stab+1","Masterful Stab+1"],"picked":"PiercingWail","floor":27.0},{"not_picked":["Flying Knee","Dagger Throw","Blade Dance+1"],"picked":"SKIP","floor":29.0},{"not_picked":["Acrobatics","Well Laid Plans+1"],"picked":"Noxious Fumes+1","floor":31.0},{"not_picked":["Adrenaline","After Image+1"],"picked":"Bullet Time","floor":33.0},{"not_picked":["Slice","Escape Plan"],"picked":"Acrobatics+1","floor":35.0},{"not_picked":["Swift Strike","Purity"],"picked":"Discovery","floor":37.0},{"not_picked":["Flechettes","Outmaneuver"],"picked":"Catalyst+1","floor":38.0},{"not_picked":["Escape Plan","Deflect","Slice"],"picked":"SKIP","floor":40.0},{"not_picked":["Dodge and Roll","Blade Dance","Backstab"],"picked":"SKIP","floor":42.0},{"not_picked":["Finisher+1","Infinite Blades+1","Outmaneuver"],"picked":"SKIP","floor":44.0},{"not_picked":["Blur+1","Dodge and Roll"],"picked":"Bullet Time","floor":45.0},{"not_picked":["Prepared","Cloak And Dagger"],"picked":"Dodge and Roll","floor":48.0},{"not_picked":["Die Die Die","Underhanded Strike"],"picked":"Venomology","floor":55}],"player_experience":2454650,"relics_obtained":[{"floor":6.0,"key":"TungstenRod"},{"floor":9.0,"key":"Frozen Egg 2"},{"floor":11.0,"key":"Anchor"},{"floor":14.0,"key":"Turnip"},{"floor":24.0,"key":"Art of War"},{"floor":29.0,"key":"Bronze Scales"},{"floor":31.0,"key":"Sundial"},{"floor":40.0,"key":"HornCleat"},{"floor":43.0,"key":"Kunai"},{"floor":45.0,"key":"Bag of Preparation"},{"floor":48.0,"key":"Akabeko"},{"floor":55,"key":"Pocketwatch"}],"event_choices":[{"damage_healed":0.0,"max_hp_gain":0.0,"max_hp_loss":0.0,"gold_gain":0.0,"event_name":"Duplicator","player_choice":"Copied","floor":30.0,"gold_loss":0.0,"damage_taken":0.0,"cards_obtained":["Crippling Poison"]},{"damage_healed":0.0,"max_hp_gain":0.0,"max_hp_loss":0.0,"gold_gain":0.0,"event_name":"Tomb of Lord Red Mask","player_choice":"Ignored","floor":36.0,"gold_loss":0.0,"damage_taken":0.0},{"damage_healed":0.0,"max_hp_gain":0.0,"max_hp_loss":0.0,"gold_gain":0.0,"event_name":"SensoryStone","player_choice":"Memory 1","floor":37.0,"gold_loss":0.0,"damage_taken":0.0},{"damage_healed":0.0,"max_hp_gain":0.0,"max_hp_loss":0.0,"gold_gain":0.0,"event_name":"SecretPortal","player_choice":"Ignored","floor":47.0,"gold_loss":0.0,"damage_taken":0.0}],"is_beta":false,"boss_relics":[{"not_picked":["Calling Bell","Pandora\u0027s Box"],"picked":"Snecko Eye"},{"not_picked":["Tiny House","Empty Cage"],"picked":"Runic Dome"}],"items_purged_floors":[3,7,39],"is_endless":false,"potions_floor_spawned":[1,4,5,11,13,18,21,24,27,29,33,38,40,44],"killed_by":"The Heart","ascension_level":20}}