{"host":"anpwk55bj6rntrcq","time":1610745683,"event":{"mods":["Act Like it!","BaseMod","BetterRewards","GifTheSpireLib","Hermit","Hubris","Kratos Character Expansion","Minty Spire (QoL Compilation)","Replay The Spire","Robot Space Explorer","SCP261 Mod","StSLib","The Blackbeard","The Death Knight","The Exalted","The Necromancer","The Servant 0.9.4"],"gold_per_floor":[146,146,146,146,160,160,194,194,194,204,224,236,254,9,9,106,106,106,106,106,106,106,106,106,106,106,106,106,106,106,106,106,106,106,106,106,106,106,106,106,106,106,106,106,106,106,106,106,106,106],"floor_reached":51,"language":"ENG","playtime":1157,"items_purged":[],"score":880,"play_id":"db8f63d5-e5a8-4c09-b79b-1258c213b2c6","local_time":"20210115162123","is_ascension_mode":false,"campfire_choices":[{"data":"KratosMod:Revenge","floor":6,"key":"SMITH"},{"floor":15,"key":"REST"},{"data":"KratosMod:Roll","floor":23,"key":"SMITH"},{"floor":41,"key":"REST"},{"data":"KratosMod:blades","floor":44,"key":"SMITH"},{"data":"KratosMod:tartarusrage","floor":49,"key":"SMITH"}],"circlet_count":0,"master_deck":["KratosMod:Strike_K+1","KratosMod:Strike_K+1","KratosMod:Strike_K+1","KratosMod:Defend_K","KratosMod:Defend_K","KratosMod:Defend_K","KratosMod:Defend_K","KratosMod:cyclone","KratosMod:AthenaBane","KratosMod:BladeWhip+1","KratosMod:Revenge+1","KratosMod:Roll+1","KratosMod:Tempor","KratosMod:clawsofhades","KratosMod:clawsofhades","KratosMod:clawsofhades","KratosMod:tartarusrage+1","KratosMod:BladeWhip","KratosMod:Endure+1","KratosMod:clawsofhades","KratosMod:Roll","KratosMod:ShieldBash","KratosMod:blades+1","KratosMod:Endure+1","KratosMod:Tempor+1","KratosMod:BladeWhip+1"],"relics":["KratosMod:eagle","Replay:Mystery Machine","Kunai","Oddly Smooth Stone","Shuriken","Ectoplasm","Bromod:ArcaneGuardian","Smiling Mask","Replay:WaspNest","hubris:ScarierMask","Quantum Egg","Bromod:ArcaneNullifier","Bottled Lightning","Replay:Rubber Ducky"],"acts_visited":["Exordium","TheCity","TheBeyond"],"potions_floor_usage":[7,16,33],"damage_taken":[{"damage":1,"enemies":"Jaw Worm","floor":1,"turns":4},{"damage":9,"enemies":"2 Louse","floor":5,"turns":2},{"damage":17,"enemies":"3 Sentries","floor":7,"turns":6},{"damage":6,"enemies":"Cultist","floor":10,"turns":3},{"damage":7,"enemies":"Blue Slaver","floor":11,"turns":5},{"damage":10,"enemies":"Lots of Slimes","floor":12,"turns":2},{"damage":16,"enemies":"Exordium Wildlife","floor":13,"turns":3},{"damage":57,"enemies":"Hexaghost","floor":16,"turns":8},{"damage":20,"enemies":"Spheric Guardian","floor":18,"turns":4},{"damage":8,"enemies":"3 Byrds","floor":20,"turns":3},{"damage":6,"enemies":"Snake Plant","floor":25,"turns":2},{"damage":9,"enemies":"Cultist and Chosen","floor":27,"turns":4},{"damage":10,"enemies":"Replay:Snechameleon","floor":29,"turns":3},{"damage":20,"enemies":"Sentry and Sphere","floor":30,"turns":4},{"damage":23,"enemies":"hubris:MusketHawk","floor":33,"turns":6},{"damage":20,"enemies":"Orb Walker","floor":35,"turns":3},{"damage":7,"enemies":"3 Shapes","floor":37,"turns":4},{"damage":9,"enemies":"Sphere and 2 Shapes","floor":38,"turns":2},{"damage":37,"enemies":"Reptomancer","floor":40,"turns":5},{"damage":31,"enemies":"Nemesis","floor":42,"turns":5},{"damage":15,"enemies":"Transient","floor":47,"turns":4},{"damage":0,"enemies":"Giant Head","floor":48,"turns":2},{"damage":26,"enemies":"Time Eater","floor":50,"turns":3}],"seed_played":"3336619335518029318","potions_obtained":[{"floor":5,"key":"Energy Potion"},{"floor":11,"key":"Strength Potion"},{"floor":13,"key":"SCP261:DietGhostPotion"},{"floor":20,"key":"BlessingOfTheForge"},{"floor":27,"key":"PowerPotion"},{"floor":42,"key":"Reflective Coating"}],"is_trial":false,"path_per_floor":["M","?","?","?","M","R","E","T","T","M","M","M","M","$","R","B",null,"M","$","M","?","?","R","?","M","T","M","T","E","M","?","R","B",null,"M","?","M","M","$","E","R","E","T","R","?","$","M","E","R","B",null],"character_chosen":"KRATOS","items_purchased":["Shuriken"],"campfire_rested":2,"item_purchase_floors":[14],"current_hp_per_floor":[65,65,70,70,61,61,44,44,44,38,31,21,27,27,48,47,71,55,55,68,68,55,55,55,49,49,64,64,63,73,73,73,66,76,56,56,76,67,67,39,61,76,76,76,76,76,76,76,76,76],"gold":106,"neow_bonus":"TEN_PERCENT_HP_BONUS","is_daily":false,"chose_seed":false,"campfire_upgraded":4,"win_rate":0.0,"timestamp":1610745683,"path_taken":["M","?","?","?","M","R","E","?","T","?","M","M","M","$","R","BOSS","M","?","?","?","?","R","?","?","T","M","?","E","M","?","R","BOSS","M","?","M","?","$","E","R","E","T","R","?","?","M","E","R","BOSS"],"items_purchased_type":["Relic"],"build_version":"2020-12-22","purchased_purges":0,"victory":true,"max_hp_per_floor":[66,66,71,71,71,71,71,71,71,71,71,71,71,71,71,71,71,71,71,71,71,76,76,76,76,76,76,76,76,76,76,76,76,76,76,76,76,76,76,76,76,76,76,76,76,76,76,76,76,76],"card_choices":[{"not_picked":["KratosMod:Endure","KratosMod:Roll"],"picked":"KratosMod:BladeWhip","floor":1},{"not_picked":["KratosMod:Tempor","KratosMod:ShieldBash"],"picked":"KratosMod:Revenge","floor":5},{"not_picked":["KratosMod:conjuresoul","KratosMod:Revenge"],"picked":"KratosMod:Roll","floor":7},{"not_picked":["KratosMod:Roll","KratosMod:rattle"],"picked":"KratosMod:Tempor","floor":10},{"not_picked":["KratosMod:Endure","KratosMod:BladeWhip"],"picked":"KratosMod:clawsofhades","floor":11},{"not_picked":["KratosMod:SmashStone","KratosMod:Roll"],"picked":"KratosMod:clawsofhades","floor":12},{"not_picked":["KratosMod:rattle","KratosMod:Tempor"],"picked":"KratosMod:clawsofhades","floor":13},{"not_picked":["KratosMod:kBerserk","KratosMod:styx"],"picked":"KratosMod:tartarusrage","floor":16},{"not_picked":["KratosMod:Tempor","KratosMod:conjuresoul"],"picked":"KratosMod:BladeWhip","floor":18},{"not_picked":["KratosMod:Roll","KratosMod:BladeWhip"],"picked":"KratosMod:Endure+1","floor":20},{"not_picked":["KratosMod:BladeWhip","KratosMod:rattle+1"],"picked":"KratosMod:clawsofhades","floor":25},{"not_picked":["KratosMod:ShieldBash","KratosMod:settle"],"picked":"KratosMod:Roll","floor":27},{"not_picked":["KratosMod:settle","KratosMod:Revenge"],"picked":"KratosMod:ShieldBash","floor":29},{"not_picked":["KratosMod:Tempor","KratosMod:Endure","KratosMod:ShieldBash"],"picked":"SKIP","floor":30},{"not_picked":["KratosMod:Revenge","KratosMod:tartarusrage"],"picked":"KratosMod:blades","floor":33},{"not_picked":["KratosMod:Tempor","KratosMod:conjuresoul+1"],"picked":"KratosMod:Endure+1","floor":35},{"not_picked":["KratosMod:settle+1","KratosMod:conjuresoul+1","KratosMod:SmashStone"],"picked":"SKIP","floor":37},{"not_picked":["KratosMod:ShieldBash","KratosMod:BladeWhip"],"picked":"KratosMod:Tempor+1","floor":38},{"not_picked":["KratosMod:SmashStone+1","KratosMod:rattle","KratosMod:conjuresoul+1"],"picked":"SKIP","floor":40},{"not_picked":["KratosMod:ShieldBash","KratosMod:tartarusrage","KratosMod:Endure+1"],"picked":"SKIP","floor":42},{"not_picked":["KratosMod:Tempor","KratosMod:Roll+1"],"picked":"KratosMod:BladeWhip+1","floor":47},{"not_picked":["KratosMod:ShieldBash","KratosMod:Endure","KratosMod:clawsofhades+1"],"picked":"SKIP","floor":48}],"player_experience":378523,"relics_obtained":[{"floor":7,"key":"Replay:Mystery Machine"},{"floor":8,"key":"Kunai"},{"floor":9,"key":"Oddly Smooth Stone"},{"floor":26,"key":"Bromod:ArcaneGuardian"},{"floor":28,"key":"Smiling Mask"},{"floor":29,"key":"Replay:WaspNest"},{"floor":40,"key":"Quantum Egg"},{"floor":42,"key":"Bromod:ArcaneNullifier"},{"floor":43,"key":"Bottled Lightning"},{"floor":48,"key":"Replay:Rubber Ducky"}],"event_choices":[{"damage_healed":0,"gold_gain":0,"player_choice":"Ignored","damage_taken":0,"max_hp_gain":0,"max_hp_loss":0,"event_name":"Shining Light","floor":2,"gold_loss":0},{"damage_healed":0,"gold_gain":0,"player_choice":"Donut","damage_taken":0,"max_hp_gain":5,"max_hp_loss":0,"event_name":"Big Fish","floor":3,"gold_loss":0},{"damage_healed":0,"gold_gain":0,"player_choice":"Shed Blood","damage_taken":18,"max_hp_gain":5,"max_hp_loss":0,"event_name":"Forgotten Altar","floor":22,"gold_loss":0},{"damage_healed":0,"gold_gain":0,"player_choice":"Upgraded","damage_taken":0,"max_hp_gain":0,"max_hp_loss":0,"event_name":"Upgrade Shrine","floor":24,"gold_loss":0,"cards_upgraded":["KratosMod:BladeWhip"]},{"damage_healed":0,"gold_gain":0,"player_choice":"Simplicity","damage_taken":0,"max_hp_gain":0,"max_hp_loss":0,"event_name":"Back to Basics","floor":32,"gold_loss":0,"cards_upgraded":["KratosMod:Strike_K","KratosMod:Strike_K","KratosMod:Strike_K"]},{"damage_healed":0,"gold_gain":0,"player_choice":"Ignored","damage_taken":0,"max_hp_gain":0,"max_hp_loss":0,"event_name":"SecretPortal","floor":36,"gold_loss":0},{"cards_removed":["KratosMod:Strike_K"],"damage_healed":0,"gold_gain":0,"player_choice":"Removed Attack","damage_taken":0,"max_hp_gain":0,"max_hp_loss":0,"event_name":"Falling","floor":45,"gold_loss":0}],"is_beta":false,"boss_relics":[{"not_picked":["hubris:TerracottaHorce","Kintsugi"],"picked":"Ectoplasm"},{"not_picked":["Pandora\u0027s Box","hubris:RunicObelisk"],"picked":"hubris:ScarierMask"}],"items_purged_floors":[],"is_endless":false,"potions_floor_spawned":[5,11,13,20,27,42,48],"ascension_level":0}}