{"host":"eu5wvbbtjeiar27l","time":1610737556,"event":{"mods":["Astrologer","BaseMod","Colored Powertips","Conspire","Energized Spire","Hubris","Infinite Spire","Mad Scientist","Melee Mod","Minty Spire (QoL Compilation)","Potionbrewer","Rare Cards Sparkle","StSLib","The Construct","The Factory","The Jungle","The Runesmith","The Valiant","Treasure Hunter","themimic","vexMod"],"gold_per_floor":[115,142,142,154,175,175,212,212,212,244,244,272,288,310,310,410,410,423,523,564,578,604,637,637,669,751,757,757],"floor_reached":27,"language":"ENG","playtime":2217,"items_purged":[],"score":366,"play_id":"0523776c-0097-46c9-990a-99f823d3a450","local_time":"20210115190556","daily_mods":["SealedDeck","Specialized","Heirloom","DeadlyEvents","Elite Swarm"],"is_ascension_mode":false,"campfire_choices":[{"data":"Fusion","floor":6,"key":"SMITH"},{"data":"Genetic Algorithm","floor":8,"key":"SMITH"},{"data":"Gash","floor":11,"key":"SMITH"},{"data":"Gash","floor":15,"key":"SMITH"},{"data":"Gash","floor":24,"key":"SMITH"}],"circlet_count":0,"master_deck":["White Noise","White Noise","White Noise","White Noise","White Noise","Rip and Tear","Streamline","Gash+1","Gash+1","Leap","Reprogram","Fusion+1","Leap","Leap","Genetic Algorithm+1","Sweeping Beam","Beam Cell","Self Repair","Hologram","Seek","Gash+1","Force Field","Go for the Eyes","Gash+1"],"relics":["Cracked Core","vexMod:RetaliationKit","infinitespire:Midas Blood","Bottled Lightning","hubris:Metronome","Prayer Wheel","MealTicket","Busted Crown","hubris:MobiusCoin","vexMod:MemoryStick","vexMod:BarristanHead","construct:FoamFinger"],"acts_visited":["Exordium","TheCity"],"potions_floor_usage":[16,21,23,25],"damage_taken":[{"damage":0,"enemies":"Jaw Worm","floor":1,"turns":4},{"damage":3,"enemies":"conspire:MimicChest","floor":2,"turns":5},{"damage":0,"enemies":"Small Slimes","floor":4,"turns":2},{"damage":2,"enemies":"2 Louse","floor":5,"turns":3},{"damage":3,"enemies":"Lagavulin","floor":7,"turns":6},{"damage":14,"enemies":"Gremlin Nob","floor":10,"turns":4},{"damage":0,"enemies":"Lagavulin","floor":12,"turns":5},{"damage":2,"enemies":"Large Slime","floor":13,"turns":5},{"damage":5,"enemies":"Lots of Slimes","floor":14,"turns":4},{"damage":25,"enemies":"Slime Boss","floor":16,"turns":7},{"damage":3,"enemies":"Shell Parasite","floor":18,"turns":4},{"damage":19,"enemies":"Gremlin Leader","floor":20,"turns":6},{"damage":8,"enemies":"2 Thieves","floor":21,"turns":2},{"damage":13,"enemies":"Snake Plant","floor":22,"turns":5},{"damage":31,"enemies":"Nightmare","floor":23,"turns":7},{"damage":17,"enemies":"Gremlin Leader","floor":25,"turns":5},{"damage":32,"enemies":"Slavers","floor":27,"turns":1}],"seed_played":"-4375788908336708260","potions_obtained":[{"floor":2,"key":"potionbrewer:SplittingPotion"},{"floor":4,"key":"potionbrewer:NoxiousPotion"},{"floor":5,"key":"Block Potion"},{"floor":18,"key":"SpeedPotion"},{"floor":23,"key":"potionbrewer:NoxiousPotion"},{"floor":25,"key":"Fire Potion"}],"is_trial":true,"path_per_floor":["M","?","?","M","M","R","E","R","T","E","R","E","M","M","R","B",null,"M","?","E","M","M","NM","R","E","T","E"],"character_chosen":"DEFECT","items_purchased":[],"campfire_rested":0,"item_purchase_floors":[],"current_hp_per_floor":[75,72,72,72,75,75,75,75,75,68,68,75,75,70,70,52,75,75,75,70,62,56,32,32,22,22,0,0],"gold":757,"neow_bonus":"","is_daily":false,"chose_seed":false,"campfire_upgraded":5,"win_rate":0.0,"timestamp":1610737556,"path_taken":["M","?","?","M","M","R","E","R","T","E","R","E","?","M","R","BOSS","M","?","?","M","M","NM","R","E","T","E"],"items_purchased_type":[],"build_version":"2020-12-22","purchased_purges":0,"victory":false,"max_hp_per_floor":[75,75,75,75,75,75,75,75,75,75,75,75,75,75,75,75,75,75,75,75,75,75,75,75,75,75,75,75],"card_choices":[{"not_picked":["Blizzard","Coolheaded"],"picked":"Sweeping Beam","floor":1},{"not_picked":["Undo","Cold Snap"],"picked":"Beam Cell","floor":2},{"not_picked":["Rebound","Doom and Gloom"],"picked":"Self Repair","floor":4},{"not_picked":["Cold Snap","Conserve Battery"],"picked":"Hologram","floor":5},{"not_picked":["TH:Mimic","TH:BikiniMail"],"picked":"SKIP","floor":7},{"not_picked":["hubris:SpecializedCircuitry","hubris:Prefetch","Thunder Strike"],"picked":"SKIP","floor":7},{"not_picked":["TH:ArmorSpikes","TH:Mimic"],"picked":"SKIP","floor":9},{"not_picked":["TH:DeckOfManyThings","TH:ElvenBoots"],"picked":"SKIP","floor":10},{"not_picked":["Multi-Cast","hubris:Prefetch","hubris:SpecializedCircuitry"],"picked":"SKIP","floor":10},{"not_picked":["Hyperbeam","Multi-Cast"],"picked":"Seek","floor":12},{"not_picked":["TH:CursedSword","TH:ElvenBoots"],"picked":"SKIP","floor":12},{"not_picked":["Hello World","Defragment"],"picked":"Gash","floor":13},{"not_picked":["Conserve Battery","Leap","Hologram"],"picked":"SKIP","floor":13},{"not_picked":["Double Energy","Steam","Defragment"],"picked":"SKIP","floor":14},{"not_picked":["Consume","Ball Lightning","Recycle"],"picked":"SKIP","floor":14},{"not_picked":[],"picked":"Force Field","floor":18},{"not_picked":["conspire:SharedLibrary"],"picked":"SKIP","floor":18},{"not_picked":["TH:CopperCoins"],"picked":"SKIP","floor":20},{"not_picked":["Core Surge"],"picked":"SKIP","floor":20},{"not_picked":["Rip and Tear"],"picked":"SKIP","floor":21},{"not_picked":["Stack"],"picked":"SKIP","floor":21},{"not_picked":[],"picked":"Go for the Eyes","floor":22},{"not_picked":[],"picked":"Gash+1","floor":22},{"not_picked":["TH:EnergyPotion"],"picked":"SKIP","floor":23},{"not_picked":["Core Surge"],"picked":"SKIP","floor":23},{"not_picked":["TH:TreasureMap"],"picked":"SKIP","floor":25},{"not_picked":["hubris:Prefetch"],"picked":"SKIP","floor":25},{"not_picked":["TH:TreasureMap"],"picked":"SKIP","floor":26}],"player_experience":182999,"relics_obtained":[{"floor":2,"key":"infinitespire:Midas Blood"},{"floor":7,"key":"Bottled Lightning"},{"floor":9,"key":"hubris:Metronome"},{"floor":10,"key":"Prayer Wheel"},{"floor":12,"key":"MealTicket"},{"floor":20,"key":"hubris:MobiusCoin"},{"floor":23,"key":"vexMod:MemoryStick"},{"floor":25,"key":"vexMod:BarristanHead"},{"floor":26,"key":"construct:FoamFinger"}],"event_choices":[{"damage_healed":0,"gold_gain":0,"player_choice":"Disagree","damage_taken":0,"max_hp_gain":0,"max_hp_loss":0,"event_name":"conspire:LoneGhost","floor":3,"gold_loss":0},{"damage_healed":0,"gold_gain":100,"player_choice":"Pray","damage_taken":0,"max_hp_gain":0,"max_hp_loss":0,"event_name":"Golden Shrine","floor":19,"gold_loss":0}],"is_beta":false,"boss_relics":[{"not_picked":["energizedSpire:CursedPentagram","infinitespire:Cupcake"],"picked":"Busted Crown"}],"items_purged_floors":[],"is_endless":false,"potions_floor_spawned":[2,4,5,7,14,18,23,25],"killed_by":"Slavers","ascension_level":0}}