{"host":"0av13bfd5y1jedv9","time":1610712994,"event":{"mods":["Act Like it!","BaseMod","Conspire","Downfall","Hallownest","Hubris","Infinite Spire","Minty Spire (QoL Compilation)","Relic Sorter","Replay The Spire","StSLib","The Hierophant","The Senshi"],"gold_per_floor":[111,111,128,128,192,221,221,256,281,281,388,151,164,214,214,344,407,427,446,496,546,569,569,592,642,713,734,341,341,372,422,422,553,553,572,521,614,664,714,714,748,162,186,206,376,376,376,451,451,451],"floor_reached":51,"language":"ENG","playtime":3436,"items_purged":[],"score":812,"play_id":"ba20b6bd-f3e4-4993-bd10-9898e4756d99","local_time":"20210115121634","is_ascension_mode":true,"campfire_choices":[{"floor":7,"key":"REST"},{"floor":10,"key":"REST"},{"floor":15,"key":"REST"},{"floor":23,"key":"REST"},{"floor":29,"key":"REST"},{"floor":32,"key":"REST"},{"data":"ReplayTheSpireMod:Chaos Vortex","floor":40,"key":"SMITH"},{"data":"Disarm","floor":47,"key":"SMITH"},{"data":"hubris:StunningStrike","floor":49,"key":"SMITH"}],"circlet_count":0,"master_deck":["Strike_R+1","Strike_R+1","Strike_R+1","Strike_R+1","Strike_R+1","Defend_R+1","Defend_R+1","Defend_R+1","Bash","Rampage+1","Disarm+1","Twin Strike","ReplayTheSpireMod:Stacked+1","hubris:ReadiedAction+1","expansioncontent:Flail","Seeing Red+1","Injury","hubris:StunningStrike+1","Shrug It Off+1","Bloodletting+1","ReplayTheSpireMod:Chaos Vortex+1","Berserk","Seeing Red+1","Shrug It Off+1","Cleave","Life Link","hubris:StunningStrike","Shrug It Off+1","Clothesline+1","Flex+1"],"relics":["Black Blood","Ice Cream","hubris:Towel","SsserpentHead","Red Skull","Toxic Egg 2","Blood Vial","Bronze Scales","Pet Ghost","Golden Idol","Tiny House","hubris:Metronome","StoneCalendar","theSenshi:SailorFukuRelic","infinitespire:Broken Mirror","hubris:MobiusCoin","Juzu Bracelet","Mango","Paper Frog","Lee\u0027s Waffle","ReplayTheSpireMod:Shallot","Vajra","ReplayTheSpireMod:TigerMarble"],"acts_visited":["Exordium","TheCity","TheBeyond"],"potions_floor_usage":[11,16,22,33,33,50,50],"damage_taken":[{"damage":14,"enemies":"Small Slimes","floor":1,"turns":6},{"damage":6,"enemies":"2 Louse","floor":3,"turns":3},{"damage":0,"enemies":"Cultist","floor":5,"turns":3},{"damage":32,"enemies":"Gremlin Nob","floor":6,"turns":5},{"damage":35,"enemies":"3 Sentries","floor":8,"turns":7},{"damage":25,"enemies":"Lagavulin Event","floor":11,"turns":6},{"damage":8,"enemies":"Large Slime","floor":13,"turns":4},{"damage":27,"enemies":"The Guardian","floor":16,"turns":8},{"damage":26,"enemies":"2 Thieves","floor":18,"turns":4},{"damage":9,"enemies":"Chosen","floor":19,"turns":4},{"damage":21,"enemies":"Snake Plant","floor":22,"turns":3},{"damage":9,"enemies":"Snecko","floor":24,"turns":5},{"damage":7,"enemies":"Sentry and Sphere","floor":27,"turns":6},{"damage":24,"enemies":"Book of Stabbing","floor":30,"turns":5},{"damage":71,"enemies":"Automaton","floor":33,"turns":7},{"damage":25,"enemies":"Orb Walker","floor":35,"turns":4},{"damage":25,"enemies":"conspire:MimicChest","floor":37,"turns":6},{"damage":26,"enemies":"Nemesis","floor":41,"turns":6},{"damage":5,"enemies":"3 Darklings","floor":44,"turns":6},{"damage":37,"enemies":"Time Eater","floor":50,"turns":8}],"seed_played":"5466512933740093015","potions_obtained":[{"floor":1,"key":"SteroidPotion"},{"floor":5,"key":"Dexterity Potion"},{"floor":6,"key":"GamblersBrew"},{"floor":11,"key":"Adrenaline Potion"},{"floor":16,"key":"Block Potion"},{"floor":17,"key":"FearPotion"},{"floor":24,"key":"ColorlessPotion"},{"floor":30,"key":"BloodPotion"},{"floor":37,"key":"Reflective Coating"},{"floor":44,"key":"BlessingOfTheForge"}],"is_trial":false,"path_per_floor":["M","?","M","?","M","E","R","E","T","R","?","$","M","?","R","B",null,"M","M","?","?","M","R","M","?","T","M","$","R","E","?","R","B",null,"M","$","?","?","?","R","E","$","T","M","?","$","R","T","R","B",null],"character_chosen":"IRONCLAD","items_purchased":["Pet Ghost","expansioncontent:Flail","StoneCalendar","theSenshi:SailorFukuRelic","hubris:MobiusCoin","Paper Frog","Lee\u0027s Waffle","ReplayTheSpireMod:Shallot"],"campfire_rested":6,"item_purchase_floors":[12,12,28,28,36,42,42,42],"current_hp_per_floor":[64,64,64,64,70,44,65,36,36,57,40,40,40,40,61,42,77,57,56,36,36,23,46,45,45,45,46,46,69,53,53,76,27,77,64,64,53,53,53,53,55,98,98,98,98,98,98,98,98,73],"gold":451,"neow_bonus":"ONE_RARE_RELIC","is_daily":false,"chose_seed":false,"campfire_upgraded":3,"win_rate":0.0,"timestamp":1610712994,"path_taken":["M","?","M","?","?","E","R","E","T","R","?","$","M","?","R","BOSS","M","M","?","?","M","R","M","?","T","M","?","R","E","?","R","BOSS","M","$","?","?","?","R","E","?","T","M","?","$","R","?","R","BOSS"],"items_purchased_type":["Relic","Card","Relic","Relic","Relic","Relic","Relic","Relic"],"build_version":"2020-12-22","purchased_purges":0,"victory":true,"max_hp_per_floor":[72,72,72,72,72,72,72,72,72,72,72,72,72,72,72,72,77,77,77,77,77,77,77,77,77,77,77,77,77,77,77,77,77,77,77,77,77,77,77,77,91,98,98,98,98,98,98,98,98,98],"card_choices":[{"not_picked":["Body Slam","Combust"],"picked":"Rampage","floor":1},{"not_picked":["True Grit","Armaments"],"picked":"Disarm","floor":3},{"not_picked":["Massacre","Warcry"],"picked":"Brutality","floor":5},{"not_picked":["Body Slam","Limit Break"],"picked":"Twin Strike","floor":6},{"not_picked":["Barricade","Disarm+1"],"picked":"ReplayTheSpireMod:Stacked+1","floor":8},{"not_picked":["Anger","Armaments+1"],"picked":"hubris:ReadiedAction+1","floor":11},{"not_picked":["Body Slam","Havoc+1"],"picked":"Seeing Red+1","floor":13},{"not_picked":["Barricade","Limit Break+1"],"picked":"hubris:StunningStrike","floor":16},{"not_picked":["Clash","Rampage"],"picked":"Shrug It Off+1","floor":17},{"not_picked":["Sword Boomerang","Cleave"],"picked":"Bloodletting+1","floor":18},{"not_picked":["Clash","Carnage+1","Cleave"],"picked":"SKIP","floor":19},{"not_picked":["infinitespire:Oblivion","infinitespire:Gouge"],"picked":"ReplayTheSpireMod:Chaos Vortex","floor":20},{"not_picked":["Thunderclap","Fire Breathing"],"picked":"Berserk","floor":22},{"not_picked":["Clash","Twin Strike"],"picked":"Seeing Red+1","floor":24},{"not_picked":["Defy Death+1","Sword Boomerang","infinitespire:OneForAll"],"picked":"SKIP","floor":27},{"not_picked":["Twin Strike","Whirlwind"],"picked":"Shrug It Off+1","floor":30},{"not_picked":["Body Slam+1","Evolve","Clash"],"picked":"SKIP","floor":35},{"not_picked":["ReplayTheSpireMod:Limb From Limb","Evolve"],"picked":"Life Link","floor":37},{"not_picked":["Iron Wave+1","Replay:Undeath\u0027s Touch+1"],"picked":"Shrug It Off+1","floor":41},{"not_picked":["Searing Blow+1","Shockwave+1"],"picked":"Clothesline+1","floor":44},{"not_picked":["Rampage","Iron Wave+1"],"picked":"Flex+1","floor":45}],"player_experience":197581,"relics_obtained":[{"floor":6,"key":"Red Skull"},{"floor":8,"key":"Toxic Egg 2"},{"floor":9,"key":"Blood Vial"},{"floor":11,"key":"Bronze Scales"},{"floor":26,"key":"hubris:Metronome"},{"floor":30,"key":"infinitespire:Broken Mirror"},{"floor":37,"key":"Juzu Bracelet"},{"floor":41,"key":"Mango"},{"floor":43,"key":"Vajra"},{"floor":48,"key":"ReplayTheSpireMod:TigerMarble"}],"event_choices":[{"damage_healed":0,"gold_gain":0,"player_choice":"Trade","damage_taken":0,"relics_obtained":["SsserpentHead"],"max_hp_gain":0,"max_hp_loss":0,"event_name":"FaceTrader","floor":4,"gold_loss":0},{"damage_healed":0,"gold_gain":0,"player_choice":"Searched \u00272\u0027 times","damage_taken":0,"max_hp_gain":0,"max_hp_loss":0,"event_name":"Dead Adventurer","floor":11,"gold_loss":0},{"damage_healed":0,"gold_gain":0,"player_choice":"Take Wound","damage_taken":0,"relics_obtained":["Golden Idol"],"max_hp_gain":0,"max_hp_loss":0,"event_name":"Golden Idol","floor":14,"gold_loss":0,"cards_obtained":["Injury"]},{"damage_healed":0,"gold_gain":0,"player_choice":"Ignored","damage_taken":0,"max_hp_gain":0,"max_hp_loss":0,"event_name":"Ghosts","floor":21,"gold_loss":0},{"damage_healed":0,"gold_gain":0,"player_choice":"Simplicity","damage_taken":0,"max_hp_gain":0,"max_hp_loss":0,"event_name":"Back to Basics","floor":25,"gold_loss":0,"cards_upgraded":["Strike_R","Strike_R","Strike_R","Strike_R","Strike_R","Defend_R","Defend_R","Defend_R","Defend_R"]},{"damage_healed":0,"gold_gain":0,"cards_transformed":["Defend_R"],"player_choice":"Transformed","damage_taken":0,"max_hp_gain":0,"max_hp_loss":0,"event_name":"Transmorgrifier","floor":31,"gold_loss":0,"cards_obtained":["Cleave"]},{"cards_removed":["Brutality"],"damage_healed":0,"gold_gain":0,"player_choice":"Removed Power","damage_taken":0,"max_hp_gain":0,"max_hp_loss":0,"event_name":"Falling","floor":38,"gold_loss":0},{"damage_healed":0,"gold_gain":0,"player_choice":"Copied","damage_taken":0,"max_hp_gain":0,"max_hp_loss":0,"event_name":"Duplicator","floor":39,"gold_loss":0,"cards_obtained":["hubris:StunningStrike"]}],"is_beta":false,"boss_relics":[{"not_picked":["Calling Bell","Velvet Choker"],"picked":"Tiny House"},{"not_picked":["hubris:TerracottaHorce","conspire:SeveredTorchhead"],"picked":"Black Blood"}],"items_purged_floors":[],"is_endless":false,"potions_floor_spawned":[1,5,6,11,16,19,24,30,37,44],"ascension_level":2}}