{"host":"dqv8oo4v229c1o2l","time":1610738721,"event":{"mods":["AchievementEnabler","BaseMod","Colored Map","Colored Powertips","Minty Spire (QoL Compilation)","Quick Restart","Rare Cards Sparkle","StSLib","Synergy Search"],"gold_per_floor":[116,133,152,168,186,186,220,240,264,280,296,311,311,346,346,447,447,466,483,483,483],"floor_reached":20,"language":"ENG","playtime":890,"items_purged":[],"score":240,"play_id":"38cfdcd3-48e8-4a0f-b6b9-c0fe109c9196","local_time":"20210115112521","is_ascension_mode":true,"campfire_choices":[{"data":"Armaments","floor":6.0,"key":"SMITH"},{"floor":13.0,"key":"REST"},{"data":"Body Slam","floor":15.0,"key":"SMITH"}],"circlet_count":0,"master_deck":["Strike_R","Strike_R","Strike_R","Strike_R","Strike_R","Defend_R","Defend_R","Defend_R","Defend_R","Bash","Shrug It Off","Armaments+1","Pommel Strike","Body Slam+1","Shrug It Off","Rupture","Hemokinesis","Heavy Blade+1","Demon Form","CurseOfTheBell","Pummel+1"],"relics":["Burning Blood","NeowsBlessing","Vajra","Molten Egg 2","Calling Bell","Anchor","Mummified Hand","Calipers"],"acts_visited":["Exordium","TheCity"],"potions_floor_usage":[16,19],"damage_taken":[{"damage":0.0,"enemies":"Cultist","floor":1.0,"turns":1.0},{"damage":0.0,"enemies":"Small Slimes","floor":2.0,"turns":1.0},{"damage":0.0,"enemies":"2 Louse","floor":3.0,"turns":1.0},{"damage":11.0,"enemies":"Large Slime","floor":4.0,"turns":6.0},{"damage":20.0,"enemies":"3 Louse","floor":5.0,"turns":4.0},{"damage":44.0,"enemies":"Lagavulin","floor":7.0,"turns":9.0},{"damage":17.0,"enemies":"Exordium Wildlife","floor":8.0,"turns":5.0},{"damage":0.0,"enemies":"Exordium Thugs","floor":10.0,"turns":4.0},{"damage":6.0,"enemies":"2 Fungi Beasts","floor":11.0,"turns":3.0},{"damage":0.0,"enemies":"Blue Slaver","floor":12.0,"turns":4.0},{"damage":20.0,"enemies":"Gremlin Nob","floor":14.0,"turns":4.0},{"damage":30,"enemies":"Hexaghost","floor":16,"turns":10},{"damage":11,"enemies":"Chosen","floor":18,"turns":6},{"damage":20,"enemies":"Spheric Guardian","floor":19,"turns":5},{"damage":44,"enemies":"3 Cultists","floor":20,"turns":4}],"seed_played":"4670095219970980632","potions_obtained":[{"floor":1.0,"key":"Ancient Potion"},{"floor":3.0,"key":"SteroidPotion"},{"floor":5.0,"key":"Block Potion"},{"floor":7.0,"key":"Weak Potion"}],"is_trial":false,"path_per_floor":["M","M","M","M","M","R","E","M","T","M","M","M","R","E","R","B",null,"M","M","M"],"character_chosen":"IRONCLAD","items_purchased":[],"campfire_rested":1,"item_purchase_floors":[],"current_hp_per_floor":[80,80,80,75,61,61,23,12,12,18,18,24,48,34,34,10,63,58,44,0,0],"gold":483,"neow_bonus":"THREE_ENEMY_KILL","is_daily":false,"chose_seed":false,"campfire_upgraded":2,"win_rate":0.0,"timestamp":1610738721,"path_taken":["M","M","M","M","M","R","E","M","T","M","M","M","R","E","R","BOSS","M","M","M"],"items_purchased_type":[],"build_version":"2020-12-22","purchased_purges":0,"victory":false,"max_hp_per_floor":[80,80,80,80,80,80,80,80,80,80,80,80,80,80,80,80,80,80,80,80,80],"card_choices":[{"not_picked":["Flame Barrier","Twin Strike"],"picked":"Shrug It Off","floor":1.0},{"not_picked":["Shockwave","Warcry"],"picked":"Armaments","floor":2.0},{"not_picked":["Flex","Twin Strike"],"picked":"Pommel Strike","floor":3.0},{"not_picked":["Anger","Armaments"],"picked":"Body Slam","floor":4.0},{"not_picked":["Heavy Blade","Sword Boomerang"],"picked":"Shrug It Off","floor":5.0},{"not_picked":["Carnage","Heavy Blade"],"picked":"Rupture","floor":7.0},{"not_picked":["Havoc","Disarm","Evolve"],"picked":"SKIP","floor":8.0},{"not_picked":["Perfected Strike","Thunderclap"],"picked":"Hemokinesis","floor":10.0},{"not_picked":["True Grit","Havoc","Perfected Strike"],"picked":"SKIP","floor":11.0},{"not_picked":["Sword Boomerang","Battle Trance","Cleave"],"picked":"SKIP","floor":12.0},{"not_picked":["Metallicize","Offering"],"picked":"Heavy Blade+1","floor":14.0},{"not_picked":["Limit Break","Barricade"],"picked":"Demon Form","floor":16},{"not_picked":["Twin Strike+1","Armaments"],"picked":"Pummel+1","floor":18},{"not_picked":["Intimidate","Pommel Strike+1","Clothesline+1"],"picked":"SKIP","floor":19}],"player_experience":280554,"relics_obtained":[{"floor":9.0,"key":"Vajra"},{"floor":14.0,"key":"Molten Egg 2"},{"floor":17,"key":"Anchor"},{"floor":17,"key":"Mummified Hand"},{"floor":17,"key":"Calipers"}],"event_choices":[],"is_beta":false,"boss_relics":[{"not_picked":["Cursed Key","Philosopher\u0027s Stone"],"picked":"Calling Bell"}],"items_purged_floors":[],"is_endless":false,"potions_floor_spawned":[1,3,5,7,14],"killed_by":"3 Cultists","ascension_level":5}}