{"host":"kz2e0ca4lw9y8gtt","time":1610680973,"event":{"mods":["100% Spire Juice","2.2 Compatiblity","A Magickal Journey","Abigail Mod","AchievementEnabler","Act Like it!","Ascension Reborn","Aspiration","Astrologer","BaseMod","Beaked The Cultist","Better Match","Better Note","Better Skull","Better Third Choice","BetterRewards","CapriCore","CatGirl Mod","Challenge The Spire","Chen","Colored Map","Colored Powertips","Conspire","Custom Start","Defuse TimeMaze Blight","Downfall","Elementarium","Energized Spire","Friendly Minions","Gensokyo","GifTheSpireLib","GungeonMod","Halation","Hallownest","Hermit","HololiveMod","Hubris","Infinite Spire","Jedi Mod","KinomotoSakuraMod(ñÿîVñ{?)","KiyohimeÅiê¥?Åj","Koishi","KomeijiMod","LagranYue(ùfäiòNÅEåé)","Lobotomy","LobotomyExtend","Luminous","Mari Mod (Legacy)","Mari\u0027s V1 Patch","MarisaÅiñ∂âJÅ@ñÇóùçπÅj","Marked Mod","Melee Mod","Menagerie","Minty Spire (QoL Compilation)","MostiFishMod","Nova Terra(?à°ÅEë◊ùf)","Onozuka Komachi Mod","Pale of the Ancients","Permanent Neow","Prisma Mod","Quick Restart","ReimuÅiîé??öÎÅj","Remilia_Scarlet MoedÅiÂQïƒ‰ª?ÅEéz?óãì¡Åj3.3.5","Replay The Spire","RumiaBox-òIïƒ?ìIê_îÈ·¥éq","SIMod","Shop Mod","Spicy Shops","StSLib","Stuff the Spire","The Administrix","The Alterego","The Animator","The Blue Laboratory","The Bug Knight","The Construct","The Cursed","The Factory","The Gatherer","The Hierophant","The Immortal","The Jungle","The Marked","The Mystic","The Runesmith","The Senshi","TheArtist","TheBandit","Trackpad","Unknown Chances","Waifu the Spire","Wandering Minibosses","WarShipGirlsR/??è≠èóR mod","Yakumo Yukari mod","Yohane!","YoumuÅiç∞ÈÆódöÎÅj","Yuyuko","vexMod","Åy?ï®?îvÅzREMEMod"],"gold_per_floor":[109,109,109,209,222,254,254,289,339,31,31,44,56,56,56,153,153,153,153,153,173,0,35,35,35,58,58,69,69,69,100,100,203,203,222,232,232,232,232,232],"floor_reached":39,"language":"ENG","playtime":1919,"items_purged":[],"score":492,"play_id":"9e431f31-adf7-4ec5-87da-d06d111768ac","local_time":"20210114212253","is_ascension_mode":true,"campfire_choices":[{"data":"BowlingBash","floor":7.0,"key":"SMITH"},{"data":"MasterSpark","floor":11.0,"key":"SMITH"},{"floor":15.0,"key":"REST"},{"floor":27,"key":"REST"},{"data":"alterego_mod:ClassAdvantage","floor":29,"key":"SMITH"},{"data":"UnstableBomb","floor":32,"key":"SMITH"}],"circlet_count":0,"master_deck":["Strike_MRS+1","Strike_MRS+1","Strike_MRS+1","Strike_MRS+1","Defend_MRS+1","Defend_MRS+1","Defend_MRS+1","Defend_MRS+1","MasterSpark+1","UpSweep","BowlingBash+1","RemiliaMod:CYMZW","Singularity","UnstableBomb+1","LuminesStrike","Mind Blast","ManaConvection","ManaConvection","NonDirectionalLaser","IllusionStar","CollectingQuirk","alterego_mod:ClassAdvantage+1","EnergyRecoil","PowerUp+1","OpenUniverse+1","AsteroidBelt","FairyDestructionRay+1","PowerUp","Reaper","Koishi:RuptureMind","BlazeAway+1","DC"],"relics":["MiniHakkero","DaveBox","REME_ComplimentaryCards","aspiration:Nostalgia","Replay:M_SmolderingBlood","SynthV:TestCard","LetterFromLob","hubris:TenFootPole","DaCapo","StuffTheSpire:OldFever","Vajra","Pear","RuthlessExorcism:ReiMu","energizedSpire:RedRose","Orichalcum","halation:BottledLove","GodSword3","infinitespire:PuzzleCube","ReplayTheSpireMod:Lightbulb","Unceasing Top","MostiFishMod:AdaptiveDefenses","GreenFoldingFan","halation:PapillonHeart","halation:PinkSoulGem"],"acts_visited":["Exordium","TheCity","TheBeyond"],"potions_floor_usage":[23,23,33],"damage_taken":[{"damage":0.0,"enemies":"2 Louse","floor":1.0,"turns":2.0},{"damage":5.0,"enemies":"Small Slimes","floor":5.0,"turns":3.0},{"damage":25.0,"enemies":"HollowMod:MossKnight","floor":6.0,"turns":8.0},{"damage":20.0,"enemies":"Replay:BlueRogue","floor":8.0,"turns":6.0},{"damage":1.0,"enemies":"Cultist","floor":12.0,"turns":3.0},{"damage":8.0,"enemies":"Red Slaver","floor":13.0,"turns":2.0},{"damage":17.0,"enemies":"Slime Boss","floor":16.0,"turns":7.0},{"damage":15.0,"enemies":"conspire:FuzzyDice","floor":21.0,"turns":3.0},{"damage":31,"enemies":"Gremlin Leader","floor":23,"turns":5},{"damage":12,"enemies":"Shell Parasite","floor":28,"turns":3},{"damage":14,"enemies":"Slavers","floor":31,"turns":2},{"damage":29,"enemies":"hubris:MusketHawk","floor":33,"turns":6},{"damage":9,"enemies":"Orb Walker","floor":35,"turns":2},{"damage":11,"enemies":"3 Darklings","floor":36,"turns":3},{"damage":11,"enemies":"infinitespire:Three Voidlings","floor":39,"turns":1},{"damage":98,"enemies":"Nightmare_Alpha","floor":39,"turns":3}],"seed_played":"1004668228418114043","potions_obtained":[{"floor":5.0,"key":"blueLaboratory:LouseDecoction"},{"floor":8.0,"key":"blueLaboratory:RememoryPotion"},{"floor":13.0,"key":"Fruit Juice"},{"floor":16.0,"key":"Ancient Potion"},{"floor":21.0,"key":"blueLaboratory:BottleOfRum"},{"floor":22,"key":"ShroomBrew"},{"floor":28,"key":"Block Potion"},{"floor":31,"key":"GamblersBrew"},{"floor":36,"key":"Venom Potion"}],"is_trial":false,"path_per_floor":["M","?","?","?","M","E","R","E","T","$","R","M","M","$","R","B",null,"M","?","T","M","?","E","$","?","T","R","M","R","T","E","R","B",null,"M","M","?","?","?"],"character_chosen":"MARISA","items_purchased":["Mind Blast","ManaConvection","Vajra","Pear","RuthlessExorcism:ReiMu"],"campfire_rested":2,"item_purchase_floors":[10,10,10,14,14],"current_hp_per_floor":[75,80,85,85,80,55,55,35,35,35,35,34,31,15,45,28,100,100,100,100,85,85,54,54,54,54,84,72,72,72,58,58,29,100,100,99,95,95,0,0],"gold":232,"neow_bonus":"NOSTALGIA","is_daily":false,"chose_seed":false,"campfire_upgraded":4,"win_rate":0.0,"timestamp":1610680973,"path_taken":["M","?","?","?","M","E","R","E","T","$","R","M","?","?","R","BOSS","M","?","?","?","?","E","?","?","T","R","M","R","?","E","R","BOSS","M","M","?","?","?"],"items_purchased_type":["Card","Card","Relic","Relic","Relic"],"build_version":"2020-12-22","purchased_purges":0,"victory":false,"max_hp_per_floor":[75,80,85,85,85,85,85,85,85,85,85,85,90,100,100,100,100,100,100,100,100,100,100,100,100,100,100,100,100,100,100,100,100,100,100,100,95,95,95,95],"card_choices":[{"not_picked":["Acceleration","GalacticHalo"],"picked":"BowlingBash","floor":1.0},{"not_picked":["MysteriousBeam","LuminesStrike","Clash","Crescendo"],"picked":"Singularity","floor":5.0},{"not_picked":["Ragnarok","Orbital","Occultation","AsteroidBelt"],"picked":"UnstableBomb","floor":6.0},{"not_picked":["MeteoricShower","EmptyFist","Clash","Occultation"],"picked":"LuminesStrike","floor":8.0},{"not_picked":["ShootingEcho","SprinkleStarSeal","MilkyWay","AsteroidBelt"],"picked":"NonDirectionalLaser","floor":12.0},{"not_picked":["SprinkleStarSeal","Carnage","DeepEcoloBomb","Halt"],"picked":"IllusionStar","floor":13.0},{"not_picked":["Ragnarok","BinaryStars","ManaRampage","AbsoluteMagnitude"],"picked":"CollectingQuirk","floor":16.0},{"not_picked":["BlazingStar","GrandCross","DarkSpark","EnergyFlow"],"picked":"EnergyRecoil","floor":21.0},{"not_picked":["PropBag","GrandCross+1","Searing Blow","SporeBomb"],"picked":"PowerUp+1","floor":22},{"not_picked":["Whirlwind","GrandCross","MysteriousBeam","Orbital"],"picked":"OpenUniverse+1","floor":22},{"not_picked":["ForeignInfluence+1","DeepEcoloBomb","Infernal Blade+1","FairyDestructionRay"],"picked":"AsteroidBelt","floor":23},{"not_picked":["Headbutt","Halt+1","SuperPerseids+1","NonDirectionalLaser+1"],"picked":"FairyDestructionRay+1","floor":28},{"not_picked":["UnstableBomb","Robbery","ChargingUp","UltimateShortwave"],"picked":"PowerUp","floor":31},{"not_picked":["Ragnarok","UltimateShortwave","StarDustReverie","JA"],"picked":"Reaper","floor":33},{"not_picked":["Acceleration+1","PowerUp+1","LuminesStrike","RefractionSpark"],"picked":"BlazeAway+1","floor":35},{"not_picked":["UnstableBomb+1","Acceleration+1","EventHorizon","StarDustReverie"],"picked":"DC","floor":36}],"player_experience":866781,"relics_obtained":[{"floor":1.0,"key":"SynthV:TestCard"},{"floor":1.0,"key":"LetterFromLob"},{"floor":6.0,"key":"hubris:TenFootPole"},{"floor":8.0,"key":"DaCapo"},{"floor":9.0,"key":"StuffTheSpire:OldFever"},{"floor":20.0,"key":"Orichalcum"},{"floor":22,"key":"halation:BottledLove"},{"floor":23,"key":"GodSword3"},{"floor":26,"key":"infinitespire:PuzzleCube"},{"floor":30,"key":"ReplayTheSpireMod:Lightbulb"},{"floor":31,"key":"Unceasing Top"}],"event_choices":[{"damage_healed":0.0,"max_hp_gain":5.0,"max_hp_loss":0.0,"gold_gain":0.0,"event_name":"Remilia_CDSJ09","player_choice":"CYMZW","floor":2.0,"gold_loss":0.0,"damage_taken":0.0},{"damage_healed":0.0,"max_hp_gain":5.0,"max_hp_loss":0.0,"gold_gain":0.0,"event_name":"Big Fish","player_choice":"Donut","floor":3.0,"gold_loss":0.0,"damage_taken":0.0},{"damage_healed":0.0,"max_hp_gain":0.0,"max_hp_loss":0.0,"gold_gain":100.0,"event_name":"Golden Shrine","player_choice":"Pray","floor":4.0,"gold_loss":0.0,"damage_taken":0.0},{"cards_removed":["CollectingQuirk"],"damage_healed":0.0,"max_hp_gain":0.0,"max_hp_loss":0.0,"gold_gain":0.0,"event_name":"betterNote:BetterNote","player_choice":"Take \u0026 Give","floor":19.0,"gold_loss":0.0,"damage_taken":0.0,"cards_obtained":["alterego_mod:ClassAdvantage"]},{"damage_healed":0,"gold_gain":0,"player_choice":"Simplicity","damage_taken":0,"max_hp_gain":0,"max_hp_loss":8,"event_name":"betterThird:BetterWriting","floor":25,"gold_loss":0}],"is_beta":false,"boss_relics":[{"not_picked":["jedi:battlestandard","Replay:Wanted Poster"],"picked":"energizedSpire:RedRose"},{"not_picked":["energizedSpire:SpiderWeb","conspire:SeveredTorchhead"],"picked":"GreenFoldingFan"}],"items_purged_floors":[],"is_endless":false,"potions_floor_spawned":[5,8,13,16,21,28,31,36],"killed_by":"Nightmare_Alpha","ascension_level":1}}