{"host":"Krakhan","time":1610683656,"event":{"mods":["AchievementEnabler","BaseMod","Colored Map","Colored Powertips","Faster Ascension Climbing","Highlight Path","Minty Spire (QoL Compilation)","Rare Cards Sparkle","Relic Stats","StSLib"],"gold_per_floor":[109,184,194,208,208,208,222,222,273,273,283,298,318,336,336,436,436,450,463,553,564,583,597,597,614,637,637,736,736,755,772,772,871,871,885,885,898,898,913,913,913,252,277,277,277,277,107,107,107,107],"floor_reached":51,"language":"ENG","playtime":2241,"items_purged":["Strike_R"],"score":645,"play_id":"d5d99356-3532-4594-a9a6-4801a37782ef","local_time":"20210114230736","is_ascension_mode":false,"campfire_choices":[{"data":"Searing Blow","floor":6.0,"key":"SMITH"},{"data":"Searing Blow+1","floor":8.0,"key":"SMITH"},{"data":"Searing Blow+2","floor":10.0,"key":"SMITH"},{"data":"Searing Blow+3","floor":15.0,"key":"SMITH"},{"data":"Heavy Blade","floor":24.0,"key":"SMITH"},{"data":"Dual Wield","floor":27.0,"key":"SMITH"},{"data":"Searing Blow+4","floor":29.0,"key":"SMITH"},{"data":"Searing Blow+5","floor":32.0,"key":"SMITH"},{"floor":40.0,"key":"REST"},{"data":"Searing Blow+6","floor":46.0,"key":"SMITH"},{"data":"Impervious","floor":49.0,"key":"SMITH"}],"circlet_count":0,"master_deck":["Strike_R+1","Strike_R","Strike_R","Strike_R","Defend_R","Defend_R","Defend_R","Defend_R","Bash","Twin Strike","Searing Blow+7","Burning Pact","Fire Breathing","Clothesline+1","Reaper","Flame Barrier","Flame Barrier","Spot Weakness","Combust+1","Heavy Blade+1","Dual Wield+1","Entrench","Impervious+1","Shockwave","Mayhem","Writhe"],"relics":["Snecko Eye"],"acts_visited":["Exordium","TheCity","TheBeyond"],"potions_floor_usage":[50,50],"damage_taken":[{"damage":2.0,"enemies":"Small Slimes","floor":1.0,"turns":4.0},{"damage":1.0,"enemies":"Cultist","floor":3.0,"turns":3.0},{"damage":3.0,"enemies":"Jaw Worm","floor":4.0,"turns":4.0},{"damage":0.0,"enemies":"3 Louse","floor":7.0,"turns":2.0},{"damage":0.0,"enemies":"Red Slaver","floor":11.0,"turns":1.0},{"damage":0.0,"enemies":"Looter","floor":12.0,"turns":2.0},{"damage":0.0,"enemies":"Large Slime","floor":13.0,"turns":4.0},{"damage":0.0,"enemies":"Blue Slaver","floor":14.0,"turns":1.0},{"damage":3.0,"enemies":"Slime Boss","floor":16.0,"turns":5.0},{"damage":5.0,"enemies":"Chosen","floor":18.0,"turns":4.0},{"damage":0.0,"enemies":"3 Byrds","floor":19.0,"turns":5.0},{"damage":14.0,"enemies":"Shelled Parasite and Fungi","floor":21.0,"turns":4.0},{"damage":0.0,"enemies":"Centurion and Healer","floor":22.0,"turns":7.0},{"damage":3.0,"enemies":"Snecko","floor":23.0,"turns":5.0},{"damage":4.0,"enemies":"Snake Plant","floor":25.0,"turns":4.0},{"damage":3.0,"enemies":"Shelled Parasite and Fungi","floor":30.0,"turns":3.0},{"damage":14.0,"enemies":"Centurion and Healer","floor":31.0,"turns":7.0},{"damage":50.0,"enemies":"Collector","floor":33.0,"turns":7.0},{"damage":10.0,"enemies":"Orb Walker","floor":35.0,"turns":3.0},{"damage":71.0,"enemies":"3 Darklings","floor":37.0,"turns":7.0},{"damage":39.0,"enemies":"Writhing Mass","floor":39.0,"turns":7.0},{"damage":0.0,"enemies":"Jaw Worm Horde","floor":48.0,"turns":1.0},{"damage":74,"enemies":"Donu and Deca","floor":50,"turns":10}],"seed_played":"7438405941096598391","potions_obtained":[{"floor":4.0,"key":"Swift Potion"},{"floor":7.0,"key":"Weak Potion"},{"floor":12.0,"key":"Swift Potion"},{"floor":13.0,"key":"ColorlessPotion"},{"floor":22.0,"key":"Block Potion"},{"floor":23.0,"key":"Explosive Potion"},{"floor":35.0,"key":"LiquidMemories"}],"is_trial":false,"path_per_floor":["M","?","M","M","?","R","M","R","T","R","M","M","M","M","R","B",null,"M","M","?","M","M","M","R","M","T","R","?","R","M","M","R","B",null,"M","?","M","?","M","R","T","$","T","?","?","R","$","M","R","B",null],"character_chosen":"IRONCLAD","items_purchased":["Shockwave","Regen Potion","Weak Potion","PowerPotion","Whetstone","Mayhem","EssenceOfSteel","SmokeBomb"],"campfire_rested":1,"item_purchase_floors":[42,42,42,42,42,42,47,47],"current_hp_per_floor":[78,70,69,66,71,71,71,71,71,71,71,71,71,71,71,68,85,84,85,60,46,54,58,58,56,56,56,56,56,63,59,59,9,85,85,75,60,60,24,49,49,49,49,49,70,70,70,70,70,11],"gold":107,"neow_bonus":"BOSS_RELIC","is_daily":false,"chose_seed":false,"campfire_upgraded":10,"win_rate":0.0,"timestamp":1610683656,"path_taken":["M","?","M","?","?","R","M","R","T","R","M","M","M","M","R","BOSS","M","M","?","?","M","M","R","M","T","R","?","R","M","M","R","BOSS","M","?","M","?","M","R","?","$","T","?","?","R","$","M","R","BOSS"],"items_purchased_type":["Card","Potion","Potion","Potion","Relic","Card","Potion","Potion"],"build_version":"2020-12-18","purchased_purges":1,"victory":true,"max_hp_per_floor":[80,80,80,80,85,85,85,85,85,85,85,85,85,85,85,85,85,85,85,85,85,85,85,85,85,85,85,85,85,85,85,85,85,85,85,85,85,85,85,85,85,85,85,85,85,85,85,85,85,85],"relic_stats":{"counters":[23,100],"Snecko Eye":[169,197,173,182],"obtain_stats":[{"Snecko Eye":0,"Whetstone":42,"Burning Blood":0},{"Snecko Eye":0,"Whetstone":21,"Burning Blood":0},{"Snecko Eye":0,"Whetstone":89,"Burning Blood":0}]},"card_choices":[{"not_picked":["Body Slam","Warcry","True Grit"],"picked":"SKIP","floor":1.0},{"not_picked":["Disarm","Sentinel"],"picked":"Twin Strike","floor":3.0},{"not_picked":["Armaments","Thunderclap"],"picked":"Searing Blow","floor":4.0},{"not_picked":["Seeing Red","Carnage"],"picked":"Burning Pact","floor":7.0},{"not_picked":["Clash","Dropkick","Havoc"],"picked":"SKIP","floor":11.0},{"not_picked":["Seeing Red","Body Slam","Thunderclap"],"picked":"SKIP","floor":12.0},{"not_picked":["Wild Strike","Burning Pact"],"picked":"Fire Breathing","floor":13.0},{"not_picked":["Sword Boomerang","Berserk"],"picked":"Clothesline","floor":14.0},{"not_picked":["Brutality","Barricade"],"picked":"Reaper","floor":16.0},{"not_picked":["Hemokinesis","Pommel Strike"],"picked":"Flame Barrier","floor":18.0},{"not_picked":["Flex+1","Ghostly Armor"],"picked":"Flame Barrier","floor":19.0},{"not_picked":["Flex+1","Clash"],"picked":"Spot Weakness","floor":21.0},{"not_picked":["Shrug It Off","Sever Soul+1"],"picked":"Combust+1","floor":22.0},{"not_picked":["Anger","True Grit+1"],"picked":"Heavy Blade","floor":23.0},{"not_picked":["Infernal Blade","Body Slam"],"picked":"Dual Wield","floor":25.0},{"not_picked":["Clash","Dark Embrace","Perfected Strike"],"picked":"SKIP","floor":30.0},{"not_picked":["Havoc","Heavy Blade+1"],"picked":"Entrench","floor":31.0},{"not_picked":["Bludgeon","Immolate"],"picked":"Impervious","floor":33.0},{"not_picked":["Whirlwind","Power Through","Shrug It Off"],"picked":"SKIP","floor":35.0},{"not_picked":["Flex","True Grit","Reckless Charge"],"picked":"SKIP","floor":37.0},{"not_picked":["Heavy Blade+1","Pommel Strike","Anger"],"picked":"SKIP","floor":39.0}],"player_experience":1318934,"relics_obtained":[],"event_choices":[{"damage_healed":0.0,"max_hp_gain":0.0,"max_hp_loss":0.0,"gold_gain":75.0,"event_name":"FaceTrader","player_choice":"Touch","floor":2.0,"gold_loss":0.0,"damage_taken":8.0},{"damage_healed":0.0,"max_hp_gain":5.0,"max_hp_loss":0.0,"gold_gain":0.0,"event_name":"Big Fish","player_choice":"Donut","floor":5.0,"gold_loss":0.0,"damage_taken":0.0},{"damage_healed":0.0,"max_hp_gain":0.0,"max_hp_loss":0.0,"gold_gain":90.0,"event_name":"Knowing Skull","player_choice":"POTION POTION GOLD ","floor":20.0,"potions_obtained":["SteroidPotion","GamblersBrew"],"gold_loss":0.0,"damage_taken":25.0,"cards_obtained":[]},{"damage_healed":0.0,"max_hp_gain":0.0,"max_hp_loss":0.0,"gold_gain":99.0,"event_name":"Nest","player_choice":"Stole From Cult","floor":28.0,"gold_loss":0.0,"damage_taken":0.0},{"damage_healed":0.0,"max_hp_gain":0.0,"max_hp_loss":0.0,"gold_gain":0.0,"event_name":"SensoryStone","player_choice":"Memory 3","floor":36.0,"gold_loss":0.0,"damage_taken":10.0},{"damage_healed":0.0,"max_hp_gain":0.0,"max_hp_loss":0.0,"gold_gain":0.0,"event_name":"Mysterious Sphere","player_choice":"Ignored","floor":38.0,"gold_loss":0.0,"damage_taken":0.0},{"damage_healed":0.0,"max_hp_gain":0.0,"max_hp_loss":0.0,"gold_gain":0.0,"event_name":"Tomb of Lord Red Mask","player_choice":"Ignored","floor":44.0,"gold_loss":0.0,"damage_taken":0.0},{"damage_healed":21.0,"max_hp_gain":0.0,"max_hp_loss":0.0,"gold_gain":0.0,"event_name":"Winding Halls","player_choice":"Writhe","floor":45.0,"gold_loss":0.0,"damage_taken":0.0,"cards_obtained":["Writhe"]}],"is_beta":true,"boss_relics":[{"not_picked":["Tiny House","Black Star","Runic Dome"]},{"not_picked":["SacredBark","Busted Crown","Philosopher\u0027s Stone"]}],"items_purged_floors":[42],"is_endless":false,"potions_floor_spawned":[4,7,12,13,18,22,23,35,48],"ascension_level":0}}