{"host":"aj6dldabq8s02zuz","time":1610671280,"event":{"mods":["BaseMod","Block Reminder","Colored Map","Custom Start","Downfall","Hermit","Highlight Path","Hubris","Minty Spire (QoL Compilation)","Permanent Neow","Quick Restart","Relic Sorter","Replay The Spire","StSLib","The Blue Laboratory","The Jungle","TheArtist","Wandering Minibosses"],"gold_per_floor":[99,110,110,15,30,30,54,69,69,69,69,69],"floor_reached":10,"language":"ENG","playtime":564,"items_purged":[],"score":56,"play_id":"75ac0df2-1bda-453a-9bd2-5883ac335bb6","local_time":"20210114184120","is_ascension_mode":false,"campfire_choices":[{"floor":1,"key":"RECALL"},{"data":"hexamod:Strike","floor":9,"key":"SMITH"}],"circlet_count":0,"master_deck":["hexamod:Strike+1","hexamod:Strike","hexamod:Strike","hexamod:Defend","hexamod:Defend","hexamod:Defend","hexamod:Defend","hexamod:Sear","hexamod:Float","hexamod:FastForward","hexamod:PhantomCloak","hexamod:FirstSeal"],"relics":["hexamod:SpiritBrand","Pen Nib","downfall:BrokenWingStatue"],"acts_visited":["Exordium"],"potions_floor_usage":[],"damage_taken":[{"damage":7,"enemies":"2 Louse","floor":2,"turns":5},{"damage":0,"enemies":"downfall:FleeingMerchant","floor":4,"turns":4},{"damage":0,"enemies":"Jaw Worm","floor":5,"turns":6},{"damage":2,"enemies":"Small Slimes","floor":8,"turns":3},{"damage":80,"enemies":"Gremlin Nob","floor":10,"turns":6}],"seed_played":"-307678885269825798","potions_obtained":[{"floor":5,"key":"Fire Potion"}],"is_trial":false,"path_per_floor":["R","M","?","$","M","?","T","M","R","E"],"character_chosen":"THE_SPIRIT","items_purchased":["hexamod:PhantomCloak"],"campfire_rested":0,"item_purchase_floors":[4],"current_hp_per_floor":[70,63,63,63,63,63,63,68,68,0,0,0],"gold":69,"neow_bonus":"RANDOM_COMMON_RELIC","is_daily":false,"chose_seed":false,"campfire_upgraded":1,"win_rate":0.0,"timestamp":1610671280,"path_taken":["R","M","?","$","M","?","T","M","R","E"],"items_purchased_type":["Card"],"build_version":"2020-12-22","purchased_purges":0,"victory":false,"max_hp_per_floor":[70,70,70,70,70,70,70,70,70,70,70,70],"card_choices":[{"not_picked":["hexamod:GhostflameBarrier","hexamod:HeatCrush","hexamod:AdvancingGuard"],"picked":"SKIP","floor":2},{"not_picked":["hexamod:NightmareStrike","hexamod:UnleashSpirits"],"picked":"hexamod:FastForward","floor":4},{"not_picked":["hexamod:ShieldOfDarkness","hexamod:HauntingEcho"],"picked":"hexamod:FirstSeal","floor":5},{"not_picked":["hexamod:Firestarter","hexamod:Rewind","hexamod:ThermalTransfer"],"picked":"SKIP","floor":8}],"player_experience":25961,"relics_obtained":[],"event_choices":[],"is_beta":false,"boss_relics":[],"items_purged_floors":[],"is_endless":false,"potions_floor_spawned":[2,5],"killed_by":"Gremlin Nob","ascension_level":0}}