{"host":"pa9f0x1gh89g8gxw","time":1610697820,"event":{"mods":["BaseMod","Colored Powertips","Hubris","Infinite Spire","Minty Spire (QoL Compilation)","Replay The Spire","StSLib"],"gold_per_floor":[18,36,55,55,55,86,97,272,272,286,256,290,305,305,305,410,410,410,410],"floor_reached":18,"language":"ENG","playtime":445,"items_purged":[],"score":181,"play_id":"31618d57-1a0b-436e-8392-3da4dbe95109","local_time":"20210115190340","is_ascension_mode":true,"campfire_choices":[{"data":"Whirlwind","floor":15,"key":"SMITH"}],"circlet_count":0,"master_deck":["Strike_R","Strike_R","Strike_R","Strike_R","Defend_R","Defend_R","Defend_R","Bash","Flex","Twin Strike","Thunderclap","Whirlwind+1","Spot Weakness","Reaper","CurseOfTheBell"],"relics":["Burning Blood","hubris:IronBody","infinitespire:Broken Mirror","Ancient Tea Set","Calling Bell","hubris:CuriousFeather","Replay:Wax Seal","Replay:Accelerometer"],"acts_visited":["Exordium","TheCity"],"potions_floor_usage":[12,16,16],"damage_taken":[{"damage":0,"enemies":"Small Slimes","floor":1,"turns":3},{"damage":6,"enemies":"Cultist","floor":2,"turns":3},{"damage":13,"enemies":"2 Louse","floor":3,"turns":2},{"damage":36,"enemies":"Lagavulin","floor":6,"turns":5},{"damage":16,"enemies":"Large Slime","floor":7,"turns":5},{"damage":0,"enemies":"Lots of Slimes","floor":10,"turns":1},{"damage":10,"enemies":"Looter","floor":11,"turns":4},{"damage":7,"enemies":"Gremlin Nob","floor":12,"turns":4},{"damage":2,"enemies":"Blue Slaver","floor":13,"turns":3},{"damage":9,"enemies":"The Guardian","floor":16,"turns":9},{"damage":0,"enemies":"Spheric Guardian","floor":18,"turns":1}],"seed_played":"-1798056118562160111","potions_obtained":[{"floor":7,"key":"LifebloodPotion"},{"floor":10,"key":"Block Potion"},{"floor":12,"key":"Flashbang"},{"floor":16,"key":"Ancient Potion"}],"is_trial":false,"path_per_floor":["M","M","M","?","?","E","M","?","T","M","M","E","M","?","R","B",null,"M"],"character_chosen":"IRONCLAD","items_purchased":[],"campfire_rested":0,"item_purchase_floors":[],"current_hp_per_floor":[80,80,73,73,73,43,33,33,33,39,35,34,38,38,38,35,80,80,80],"gold":410,"neow_bonus":"REMOVE_TWO","is_daily":false,"chose_seed":false,"campfire_upgraded":1,"win_rate":0.0,"timestamp":1610697820,"path_taken":["M","M","M","?","?","E","?","?","T","M","M","E","M","?","R","BOSS","M"],"items_purchased_type":[],"build_version":"2020-12-22","purchased_purges":0,"victory":false,"max_hp_per_floor":[80,80,80,80,80,80,80,80,80,80,80,80,80,80,80,80,80,80,80],"card_choices":[{"not_picked":["hubris:SharpeningStone","Run Through","Rage"],"picked":"SKIP","floor":1},{"not_picked":["Wild Strike","Thunderclap"],"picked":"Flex","floor":2},{"not_picked":["Dark Embrace","Headbutt"],"picked":"Twin Strike","floor":3},{"not_picked":["Thunderclap","Metallicize","Havoc"],"picked":"SKIP","floor":6},{"not_picked":["Blood for Blood","Battle Trance"],"picked":"Whirlwind","floor":7},{"not_picked":["ReplayTheSpireMod:Corrosion Curse","ReplayTheSpireMod:Strike From Hell","ReplayTheSpireMod:Stacked"],"picked":"SKIP","floor":10},{"not_picked":["ReplayTheSpireMod:Corrosion Curse","Uppercut"],"picked":"Spot Weakness","floor":11},{"not_picked":["Perfected Strike","Twin Strike","Wild Strike"],"picked":"SKIP","floor":12},{"not_picked":["Perfected Strike","Twin Strike","Wild Strike"],"picked":"SKIP","floor":12},{"not_picked":["Perfected Strike","Iron Wave","Juggernaut"],"picked":"SKIP","floor":13},{"not_picked":["Exhume","Feed"],"picked":"Reaper","floor":16}],"player_experience":476425,"relics_obtained":[{"floor":6,"key":"hubris:IronBody"},{"floor":9,"key":"infinitespire:Broken Mirror"},{"floor":12,"key":"Ancient Tea Set"},{"floor":17,"key":"hubris:CuriousFeather"},{"floor":17,"key":"Replay:Wax Seal"},{"floor":17,"key":"Replay:Accelerometer"}],"event_choices":[{"damage_healed":0,"gold_gain":0,"player_choice":"Bought 0 Potions","damage_taken":0,"max_hp_gain":0,"max_hp_loss":0,"event_name":"The Woman in Blue","floor":5,"gold_loss":0},{"damage_healed":0,"gold_gain":175,"player_choice":"AGREE","damage_taken":0,"max_hp_gain":0,"max_hp_loss":0,"event_name":"Liars Game","floor":8,"gold_loss":0,"cards_obtained":["Doubt"]},{"cards_removed":["Doubt"],"damage_healed":0,"gold_gain":0,"player_choice":"Removed Curses","damage_taken":0,"max_hp_gain":0,"max_hp_loss":0,"event_name":"Fountain of Cleansing","floor":14,"gold_loss":0}],"is_beta":false,"boss_relics":[{"not_picked":["Philosopher\u0027s Stone","hubris:BlackHole"],"picked":"Calling Bell"}],"items_purged_floors":[],"is_endless":false,"potions_floor_spawned":[7,10,12,16],"killed_by":"Spheric Guardian","ascension_level":1}}