{"host":"10b2ljh1rg6srmxa","time":1610733664,"event":{"mods":["AchievementEnabler","BaseMod","Colored Powertips","Conspire","Downfall","Googly Eyes","Hubris","Infinite Spire","Minty Spire (QoL Compilation)","Replay The Spire","StSLib"],"gold_per_floor":[110,110,174,249,309,309,309,93,93,124,124,155,172,217,217],"floor_reached":14,"language":"ENG","playtime":851,"items_purged":[],"score":104,"play_id":"f424ec70-c9f9-48f5-bb84-3655a8a92aa0","local_time":"20210115190104","is_ascension_mode":true,"campfire_choices":[{"data":"Poisoned Stab","floor":6,"key":"SMITH"}],"circlet_count":0,"master_deck":["Strike_G","Strike_G","Strike_G","Strike_G","Defend_G","Defend_G","Defend_G","Defend_G","Defend_G","Survivor","Neutralize","Deadly Poison","Doubt","Poisoned Stab+1","Sucker Punch+1","Footwork","Flying Knee","Phantasmal Killer","Well Laid Plans","Catalyst"],"relics":["Ring of the Snake","NeowsBlessing","ReplayTheSpireMod:Ring of Challenge","ReplayTheSpireMod:Ring of Collecting","ClockworkSouvenir","Pondfish Scales","Replay:WaspNest"],"acts_visited":["Exordium"],"potions_floor_usage":[12,14],"damage_taken":[{"damage":0,"enemies":"2 Louse","floor":1,"turns":1},{"damage":0,"enemies":"Jaw Worm","floor":3,"turns":1},{"damage":1,"enemies":"Small Slimes","floor":5,"turns":2},{"damage":27,"enemies":"3 Sentries","floor":10,"turns":15},{"damage":9,"enemies":"Exordium Thugs","floor":12,"turns":3},{"damage":4,"enemies":"3 Louse","floor":13,"turns":5},{"damage":15,"enemies":"Gremlin Nob","floor":14,"turns":4}],"seed_played":"-8013052661248291848","potions_obtained":[{"floor":3,"key":"Guardian:BlockOnCardUsePotion"},{"floor":5,"key":"BlessingOfTheForge"}],"is_trial":false,"path_per_floor":["M","?","M","?","M","R","?","$","T","E","?","M","M","E"],"character_chosen":"THE_SILENT","items_purchased":["ClockworkSouvenir","Footwork"],"campfire_rested":0,"item_purchase_floors":[8,8],"current_hp_per_floor":[70,70,70,59,58,58,58,58,58,31,31,22,18,3,3],"gold":217,"neow_bonus":"THREE_ENEMY_KILL","is_daily":false,"chose_seed":false,"campfire_upgraded":1,"win_rate":0.0,"timestamp":1610733664,"path_taken":["M","?","M","?","M","R","?","?","T","E","?","M","M","E"],"items_purchased_type":["Relic","Card"],"build_version":"2020-12-22","purchased_purges":0,"victory":false,"max_hp_per_floor":[70,70,70,70,70,70,70,70,70,70,70,70,70,70,70],"card_choices":[{"not_picked":["Blade Dance","Infinite Blades"],"picked":"Deadly Poison","floor":1},{"not_picked":["Caltrops","hubris:SlightOfHand"],"picked":"Poisoned Stab","floor":3},{"not_picked":["ReplayTheSpireMod:From All Sides","Bouncing Flask"],"picked":"Sucker Punch","floor":5},{"not_picked":["Bullet Time","Accuracy"],"picked":"Flying Knee","floor":10},{"not_picked":["Slice","Flying Knee"],"picked":"Well Laid Plans","floor":12},{"not_picked":["Blade Dance","Outmaneuver"],"picked":"Catalyst","floor":13}],"player_experience":340331,"relics_obtained":[{"floor":2,"key":"ReplayTheSpireMod:Ring of Challenge"},{"floor":2,"key":"ReplayTheSpireMod:Ring of Collecting"},{"floor":9,"key":"Pondfish Scales"},{"floor":10,"key":"Replay:WaspNest"}],"event_choices":[{"damage_healed":0,"gold_gain":75,"player_choice":"Gather Gold","damage_taken":11,"max_hp_gain":0,"max_hp_loss":0,"event_name":"World of Goop","floor":4,"gold_loss":0},{"damage_healed":0,"gold_gain":0,"player_choice":"Grow","damage_taken":0,"max_hp_gain":0,"max_hp_loss":0,"event_name":"Living Wall","floor":7,"gold_loss":0,"cards_upgraded":["Sucker Punch"]},{"damage_healed":0,"gold_gain":0,"cards_transformed":["Strike_G"],"player_choice":"Transformed","damage_taken":0,"max_hp_gain":0,"max_hp_loss":0,"event_name":"Transmorgrifier","floor":11,"gold_loss":0,"cards_obtained":["Phantasmal Killer"]}],"is_beta":false,"boss_relics":[],"items_purged_floors":[],"is_endless":false,"potions_floor_spawned":[3,5],"killed_by":"Gremlin Nob","ascension_level":3}}