{"host":"9tzam4717zt8ei1o","time":1610722048,"event":{"mods":["BaseMod","Colored Map","Keyboard Shortcuts","Minty Spire (QoL Compilation)","Quick Restart","StSLib","SuperFastMode"],"gold_per_floor":[118,138,138,154,79,79,4,4,4,18,37,66,66,84,84,155,155,175,190,202,45,45,73,73,89,89,89,114,128,148,173,173,250,250,250,72,90,101,323,323,323,355,355,355,355],"floor_reached":44,"language":"KOR","playtime":1119,"items_purged":["Strike_G","Strike_G","Defend_G"],"score":1010,"play_id":"f9443934-9a15-4bcd-81cc-ac5468496719","local_time":"20210115234728","is_ascension_mode":true,"campfire_choices":[{"data":"Eviscerate","floor":8.0,"key":"SMITH"},{"data":"Tools of the Trade","floor":15.0,"key":"SMITH"},{"floor":24.0,"key":"REST"},{"data":"Envenom","floor":32.0,"key":"SMITH"},{"data":"Madness","floor":40.0,"key":"SMITH"}],"circlet_count":0,"master_deck":["AscendersBane","Defend_G","Defend_G","Defend_G","Neutralize","Backflip","Eviscerate+1","PiercingWail","Tools of the Trade+1","Dagger Throw","After Image","Eviscerate","Acrobatics","Acrobatics","Envenom+1","Phantasmal Killer","Madness+1"],"relics":["Ring of the Snake","NeowsBlessing","PreservedInsect","Ninja Scroll","Art of War","NlothsMask","Runic Dome","Bottled Lightning","Ancient Tea Set","Red Mask","The Courier","Empty Cage","Blood Vial"],"acts_visited":["Exordium","TheCity","TheBeyond"],"potions_floor_usage":[],"damage_taken":[{"damage":0.0,"enemies":"Jaw Worm","floor":1.0,"turns":1.0},{"damage":0.0,"enemies":"Cultist","floor":2.0,"turns":1.0},{"damage":0.0,"enemies":"Small Slimes","floor":4.0,"turns":1.0},{"damage":6.0,"enemies":"Exordium Thugs","floor":10.0,"turns":4.0},{"damage":5.0,"enemies":"Blue Slaver","floor":11.0,"turns":3.0},{"damage":11.0,"enemies":"Lagavulin","floor":12.0,"turns":6.0},{"damage":4.0,"enemies":"Exordium Wildlife","floor":14.0,"turns":4.0},{"damage":19.0,"enemies":"The Guardian","floor":16.0,"turns":12.0},{"damage":0.0,"enemies":"Chosen","floor":18.0,"turns":5.0},{"damage":0.0,"enemies":"3 Byrds","floor":19.0,"turns":5.0},{"damage":13.0,"enemies":"Shelled Parasite and Fungi","floor":20.0,"turns":6.0},{"damage":21.0,"enemies":"Slavers","floor":23.0,"turns":6.0},{"damage":1.0,"enemies":"Centurion and Healer","floor":25.0,"turns":5.0},{"damage":4.0,"enemies":"Masked Bandits","floor":28.0,"turns":4.0},{"damage":0.0,"enemies":"Snecko","floor":29.0,"turns":3.0},{"damage":0.0,"enemies":"Cultist and Chosen","floor":30.0,"turns":5.0},{"damage":12.0,"enemies":"Gremlin Leader","floor":31.0,"turns":4.0},{"damage":3.0,"enemies":"Automaton","floor":33.0,"turns":6.0},{"damage":0.0,"enemies":"3 Darklings","floor":35.0,"turns":1.0},{"damage":8.0,"enemies":"Orb Walker","floor":37.0,"turns":2.0},{"damage":14.0,"enemies":"Jaw Worm Horde","floor":38.0,"turns":3.0},{"damage":0.0,"enemies":"Giant Head","floor":42.0,"turns":4.0},{"damage":38,"enemies":"Reptomancer","floor":44,"turns":2}],"seed_played":"6453377536917914180","potions_obtained":[{"floor":2.0,"key":"Ancient Potion"},{"floor":11.0,"key":"SneckoOil"},{"floor":16.0,"key":"PowerPotion"},{"floor":23.0,"key":"Swift Potion"},{"floor":28.0,"key":"CunningPotion"},{"floor":29.0,"key":"Ancient Potion"},{"floor":33.0,"key":"SmokeBomb"}],"is_trial":false,"path_per_floor":["M","M","?","M","?","?","$","R","T","M","M","E","?","M","R","B",null,"M","M","M","$","?","E","R","M","T","T","?","M","M","E","R","B",null,"M","$","M","M","?","R","?","E","T","E"],"character_chosen":"THE_SILENT","items_purchased":["Acrobatics","Madness"],"campfire_rested":1,"item_purchase_floors":[21,36],"current_hp_per_floor":[59,59,59,59,59,59,59,59,59,53,48,37,37,33,33,14,53,53,53,40,40,40,19,38,37,37,37,33,33,33,21,21,18,54,54,54,46,32,32,32,32,32,32,0,0],"gold":355,"neow_bonus":"THREE_ENEMY_KILL","is_daily":false,"chose_seed":false,"campfire_upgraded":4,"win_rate":0.0,"timestamp":1610722048,"path_taken":["M","M","?","?","?","?","?","R","T","M","?","E","?","M","R","BOSS","M","M","M","$","?","E","R","M","T","?","?","?","M","E","R","BOSS","M","$","M","M","?","R","?","E","T","E"],"items_purchased_type":["Card","Card"],"build_version":"2020-12-22","purchased_purges":3,"victory":false,"max_hp_per_floor":[66,66,66,66,66,66,66,66,66,66,66,66,66,66,66,66,66,66,66,66,66,66,66,66,66,66,66,66,66,66,66,66,66,66,66,66,66,66,66,66,66,66,66,66,66],"card_choices":[{"not_picked":["Slice","PiercingWail"],"picked":"Backflip","floor":1.0},{"not_picked":["Cloak And Dagger","PiercingWail"],"picked":"Deadly Poison","floor":2.0},{"not_picked":["Caltrops","Backstab"],"picked":"Eviscerate","floor":4.0},{"not_picked":["Finisher","Sucker Punch","Dagger Spray"],"picked":"SKIP","floor":10.0},{"not_picked":["Poisoned Stab","Deadly Poison"],"picked":"PiercingWail","floor":11.0},{"not_picked":["Cloak And Dagger","Deflect"],"picked":"Tools of the Trade","floor":12.0},{"not_picked":["Flechettes","Skewer"],"picked":"Dagger Throw","floor":14.0},{"not_picked":["Tools of the Trade","A Thousand Cuts"],"picked":"After Image","floor":16.0},{"not_picked":["Skewer","Leg Sweep","Predator"],"picked":"SKIP","floor":18.0},{"not_picked":["Choke","Underhanded Strike+1","Dagger Spray"],"picked":"SKIP","floor":19.0},{"not_picked":["Concentrate","Dagger Spray"],"picked":"Eviscerate","floor":20.0},{"not_picked":["Deflect","Quick Slash","Poisoned Stab"],"picked":"SKIP","floor":23.0},{"not_picked":["Blade Dance","Dagger Spray+1"],"picked":"Acrobatics","floor":25.0},{"not_picked":["Sucker Punch","Backflip","Deadly Poison"],"picked":"SKIP","floor":29.0},{"not_picked":["PiercingWail","Poisoned Stab","Deflect"],"picked":"SKIP","floor":30.0},{"not_picked":["Unload","Flying Knee"],"picked":"Envenom","floor":31.0},{"not_picked":["Wraith Form v2","Night Terror"],"picked":"Phantasmal Killer","floor":33.0},{"not_picked":["Deflect","Dagger Spray","Skewer+1"],"picked":"SKIP","floor":37.0},{"not_picked":["Deflect+1","Flying Knee","Caltrops"],"picked":"SKIP","floor":38.0},{"not_picked":["PiercingWail+1","Underhanded Strike","Endless Agony"],"picked":"SKIP","floor":42.0}],"player_experience":182088,"relics_obtained":[{"floor":9.0,"key":"Ninja Scroll"},{"floor":12.0,"key":"Art of War"},{"floor":23.0,"key":"Bottled Lightning"},{"floor":27.0,"key":"Ancient Tea Set"},{"floor":28.0,"key":"Red Mask"},{"floor":31.0,"key":"The Courier"},{"floor":42.0,"key":"Blood Vial"}],"event_choices":[{"cards_removed":["Deadly Poison"],"damage_healed":0.0,"max_hp_gain":0.0,"max_hp_loss":0.0,"gold_gain":0.0,"event_name":"WeMeetAgain","player_choice":"Gave Card","floor":3.0,"gold_loss":0.0,"damage_taken":0.0,"relics_obtained":["PreservedInsect"]},{"cards_removed":["Strike_G"],"damage_healed":0.0,"max_hp_gain":0.0,"max_hp_loss":0.0,"gold_gain":0.0,"event_name":"The Cleric","player_choice":"Card Removal","floor":5.0,"gold_loss":75.0,"damage_taken":0.0},{"cards_removed":["Defend_G"],"damage_healed":0.0,"max_hp_gain":0.0,"max_hp_loss":0.0,"gold_gain":0.0,"event_name":"Living Wall","player_choice":"Forget","floor":6.0,"gold_loss":0.0,"damage_taken":0.0},{"damage_healed":0.0,"max_hp_gain":0.0,"max_hp_loss":0.0,"gold_gain":0.0,"event_name":"FaceTrader","player_choice":"Trade","floor":13.0,"gold_loss":0.0,"damage_taken":0.0,"relics_obtained":["NlothsMask"]},{"damage_healed":0.0,"max_hp_gain":0.0,"max_hp_loss":0.0,"gold_gain":0.0,"event_name":"Vampires","player_choice":"Ignored","floor":22.0,"gold_loss":0.0,"damage_taken":0.0},{"damage_healed":0.0,"max_hp_gain":0.0,"max_hp_loss":0.0,"gold_gain":0.0,"event_name":"Masked Bandits","player_choice":"Fought Bandits","floor":28.0,"gold_loss":0.0,"damage_taken":0.0},{"damage_healed":0.0,"max_hp_gain":0.0,"max_hp_loss":0.0,"gold_gain":222.0,"event_name":"Tomb of Lord Red Mask","player_choice":"Wore Mask","floor":39.0,"gold_loss":0.0,"damage_taken":0.0},{"cards_removed":["Survivor"],"damage_healed":0.0,"max_hp_gain":0.0,"max_hp_loss":0.0,"gold_gain":0.0,"event_name":"Falling","player_choice":"Removed Skill","floor":41.0,"gold_loss":0.0,"damage_taken":0.0}],"is_beta":false,"boss_relics":[{"not_picked":["Runic Pyramid","Velvet Choker"],"picked":"Runic Dome"},{"not_picked":["Black Star","Cursed Key"],"picked":"Empty Cage"}],"items_purged_floors":[7,21,36],"is_endless":false,"potions_floor_spawned":[2,11,16,23,28,29,33,35],"killed_by":"Reptomancer","ascension_level":20}}