{"host":"a5523bqxi3k68xf3","time":1610711964,"event":{"mods":["BaseMod","BetterRewards","Hermit","Koishi","Marisa????????","Minty Spire (QoL Compilation)","Quick Restart","Random Character Button","Relic Stats","Shop Mod","StSLib","The Animator","The Cursed","The Necromancer","The Servant 0.9.4"],"gold_per_floor":[116,116,131,146,99,99,128,139,139,139,168,168,248,277,277,356,356,367,380,57,67,79,112,112,130,130,164,181,229,247,278,278,355,355,370,370,382,208,221,221,248,248,248,248,262,0,28,28,28,28],"floor_reached":51,"language":"ENG","playtime":1769,"items_purged":["Defend_W","Defend_W"],"score":1717,"play_id":"413e481f-f061-4081-be06-e53a2f61b0f4","local_time":"20210115125924","is_ascension_mode":true,"campfire_choices":[{"floor":6,"key":"REST"},{"data":"Negative_Energy_Burst","floor":10,"key":"SMITH"},{"data":"Summon_Lich","floor":12,"key":"SMITH"},{"data":"Necrotic_Claws","floor":15,"key":"SMITH"},{"data":"Summon_Death_Knight","floor":24,"key":"SMITH"},{"data":"Requiem","floor":32,"key":"SMITH"},{"data":"Summon_Undead_Army","floor":40,"key":"SMITH"},{"floor":42,"key":"REST"},{"floor":49,"key":"REST"}],"circlet_count":0,"master_deck":["AscendersBane","Strike_W","Strike_W","Strike_W","Strike_W","Defend_W","Defend_W","Negative_Energy_Arrows","Bone_Wall","Necrotic_Claws+1","Consume_Illness","Summon_Lich+1","Plague_Bolt","Negative_Energy_Burst+1","Negative_Energy_Javelin","Summon_Death_Knight+1","Summon_Lich+1","Uncharnel","Life_Drain","Requiem+1","Wraith","Life_Drain","Summon_Lich","Summon_Undead_Army+1","Vampiric_Strike","Pandemic+1"],"relics":["Vampire_Amulet","Mummified Hand","CaptainsWheel","Orichalcum","FossilizedHelix","Peace Pipe","Bottled Lightning","Kunai","Blue Candle","Oddly Smooth Stone","Velvet Choker","Gremlin Horn","Unceasing Top","Bronze Scales","Toy Ornithopter","Dream Catcher","StrikeDummy","Runic Dome","Bag of Marbles","Sundial","Red Mask","Pen Nib"],"acts_visited":["Exordium","TheCity","TheBeyond"],"potions_floor_usage":[31,50,50],"damage_taken":[{"damage":0,"enemies":"Small Slimes","floor":1,"turns":3},{"damage":0,"enemies":"Jaw Worm","floor":3,"turns":3},{"damage":0,"enemies":"Cultist","floor":4,"turns":3},{"damage":0,"enemies":"Gremlin Nob","floor":7,"turns":4},{"damage":15,"enemies":"Gremlin Gang","floor":8,"turns":3},{"damage":0,"enemies":"Lagavulin","floor":11,"turns":5},{"damage":10,"enemies":"3 Sentries","floor":14,"turns":4},{"damage":22,"enemies":"The Guardian","floor":16,"turns":9},{"damage":0,"enemies":"Shell Parasite","floor":18,"turns":4},{"damage":0,"enemies":"Spheric Guardian","floor":19,"turns":5},{"damage":1,"enemies":"Centurion and Healer","floor":21,"turns":6},{"damage":0,"enemies":"Snecko","floor":22,"turns":3},{"damage":14,"enemies":"Gremlin Leader","floor":23,"turns":7},{"damage":6,"enemies":"3 Cultists","floor":25,"turns":4},{"damage":19,"enemies":"Book of Stabbing","floor":27,"turns":5},{"damage":0,"enemies":"Centurion and Healer","floor":28,"turns":5},{"damage":6,"enemies":"Snake Plant","floor":30,"turns":3},{"damage":6,"enemies":"Slavers","floor":31,"turns":4},{"damage":71,"enemies":"Automaton","floor":33,"turns":8},{"damage":13,"enemies":"3 Darklings","floor":35,"turns":4},{"damage":0,"enemies":"Orb Walker","floor":37,"turns":3},{"damage":1,"enemies":"Sphere and 2 Shapes","floor":39,"turns":4},{"damage":38,"enemies":"Reptomancer","floor":41,"turns":4},{"damage":34,"enemies":"Jaw Worm Horde","floor":45,"turns":4},{"damage":38,"enemies":"Giant Head","floor":47,"turns":6},{"damage":66,"enemies":"Donu and Deca","floor":50,"turns":7}],"seed_played":"-7623906586561365814","potions_obtained":[{"floor":4,"key":"SteroidPotion"},{"floor":14,"key":"AttackPotion"},{"floor":28,"key":"DuplicationPotion"},{"floor":37,"key":"BlessingOfTheForge"},{"floor":45,"key":"SteroidPotion"}],"is_trial":false,"path_per_floor":["M","?","M","M","?","R","E","M","T","R","E","R","T","E","R","B",null,"M","M","$","M","M","E","R","M","T","E","M","T","M","E","R","B",null,"M","?","M","$","M","R","E","R","T","?","M","?","E","?","R","B",null],"character_chosen":"NECROMANCER","items_purchased":["Mummified Hand","CaptainsWheel","Orichalcum","FossilizedHelix","Necrotic_Claws","Energy Potion","Summon_Lich","Gremlin Horn","Summon_Lich"],"campfire_rested":3,"item_purchase_floors":[0,0,0,0,0,0,20,20,38],"current_hp_per_floor":[25,25,27,29,29,51,56,52,52,52,57,57,57,53,53,33,65,67,69,69,75,75,71,71,71,71,54,58,58,54,69,69,14,60,55,55,57,57,74,74,45,67,67,67,53,53,30,30,51,18],"gold":28,"neow_bonus":"","is_daily":false,"chose_seed":false,"campfire_upgraded":6,"win_rate":0.0,"timestamp":1610711964,"path_taken":["M","?","M","M","?","R","E","M","T","R","E","R","?","E","R","BOSS","M","M","$","?","M","E","R","?","T","E","M","?","M","E","R","BOSS","M","?","M","$","M","R","E","R","T","?","?","?","E","?","R","BOSS"],"items_purchased_type":["Relic","Relic","Relic","Relic","Card","Potion","Card","Relic","Card"],"build_version":"2020-12-22","purchased_purges":2,"victory":true,"max_hp_per_floor":[75,75,75,75,75,75,75,75,75,75,75,75,75,75,75,75,75,75,75,75,75,75,75,75,75,75,75,75,75,75,75,75,75,75,75,75,75,75,75,75,75,75,75,75,75,75,75,71,71,71],"relic_stats":{"Gremlin Horn":[24,24],"counters":[287,1311],"Blue Candle":[3],"Pen Nib":[9],"Orichalcum":[342],"Peace Pipe":0,"Dream Catcher":2,"Mummified Hand":[70],"Sundial":[0],"Bronze Scales":[186],"Kunai":[42],"obtain_stats":[{"Whetstone":24,"Ginger":21,"Bottled Tornado":14,"Sling":0,"Boot":23,"Blood Vial":43,"Sundial":7,"MealTicket":46,"Fusion Hammer":34,"Kunai":26,"Pear":43,"Blue Candle":24,"Velvet Choker":17,"Eternal Feather":26,"Pen Nib":0,"Akabeko":9,"Runic Dome":34,"hermit:PetGhost":20,"MutagenicStrength":28,"Pandora\u0027s Box":17,"StrikeDummy":40,"Unceasing Top":29,"Regal Pillow":8,"Lantern":9,"Singing Bowl":26,"StoneCalendar":7,"Bag of Preparation":26,"Smiling Mask":26,"Ancient Tea Set":40,"Matryoshka":9,"WingedGreaves":25,"InkBottle":6,"Potion Belt":43,"Lee\u0027s Waffle":42,"Golden Idol":14,"Thread and Needle":41,"PreservedInsect":26,"Omamori":23,"Frozen Egg 2":40,"MawBank":7,"Busted Crown":34,"Ornamental Fan":14,"Art of War":26,"Bottled Lightning":42,"Toy Ornithopter":22,"Ice Cream":9,"Calipers":41,"Tiny House":17,"Gremlin Horn":9,"Nilry\u0027s Codex":30,"CeramicFish":41,"Vajra":37,"Sozu":17,"hermit:RyeStalk":10,"Centennial Puzzle":47,"HornCleat":12,"DollysMirror":29,"Strawberry":6,"Prayer Wheel":7,"Philosopher\u0027s Stone":34,"Vampire_Amulet":0,"Toxic Egg 2":40,"Happy Flower":0,"Astrolabe":34,"Dead Branch":40,"Oddly Smooth Stone":30,"War Paint":28,"Question Card":48,"Du-Vu Doll":45,"Bottled Flame":9,"Shuriken":0,"Bronze Scales":29,"Molten Egg 2":43,"Black Star":34,"hermit:Momento":0,"Meat on the Bone":29,"Pocketwatch":44,"Darkstone Periapt":13,"Mango":44,"Juzu Bracelet":6,"Incense Burner":42,"Empty Cage":17,"Nunchaku":24,"Dream Catcher":14,"TheAbacus":39,"Mummified Hand":9,"Pantograph":10,"Gambling Chip":45,"Tiny Chest":0,"Red Mask":19,"Orichalcum":36,"White Beast Statue":0,"Mercury Hourglass":8,"Peace Pipe":37,"Anchor":40,"CaptainsWheel":10,"hermit:CharredGlove":41,"Bag of Marbles":0,"Membership Card":41,"TungstenRod":38,"FossilizedHelix":41},{"Whetstone":81,"Ginger":249,"Bottled Tornado":97,"Sling":46,"Boot":102,"Blood Vial":43,"Sundial":220,"MealTicket":156,"Fusion Hammer":172,"Kunai":14,"Pear":88,"Blue Candle":58,"Velvet Choker":269,"Eternal Feather":169,"Pen Nib":46,"Akabeko":117,"Runic Dome":85,"hermit:PetGhost":57,"MutagenicStrength":147,"Pandora\u0027s Box":78,"StrikeDummy":235,"Unceasing Top":16,"Regal Pillow":31,"Lantern":195,"Singing Bowl":38,"StoneCalendar":161,"Bag of Preparation":103,"Smiling Mask":59,"Ancient Tea Set":131,"Matryoshka":52,"WingedGreaves":59,"InkBottle":50,"Potion Belt":22,"Lee\u0027s Waffle":256,"Golden Idol":34,"Thread and Needle":42,"PreservedInsect":59,"Omamori":203,"Frozen Egg 2":21,"MawBank":116,"Busted Crown":41,"Ornamental Fan":9,"Art of War":81,"Bottled Lightning":43,"Toy Ornithopter":101,"Ice Cream":74,"Calipers":88,"Tiny House":121,"Gremlin Horn":221,"Nilry\u0027s Codex":83,"CeramicFish":42,"Vajra":42,"Sozu":144,"hermit:RyeStalk":32,"Centennial Puzzle":45,"HornCleat":8,"DollysMirror":147,"Strawberry":30,"Prayer Wheel":73,"Philosopher\u0027s Stone":128,"Vampire_Amulet":0,"Toxic Egg 2":66,"Happy Flower":0,"Astrolabe":62,"Dead Branch":177,"Oddly Smooth Stone":206,"War Paint":60,"Question Card":69,"Du-Vu Doll":156,"Bottled Flame":243,"Shuriken":25,"Bronze Scales":126,"Molten Egg 2":178,"Black Star":18,"hermit:Momento":0,"Meat on the Bone":16,"Pocketwatch":257,"Darkstone Periapt":54,"Mango":67,"Juzu Bracelet":5,"Incense Burner":133,"Empty Cage":165,"Nunchaku":13,"Dream Catcher":120,"TheAbacus":130,"Mummified Hand":6,"Pantograph":96,"Gambling Chip":179,"Tiny Chest":136,"Red Mask":37,"Orichalcum":19,"White Beast Statue":70,"Mercury Hourglass":52,"Peace Pipe":152,"Anchor":21,"CaptainsWheel":162,"hermit:CharredGlove":66,"Bag of Marbles":46,"Membership Card":42,"TungstenRod":65,"FossilizedHelix":66},{"Whetstone":306,"Ginger":1137,"Bottled Tornado":373,"Sling":185,"Boot":400,"Blood Vial":171,"Sundial":981,"MealTicket":671,"Fusion Hammer":753,"Kunai":56,"Pear":335,"Blue Candle":226,"Velvet Choker":1225,"Eternal Feather":737,"Pen Nib":185,"Akabeko":479,"Runic Dome":324,"hermit:PetGhost":225,"MutagenicStrength":621,"Pandora\u0027s Box":296,"StrikeDummy":1064,"Unceasing Top":66,"Regal Pillow":129,"Lantern":863,"Singing Bowl":152,"StoneCalendar":698,"Bag of Preparation":407,"Smiling Mask":229,"Ancient Tea Set":545,"Matryoshka":209,"WingedGreaves":229,"InkBottle":198,"Potion Belt":99,"Lee\u0027s Waffle":1167,"Golden Idol":138,"Thread and Needle":167,"PreservedInsect":229,"Omamori":902,"Frozen Egg 2":94,"MawBank":476,"Busted Crown":164,"Ornamental Fan":30,"Art of War":306,"Bottled Lightning":171,"Toy Ornithopter":395,"Ice Cream":279,"Calipers":335,"Tiny House":495,"Gremlin Horn":985,"Nilry\u0027s Codex":312,"CeramicFish":167,"Vajra":167,"Sozu":609,"hermit:RyeStalk":132,"Centennial Puzzle":178,"HornCleat":26,"DollysMirror":621,"Strawberry":124,"Prayer Wheel":277,"Philosopher\u0027s Stone":532,"Vampire_Amulet":0,"Toxic Egg 2":253,"Happy Flower":0,"Astrolabe":241,"Dead Branch":781,"Oddly Smooth Stone":914,"War Paint":232,"Question Card":263,"Du-Vu Doll":671,"Bottled Flame":1107,"Shuriken":113,"Bronze Scales":519,"Molten Egg 2":787,"Black Star":78,"hermit:Momento":0,"Meat on the Bone":66,"Pocketwatch":1171,"Darkstone Periapt":215,"Mango":256,"Juzu Bracelet":15,"Incense Burner":556,"Empty Cage":717,"Nunchaku":52,"Dream Catcher":486,"TheAbacus":540,"Mummified Hand":18,"Pantograph":369,"Gambling Chip":794,"Tiny Chest":577,"Red Mask":149,"Orichalcum":81,"White Beast Statue":269,"Mercury Hourglass":209,"Peace Pipe":648,"Anchor":94,"CaptainsWheel":703,"hermit:CharredGlove":253,"Bag of Marbles":185,"Membership Card":167,"TungstenRod":249,"FossilizedHelix":253}],"Unceasing Top":[11],"Toy Ornithopter":76},"card_choices":[{"not_picked":["Blood_for_Blood","Bone_Armory","Bone_Bullets"],"picked":"SKIP","floor":1},{"not_picked":["Scare","Thousand_Bone_Knives"],"picked":"Consume_Illness","floor":3},{"not_picked":["Blood_Curse","Corrupt"],"picked":"Summon_Lich","floor":4},{"not_picked":["Bones_to_Steel","Chill_Blood"],"picked":"Plague_Bolt","floor":7},{"not_picked":["Bone_Spikes","Life_Tap"],"picked":"Negative_Energy_Burst","floor":8},{"not_picked":["Negative_Energy_Shield","Blood_Whip","Necromantic_Selection"],"picked":"SKIP","floor":11},{"not_picked":["Deaths_Shadow","Bone_Shift"],"picked":"Negative_Energy_Javelin","floor":14},{"not_picked":["Blood_Wake","Blood_Magic"],"picked":"Summon_Death_Knight","floor":16},{"not_picked":["Bone_Spikes","Finger_Of_Death","Plague_Bolt"],"picked":"SKIP","floor":18},{"not_picked":["Negative_Energy_Sphere","Negative_Energy_Javelin","Blood_Magic"],"picked":"SKIP","floor":19},{"not_picked":["Scare","Blood_Whip","Death_March_Dance"],"picked":"SKIP","floor":21},{"not_picked":["Negative_Energy_Shield","Exploit","Blood_Curse"],"picked":"SKIP","floor":22},{"not_picked":["Epidemic","Pandemic+1"],"picked":"Uncharnel","floor":23},{"not_picked":["Corrupt","Chill_Blood","Scare+1"],"picked":"SKIP","floor":25},{"not_picked":["Detonate_Bones","Deaths_Shadow","Negative_Energy_Shield"],"picked":"SKIP","floor":27},{"not_picked":["Bones_to_Steel","Blood_Is_Power","Shackles_Of_Pain"],"picked":"SKIP","floor":28},{"not_picked":["Finger_Of_Death","Bones_to_Steel"],"picked":"Life_Drain","floor":30},{"not_picked":["Bone_Armor+1","Whirlwind_of_Bones"],"picked":"Requiem","floor":31},{"not_picked":["Shade_Step","Scare","Finger_Of_Death"],"picked":"SKIP","floor":35},{"not_picked":["Bone_Shift+1","Blood_for_Blood"],"picked":"Life_Drain","floor":37},{"not_picked":["Negative_Energy_Shield","Bone_Bullets"],"picked":"Summon_Undead_Army","floor":39},{"not_picked":["Death_Coil","Stop_Heart"],"picked":"Vampiric_Strike","floor":41},{"not_picked":["Toxic_Smoke_Screen","Death_Coil"],"picked":"Pandemic+1","floor":45},{"not_picked":["Shade_Step","Spectral_Armor","Pandemic"],"picked":"SKIP","floor":47}],"player_experience":1695377,"relics_obtained":[{"floor":7,"key":"Peace Pipe"},{"floor":9,"key":"Bottled Lightning"},{"floor":11,"key":"Kunai"},{"floor":13,"key":"Blue Candle"},{"floor":14,"key":"Oddly Smooth Stone"},{"floor":23,"key":"Unceasing Top"},{"floor":26,"key":"Bronze Scales"},{"floor":27,"key":"Toy Ornithopter"},{"floor":29,"key":"Dream Catcher"},{"floor":31,"key":"StrikeDummy"},{"floor":41,"key":"Bag of Marbles"},{"floor":43,"key":"Sundial"},{"floor":47,"key":"Pen Nib"}],"event_choices":[{"damage_healed":0,"gold_gain":0,"player_choice":"Ignored","damage_taken":0,"max_hp_gain":0,"max_hp_loss":0,"event_name":"Golden Idol","floor":2,"gold_loss":0},{"damage_healed":0,"gold_gain":0,"player_choice":"Left Gold","damage_taken":0,"max_hp_gain":0,"max_hp_loss":0,"event_name":"World of Goop","floor":5,"gold_loss":47},{"damage_healed":0,"gold_gain":0,"player_choice":"Ignored","damage_taken":0,"max_hp_gain":0,"max_hp_loss":0,"event_name":"OrinTheCat","floor":36,"gold_loss":0},{"damage_healed":0,"gold_gain":0,"player_choice":"Forge","damage_taken":0,"max_hp_gain":0,"max_hp_loss":0,"event_name":"Accursed Blacksmith","floor":44,"gold_loss":0,"cards_upgraded":["Summon_Lich"]},{"damage_healed":0,"gold_gain":0,"player_choice":"Paid","damage_taken":0,"relics_obtained":["Red Mask"],"max_hp_gain":0,"max_hp_loss":0,"event_name":"Tomb of Lord Red Mask","floor":46,"gold_loss":262},{"damage_healed":0,"gold_gain":0,"player_choice":"Max HP","damage_taken":0,"max_hp_gain":0,"max_hp_loss":4,"event_name":"Winding Halls","floor":48,"gold_loss":0}],"is_beta":false,"boss_relics":[{"not_picked":["Cursed Key","SacredBark"],"picked":"Velvet Choker"},{"not_picked":["Coffee Dripper","Philosopher\u0027s Stone"],"picked":"Runic Dome"}],"items_purged_floors":[0,38],"is_endless":false,"potions_floor_spawned":[4,8,14,16,19,21,23,28,37,45],"ascension_level":13}}