{"host":"dqv8oo4v229c1o2l","time":1610734487,"event":{"mods":["AchievementEnabler","BaseMod","Colored Map","Colored Powertips","Minty Spire (QoL Compilation)","Quick Restart","Rare Cards Sparkle","StSLib","Synergy Search"],"gold_per_floor":[112,131,64,64,84,84,122,142,142,72,72,115,115,135,135,249,249,273,198,196,196,196],"floor_reached":21,"language":"ENG","playtime":1502,"items_purged":[],"score":208,"play_id":"e169c371-f4da-4014-8285-f85be888d265","local_time":"20210115101447","is_ascension_mode":true,"campfire_choices":[{"data":"Catalyst","floor":6.0,"key":"SMITH"},{"data":"Footwork","floor":11.0,"key":"SMITH"},{"floor":15.0,"key":"REST"}],"circlet_count":0,"master_deck":["Strike_G","Strike_G","Strike_G","Strike_G","Defend_G","Defend_G","Defend_G","Defend_G","Survivor","Neutralize","Prepared","Catalyst+1","Footwork+1","Envenom","Poisoned Stab","Blur","Footwork","Infinite Blades","Glass Knife","Underhanded Strike+1","Prepared"],"relics":["Ring of the Snake","CeramicFish","Pantograph","Paper Crane","Question Card","HoveringKite"],"acts_visited":["Exordium","TheCity"],"potions_floor_usage":[],"damage_taken":[{"damage":0.0,"enemies":"2 Louse","floor":1.0,"turns":4.0},{"damage":3.0,"enemies":"Jaw Worm","floor":2.0,"turns":3.0},{"damage":0.0,"enemies":"Small Slimes","floor":5.0,"turns":3.0},{"damage":19.0,"enemies":"Gremlin Nob","floor":7.0,"turns":5.0},{"damage":11.0,"enemies":"Blue Slaver","floor":8.0,"turns":5.0},{"damage":24.0,"enemies":"3 Sentries","floor":12.0,"turns":14.0},{"damage":18.0,"enemies":"Large Slime","floor":14.0,"turns":14.0},{"damage":24.0,"enemies":"Slime Boss","floor":16.0,"turns":16.0},{"damage":19.0,"enemies":"Shell Parasite","floor":18.0,"turns":7.0},{"damage":9.0,"enemies":"2 Thieves","floor":20.0,"turns":4.0},{"damage":44,"enemies":"Chosen and Byrds","floor":21,"turns":8}],"seed_played":"600649724743331635","potions_obtained":[{"floor":1.0,"key":"AttackPotion"},{"floor":2.0,"key":"AttackPotion"},{"floor":5.0,"key":"Dexterity Potion"},{"floor":16.0,"key":"BlessingOfTheForge"},{"floor":18.0,"key":"Block Potion"}],"is_trial":false,"path_per_floor":["M","M","$","?","M","R","E","M","T","$","R","E","?","M","R","B",null,"M","?","M","M"],"character_chosen":"THE_SILENT","items_purchased":["Catalyst","Blur"],"campfire_rested":1,"item_purchase_floors":[3,10],"current_hp_per_floor":[70,67,67,60,60,60,41,30,30,30,30,6,29,11,32,33,70,51,51,42,0,0],"gold":196,"neow_bonus":"RANDOM_COMMON_RELIC","is_daily":false,"chose_seed":false,"campfire_upgraded":2,"win_rate":0.0,"timestamp":1610734487,"path_taken":["M","M","$","?","M","R","E","M","T","$","R","E","?","M","R","BOSS","M","?","M","M"],"items_purchased_type":["Card","Card"],"build_version":"2020-12-22","purchased_purges":0,"victory":false,"max_hp_per_floor":[70,70,70,70,70,70,70,70,70,70,70,70,70,70,70,70,70,70,70,70,70,70],"card_choices":[{"not_picked":["Dash","PiercingWail","Outmaneuver"],"picked":"SKIP","floor":1.0},{"not_picked":["Endless Agony","Dagger Throw"],"picked":"Prepared","floor":2.0},{"not_picked":["Sucker Punch","Outmaneuver"],"picked":"Footwork","floor":5.0},{"not_picked":["Adrenaline","Blade Dance"],"picked":"Envenom","floor":7.0},{"not_picked":["Outmaneuver","Deadly Poison"],"picked":"Poisoned Stab","floor":8.0},{"not_picked":["Deadly Poison","Accuracy"],"picked":"Footwork","floor":12.0},{"not_picked":["Bouncing Flask","Deadly Poison","Cloak And Dagger"],"picked":"Infinite Blades","floor":14.0},{"not_picked":["Tools of the Trade","Unload","Die Die Die"],"picked":"Glass Knife","floor":16.0},{"not_picked":["Setup","Leg Sweep","PiercingWail"],"picked":"Underhanded Strike+1","floor":18.0},{"not_picked":["Reflex","Concentrate","Dagger Spray"],"picked":"Prepared","floor":20.0}],"player_experience":276792,"relics_obtained":[{"floor":7.0,"key":"Pantograph"},{"floor":9.0,"key":"Paper Crane"},{"floor":12.0,"key":"Question Card"}],"event_choices":[{"cards_removed":["Defend_G"],"damage_healed":0.0,"max_hp_gain":0.0,"max_hp_loss":0.0,"gold_gain":0.0,"event_name":"Golden Wing","player_choice":"Card Removal","floor":4.0,"gold_loss":0.0,"damage_taken":7.0},{"damage_healed":23.0,"max_hp_gain":0.0,"max_hp_loss":0.0,"gold_gain":0.0,"event_name":"Big Fish","player_choice":"Banana","floor":13.0,"gold_loss":0.0,"damage_taken":0.0},{"cards_removed":["Strike_G"],"damage_healed":0.0,"max_hp_gain":0.0,"max_hp_loss":0.0,"gold_gain":0.0,"event_name":"Beggar","player_choice":"Gave Gold","floor":19.0,"gold_loss":75.0,"damage_taken":0.0}],"is_beta":false,"boss_relics":[{"not_picked":["Velvet Choker","Runic Dome"],"picked":"HoveringKite"}],"items_purged_floors":[],"is_endless":false,"potions_floor_spawned":[1,2,5,16,18],"killed_by":"Chosen and Byrds","ascension_level":2}}