{"host":"78azdv0oxplymbah","time":1610703144,"event":{"mods":["BaseMod","BetterRewards","Challenge The Spire","DeckTracker","Downfall","Highlight Path","Minty Spire (QoL Compilation)","MostiFishMod","Quick Restart","Relic Stats","Remove Card Discount Mod","Replay The Spire","Spicy Shops","StSLib","The Marked","The Servant 0.9.4","vexMod","°æπ¶ƒ‹Mod°øªÏ„Á÷Æª∑–ﬁ∏¥≤π∂°","°æ“≈ŒÔø®≈∆°øREMEMod"],"gold_per_floor":[113,128,146,166,166,195,213,213,263,263,24,52,48,64,64,168,168,187,203,215,215,232,263,263,277,277,310,310,321,356,356,356,356,356],"floor_reached":33,"language":"ZHS","playtime":1300,"items_purged":["Strike_G","Strike_G","Strike_G","Strike_G","Defend_G","Strike_G","Dagger Throw","Defend_G","Defend_G","Defend_G","Survivor"],"score":419,"play_id":"9c58b08f-c3c9-46c2-acd6-ada4902043fd","local_time":"20210115173224","is_ascension_mode":false,"campfire_choices":[{"data":"MostiFishMod:VineMother","floor":10,"key":"SMITH"},{"data":"MostiFishMod:Wind","floor":15,"key":"SMITH"},{"data":"MostiFishMod:ThornCasing","floor":24,"key":"SMITH"},{"data":"After Image","floor":32,"key":"SMITH"}],"circlet_count":0,"master_deck":["Neutralize","MostiFishMod:ThornCasing","PiercingWail","Expertise","MostiFishMod:VineMother+1","MostiFishMod:PreservedThorns","Noxious Fumes","MostiFishMod:Wind+1","After Image+1","Escape Plan","MostiFishMod:ThornCasing+1","PiercingWail+1","MostiFishMod:HiddenBlade+1","Normality"],"relics":["Ring of the Snake","DaveBox","REME_ComplimentaryCards","BirthdayGift-Icosahedron","SynthV:TestCard","Peace Pipe","Bag of Marbles","Bronze Scales","vexMod:Spyglass","Kunai","HaiYi:Twilight","Toy Ornithopter","Byrd Skull","Toxic Egg 2","Unceasing Top","ReplayTheSpireMod:Lightbulb","ReplayTheSpireMod:Ring of Collecting","ReplayTheSpireMod:Ring of Addiction","SacredBark","White Beast Statue"],"acts_visited":["Exordium","TheCity"],"potions_floor_usage":[],"damage_taken":[{"damage":0,"enemies":"Jaw Worm","floor":1,"turns":2},{"damage":0,"enemies":"Small Slimes","floor":2,"turns":2},{"damage":0,"enemies":"2 Louse","floor":3,"turns":2},{"damage":0,"enemies":"2 Fungi Beasts","floor":4,"turns":2},{"damage":1,"enemies":"Lagavulin","floor":6,"turns":5},{"damage":0,"enemies":"Red Slaver","floor":7,"turns":2},{"damage":0,"enemies":"3 Sentries","floor":12,"turns":2},{"damage":0,"enemies":"Looter","floor":14,"turns":1},{"damage":4,"enemies":"Fading Forest","floor":16,"turns":6},{"damage":0,"enemies":"3 Byrds","floor":18,"turns":1},{"damage":0,"enemies":"2 Thieves","floor":19,"turns":1},{"damage":0,"enemies":"Chosen and Byrds","floor":20,"turns":2},{"damage":0,"enemies":"3 Cultists","floor":22,"turns":2},{"damage":8,"enemies":"Gremlin Leader","floor":23,"turns":2},{"damage":0,"enemies":"Snake Plant","floor":25,"turns":2},{"damage":0,"enemies":"Slavers","floor":27,"turns":2},{"damage":0,"enemies":"Cultist and Chosen","floor":29,"turns":2},{"damage":0,"enemies":"Book of Stabbing","floor":30,"turns":3},{"damage":0,"enemies":"Champ","floor":33,"turns":1}],"seed_played":"-1829235699393363478","potions_obtained":[{"floor":3,"key":"champ:CounterPotion"},{"floor":4,"key":"FairyPotion"},{"floor":7,"key":"Block Potion"}],"is_trial":false,"path_per_floor":["M","M","M","M","?","E","M","?","T","R","$","E","$","M","R","B",null,"M","M","M","?","M","E","R","M","T","E","?","M","E","?","R","B"],"character_chosen":"THE_SILENT","items_purchased":["Bronze Scales","vexMod:Spyglass"],"campfire_rested":0,"item_purchase_floors":[11,11],"current_hp_per_floor":[77,77,77,77,77,77,77,70,70,70,70,71,71,72,72,69,77,77,77,77,77,77,77,77,77,77,77,77,77,77,77,77,77,77],"gold":356,"neow_bonus":"TEN_PERCENT_HP_BONUS","is_daily":false,"chose_seed":false,"campfire_upgraded":4,"win_rate":0.0,"timestamp":1610703144,"path_taken":["M","M","M","M","?","E","M","?","T","R","$","E","?","M","R","BOSS","M","M","M","?","M","E","R","M","T","E","?","?","E","?","R","BOSS"],"items_purchased_type":["Relic","Relic"],"build_version":"2020-12-22","purchased_purges":11,"victory":false,"max_hp_per_floor":[77,77,77,77,77,77,77,77,77,77,77,77,77,77,77,77,77,77,77,77,77,77,77,77,77,77,77,77,77,77,77,77,77,77],"relic_stats":{"Peace Pipe":0,"counters":[19,42],"Bronze Scales":[57],"Kunai":[20],"obtain_stats":[{"DaveBox":0,"ReplayTheSpireMod:Ring of Addiction":31,"SacredBark":31,"BirthdayGift-Icosahedron":0,"vexMod:Spyglass":11,"White Beast Statue":31,"Peace Pipe":6,"SynthV:TestCard":1,"HaiYi:Twilight":17,"Bronze Scales":11,"ReplayTheSpireMod:Ring of Collecting":31,"Bag of Marbles":9,"Kunai":12,"Toxic Egg 2":26,"Byrd Skull":23,"ReplayTheSpireMod:Lightbulb":30,"Toy Ornithopter":21,"Unceasing Top":27,"Ring of the Snake":0,"REME_ComplimentaryCards":0},{"DaveBox":0,"ReplayTheSpireMod:Ring of Addiction":18,"SacredBark":18,"BirthdayGift-Icosahedron":0,"vexMod:Spyglass":6,"White Beast Statue":18,"Peace Pipe":5,"SynthV:TestCard":1,"HaiYi:Twilight":9,"Bronze Scales":6,"ReplayTheSpireMod:Ring of Collecting":18,"Bag of Marbles":6,"Kunai":7,"Toxic Egg 2":15,"Byrd Skull":14,"ReplayTheSpireMod:Lightbulb":18,"Toy Ornithopter":12,"Unceasing Top":16,"Ring of the Snake":0,"REME_ComplimentaryCards":0},{"DaveBox":0,"ReplayTheSpireMod:Ring of Addiction":41,"SacredBark":41,"BirthdayGift-Icosahedron":0,"vexMod:Spyglass":15,"White Beast Statue":41,"Peace Pipe":13,"SynthV:TestCard":2,"HaiYi:Twilight":24,"Bronze Scales":15,"ReplayTheSpireMod:Ring of Collecting":41,"Bag of Marbles":15,"Kunai":17,"Toxic Egg 2":34,"Byrd Skull":32,"ReplayTheSpireMod:Lightbulb":41,"Toy Ornithopter":28,"Unceasing Top":36,"Ring of the Snake":0,"REME_ComplimentaryCards":0}],"Toy Ornithopter":0,"Unceasing Top":[0],"Ring of the Snake":[37]},"card_choices":[{"not_picked":["MostiFishMod:PerfectParry","Sucker Punch"],"picked":"MostiFishMod:ThornCasing","floor":1},{"not_picked":["ReplayTheSpireMod:The Works","Poisoned Stab","Tactician","Deadly Poison"],"picked":"PiercingWail","floor":2},{"not_picked":["Outmaneuver","MostiFishMod:PerfectParry","Hidden Blade","Flechettes"],"picked":"Expertise","floor":3},{"not_picked":["ReplayTheSpireMod:The Works","Blur","Deflect","Poisoned Stab"],"picked":"Dagger Throw","floor":4},{"not_picked":["ReplayTheSpireMod:The Works","Replay:Poison Smokescreen","Slice","Flying Knee"],"picked":"MostiFishMod:VineMother","floor":6},{"not_picked":["Sneak Up","Outmaneuver","MostiFishMod:FrostNova","Blade Dance"],"picked":"MostiFishMod:PreservedThorns","floor":7},{"not_picked":["Outmaneuver","Hidden Blade","Deadly Poison","Underhanded Strike"],"picked":"Noxious Fumes","floor":12},{"not_picked":["Riddle With Holes","PiercingWail","MostiFishMod:PerfectParry","Hidden Blade"],"picked":"MostiFishMod:Wind","floor":14},{"not_picked":["Glass Knife","Malaise","MostiFishMod:Dislodge","Die Die Die"],"picked":"After Image","floor":16},{"not_picked":["Acrobatics+1","Slice+1","Choke","Deflect","Backflip"],"picked":"SKIP","floor":18},{"not_picked":["Acrobatics","Leg Sweep+1","Quick Slash","ReplayTheSpireMod:Speed Training","REME_GreenPollution"],"picked":"SKIP","floor":19},{"not_picked":["Slice","Bane","Acrobatics","MostiFishMod:PoisonShield"],"picked":"Escape Plan","floor":20},{"not_picked":["Prepared","Terror","Atom Bomb","Predator"],"picked":"MostiFishMod:ThornCasing","floor":22},{"not_picked":["Flying Knee","Dagger Spray","PiercingWail","Eviscerate","ReplayTheSpireMod:Speed Training"],"picked":"SKIP","floor":23},{"not_picked":["Prepared","Dodge and Roll","Poison Darts","REME_ShadowStrike","Outmaneuver+1"],"picked":"SKIP","floor":25},{"not_picked":["Deadly Poison+1","Prepared+1","Endless Agony","Backflip+1"],"picked":"PiercingWail+1","floor":27},{"not_picked":["Flying Knee","Backflip+1","MostiFishMod:PreservedThorns+1","Blade Dance+1","MostiFishMod:Dislodge+1"],"picked":"SKIP","floor":29},{"not_picked":["Flying Knee","PiercingWail+1","Terror+1","Bouncing Flask+1"],"picked":"MostiFishMod:HiddenBlade+1","floor":30}],"player_experience":26879,"relics_obtained":[{"floor":1,"key":"SynthV:TestCard"},{"floor":6,"key":"Peace Pipe"},{"floor":9,"key":"Bag of Marbles"},{"floor":12,"key":"Kunai"},{"floor":23,"key":"Byrd Skull"},{"floor":26,"key":"Toxic Egg 2"},{"floor":27,"key":"Unceasing Top"},{"floor":30,"key":"ReplayTheSpireMod:Lightbulb"},{"floor":31,"key":"ReplayTheSpireMod:Ring of Collecting"},{"floor":31,"key":"ReplayTheSpireMod:Ring of Addiction"},{"floor":31,"key":"SacredBark"},{"floor":31,"key":"White Beast Statue"}],"event_choices":[{"damage_healed":0,"gold_gain":0,"player_choice":"Leave","damage_taken":0,"max_hp_gain":0,"max_hp_loss":0,"event_name":"The Cleric","floor":5,"gold_loss":0},{"cards_removed":["Defend_G"],"damage_healed":0,"gold_gain":0,"player_choice":"Card Removal","damage_taken":7,"max_hp_gain":0,"max_hp_loss":0,"event_name":"Golden Wing","floor":8,"gold_loss":0},{"cards_removed":["sneckomod:Bewildered"],"damage_healed":0,"gold_gain":0,"player_choice":"Elegance","damage_taken":0,"max_hp_gain":0,"max_hp_loss":0,"event_name":"Back to Basics","floor":28,"gold_loss":0}],"is_beta":false,"boss_relics":[{"not_picked":["vexMod:NewClearReactor","vexMod:MegatonBomb"],"picked":"HaiYi:Twilight"}],"items_purged_floors":[11,11,11,11,11,11,11,11,11,13,13],"is_endless":false,"potions_floor_spawned":[3,4,7,19,20,22,29],"killed_by":"Champ","ascension_level":0}}