{"host":"qxeepl7ydvsgmfdb","time":1610714988,"event":{"mods":["AchievementEnabler","BaseMod","Colored Powertips","Minty Spire (QoL Compilation)","Quick Restart","slay the spire mod where everything is the same but ironclad has a cowboy hat"],"gold_per_floor":[118,68,88,88,13,42,56,85,85,97,108,108,40,40,40,145,145,159,176,176,19,29,29,29],"floor_reached":23,"language":"ENG","playtime":743,"items_purged":["Regret"],"score":249,"play_id":"33c23558-ed53-4768-9c65-72a895a9f22e","local_time":"20210115074948","is_ascension_mode":true,"campfire_choices":[{"floor":12.0,"key":"REST"},{"data":"Zap","floor":15,"key":"SMITH"}],"circlet_count":0,"master_deck":["Strike_B","Strike_B","Strike_B","Defend_B","Defend_B","Defend_B","Defend_B","Zap+1","Dualcast","Chaos","Ball Lightning","Sweeping Beam","Defragment","Redo","Zap","Rainbow"],"relics":["Cracked Core","NeowsBlessing","Du-Vu Doll","Eternal Feather","Pocketwatch","Bird Faced Urn","Peace Pipe","SacredBark","Strawberry"],"acts_visited":["Exordium","TheCity"],"potions_floor_usage":[],"damage_taken":[{"damage":0.0,"enemies":"Small Slimes","floor":1.0,"turns":1.0},{"damage":0.0,"enemies":"2 Louse","floor":3.0,"turns":1.0},{"damage":0.0,"enemies":"3 Sentries","floor":6.0,"turns":1.0},{"damage":14.0,"enemies":"Jaw Worm","floor":7.0,"turns":5.0},{"damage":22.0,"enemies":"Lagavulin","floor":8.0,"turns":7.0},{"damage":1.0,"enemies":"Looter","floor":10.0,"turns":2.0},{"damage":12.0,"enemies":"Exordium Thugs","floor":11.0,"turns":4.0},{"damage":47,"enemies":"Hexaghost","floor":16,"turns":9},{"damage":12,"enemies":"Chosen","floor":18,"turns":4},{"damage":30,"enemies":"Spheric Guardian","floor":19,"turns":4},{"damage":35,"enemies":"Snake Plant","floor":22,"turns":4},{"damage":0,"enemies":"Slavers","floor":23,"turns":1}],"seed_played":"-7646083021756313127","potions_obtained":[{"floor":1.0,"key":"Dexterity Potion"},{"floor":7.0,"key":"AttackPotion"},{"floor":8.0,"key":"Ancient Potion"}],"is_trial":false,"path_per_floor":["M","?","M","?","$","E","M","E","T","M","M","R","$","?","R","B",null,"M","M","?","$","M","E"],"character_chosen":"DEFECT","items_purchased":["Defragment","Strawberry"],"campfire_rested":1,"item_purchase_floors":[13,21],"current_hp_per_floor":[75,75,75,75,75,75,61,39,39,38,26,54,54,54,60,15,75,63,35,35,42,9,9,9],"gold":29,"neow_bonus":"THREE_ENEMY_KILL","is_daily":false,"chose_seed":false,"campfire_upgraded":1,"win_rate":0.0,"timestamp":1610714988,"path_taken":["M","?","M","?","$","E","M","E","T","M","M","R","?","?","R","BOSS","M","M","?","$","?","E"],"items_purchased_type":["Card","Relic"],"build_version":"2020-12-22","purchased_purges":1,"victory":false,"max_hp_per_floor":[75,75,75,75,75,75,75,75,75,75,75,75,75,75,75,75,75,75,75,75,82,82,82,82],"card_choices":[{"not_picked":["Force Field","Gash","Undo"],"picked":"SKIP","floor":1.0},{"not_picked":["Cold Snap","Ball Lightning"],"picked":"Chaos","floor":3.0},{"not_picked":["Amplify","Barrage","Glacier"],"picked":"SKIP","floor":6.0},{"not_picked":["Stack","Streamline","Recycle"],"picked":"SKIP","floor":7.0},{"not_picked":["Leap","Heatsinks"],"picked":"Ball Lightning","floor":8.0},{"not_picked":["Compile Driver","Chill"],"picked":"Sweeping Beam","floor":10.0},{"not_picked":["Streamline","Conserve Battery","Genetic Algorithm"],"picked":"SKIP","floor":11.0},{"not_picked":["Steam","Beam Cell","Gash+1"],"picked":"SKIP","floor":18},{"not_picked":["Sweeping Beam","Barrage"],"picked":"Redo","floor":19},{"not_picked":["Hello World","Fission","Lockon+1"],"picked":"SKIP","floor":22}],"player_experience":141364,"relics_obtained":[{"floor":6.0,"key":"Eternal Feather"},{"floor":8.0,"key":"Pocketwatch"},{"floor":9.0,"key":"Bird Faced Urn"}],"event_choices":[{"cards_removed":["Strike_B"],"damage_healed":0.0,"max_hp_gain":0.0,"max_hp_loss":0.0,"gold_gain":0.0,"event_name":"The Cleric","player_choice":"Card Removal","floor":2.0,"gold_loss":50.0,"damage_taken":0.0},{"damage_healed":0.0,"max_hp_gain":0.0,"max_hp_loss":0.0,"gold_gain":0.0,"event_name":"Big Fish","player_choice":"Box","floor":4.0,"gold_loss":0.0,"damage_taken":0.0,"relics_obtained":["Du-Vu Doll"],"cards_obtained":["Regret"]},{"damage_healed":0,"gold_gain":0,"player_choice":"Gave Potion","damage_taken":0,"relics_obtained":["Peace Pipe"],"max_hp_gain":0,"max_hp_loss":0,"event_name":"WeMeetAgain","floor":14,"gold_loss":0},{"damage_healed":0,"gold_gain":0,"player_choice":"2 cards matched","damage_taken":0,"max_hp_gain":0,"max_hp_loss":0,"event_name":"Match and Keep!","floor":20,"gold_loss":0,"cards_obtained":["Zap","Rainbow"]}],"is_beta":false,"boss_relics":[{"not_picked":["Snecko Eye","Runic Pyramid"],"picked":"SacredBark"}],"items_purged_floors":[5],"is_endless":false,"potions_floor_spawned":[1,7,8],"killed_by":"Slavers","ascension_level":2}}