{"host":"a5523bqxi3k68xf3","time":1610712432,"event":{"mods":["BaseMod","BetterRewards","Hermit","Koishi","Marisa????????","Minty Spire (QoL Compilation)","Quick Restart","Random Character Button","Relic Stats","Shop Mod","StSLib","The Animator","The Cursed","The Necromancer","The Servant 0.9.4"],"gold_per_floor":[114,39,39,66,118,118,152,162,187,187,187,206,233,242,242,322,349,376,391,391,391],"floor_reached":20,"language":"ENG","playtime":453,"items_purged":["Defend_R"],"score":548,"play_id":"44669fae-0ad3-4978-8232-e653834f99e5","local_time":"20210115130712","is_ascension_mode":true,"campfire_choices":[{"floor":6,"key":"REST"},{"floor":11,"key":"REST"},{"floor":15,"key":"REST"}],"circlet_count":0,"master_deck":["AscendersBane","Strike_R","Strike_R","Strike_R","Defend_R","Defend_R","Bash","Inflame","Spot Weakness","Heavy Blade","Whirlwind","Sword Boomerang","Sword Boomerang","Decay","Limit Break","Shrug It Off+1","Dropkick+1","Spot Weakness+1","Cleave"],"relics":["Burning Blood","Lantern","CeramicFish","TheAbacus","Blood Vial","Shuriken","MealTicket","PreservedInsect","Astrolabe"],"acts_visited":["Exordium","TheCity"],"potions_floor_usage":[7,20],"damage_taken":[{"damage":11,"enemies":"2 Louse","floor":1,"turns":3},{"damage":7,"enemies":"Small Slimes","floor":4,"turns":4},{"damage":44,"enemies":"Lagavulin","floor":7,"turns":7},{"damage":8,"enemies":"Jaw Worm","floor":8,"turns":4},{"damage":11,"enemies":"3 Louse","floor":12,"turns":3},{"damage":13,"enemies":"Gremlin Gang","floor":13,"turns":2},{"damage":45,"enemies":"Slime Boss","floor":16,"turns":7},{"damage":20,"enemies":"Chosen","floor":18,"turns":5},{"damage":38,"enemies":"Shell Parasite","floor":19,"turns":4},{"damage":23,"enemies":"Shelled Parasite and Fungi","floor":20,"turns":1}],"seed_played":"-7348877015572926033","potions_obtained":[{"floor":4,"key":"SkillPotion"},{"floor":7,"key":"Ancient Potion"},{"floor":16,"key":"ElixirPotion"}],"is_trial":false,"path_per_floor":["M","$","?","M","?","R","E","M","T","?","R","M","M","?","R","B",null,"M","M","M"],"character_chosen":"IRONCLAD","items_purchased":["Lantern","CeramicFish","TheAbacus","Blood Vial","Inflame","Spot Weakness","Shuriken"],"campfire_rested":3,"item_purchase_floors":[0,0,0,0,0,0,0],"current_hp_per_floor":[22,22,22,23,23,45,9,9,9,9,31,28,23,23,45,8,58,46,16,0,0],"gold":391,"neow_bonus":"","is_daily":false,"chose_seed":false,"campfire_upgraded":0,"win_rate":0.0,"timestamp":1610712432,"path_taken":["M","$","?","M","?","R","E","M","T","?","R","M","?","?","R","BOSS","M","?","M"],"items_purchased_type":["Relic","Relic","Relic","Relic","Card","Card","Relic"],"build_version":"2020-12-22","purchased_purges":1,"victory":false,"max_hp_per_floor":[75,75,75,75,75,75,75,75,75,75,75,75,75,75,75,75,75,75,75,75,75],"relic_stats":{"Blood Vial":20,"TheAbacus":[60],"counters":[121,408],"Shuriken":[4],"CeramicFish":108,"Astrolabe":["Shrug It Off","Dropkick","Spot Weakness"],"MealTicket":15,"PreservedInsect":0,"obtain_stats":[{"Tiny House":17,"Gremlin Horn":29,"CeramicFish":0,"Vajra":5,"Whetstone":9,"Sling":0,"Boot":6,"Blood Vial":14,"HornCleat":13,"DollysMirror":0,"Sundial":7,"MealTicket":0,"Philosopher\u0027s Stone":17,"Necronomicon":19,"Kunai":0,"Pear":0,"Happy Flower":0,"Blue Candle":2,"Dead Branch":6,"Astrolabe":17,"Velvet Choker":17,"Pen Nib":0,"Charon\u0027s Ashes":7,"War Paint":10,"Akabeko":27,"Runic Dome":34,"SlaversCollar":34,"Shuriken":30,"Bronze Scales":0,"Bird Faced Urn":14,"Molten Egg 2":0,"Darkstone Periapt":0,"Lantern":14,"Singing Bowl":26,"Magic Flower":0,"Black Blood":34,"Bag of Preparation":0,"Juzu Bracelet":26,"Empty Cage":0,"Burning Blood":0,"ClockworkSouvenir":0,"Nunchaku":27,"TheAbacus":21,"Pantograph":41,"Gambling Chip":9,"Tiny Chest":0,"WingedGreaves":0,"Red Mask":39,"InkBottle":0,"Paper Frog":9,"Potion Belt":0,"Lee\u0027s Waffle":0,"NeowsBlessing":0,"Thread and Needle":22,"PreservedInsect":0,"Omamori":0,"Odd Mushroom":10,"Frozen Egg 2":24,"MawBank":6,"Mercury Hourglass":0,"Peace Pipe":9,"CaptainsWheel":9,"Ornamental Fan":0,"Turnip":31,"Art of War":4,"Bag of Marbles":11,"Champion Belt":0,"Membership Card":0,"Bottled Lightning":13,"Toy Ornithopter":30},{"Tiny House":14,"Gremlin Horn":76,"CeramicFish":111,"Vajra":93,"Whetstone":21,"Sling":0,"Boot":34,"Blood Vial":72,"HornCleat":71,"DollysMirror":5,"Sundial":9,"MealTicket":0,"Philosopher\u0027s Stone":43,"Necronomicon":74,"Kunai":5,"Pear":0,"Happy Flower":64,"Blue Candle":65,"Dead Branch":68,"Astrolabe":118,"Velvet Choker":26,"Pen Nib":50,"Charon\u0027s Ashes":94,"War Paint":88,"Akabeko":103,"Runic Dome":2,"SlaversCollar":108,"Shuriken":48,"Bronze Scales":0,"Bird Faced Urn":99,"Molten Egg 2":0,"Darkstone Periapt":0,"Lantern":55,"Singing Bowl":60,"Magic Flower":0,"Black Blood":79,"Bag of Preparation":0,"Juzu Bracelet":75,"Empty Cage":0,"Burning Blood":0,"ClockworkSouvenir":5,"Nunchaku":76,"TheAbacus":16,"Pantograph":82,"Gambling Chip":95,"Tiny Chest":0,"WingedGreaves":0,"Red Mask":81,"InkBottle":0,"Paper Frog":10,"Potion Belt":0,"Lee\u0027s Waffle":0,"NeowsBlessing":35,"Thread and Needle":74,"PreservedInsect":0,"Omamori":0,"Odd Mushroom":11,"Frozen Egg 2":102,"MawBank":86,"Mercury Hourglass":17,"Peace Pipe":39,"CaptainsWheel":52,"Ornamental Fan":0,"Turnip":1,"Art of War":19,"Bag of Marbles":70,"Champion Belt":0,"Membership Card":29,"Bottled Lightning":42,"Toy Ornithopter":77},{"Tiny House":43,"Gremlin Horn":249,"CeramicFish":368,"Vajra":311,"Whetstone":64,"Sling":0,"Boot":112,"Blood Vial":233,"HornCleat":230,"DollysMirror":13,"Sundial":23,"MealTicket":0,"Philosopher\u0027s Stone":137,"Necronomicon":245,"Kunai":13,"Pear":0,"Happy Flower":213,"Blue Candle":217,"Dead Branch":224,"Astrolabe":398,"Velvet Choker":83,"Pen Nib":160,"Charon\u0027s Ashes":315,"War Paint":293,"Akabeko":337,"Runic Dome":6,"SlaversCollar":357,"Shuriken":154,"Bronze Scales":0,"Bird Faced Urn":326,"Molten Egg 2":0,"Darkstone Periapt":0,"Lantern":177,"Singing Bowl":195,"Magic Flower":0,"Black Blood":259,"Bag of Preparation":0,"Juzu Bracelet":246,"Empty Cage":0,"Burning Blood":0,"ClockworkSouvenir":13,"Nunchaku":249,"TheAbacus":50,"Pantograph":270,"Gambling Chip":317,"Tiny Chest":0,"WingedGreaves":0,"Red Mask":265,"InkBottle":0,"Paper Frog":27,"Potion Belt":0,"Lee\u0027s Waffle":0,"NeowsBlessing":113,"Thread and Needle":245,"PreservedInsect":0,"Omamori":0,"Odd Mushroom":30,"Frozen Egg 2":335,"MawBank":285,"Mercury Hourglass":53,"Peace Pipe":121,"CaptainsWheel":167,"Ornamental Fan":0,"Turnip":2,"Art of War":58,"Bag of Marbles":229,"Champion Belt":0,"Membership Card":94,"Bottled Lightning":130,"Toy Ornithopter":250}],"Burning Blood":753},"card_choices":[{"not_picked":["Cleave","Perfected Strike","Anger"],"picked":"SKIP","floor":1},{"not_picked":["Carnage","Wild Strike"],"picked":"Heavy Blade","floor":4},{"not_picked":["Hemokinesis","Brutality"],"picked":"Whirlwind","floor":7},{"not_picked":["Clothesline","True Grit","Dropkick"],"picked":"SKIP","floor":8},{"not_picked":["Uppercut","Dark Embrace"],"picked":"Sword Boomerang","floor":12},{"not_picked":["Dual Wield","Anger"],"picked":"Sword Boomerang","floor":13},{"not_picked":["Feed","Corruption"],"picked":"Limit Break","floor":16},{"not_picked":["Havoc","Clash"],"picked":"Cleave","floor":18},{"not_picked":["Corruption","Pommel Strike","Spot Weakness+1"],"picked":"SKIP","floor":19}],"player_experience":1697146,"relics_obtained":[{"floor":7,"key":"MealTicket"},{"floor":9,"key":"PreservedInsect"}],"event_choices":[{"damage_healed":0,"gold_gain":0,"player_choice":"Fled","damage_taken":0,"max_hp_gain":0,"max_hp_loss":0,"event_name":"Scrap Ooze","floor":3,"gold_loss":0},{"damage_healed":0,"gold_gain":52,"player_choice":"Gained Gold","damage_taken":0,"max_hp_gain":0,"max_hp_loss":0,"event_name":"Golden Wing","floor":5,"gold_loss":0},{"damage_healed":0,"gold_gain":0,"player_choice":"Ignored","damage_taken":0,"max_hp_gain":0,"max_hp_loss":0,"event_name":"Shining Light","floor":10,"gold_loss":0},{"damage_healed":0,"gold_gain":0,"player_choice":"Cursed","damage_taken":0,"max_hp_gain":0,"max_hp_loss":0,"event_name":"Wheel of Change","floor":14,"gold_loss":0,"cards_obtained":["Decay"]}],"is_beta":false,"boss_relics":[{"not_picked":["Runic Cube","Coffee Dripper"],"picked":"Astrolabe"}],"items_purged_floors":[2],"is_endless":false,"potions_floor_spawned":[4,7,16],"killed_by":"Shelled Parasite and Fungi","ascension_level":20}}