{"host":"8c7ixdz8x9d2d2wv","time":1610740327,"event":{"mods":["AYAYA","BaseMod","Better Altar","Better Sensory Stone","Better-Laid Plans","BetterRewards","Colored Map","Colored Powertips","Curses Come First","Dark Map","Emptier Cage","Highlight Path","Minty Spire (QoL Compilation)","Quick Restart","Rare Cards Sparkle","Relic Sorter","Shop Mod","StSLib","Transform Curses","Uncapped"],"gold_per_floor":[119,136,211,222,239,239,265,286,286,306,306,306,306,306,306,403,403,413,413,413,328,338,338,356,386,434,462,26,26,26,26,26,131,131,142,84,104,157,173,2,2,2,26,26,26,26],"floor_reached":45,"language":"ENG","playtime":3091,"items_purged":[],"score":672,"play_id":"056e3fcb-5094-4fcb-bd49-88661ae3cad5","local_time":"20210115205207","is_ascension_mode":false,"campfire_choices":[{"data":"Cloak And Dagger","floor":6,"key":"SMITH"},{"data":"Neutralize","floor":13,"key":"SMITH"},{"data":"Good Instincts","floor":15,"key":"SMITH"},{"data":"Sadistic Nature","floor":23,"key":"SMITH"},{"data":"Forethought","floor":30,"key":"SMITH"},{"data":"Flash of Steel","floor":32,"key":"SMITH"},{"floor":41,"key":"RECALL"},{"data":"Adrenaline","floor":44,"key":"SMITH"}],"circlet_count":0,"master_deck":["Strike_G","Strike_G","Defend_G","Defend_G","Survivor","Neutralize+1","Good Instincts+1","Cloak And Dagger+1","Cloak And Dagger+1","Dodge and Roll","Forethought+1","Sadistic Nature+1","Dodge and Roll","Flash of Steel+1","Adrenaline+1","Crippling Poison+1","Dagger Spray"],"relics":["Ring of the Snake","The Specimen","CaptainsWheel","MerchantsRug","SlaversCollar","Anchor","Odd Mushroom","Mummified Hand","Bag of Preparation","Oddly Smooth Stone","Vajra","Turnip","Regal Pillow","HoveringKite","Singing Bowl","Thread and Needle","Membership Card","Bronze Scales"],"acts_visited":["Exordium","TheCity","TheBeyond"],"potions_floor_usage":[7,7,16,33,33,35,35],"damage_taken":[{"damage":0,"enemies":"Jaw Worm","floor":1,"turns":4},{"damage":0,"enemies":"Small Slimes","floor":2,"turns":4},{"damage":0,"enemies":"2 Louse","floor":4,"turns":3},{"damage":0,"enemies":"2 Fungi Beasts","floor":5,"turns":4},{"damage":0,"enemies":"Gremlin Nob","floor":7,"turns":4},{"damage":0,"enemies":"The Mushroom Lair","floor":8,"turns":5},{"damage":0,"enemies":"Exordium Wildlife","floor":10,"turns":5},{"damage":9,"enemies":"Hexaghost","floor":16,"turns":9},{"damage":11,"enemies":"Spheric Guardian","floor":18,"turns":6},{"damage":0,"enemies":"Chosen","floor":22,"turns":4},{"damage":0,"enemies":"Sentry and Sphere","floor":24,"turns":5},{"damage":0,"enemies":"Slavers","floor":25,"turns":6},{"damage":0,"enemies":"Book of Stabbing","floor":27,"turns":6},{"damage":36,"enemies":"Collector","floor":33,"turns":18},{"damage":19,"enemies":"3 Darklings","floor":35,"turns":9},{"damage":0,"enemies":"Orb Walker","floor":37,"turns":4},{"damage":15,"enemies":"2 Orb Walkers","floor":38,"turns":6},{"damage":3,"enemies":"Spire Growth","floor":39,"turns":7},{"damage":44,"enemies":"Giant Head","floor":45,"turns":10}],"seed_played":"-876455882526691217","potions_obtained":[{"floor":2,"key":"Regen Potion"},{"floor":5,"key":"Swift Potion"},{"floor":7,"key":"Strength Potion"},{"floor":10,"key":"Regen Potion"},{"floor":25,"key":"SkillPotion"},{"floor":27,"key":"Explosive Potion"},{"floor":33,"key":"SkillPotion"},{"floor":38,"key":"Ancient Potion"},{"floor":39,"key":"Dexterity Potion"}],"is_trial":false,"path_per_floor":["M","M","?","M","M","R","E","?","T","M","?","?","R","?","R","B",null,"M","?","?","?","M","R","M","E","T","E","$","?","R","$","R","B",null,"M","?","M","?","M","$","R","?","T","R","E"],"character_chosen":"THE_SILENT","items_purchased":["MerchantsRug","Good Instincts","Flash of Steel","Turnip","Regal Pillow","Membership Card","Dagger Spray"],"campfire_rested":0,"item_purchase_floors":[0,0,28,28,28,40,40],"current_hp_per_floor":[45,45,34,34,34,34,46,46,46,46,46,39,39,39,39,45,70,59,59,59,59,59,59,59,59,59,59,59,59,59,59,59,23,70,51,51,53,40,39,39,39,39,39,39,0,0],"gold":26,"neow_bonus":"","is_daily":false,"chose_seed":false,"campfire_upgraded":7,"win_rate":0.0,"timestamp":1610740327,"path_taken":["M","M","?","M","M","R","E","?","T","M","?","?","R","?","R","BOSS","M","?","?","?","M","R","?","E","T","E","$","?","R","$","R","BOSS","M","?","?","?","M","$","R","?","T","R","E"],"items_purchased_type":["Relic","Card","Card","Relic","Relic","Relic","Card"],"build_version":"2020-12-22","purchased_purges":0,"victory":false,"max_hp_per_floor":[70,70,70,70,70,70,70,70,70,70,70,70,70,70,70,70,70,70,70,70,70,70,70,70,70,70,70,70,70,70,70,70,70,70,70,70,72,74,76,76,76,72,72,72,72,72],"card_choices":[{"not_picked":["Sucker Punch","Outmaneuver"],"picked":"Cloak And Dagger","floor":1},{"not_picked":["Poisoned Stab","Dagger Throw","Underhanded Strike"],"picked":"SKIP","floor":2},{"not_picked":["Bane","Quick Slash","PiercingWail"],"picked":"SKIP","floor":4},{"not_picked":["Skewer","Deadly Poison"],"picked":"Cloak And Dagger","floor":5},{"not_picked":["Finisher","Flying Knee","Setup"],"picked":"SKIP","floor":7},{"not_picked":["Doppelganger","Backflip"],"picked":"Dodge and Roll","floor":8},{"not_picked":["Dagger Throw","Concentrate","Sucker Punch"],"picked":"SKIP","floor":10},{"not_picked":["Quick Slash","Cloak And Dagger","Distraction"],"picked":"SKIP","floor":18},{"not_picked":["Mind Blast","Panacea"],"picked":"Forethought","floor":20},{"not_picked":["Swift Strike","Mind Blast"],"picked":"Sadistic Nature","floor":20},{"not_picked":["PiercingWail+1","Deadly Poison","Eviscerate+1"],"picked":"SKIP","floor":22},{"not_picked":["Bane","Crippling Poison"],"picked":"Dodge and Roll","floor":24},{"not_picked":["Finisher","PiercingWail+1","Underhanded Strike+1"],"picked":"SKIP","floor":25},{"not_picked":["Sucker Punch","Flechettes","Night Terror"],"picked":"SKIP","floor":27},{"not_picked":["Bullet Time","Wraith Form v2"],"picked":"Adrenaline","floor":33},{"not_picked":["Backflip","Deadly Poison+1"],"picked":"Crippling Poison+1","floor":35},{"not_picked":["Sucker Punch+1","Terror+1","Infinite Blades+1"],"picked":"Singing Bowl","floor":37},{"not_picked":["Leg Sweep","Masterful Stab","Underhanded Strike"],"picked":"Singing Bowl","floor":38},{"not_picked":["Reflex","Endless Agony","Crippling Poison+1"],"picked":"Singing Bowl","floor":39}],"player_experience":643274,"relics_obtained":[{"floor":7,"key":"Anchor"},{"floor":8,"key":"Odd Mushroom"},{"floor":9,"key":"Mummified Hand"},{"floor":25,"key":"The Specimen"},{"floor":26,"key":"Oddly Smooth Stone"},{"floor":27,"key":"Vajra"},{"floor":38,"key":"Thread and Needle"},{"floor":43,"key":"Bronze Scales"}],"event_choices":[{"damage_healed":0,"gold_gain":75,"player_choice":"Gather Gold","damage_taken":11,"max_hp_gain":0,"max_hp_loss":0,"event_name":"World of Goop","floor":3,"gold_loss":0},{"damage_healed":0,"gold_gain":0,"player_choice":"Fought Mushrooms","damage_taken":0,"max_hp_gain":0,"max_hp_loss":0,"event_name":"Mushrooms","floor":8,"gold_loss":0},{"damage_healed":0,"gold_gain":0,"player_choice":"Grow","damage_taken":0,"max_hp_gain":0,"max_hp_loss":0,"event_name":"Living Wall","floor":11,"gold_loss":0,"cards_upgraded":["Cloak And Dagger"]},{"cards_removed":["Strike_G"],"damage_healed":0,"gold_gain":0,"player_choice":"Card Removal","damage_taken":7,"max_hp_gain":0,"max_hp_loss":0,"event_name":"Golden Wing","floor":12,"gold_loss":0},{"damage_healed":0,"gold_gain":0,"player_choice":"Box","damage_taken":0,"relics_obtained":["Dead Branch"],"max_hp_gain":0,"max_hp_loss":0,"event_name":"Big Fish","floor":14,"gold_loss":0,"cards_obtained":["Regret"]},{"cards_removed":["Defend_G"],"damage_healed":0,"gold_gain":0,"player_choice":"Elegance","damage_taken":0,"max_hp_gain":0,"max_hp_loss":0,"event_name":"Back to Basics","floor":19,"gold_loss":0},{"damage_healed":0,"gold_gain":2,"player_choice":"1","damage_taken":0,"max_hp_gain":0,"max_hp_loss":0,"event_name":"betterStone:BetterStone","floor":20,"gold_loss":0},{"damage_healed":0,"gold_gain":0,"player_choice":"Obtained Relic","damage_taken":0,"relics_obtained":["Bag of Preparation"],"max_hp_gain":0,"max_hp_loss":0,"event_name":"Addict","floor":21,"gold_loss":85},{"damage_healed":0,"gold_gain":0,"player_choice":"Ignored","damage_taken":0,"max_hp_gain":0,"max_hp_loss":0,"event_name":"Cursed Tome","floor":29,"gold_loss":0},{"damage_healed":0,"gold_gain":0,"player_choice":"Paid Gold","damage_taken":0,"relics_obtained":["Singing Bowl"],"max_hp_gain":0,"max_hp_loss":0,"event_name":"WeMeetAgain","floor":36,"gold_loss":58},{"damage_healed":0,"gold_gain":0,"player_choice":"Fight","damage_taken":0,"max_hp_gain":0,"max_hp_loss":0,"event_name":"Mysterious Sphere","floor":38,"gold_loss":0},{"damage_healed":0,"gold_gain":0,"player_choice":"Max HP","damage_taken":0,"max_hp_gain":0,"max_hp_loss":4,"event_name":"Winding Halls","floor":42,"gold_loss":0}],"is_beta":false,"boss_relics":[{"not_picked":["Ectoplasm","Runic Pyramid"],"picked":"Empty Cage"},{"not_picked":["Coffee Dripper","Fusion Hammer"],"picked":"HoveringKite"}],"items_purged_floors":[],"is_endless":false,"potions_floor_spawned":[2,5,7,10,25,27,33,38,39],"killed_by":"Giant Head","ascension_level":0}}