{"host":"Ian","time":1610710284,"event":{"mods":["BaseMod","Bestiary","Block Reminder","Colored Map","Highlight Path","Key Reminder","Minty Spire (QoL Compilation)","Relic Stats"],"gold_per_floor":[113,132,144,144,163,163,195,206,229,229,229,242,267,61,61,138,138,154,165,85,85,104,104,120,137,137,147,147,147,159,175,175,248,248,259,259,275,275,294,294,57,67,67,98,98,118,18,31,31,31,31,31,31,31,66,66],"floor_reached":57,"language":"ENG","playtime":3321,"items_purged":["Strike_R","Strike_R"],"score":2850,"play_id":"069f1f91-b334-45d3-8743-7235c0caf677","local_time":"20210115113124","is_ascension_mode":true,"campfire_choices":[{"data":"Bash","floor":6.0,"key":"SMITH"},{"data":"Perfected Strike","floor":11.0,"key":"SMITH"},{"floor":15.0,"key":"REST"},{"floor":23.0,"key":"REST"},{"data":"Armaments","floor":29.0,"key":"SMITH"},{"data":"Juggernaut","floor":32.0,"key":"SMITH"},{"data":"Barricade","floor":40.0,"key":"SMITH"},{"data":"Corruption","floor":45.0,"key":"SMITH"},{"floor":49.0,"key":"RECALL"},{"data":"Fiend Fire","floor":53.0,"key":"SMITH"}],"circlet_count":0,"master_deck":["AscendersBane","Strike_R","Strike_R","Defend_R","Defend_R","Defend_R","Defend_R","Bash+1","Cleave","Heavy Blade","Flame Barrier+1","Pommel Strike","Shockwave","Juggernaut+1","Power Through","Corruption+1","Power Through","Corruption","Shrug It Off","Fiend Fire+1","Armaments+1","Ghostly","Ghostly","Ghostly","Sentinel","Shrug It Off+1","Barricade+1","Warcry+1","Shockwave","Feel No Pain+1","Dark Embrace","Dropkick","Seeing Red","Body Slam","Power Through","Rage"],"relics":["Philosopher\u0027s Stone","Question Card","Blood Vial","Medical Kit","Runic Pyramid","Pen Nib","Black Star","Sundial","Ancient Tea Set","Bag of Preparation","Mango","Bottled Tornado"],"acts_visited":["Exordium","TheCity","TheBeyond","TheEnding"],"potions_floor_usage":[56,56],"damage_taken":[{"damage":4.0,"enemies":"Small Slimes","floor":1.0,"turns":3.0},{"damage":0.0,"enemies":"Cultist","floor":2.0,"turns":3.0},{"damage":0.0,"enemies":"2 Louse","floor":3.0,"turns":2.0},{"damage":0.0,"enemies":"Large Slime","floor":5.0,"turns":4.0},{"damage":12.0,"enemies":"3 Sentries","floor":7.0,"turns":6.0},{"damage":15.0,"enemies":"Red Slaver","floor":8.0,"turns":2.0},{"damage":0.0,"enemies":"2 Fungi Beasts","floor":12.0,"turns":2.0},{"damage":16.0,"enemies":"Lagavulin","floor":13.0,"turns":6.0},{"damage":35.0,"enemies":"Hexaghost","floor":16.0,"turns":9.0},{"damage":2.0,"enemies":"2 Thieves","floor":18.0,"turns":4.0},{"damage":49.0,"enemies":"3 Byrds","floor":19.0,"turns":4.0},{"damage":9.0,"enemies":"Sentry and Sphere","floor":22.0,"turns":4.0},{"damage":16.0,"enemies":"Cultist and Chosen","floor":24.0,"turns":7.0},{"damage":3.0,"enemies":"Centurion and Healer","floor":25.0,"turns":6.0},{"damage":0.0,"enemies":"Snake Plant","floor":27.0,"turns":3.0},{"damage":1.0,"enemies":"Snecko","floor":30.0,"turns":4.0},{"damage":1.0,"enemies":"Cultist and Chosen","floor":31.0,"turns":6.0},{"damage":6.0,"enemies":"Collector","floor":33.0,"turns":7.0},{"damage":1.0,"enemies":"3 Shapes","floor":35.0,"turns":6.0},{"damage":1.0,"enemies":"Orb Walker","floor":37.0,"turns":4.0},{"damage":1.0,"enemies":"Transient","floor":39.0,"turns":6.0},{"damage":18.0,"enemies":"Sphere and 2 Shapes","floor":42.0,"turns":5.0},{"damage":1.0,"enemies":"Nemesis","floor":44.0,"turns":5.0},{"damage":0.0,"enemies":"Jaw Worm Horde","floor":46.0,"turns":3.0},{"damage":1.0,"enemies":"Transient","floor":48.0,"turns":5.0},{"damage":3.0,"enemies":"Awakened One","floor":50.0,"turns":7.0},{"damage":0.0,"enemies":"Time Eater","floor":51.0,"turns":11.0},{"damage":1.0,"enemies":"Shield and Spear","floor":55.0,"turns":4.0},{"damage":23,"enemies":"The Heart","floor":56,"turns":6}],"seed_played":"2715902996015149838","potions_obtained":[{"floor":2.0,"key":"BlessingOfTheForge"},{"floor":5.0,"key":"Block Potion"},{"floor":8.0,"key":"Explosive Potion"},{"floor":12.0,"key":"SpeedPotion"},{"floor":22.0,"key":"SpeedPotion"},{"floor":25.0,"key":"PowerPotion"},{"floor":27.0,"key":"SpeedPotion"},{"floor":30.0,"key":"Fire Potion"},{"floor":33.0,"key":"HeartOfIron"},{"floor":46.0,"key":"CultistPotion"}],"is_trial":false,"path_per_floor":["M","M","M","?","M","R","E","M","T","?","R","M","E","$","R","B",null,"M","M","$","?","M","R","M","M","T","M","?","R","M","M","R","B",null,"M","?","M","?","M","R","$","M","T","E","R","M","$","M","R","B","B",null,"R","$","E","B",null],"character_chosen":"IRONCLAD","items_purchased":["Medical Kit","Power Through","DuplicationPotion","Dark Embrace","Dropkick"],"campfire_rested":2,"item_purchase_floors":[14,14,20,41,41],"current_hp_per_floor":[64,64,64,64,64,64,52,37,37,37,37,37,21,21,43,10,59,59,12,12,12,5,27,13,12,12,14,14,14,15,16,16,12,31,32,32,33,33,34,34,34,17,17,18,18,20,20,21,21,20,22,32,32,32,47,26],"gold":66,"neow_bonus":"BOSS_RELIC","is_daily":false,"chose_seed":false,"campfire_upgraded":7,"win_rate":0.0,"timestamp":1610710284,"path_taken":["M","M","M","?","M","R","E","?","T","?","R","M","E","$","R","BOSS","M","M","$","?","?","R","M","M","T","M","?","R","M","M","R","BOSS","M","?","M","?","?","R","?","M","T","E","R","M","$","M","R","BOSS","BOSS","R","$","E","BOSS"],"items_purchased_type":["Relic","Card","Potion","Card","Card"],"build_version":"2020-12-18","purchased_purges":2,"victory":true,"max_hp_per_floor":[75,75,75,75,75,75,75,75,75,75,75,75,75,75,75,75,75,75,75,75,75,75,75,75,75,75,75,37,37,37,37,37,37,37,37,35,35,35,35,35,35,35,35,35,35,35,35,35,35,35,35,35,35,35,49,49],"relic_stats":{"Blood Vial":41,"counters":[29,144],"Sundial":[16],"Pen Nib":[13],"Black Star":2,"Bag of Preparation":[12],"Question Card":21,"Medical Kit":[77],"obtain_stats":[{"Mango":55,"Pen Nib":26,"Bag of Preparation":44,"Bottled Tornado":55,"Question Card":7,"Medical Kit":14,"Ancient Tea Set":44,"Burning Blood":0,"keyreminder:keyreminder":9,"Blood Vial":13,"Sundial":43,"Philosopher\u0027s Stone":0,"Black Star":34,"Runic Pyramid":17},{"Mango":28,"Pen Nib":14,"Bag of Preparation":23,"Bottled Tornado":28,"Question Card":5,"Medical Kit":8,"Ancient Tea Set":23,"Burning Blood":0,"keyreminder:keyreminder":6,"Blood Vial":8,"Sundial":22,"Philosopher\u0027s Stone":0,"Black Star":18,"Runic Pyramid":9},{"Mango":138,"Pen Nib":62,"Bag of Preparation":108,"Bottled Tornado":138,"Question Card":18,"Medical Kit":28,"Ancient Tea Set":108,"Burning Blood":0,"keyreminder:keyreminder":20,"Blood Vial":28,"Sundial":103,"Philosopher\u0027s Stone":0,"Black Star":82,"Runic Pyramid":37}]},"card_choices":[{"not_picked":["Flex","Sword Boomerang"],"picked":"Cleave","floor":1.0},{"not_picked":["Fire Breathing","Heavy Blade"],"picked":"Perfected Strike","floor":2.0},{"not_picked":["Body Slam","True Grit","Dual Wield"],"picked":"SKIP","floor":3.0},{"not_picked":["Feel No Pain","True Grit"],"picked":"Flame Barrier","floor":5.0},{"not_picked":["Armaments","Uppercut"],"picked":"Pommel Strike","floor":7.0},{"not_picked":["Searing Blow","Combust","Second Wind","Warcry"],"picked":"SKIP","floor":8.0},{"not_picked":["Twin Strike","Heavy Blade","Carnage"],"picked":"Shockwave","floor":12.0},{"not_picked":["Sever Soul","Dark Embrace","Warcry"],"picked":"Juggernaut","floor":13.0},{"not_picked":["Juggernaut","Feed","Offering"],"picked":"Corruption","floor":16.0},{"not_picked":["Thunderclap","Cleave","Fire Breathing","Clash"],"picked":"SKIP","floor":18.0},{"not_picked":["Flex","Dual Wield","Iron Wave+1"],"picked":"Power Through","floor":19.0},{"not_picked":["Perfected Strike","Thunderclap","Searing Blow"],"picked":"Shrug It Off","floor":22.0},{"not_picked":["Whirlwind","Havoc","Headbutt","Body Slam"],"picked":"SKIP","floor":24.0},{"not_picked":["Whirlwind","Thunderclap","Flex"],"picked":"Fiend Fire","floor":25.0},{"not_picked":["Searing Blow","Flex","Sever Soul"],"picked":"Armaments","floor":27.0},{"not_picked":["Corruption","True Grit","Twin Strike"],"picked":"Sentinel","floor":30.0},{"not_picked":["Flame Barrier","Iron Wave","Twin Strike"],"picked":"Shrug It Off+1","floor":31.0},{"not_picked":["Fiend Fire","Bludgeon","Exhume"],"picked":"Barricade","floor":33.0},{"not_picked":["Havoc","Bloodletting","Pommel Strike+1"],"picked":"Warcry+1","floor":35.0},{"not_picked":["Warcry","Sever Soul","Blood for Blood"],"picked":"Shockwave","floor":37.0},{"not_picked":["Havoc+1","Flame Barrier","Cleave"],"picked":"Feel No Pain+1","floor":39.0},{"not_picked":["Armaments","Perfected Strike","Havoc"],"picked":"Seeing Red","floor":42.0},{"not_picked":["Inflame","Rage","Sever Soul"],"picked":"Body Slam","floor":44.0},{"not_picked":["Uppercut","Sentinel+1","Bludgeon"],"picked":"Power Through","floor":46.0},{"not_picked":["Clothesline","Shrug It Off+1","Fire Breathing+1"],"picked":"Rage","floor":48.0},{"not_picked":["Anger","Evolve+1","Warcry","Fire Breathing+1"],"picked":"SKIP","floor":55.0}],"player_experience":2681525,"relics_obtained":[{"floor":7.0,"key":"Question Card"},{"floor":13.0,"key":"Blood Vial"},{"floor":26.0,"key":"Pen Nib"},{"floor":43.0,"key":"Sundial"},{"floor":44.0,"key":"Ancient Tea Set"},{"floor":44.0,"key":"Bag of Preparation"},{"floor":55.0,"key":"Mango"},{"floor":55.0,"key":"Bottled Tornado"}],"event_choices":[{"damage_healed":0.0,"max_hp_gain":0.0,"max_hp_loss":0.0,"gold_gain":0.0,"cards_transformed":["Strike_R"],"event_name":"Transmorgrifier","player_choice":"Transformed","floor":4.0,"gold_loss":0.0,"damage_taken":0.0,"cards_obtained":["Heavy Blade"]},{"damage_healed":0.0,"max_hp_gain":0.0,"max_hp_loss":0.0,"gold_gain":0.0,"event_name":"Living Wall","player_choice":"Grow","floor":10.0,"gold_loss":0.0,"damage_taken":0.0,"cards_upgraded":["Flame Barrier"]},{"damage_healed":0.0,"max_hp_gain":0.0,"max_hp_loss":0.0,"gold_gain":0.0,"event_name":"Duplicator","player_choice":"Copied","floor":21.0,"gold_loss":0.0,"damage_taken":0.0,"cards_obtained":["Corruption"]},{"damage_healed":0.0,"max_hp_gain":0.0,"max_hp_loss":38.0,"gold_gain":0.0,"event_name":"Ghosts","player_choice":"Became a Ghost","floor":28.0,"gold_loss":0.0,"damage_taken":0.0,"cards_obtained":["Ghostly","Ghostly","Ghostly"]},{"damage_healed":0.0,"max_hp_gain":0.0,"max_hp_loss":2.0,"gold_gain":0.0,"event_name":"Winding Halls","player_choice":"Max HP","floor":36.0,"gold_loss":0.0,"damage_taken":0.0},{"cards_removed":["Perfected Strike"],"damage_healed":0.0,"max_hp_gain":0.0,"max_hp_loss":0.0,"gold_gain":0.0,"event_name":"Purifier","player_choice":"Purged","floor":38.0,"gold_loss":0.0,"damage_taken":0.0}],"is_beta":true,"boss_relics":[{"not_picked":["Empty Cage","SlaversCollar"],"picked":"Runic Pyramid"},{"not_picked":["Tiny House","Calling Bell"],"picked":"Black Star"}],"items_purged_floors":[41,47],"is_endless":false,"potions_floor_spawned":[2,5,8,12,22,25,27,30,33,37,46,48],"ascension_level":20}}