{"host":"ywif2ugnepgiw45s","time":1610676635,"event":{"mods":["Act Like it!","BaseMod","Better Skull","Downfall","Elementarium","GifTheSpireLib","Hermit","Marisa????????","Minty Spire (QoL Compilation)","READ ME - Guardian Mod","Replay The Spire","Shade Mod","Shop Mod","StSLib","The Cursed","The Jungle","The Runesmith","The Servant 0.9.4"],"gold_per_floor":[99,44,44,44,29,29,104,121,46,31,80,92,108,143,155,251,251,176,193,205,224,122,149,223,257,257,275,275,275,296,328,342,443,443,443,455,469,33,33,33,33,53,98,127,127,155,80,96,109,109,109,134,54,54,54],"floor_reached":56,"language":"ENG","playtime":3704,"items_purged":["Replay:SS_hec_1"],"score":1613,"play_id":"1785f284-0d14-43e4-a8ea-b20a24b752d8","local_time":"20210114211035","is_ascension_mode":false,"campfire_choices":[{"floor":1,"key":"RECALL"},{"data":"Sunlight","floor":9,"key":"SMITH"},{"floor":18,"key":"DIG"},{"data":"Embodiment","floor":26,"key":"SMITH"},{"data":"SoulSculpture","floor":35,"key":"SMITH"},{"data":"Luminosity","floor":47,"key":"SMITH"},{"data":"FlawlessForm","floor":54,"key":"SMITH"}],"circlet_count":0,"master_deck":["Strike_S+1","Strike_S+1","Strike_S+1","Defend_S","Defend_S","KidneyShot+1","Exchange+1","Starlight+1","SilverBlades","BottledTime","Sunlight+1","Luminosity","Embodiment+1","Contraction+1","FloweringNight","Luminosity","Solidify+1","Necronomicurse","FastForward+1","Potential","PendulumOfEternity","Defy+1","SoulSculpture+1","Luminosity+1","Misdirection+1","Replace+1","BottledTime+1","TimeWarp+1","FlawlessForm+1"],"relics":["Uniform","Ring of Fangs","Ring of Peace","Mummified Hand","downfall:HeartBlessingRed","Divine Protection","Shuriken","Empty Cage","downfall:HeartBlessingGreen","Whetstone","MerchantsRug","Anchor","Toxic Egg 2","Replay:Mystery Machine","Necronomicon","Medical Kit","KneeBrace","Replay:Bronze Core","ReplayTheSpireMod:Shallot","Counterbalance","War Paint","Garlic","Chameleon Ring","downfall:HeartBlessingBlue","Bird Faced Urn"],"acts_visited":["Exordium","TheCity","TheBeyond","TheEnding"],"potions_floor_usage":[14,23,37,55,55],"damage_taken":[{"damage":0,"enemies":"downfall:FleeingMerchant","floor":2,"turns":4},{"damage":4,"enemies":"downfall:FleeingMerchant","floor":5,"turns":4},{"damage":0,"enemies":"Jaw Worm","floor":8,"turns":4},{"damage":12,"enemies":"downfall:FleeingMerchant","floor":10,"turns":4},{"damage":0,"enemies":"Small Slimes","floor":12,"turns":3},{"damage":0,"enemies":"2 Louse","floor":13,"turns":1},{"damage":12,"enemies":"3 Sentries","floor":14,"turns":7},{"damage":0,"enemies":"2 Fungi Beasts","floor":15,"turns":3},{"damage":3,"enemies":"downfall:Silent","floor":16,"turns":6},{"damage":0,"enemies":"3 Byrds","floor":19,"turns":4},{"damage":0,"enemies":"Spheric Guardian","floor":20,"turns":6},{"damage":0,"enemies":"Chosen and Byrds","floor":21,"turns":7},{"damage":6,"enemies":"downfall:FleeingMerchant","floor":22,"turns":4},{"damage":15,"enemies":"Slavers","floor":23,"turns":5},{"damage":0,"enemies":"Replay:Snechameleon","floor":25,"turns":6},{"damage":0,"enemies":"Shelled Parasite and Fungi","floor":27,"turns":5},{"damage":0,"enemies":"downfall:FleeingMerchant","floor":30,"turns":4},{"damage":0,"enemies":"Book of Stabbing","floor":31,"turns":5},{"damage":0,"enemies":"Sentry and Sphere","floor":32,"turns":4},{"damage":0,"enemies":"downfall:Watcher","floor":33,"turns":7},{"damage":0,"enemies":"3 Darklings","floor":36,"turns":3},{"damage":0,"enemies":"Orb Walker","floor":37,"turns":3},{"damage":0,"enemies":"Transient","floor":42,"turns":5},{"damage":0,"enemies":"2 Orb Walkers","floor":43,"turns":3},{"damage":0,"enemies":"Giant Head","floor":44,"turns":6},{"damage":0,"enemies":"Nemesis","floor":46,"turns":5},{"damage":0,"enemies":"Spire Growth","floor":48,"turns":3},{"damage":0,"enemies":"Sphere and 2 Shapes","floor":49,"turns":5},{"damage":0,"enemies":"downfall:Ironclad","floor":50,"turns":6},{"damage":0,"enemies":"downfall:CharBossMerchant","floor":52,"turns":7},{"damage":0,"enemies":"downfall:NeowBoss","floor":55,"turns":14}],"seed_played":"6447715115995682733","potions_obtained":[{"floor":8,"key":"Regen Potion"},{"floor":12,"key":"Death Potion"},{"floor":16,"key":"champ:CounterPotion"},{"floor":19,"key":"SneckoOil"},{"floor":27,"key":"EssenceOfSteel"},{"floor":32,"key":"Adrenaline Potion"},{"floor":33,"key":"Weak Potion"},{"floor":43,"key":"Dexterity Potion"},{"floor":46,"key":"Reflective Coating"}],"is_trial":false,"path_per_floor":["R","$","?","T","$","?","T","M","R","$","?","M","M","E","M","B",null,"R","M","M","M","$","E","T","E","R","M","?","?","$","E","M","B",null,"R","M","M","$","?","?","T","M","?","E","T","E","R","M","M","B",null,"E","$","R","B",null],"character_chosen":"THE_SERVANT","items_purchased":["SilverBlades","MerchantsRug","Potential","Medical Kit","PendulumOfEternity","CultistPotion","ReplayTheSpireMod:Shallot","FlawlessForm"],"campfire_rested":0,"item_purchase_floors":[2,22,30,30,30,38,38,53],"current_hp_per_floor":[65,65,65,65,61,61,61,61,61,49,49,49,49,52,52,49,65,65,65,65,65,59,44,44,44,44,44,28,49,49,49,49,49,65,65,65,65,65,65,65,65,65,65,65,65,65,75,75,75,75,75,75,75,75,75],"gold":54,"neow_bonus":"RANDOM_COLORLESS","is_daily":false,"chose_seed":false,"campfire_upgraded":5,"win_rate":0.0,"timestamp":1610676635,"path_taken":["R","$","?","?","?","?","T","M","R","?","?","M","M","E","M","BOSS","R","M","M","M","$","E","T","E","R","M","?","?","$","E","M","BOSS","R","M","M","$","?","?","T","M","?","E","?","E","R","?","M","BOSS","E","$","R","BOSS"],"items_purchased_type":["Card","Relic","Card","Relic","Card","Potion","Relic","Card"],"build_version":"2020-12-22","purchased_purges":1,"victory":true,"max_hp_per_floor":[65,65,65,65,65,65,65,65,65,65,65,65,65,65,65,65,65,65,65,65,65,65,65,65,65,65,65,65,65,65,65,65,65,65,65,65,65,65,65,65,65,65,65,65,65,65,75,75,75,75,75,75,75,75,75],"card_choices":[{"not_picked":["expansioncontent:YouAreMine","Replay:SS_fish_1"],"picked":"Replay:SS_hec_1","floor":0},{"not_picked":["Rearm","ShatteredReality"],"picked":"Starlight","floor":2},{"not_picked":["RealityMarble","Ricochet"],"picked":"BottledTime","floor":5},{"not_picked":["BottledTime","InstantArmor"],"picked":"Sunlight","floor":8},{"not_picked":["DoubleEdge","Spin","BottledTime"],"picked":"SKIP","floor":10},{"not_picked":["Snipe","Spin"],"picked":"Luminosity","floor":11},{"not_picked":["Revamp","Spin","Defy"],"picked":"SKIP","floor":12},{"not_picked":["TimeWarp","Alleviate","Unruled"],"picked":"SKIP","floor":13},{"not_picked":["WasteNot","Revamp"],"picked":"Embodiment","floor":14},{"not_picked":["TimeTheft","Ricochet"],"picked":"Contraction","floor":15},{"not_picked":["Duplication","KillingDoll"],"picked":"FloweringNight","floor":16},{"not_picked":["Replace","Contraction","DoubleEdge+1"],"picked":"SKIP","floor":19},{"not_picked":["Manipulate","BottledTime","DancingSilver"],"picked":"SKIP","floor":20},{"not_picked":["Barrier","Unruled","TimeWarp"],"picked":"SKIP","floor":21},{"not_picked":["BottledTime","Replace","Gouge+1"],"picked":"SKIP","floor":22},{"not_picked":["Reset","Rearm","Orbit"],"picked":"SKIP","floor":23},{"not_picked":["GearUp+1","DoubleEdge"],"picked":"Luminosity","floor":25},{"not_picked":["TimeTheft+1","ShatteredReality"],"picked":"Solidify+1","floor":27},{"not_picked":["Rewind+1","TimeWarp"],"picked":"FastForward+1","floor":30},{"not_picked":["WasteNot","Spin","ShatteredReality+1"],"picked":"SKIP","floor":31},{"not_picked":["WasteNot","Gouge"],"picked":"Defy+1","floor":32},{"not_picked":["FloweringNight","ForgedInTime+1"],"picked":"SoulSculpture","floor":33},{"not_picked":["FastForward+1","Potential","TimeTheft+1"],"picked":"SKIP","floor":36},{"not_picked":["ShatteredReality+1","Rewind+1"],"picked":"Luminosity","floor":37},{"not_picked":["MoonPhase+1","FastForward+1"],"picked":"Misdirection+1","floor":42},{"not_picked":["DoubleEdge+1","KillingDoll","Comet"],"picked":"SKIP","floor":44},{"not_picked":["Potential","Contraction+1"],"picked":"Replace+1","floor":46},{"not_picked":["Deadline+1","Sabotage","Orbit+1"],"picked":"SKIP","floor":48},{"not_picked":["Starlight","ReturningBlade+1"],"picked":"BottledTime+1","floor":49},{"not_picked":["Moondial+1","DancingSilver+1"],"picked":"TimeWarp+1","floor":52}],"player_experience":1726384,"relics_obtained":[{"floor":3,"key":"Ring of Fangs"},{"floor":3,"key":"Ring of Peace"},{"floor":4,"key":"Mummified Hand"},{"floor":7,"key":"Replay:Bottled Eggs"},{"floor":11,"key":"Divine Protection"},{"floor":14,"key":"Shuriken"},{"floor":18,"key":"Whetstone"},{"floor":23,"key":"Anchor"},{"floor":24,"key":"Toxic Egg 2"},{"floor":25,"key":"Replay:Mystery Machine"},{"floor":28,"key":"Necronomicon"},{"floor":31,"key":"KneeBrace"},{"floor":43,"key":"Counterbalance"},{"floor":44,"key":"War Paint"},{"floor":45,"key":"Garlic"},{"floor":46,"key":"Chameleon Ring"},{"floor":52,"key":"Bird Faced Urn"}],"event_choices":[{"damage_healed":21,"gold_gain":0,"player_choice":"Heal","damage_taken":0,"max_hp_gain":0,"max_hp_loss":0,"event_name":"The Library","floor":29,"gold_loss":0},{"cards_removed":["Defend_S"],"damage_healed":0,"gold_gain":0,"player_choice":"Removed Skill","damage_taken":0,"max_hp_gain":0,"max_hp_loss":0,"event_name":"Falling","floor":39,"gold_loss":0},{"damage_healed":0,"gold_gain":0,"player_choice":"Fight","damage_taken":0,"max_hp_gain":0,"max_hp_loss":0,"event_name":"Mysterious Sphere","floor":43,"gold_loss":0}],"is_beta":false,"boss_relics":[{"not_picked":["Coffee Dripper","Pandora\u0027s Box"],"picked":"Empty Cage"},{"not_picked":["Runesmith:UraniumAnvil","Honey Jar"],"picked":"Replay:Bronze Core"}],"items_purged_floors":[38],"is_endless":false,"potions_floor_spawned":[8,12,16,19,20,27,32,33,43,46,49,52],"ascension_level":0}}