{"host":"guwca93h2ke9l2g3","time":1610682877,"event":{"mods":["100% Spire Juice","2.2 Compatiblity","Act Like it!","Arknights The Spire","Aspiration","BaseMod","Better Skull","ChefMod","Colored Powertips","Conspire","Dark Map","Downfall","Fox Events","GungeonMod","Halation","Hallownest","HololiveMod","Hubris","Infinite Spire","Lobotomy","LobotomyExtend","Marked Mod","Minty Spire (QoL Compilation)","Permanent Neow","Potionbrewer","Prisma Mod","Quick Restart","Relic Sorter","Relic Stats","Replay The Spire","Robot Space Explorer","Shade Mod","Spicy Shops","StSLib","The Alterego","The Animator","The Bug Knight","The Cursed","The Marked","The Mystic","The Necromancer","The Poker Player","TheVacant","TheWitcher","Waifu the Spire","WarShipGirlsR/????R mod","Yakumo Yukari mod","Yuri Mod","vexMod"],"gold_per_floor":[117,131,131,141,172,172,172],"floor_reached":6,"language":"ENG","playtime":693,"items_purged":[],"score":45,"play_id":"168022e7-41e3-4c2a-9e54-581a37463699","local_time":"20210114215437","is_ascension_mode":true,"campfire_choices":[],"circlet_count":0,"master_deck":["DemoMod:Strike_Huntress","DemoMod:Strike_Huntress","DemoMod:Strike_Huntress","DemoMod:Defend_Huntress","DemoMod:Defend_Huntress","DemoMod:Defend_Huntress","DemoMod:Defend_Huntress","DemoMod:Roll","DemoMod:ManualReload","DemoMod:RustySidearm","DemoMod:CrossBow"],"relics":["DemoMod:Dog","Boot","LetterFromLob","hubris:Towel","Lantern","halation:PromiseList"],"acts_visited":["Exordium"],"potions_floor_usage":[6],"damage_taken":[{"damage":1,"enemies":"Jaw Worm","floor":1,"turns":4},{"damage":5,"enemies":"Small Slimes","floor":2,"turns":3},{"damage":5,"enemies":"Cultist","floor":4,"turns":4},{"damage":0,"enemies":"3 Louse","floor":5,"turns":7},{"damage":81,"enemies":"Gremlin Nob","floor":6,"turns":6}],"seed_played":"-8801222516029957526","potions_obtained":[{"floor":2,"key":"Dexterity Potion"}],"is_trial":false,"path_per_floor":["M","M","?","M","?","E"],"character_chosen":"HUNTRESS","items_purchased":[],"campfire_rested":0,"item_purchase_floors":[],"current_hp_per_floor":[69,64,64,59,59,0,0],"gold":172,"neow_bonus":"RANDOM_COMMON_RELIC","is_daily":false,"chose_seed":false,"campfire_upgraded":0,"win_rate":0.0,"timestamp":1610682877,"path_taken":["M","M","?","M","?","E"],"items_purchased_type":[],"build_version":"2020-12-22","purchased_purges":0,"victory":false,"max_hp_per_floor":[70,70,70,70,70,70,70],"relic_stats":{"counters":[5,24],"Boot":[10],"obtain_stats":[{"Lantern":5,"DemoMod:Dog":0,"DemoMod:GlassGuonStoneRelic":5,"LetterFromLob":1,"halation:PromiseList":5,"hubris:Towel":3,"Boot":0},{"Lantern":4,"DemoMod:Dog":0,"DemoMod:GlassGuonStoneRelic":4,"LetterFromLob":1,"halation:PromiseList":4,"hubris:Towel":2,"Boot":0},{"Lantern":18,"DemoMod:Dog":0,"DemoMod:GlassGuonStoneRelic":18,"LetterFromLob":4,"halation:PromiseList":18,"hubris:Towel":7,"Boot":0}]},"card_choices":[{"not_picked":["DemoMod:SAA","DemoMod:FastSwitch","DemoMod:MachoBrace"],"picked":"SKIP","floor":1},{"not_picked":["DemoMod:MegaHand","DemoMod:SniperShot","DemoMod:TripleGun"],"picked":"SKIP","floor":2},{"not_picked":["DemoMod:SAA","DemoMod:FastSwitch","DemoMod:SkilledReload"],"picked":"SKIP","floor":4},{"not_picked":["DemoMod:BattleInHaste","DemoMod:MachoBrace","DemoMod:Casey"],"picked":"SKIP","floor":5}],"player_experience":306631,"relics_obtained":[{"floor":1,"key":"LetterFromLob"},{"floor":5,"key":"Lantern"},{"floor":5,"key":"halation:PromiseList"}],"event_choices":[],"is_beta":false,"boss_relics":[],"items_purged_floors":[],"is_endless":false,"potions_floor_spawned":[2],"killed_by":"Gremlin Nob","ascension_level":5}}