{"host":"71x3l6y2fkerz90u","time":1610741046,"event":{"mods":["BaseMod","Downfall","Hubris","Minty Spire (QoL Compilation)","Replay The Spire","StSLib","The Necromancer"],"gold_per_floor":[99,112,122,122,3,16,41,60,60,80,115,172,122,197,207,310,310,260,274,77,77,93,93,116,66,66,16,29,42,56,71,90,188,188,138,150,11,28,28,28,28,47,47,21,21,21,35,35,55,55,55,55],"floor_reached":50,"language":"DEU","playtime":4715,"items_purged":[],"score":521,"play_id":"ea615fc3-783e-45bf-81fc-fd0ac4b3b055","local_time":"20210115210406","is_ascension_mode":false,"campfire_choices":[{"data":"Slimebound:CorrosiveSpit","floor":1,"key":"SMITH"},{"floor":13,"key":"RECALL"},{"floor":25,"key":"REST"},{"floor":27,"key":"REST"},{"data":"Slimebound:Overexert","floor":35,"key":"SMITH"},{"data":"Slimebound:Overexert","floor":40,"key":"SMITH"},{"data":"Slimebound:SplitBruiser","floor":43,"key":"SMITH"},{"data":"Slimebound:SplitMire","floor":45,"key":"SMITH"}],"circlet_count":0,"master_deck":["Slimebound:Strike_Slimebound","Slimebound:Strike_Slimebound","Slimebound:Tackle","Slimebound:Defend_Slimebound","Slimebound:Defend_Slimebound","Slimebound:Defend_Slimebound","Slimebound:Defend_Slimebound","Slimebound:CorrosiveSpit+1","Slimebound:MinionMaster","Slimebound:FirmFortitude","Slimebound:SplitBruiser+1","Slimebound:RainOfGoop","Slimebound:SplitMire+1","Slimebound:SamplingLick","Slimebound:FormOfPuddle+1","Slimebound:FinishingTackle","Slimebound:FlameTackle","Slimebound:Overexert+1","Slimebound:FinishingTackle","Slimebound:MegaLick","Slimebound:Overexert+1","Slimebound:Teamwork","Slimebound:Schlurp+1","Slimebound:SplitAcid+1","Slimebound:SamplingLick+1","Slimebound:SlimeBarrage","Necronomicurse","Slimebound:ForwardTackle","Slimebound:ForwardTackle+1","Slimebound:Prepare+1","Slimebound:SplitAcid","Slimebound:SplitLeeching+1","Slimebound:MinionMaster","Slimebound:FormOfPuddle+1","Slimebound:SplitAcid+1","Slimebound:LeadByExample+1","Slimebound:LeechEnergy+1","Slimebound:Schlurp+1","Slimebound:FormOfPuddle+1"],"relics":["Slimebound:AbsorbEndCombat","Slimebound:GreedOozeRelic","WarpedTongs","Pear","Mummified Hand","Kunai","Empty Cage","Pet Ghost","Necronomicon","Centennial Puzzle","hubris:Stopwatch","White Beast Statue","Membership Card","Mirror","Ring of Misfortune","Ring of Searing"],"acts_visited":["Exordium","TheCity","TheBeyond"],"potions_floor_usage":[11,11,15,20,30,31,33,33,38,42,42,42,47,50,50,50],"damage_taken":[{"damage":9,"enemies":"2 Louse","floor":2,"turns":2},{"damage":0,"enemies":"Small Slimes","floor":3,"turns":3},{"damage":3,"enemies":"downfall:FleeingMerchant","floor":5,"turns":4},{"damage":8,"enemies":"Cultist","floor":6,"turns":2},{"damage":26,"enemies":"Blue Slaver","floor":8,"turns":4},{"damage":19,"enemies":"Exordium Wildlife","floor":10,"turns":3},{"damage":34,"enemies":"3 Sentries","floor":11,"turns":7},{"damage":22,"enemies":"Gremlin Nob","floor":12,"turns":3},{"damage":22,"enemies":"Gremlin Gang","floor":15,"turns":3},{"damage":36,"enemies":"downfall:Watcher","floor":16,"turns":5},{"damage":12,"enemies":"Shell Parasite","floor":19,"turns":3},{"damage":23,"enemies":"downfall:FleeingMerchant","floor":20,"turns":4},{"damage":25,"enemies":"Sentry and Sphere","floor":22,"turns":4},{"damage":43,"enemies":"Centurion and Healer","floor":28,"turns":4},{"damage":11,"enemies":"Shelled Parasite and Fungi","floor":29,"turns":4},{"damage":10,"enemies":"3 Cultists","floor":30,"turns":2},{"damage":17,"enemies":"Centurion and Healer","floor":31,"turns":2},{"damage":11,"enemies":"Snake Plant","floor":32,"turns":2},{"damage":21,"enemies":"downfall:Defect","floor":33,"turns":5},{"damage":7,"enemies":"Orb Walker","floor":36,"turns":2},{"damage":27,"enemies":"downfall:FleeingMerchant","floor":37,"turns":4},{"damage":9,"enemies":"3 Darklings","floor":38,"turns":4},{"damage":11,"enemies":"Sphere and 2 Shapes","floor":42,"turns":3},{"damage":30,"enemies":"4 Shapes","floor":47,"turns":3},{"damage":9,"enemies":"Transient","floor":49,"turns":5},{"damage":75,"enemies":"downfall:Silent","floor":50,"turns":4}],"seed_played":"-5093996553687315508","potions_obtained":[{"floor":2,"key":"Dexterity Potion"},{"floor":3,"key":"Strength Potion"},{"floor":11,"key":"SneckoOil"},{"floor":15,"key":"ColorlessPotion"},{"floor":16,"key":"SteroidPotion"},{"floor":22,"key":"SpeedPotion"},{"floor":28,"key":"Dexterity Potion"},{"floor":29,"key":"Energy Potion"},{"floor":32,"key":"FearPotion"},{"floor":33,"key":"Fire Potion"},{"floor":38,"key":"Toxic Potion"},{"floor":42,"key":"Swift Potion"},{"floor":47,"key":"SkillPotion"},{"floor":49,"key":"SpeedPotion"}],"is_trial":false,"path_per_floor":["R","M","M","?","$","M","T","M","?","M","E","?","R","T","M","B",null,"R","M","$","?","M","?","T","R","?","R","M","M","M","M","M","B",null,"R","M","$","M","?","R","T","M","R","$","R","?","M","?","M","B"],"character_chosen":"SLIMEBOUND","items_purchased":["Slimebound:SplitMire","Slimebound:SamplingLick","Pet Ghost","Slimebound:SamplingLick+1","White Beast Statue","Membership Card","Energy Potion","Flashbang","SkillPotion"],"campfire_rested":2,"item_purchase_floors":[5,5,20,20,37,37,37,37,44],"current_hp_per_floor":[60,55,60,60,60,60,60,46,46,43,43,45,45,45,35,23,70,70,66,63,42,33,17,17,38,38,59,32,41,39,34,31,38,70,70,70,62,67,67,67,67,64,64,64,64,64,62,62,69,2,2,2],"gold":55,"neow_bonus":"ONE_RANDOM_RARE_CARD","is_daily":false,"chose_seed":false,"campfire_upgraded":5,"win_rate":0.0,"timestamp":1610741046,"path_taken":["R","M","M","?","$","M","T","M","?","?","E","?","R","?","M","BOSS","R","M","$","?","?","?","T","R","?","R","M","M","M","M","M","BOSS","R","M","$","M","?","R","T","?","R","$","R","?","M","?","M","BOSS"],"items_purchased_type":["Card","Card","Relic","Card","Relic","Relic","Potion","Potion","Potion"],"build_version":"2020-12-22","purchased_purges":0,"victory":false,"max_hp_per_floor":[60,60,60,60,60,60,60,60,60,60,70,70,70,70,70,70,70,70,70,70,70,70,70,70,70,70,70,70,70,70,70,70,70,70,70,70,70,70,70,70,70,70,70,70,70,70,70,70,70,70,70,70],"card_choices":[{"not_picked":["Slimebound:RejuvenatingLick","Slimebound:AcidTongue"],"picked":"Slimebound:FirmFortitude","floor":2},{"not_picked":["Slimebound:GrowthPunch","Slimebound:RejuvenatingLick"],"picked":"Slimebound:SplitBruiser","floor":3},{"not_picked":["Slimebound:LeechingTouch","Slimebound:SlimeSpikes"],"picked":"Slimebound:RainOfGoop","floor":5},{"not_picked":["Slimebound:SlimeSpikes","Slimebound:ViciousTackle"],"picked":"Slimebound:FormOfPuddle","floor":6},{"not_picked":["Slimebound:FirmFortitude","Slimebound:Nibble"],"picked":"Slimebound:FinishingTackle","floor":8},{"not_picked":["Slimebound:Schlurp","Slimebound:FormOfPuddle"],"picked":"Slimebound:FlameTackle","floor":10},{"not_picked":["Slimebound:Grow","Slimebound:LivingWall"],"picked":"Slimebound:Overexert","floor":11},{"not_picked":["Slimebound:RejuvenatingLick","Slimebound:RollThrough"],"picked":"Slimebound:FinishingTackle","floor":12},{"not_picked":["Slimebound:FinishingTackle","Slimebound:LeechingTouch"],"picked":"Slimebound:MegaLick","floor":15},{"not_picked":["Slimebound:MassFeed","Slimebound:SlimeSlap"],"picked":"Slimebound:Overexert","floor":16},{"not_picked":["Slimebound:GoopSpray","Slimebound:SplitMire"],"picked":"Slimebound:Schlurp+1","floor":19},{"not_picked":["Slimebound:DuplicatedForm","Slimebound:HauntingLick+1"],"picked":"Slimebound:SplitAcid+1","floor":20},{"not_picked":["Slimebound:FinishingTackle+1","Slimebound:RollThrough"],"picked":"Slimebound:SlimeBarrage","floor":22},{"not_picked":["Slimebound:FinishingTackle","Slimebound:PressTheAttack"],"picked":"Slimebound:ForwardTackle","floor":28},{"not_picked":["Slimebound:RainOfGoop","Slimebound:Gluttony"],"picked":"Slimebound:ForwardTackle+1","floor":29},{"not_picked":["Slimebound:Chomp","Slimebound:LevelUp"],"picked":"Slimebound:Prepare+1","floor":30},{"not_picked":["Slimebound:PrepareCrush","Slimebound:Schlurp"],"picked":"Slimebound:SplitAcid","floor":31},{"not_picked":["Slimebound:SplitBruiser","Slimebound:SlimeBrawl"],"picked":"Slimebound:SplitLeeching+1","floor":32},{"not_picked":["Slimebound:PrepareCrush","Slimebound:Overexert"],"picked":"Slimebound:MinionMaster","floor":33},{"not_picked":["Slimebound:GrowthPunch+1","Slimebound:Replication+1"],"picked":"Slimebound:FormOfPuddle+1","floor":36},{"not_picked":["Slimebound:GoopSpray+1","Slimebound:GrowthPunch"],"picked":"Slimebound:SplitAcid+1","floor":37},{"not_picked":["Slimebound:GrowthPunch+1","Slimebound:SlimeSpikes+1"],"picked":"Slimebound:LeadByExample+1","floor":38},{"not_picked":["Slimebound:SplitAcid","Slimebound:RollThrough"],"picked":"Slimebound:LeechEnergy+1","floor":42},{"not_picked":["Slimebound:ViciousTackle","Slimebound:GoopSpray"],"picked":"Slimebound:Schlurp+1","floor":47},{"not_picked":["Slimebound:PressTheAttack","Slimebound:SlimeSlap"],"picked":"Slimebound:FormOfPuddle+1","floor":49}],"player_experience":102203,"relics_obtained":[{"floor":11,"key":"Pear"},{"floor":14,"key":"Kunai"},{"floor":23,"key":"Necronomicon"},{"floor":24,"key":"Centennial Puzzle"},{"floor":41,"key":"Mirror"},{"floor":48,"key":"Ring of Misfortune"},{"floor":48,"key":"Ring of Searing"}],"event_choices":[{"damage_healed":0,"gold_gain":0,"player_choice":"Rummage","damage_taken":0,"relics_obtained":["WarpedTongs"],"max_hp_gain":0,"max_hp_loss":0,"event_name":"Accursed Blacksmith","floor":9,"gold_loss":0,"cards_obtained":["Pain"]},{"damage_healed":0,"gold_gain":0,"player_choice":"Upgraded","damage_taken":0,"max_hp_gain":0,"max_hp_loss":0,"event_name":"Upgrade Shrine","floor":39,"gold_loss":0,"cards_upgraded":["Slimebound:FormOfPuddle"]}],"is_beta":false,"boss_relics":[{"not_picked":["hubris:CrackedHourglass","Runic Dome"],"picked":"Empty Cage"},{"not_picked":["Replay:Drink Me","Kintsugi"],"picked":"hubris:Stopwatch"}],"items_purged_floors":[],"is_endless":false,"potions_floor_spawned":[2,3,11,15,16,22,28,29,32,33,38,42,47,49],"killed_by":"downfall:Silent","ascension_level":0}}