{"host":"fqepcc6wiujntn7y","time":1610716582,"event":{"mods":["AchievementEnabler","BaseMod","Minty Spire (QoL Compilation)","Quick Restart","Replay The Spire","StSLib","The Hayseed","The Jungle","The Necromancer"],"gold_per_floor":[159,192,192,119,170,170,257,257,257,338,5,56,92,143,143,449,449,497,103,133,184,226,310,340,340,340],"floor_reached":25,"language":"ENG","playtime":1419,"items_purged":["Strike_R"],"score":300,"play_id":"413ca8ed-2773-4fe0-a301-ed1c62d282c2","local_time":"20210115131622","daily_mods":["Heirloom","DeadlyEvents","Cursed Run","Midas"],"is_ascension_mode":true,"campfire_choices":[{"floor":6,"key":"REST"},{"data":"Heavy Blade","floor":8,"key":"SMITH"},{"floor":15,"key":"REST"}],"circlet_count":0,"master_deck":["Demon Form+1","Wraith Form v2","Echo Form","DevaForm","Strike_R","Strike_R","Strike_R","Strike_R","Defend_R","Defend_R","Defend_R","Defend_R","Bash","Entrench","Heavy Blade+1","Combust","ReplayTheSpireMod:Limb From Limb","Thunderclap","Injury","Demon Form","Metallicize","Inflame","Combust","ReplayReversal","CommonCold","Reaper","Anger","Combust","Massacre","Pummel","Power Through+1","Fire Breathing"],"relics":["Cursed Key","Darkstone Periapt","Du-Vu Doll","Pondfish Scales","Replay:Multitool","Replay:WaspNest","Happy Flower","Calipers","Coffee Dripper","Mercury Hourglass","HornCleat"],"acts_visited":["Exordium","TheCity"],"potions_floor_usage":[23,24,25],"damage_taken":[{"damage":13,"enemies":"Jaw Worm","floor":1,"turns":4},{"damage":4,"enemies":"Cultist","floor":2,"turns":4},{"damage":6,"enemies":"2 Louse","floor":5,"turns":3},{"damage":22,"enemies":"3 Sentries","floor":7,"turns":4},{"damage":0,"enemies":"Lagavulin","floor":10,"turns":4},{"damage":7,"enemies":"Blue Slaver","floor":12,"turns":2},{"damage":15,"enemies":"Looter","floor":13,"turns":3},{"damage":8,"enemies":"Large Slime","floor":14,"turns":3},{"damage":22,"enemies":"The Guardian","floor":16,"turns":6},{"damage":0,"enemies":"Shell Parasite","floor":18,"turns":1},{"damage":18,"enemies":"3 Byrds","floor":20,"turns":3},{"damage":28,"enemies":"Sentry and Sphere","floor":21,"turns":3},{"damage":24,"enemies":"Snecko","floor":22,"turns":4},{"damage":9,"enemies":"Book of Stabbing","floor":23,"turns":2},{"damage":19,"enemies":"Centurion and Healer","floor":24,"turns":4},{"damage":29,"enemies":"Slavers","floor":25,"turns":2}],"seed_played":"-5057981898399693113","potions_obtained":[{"floor":1,"key":"Swift Potion"},{"floor":2,"key":"SneckoOil"},{"floor":13,"key":"Cursed Concoction"},{"floor":16,"key":"Regen Potion"}],"is_trial":true,"path_per_floor":["M","M","?","$","M","R","E","R","T","E","$","M","M","M","R","B",null,"M","$","M","M","M","E","M","E"],"character_chosen":"IRONCLAD","items_purchased":["Combust","Metallicize","Calipers","Mercury Hourglass","Combust"],"campfire_rested":2,"item_purchase_floors":[4,11,11,19,19],"current_hp_per_floor":[67,63,63,63,57,80,58,58,64,64,64,57,42,34,59,43,92,92,92,74,46,22,18,11,0,0],"gold":340,"neow_bonus":"","is_daily":false,"chose_seed":false,"campfire_upgraded":1,"win_rate":0.0,"timestamp":1610716582,"path_taken":["M","M","?","$","M","R","E","R","T","E","$","M","?","M","R","BOSS","M","$","M","M","M","E","M","E"],"items_purchased_type":["Card","Card","Relic","Relic","Card"],"build_version":"2020-12-22","purchased_purges":1,"victory":false,"max_hp_per_floor":[80,80,80,80,80,80,80,80,86,86,86,86,86,86,86,92,92,92,92,92,92,92,92,92,92,92],"card_choices":[{"not_picked":["Perfected Strike","Sentinel"],"picked":"Entrench","floor":1},{"not_picked":["Body Slam","Carnage"],"picked":"Heavy Blade","floor":2},{"not_picked":["Dropkick","Headbutt"],"picked":"ReplayTheSpireMod:Limb From Limb","floor":5},{"not_picked":["Eclipse","Body Slam"],"picked":"Thunderclap","floor":7},{"not_picked":["Perfected Strike","Defy Death"],"picked":"Demon Form","floor":10},{"not_picked":["Clothesline","Shrug It Off"],"picked":"Inflame","floor":12},{"not_picked":["Shrug It Off","Run Through"],"picked":"Combust","floor":13},{"not_picked":["Cleave","ReplayTheSpireMod:Limb From Limb"],"picked":"ReplayReversal","floor":14},{"not_picked":["Double Tap","Eclipse"],"picked":"Reaper","floor":16},{"not_picked":["Body Slam","Replay:Undeath\u0027s Touch"],"picked":"Anger","floor":18},{"not_picked":["ReplayTheSpireMod:LeadingStrike","Uppercut"],"picked":"Massacre","floor":20},{"not_picked":["True Grit+1","Warcry+1"],"picked":"Pummel","floor":21},{"not_picked":["Bludgeon","True Grit","Sentinel+1"],"picked":"SKIP","floor":22},{"not_picked":["Pommel Strike","Twin Strike"],"picked":"Power Through+1","floor":23},{"not_picked":["Burning Pact","Pummel"],"picked":"Fire Breathing","floor":24}],"player_experience":37361,"relics_obtained":[{"floor":7,"key":"Replay:Multitool"},{"floor":9,"key":"Replay:WaspNest"},{"floor":10,"key":"Happy Flower"},{"floor":23,"key":"HornCleat"}],"event_choices":[{"damage_healed":0,"gold_gain":0,"player_choice":"Grow","damage_taken":0,"max_hp_gain":0,"max_hp_loss":0,"event_name":"Living Wall","floor":3,"gold_loss":0,"cards_upgraded":["Demon Form"]}],"is_beta":false,"boss_relics":[{"not_picked":["Ectoplasm","ReplayTheSpireMod:DimensionalGlitch"],"picked":"Coffee Dripper"}],"items_purged_floors":[19],"is_endless":false,"potions_floor_spawned":[1,2,13,14,16,21,22],"killed_by":"Slavers","ascension_level":1}}