{"host":"y3h3n3f7seyagppx","time":1610734294,"event":{"mods":["AlwaysNeverKeys","BaseMod","Better Vampires","Colored Powertips","DeckTracker","Emptier Cage","Minty Spire (QoL Compilation)","Permanent Neow","Quick Restart","Rare Cards Sparkle","Relic Sorter","Relic Stats","StSLib","Transform Curses"],"gold_per_floor":[110,122,122,140,155,180,180,208,289,307,335,335,335,335,335,408,408,424,424,349,359,359,393,393,393],"floor_reached":24,"language":"ENG","playtime":2239,"items_purged":[],"score":468,"play_id":"1a9bff98-c094-4ae7-985e-c76389d8a1e9","local_time":"20210115131134","is_ascension_mode":true,"campfire_choices":[{"data":"Noxious Fumes","floor":7.0,"key":"SMITH"},{"data":"Writhe","floor":13.0,"key":"PURGE"},{"data":"Neutralize","floor":15.0,"key":"SMITH"}],"circlet_count":0,"master_deck":["AscendersBane","Strike_G","Strike_G","Defend_G","Defend_G","Defend_G","Defend_G","Defend_G","Survivor","Neutralize+1","Choke","Dash","Well Laid Plans","Noxious Fumes+1","Backstab","Envenom","Escape Plan","Dagger Spray","Predator","Corpse Explosion","Blade Dance","RitualDagger","Crippling Poison","Backflip"],"relics":["Cursed Key","Snake Skull","Peace Pipe","Pear","Nunchaku","Snecko Eye","Nilry\u0027s Codex","Strawberry"],"acts_visited":["Exordium","TheCity"],"potions_floor_usage":[23,23],"damage_taken":[{"damage":0.0,"enemies":"Small Slimes","floor":1.0,"turns":4.0},{"damage":3.0,"enemies":"Cultist","floor":2.0,"turns":4.0},{"damage":0.0,"enemies":"2 Louse","floor":4.0,"turns":3.0},{"damage":9.0,"enemies":"Blue Slaver","floor":5.0,"turns":3.0},{"damage":4.0,"enemies":"Gremlin Nob","floor":6.0,"turns":4.0},{"damage":10.0,"enemies":"3 Sentries","floor":8.0,"turns":6.0},{"damage":5.0,"enemies":"Large Slime","floor":10.0,"turns":5.0},{"damage":5.0,"enemies":"Lagavulin","floor":11.0,"turns":7.0},{"damage":24.0,"enemies":"Slime Boss","floor":16.0,"turns":8.0},{"damage":0.0,"enemies":"Chosen","floor":18.0,"turns":4.0},{"damage":22.0,"enemies":"2 Thieves","floor":21.0,"turns":3.0},{"damage":16,"enemies":"Book of Stabbing","floor":23,"turns":4},{"damage":11,"enemies":"Centurion and Healer","floor":24,"turns":2}],"seed_played":"565923028548813644","potions_obtained":[{"floor":2.0,"key":"Energy Potion"},{"floor":5.0,"key":"DuplicationPotion"},{"floor":8.0,"key":"SteroidPotion"},{"floor":10.0,"key":"DuplicationPotion"}],"is_trial":false,"path_per_floor":["M","M","?","M","M","E","R","E","T","M","E","?","R","?","R","B",null,"M","?","?","M","?","E","M"],"character_chosen":"THE_SILENT","items_purchased":[],"campfire_rested":0,"item_purchase_floors":[],"current_hp_per_floor":[59,56,56,56,47,43,43,33,43,38,33,58,58,58,58,34,66,66,60,60,38,17,8,0,0],"gold":393,"neow_bonus":"BOSS_RELIC","is_daily":false,"chose_seed":false,"campfire_upgraded":2,"win_rate":0.0,"timestamp":1610734294,"path_taken":["M","M","?","M","?","E","R","E","T","M","E","?","R","?","R","BOSS","M","?","?","M","?","E","M"],"items_purchased_type":[],"build_version":"2020-12-22","purchased_purges":0,"victory":false,"max_hp_per_floor":[66,66,66,66,66,66,66,66,76,76,76,76,76,76,76,76,76,76,76,76,76,76,83,83,83],"relic_stats":{"Peace Pipe":1,"Nunchaku":[3],"counters":[13,57],"Snecko Eye":[19,26,22,21],"Snake Skull":[62],"Cursed Key":1,"obtain_stats":[{"Peace Pipe":8,"Nunchaku":11,"Pear":9,"Nilry\u0027s Codex":22,"Strawberry":23,"Snecko Eye":17,"Snake Skull":6,"Cursed Key":0,"Ring of the Snake":0},{"Peace Pipe":6,"Nunchaku":8,"Pear":6,"Nilry\u0027s Codex":11,"Strawberry":12,"Snecko Eye":9,"Snake Skull":5,"Cursed Key":0,"Ring of the Snake":0},{"Peace Pipe":24,"Nunchaku":36,"Pear":24,"Nilry\u0027s Codex":51,"Strawberry":55,"Snecko Eye":44,"Snake Skull":18,"Cursed Key":0,"Ring of the Snake":0}]},"card_choices":[{"not_picked":["Slice","Cloak And Dagger"],"picked":"Choke","floor":1.0},{"not_picked":["Tactician","Backflip"],"picked":"Dash","floor":2.0},{"not_picked":["Prepared","Caltrops","Bane"],"picked":"SKIP","floor":4.0},{"not_picked":["Concentrate","Predator"],"picked":"Noxious Fumes","floor":5.0},{"not_picked":["Poisoned Stab","Setup"],"picked":"Backstab","floor":6.0},{"not_picked":["Quick Slash","Heel Hook"],"picked":"Envenom","floor":8.0},{"not_picked":["Sucker Punch","Dagger Spray"],"picked":"Escape Plan","floor":10.0},{"not_picked":["Terror","Heel Hook"],"picked":"Dagger Spray","floor":11.0},{"not_picked":["Malaise","Glass Knife"],"picked":"Corpse Explosion","floor":16.0},{"not_picked":["Expertise","Flechettes"],"picked":"Blade Dance","floor":18.0},{"not_picked":["Flying Knee","Concentrate"],"picked":"Crippling Poison","floor":21.0},{"not_picked":["Masterful Stab","Setup"],"picked":"Backflip","floor":23}],"player_experience":20985700,"relics_obtained":[{"floor":6.0,"key":"Snake Skull"},{"floor":8.0,"key":"Peace Pipe"},{"floor":9.0,"key":"Pear"},{"floor":11.0,"key":"Nunchaku"},{"floor":22.0,"key":"Nilry\u0027s Codex"},{"floor":23,"key":"Strawberry"}],"event_choices":[{"damage_healed":0.0,"max_hp_gain":0.0,"max_hp_loss":0.0,"gold_gain":0.0,"cards_transformed":["Strike_G"],"event_name":"Transmorgrifier","player_choice":"Transformed","floor":3.0,"gold_loss":0.0,"damage_taken":0.0,"cards_obtained":["Well Laid Plans"]},{"damage_healed":25.0,"max_hp_gain":0.0,"max_hp_loss":0.0,"gold_gain":0.0,"event_name":"Big Fish","player_choice":"Banana","floor":12.0,"gold_loss":0.0,"damage_taken":0.0},{"damage_healed":0.0,"max_hp_gain":0.0,"max_hp_loss":0.0,"gold_gain":0.0,"cards_transformed":["Strike_G"],"event_name":"Living Wall","player_choice":"Change","floor":14.0,"gold_loss":0.0,"damage_taken":0.0,"cards_obtained":["Predator"]},{"damage_healed":0.0,"max_hp_gain":0.0,"max_hp_loss":0.0,"gold_gain":0.0,"event_name":"Nest","player_choice":"Joined the Cult","floor":19.0,"gold_loss":0.0,"damage_taken":6.0,"cards_obtained":["RitualDagger"]},{"cards_removed":["Strike_G"],"damage_healed":0.0,"max_hp_gain":0.0,"max_hp_loss":0.0,"gold_gain":0.0,"event_name":"Beggar","player_choice":"Gave Gold","floor":20.0,"gold_loss":75.0,"damage_taken":0.0},{"damage_healed":0.0,"max_hp_gain":0.0,"max_hp_loss":0.0,"gold_gain":0.0,"event_name":"Cursed Tome","player_choice":"Obtained Book","floor":22.0,"gold_loss":0.0,"damage_taken":21.0}],"is_beta":false,"boss_relics":[{"not_picked":["SacredBark","Runic Pyramid"],"picked":"Snecko Eye"}],"items_purged_floors":[],"is_endless":false,"potions_floor_spawned":[2,5,8,10,18],"killed_by":"Centurion and Healer","ascension_level":20}}