{"host":"m9i7qe3hvz6jihjh","time":1610729045,"event":{"mods":["BaseMod","Colored Powertips","Infinite Spire","Minty Spire (QoL Compilation)","Quick Restart","StSLib","The Animator","Waifu the Spire"],"gold_per_floor":[127,127,127,139,155,155,175,190,190,190,190,12,38,58,58,156,156,182,1,11,11,11],"floor_reached":21,"language":"ENG","playtime":869,"items_purged":["animator:Strike"],"score":181,"play_id":"cb2410cb-b150-4133-82c3-b22b65f708d0","local_time":"20210115174405","is_ascension_mode":false,"campfire_choices":[{"data":"animator:IrohaTamaki","floor":6,"key":"SMITH"},{"floor":11,"key":"REST"},{"floor":15,"key":"REST"}],"circlet_count":0,"master_deck":["animator:Strike_MadokaMagica","animator:Defend_MadokaMagica","animator:Strike","animator:Strike","animator:Defend","animator:Defend","animator:IrohaTamaki+1","animator:YuiTsuruno","animator:SuzuneAmano","animator:Elesis","animator:MadokaKaname","animator:Fredrika","animator:MadokaKaname","animator:YuiTsuruno","animator:PinaCoLada","CurseOfTheBell","animator:KyokoSakura","animator:Shiro","animator:Yoichi","animator:LimeBell","animator:Rena"],"relics":["animator:LivingPicture","animator:TheMissingPiece","animator:PurgingStone","NeowsBlessing","Paper Frog","Ancient Tea Set","Membership Card","Bird Faced Urn","Calling Bell","infinitespire:Beetle Shell","animator:Hoodie","Du-Vu Doll"],"acts_visited":["Exordium","TheCity"],"potions_floor_usage":[8,16,16,16,20],"damage_taken":[{"damage":0,"enemies":"2 Louse","floor":1,"turns":1},{"damage":0,"enemies":"Small Slimes","floor":4,"turns":1},{"damage":0,"enemies":"Cultist","floor":5,"turns":1},{"damage":12,"enemies":"Blue Slaver","floor":7,"turns":3},{"damage":16,"enemies":"Lots of Slimes","floor":8,"turns":7},{"damage":36,"enemies":"Gremlin Nob","floor":13,"turns":6},{"damage":9,"enemies":"Gremlin Gang","floor":14,"turns":6},{"damage":23,"enemies":"Slime Boss","floor":16,"turns":16},{"damage":40,"enemies":"Spheric Guardian","floor":18,"turns":6},{"damage":22,"enemies":"Shell Parasite","floor":20,"turns":6},{"damage":34,"enemies":"Centurion and Healer","floor":21,"turns":6}],"seed_played":"-8178565786802083386","potions_obtained":[{"floor":4,"key":"SkillPotion"},{"floor":7,"key":"LiquidBronze"},{"floor":8,"key":"SkillPotion"},{"floor":13,"key":"Strength Potion"},{"floor":14,"key":"Ancient Potion"},{"floor":18,"key":"Regen Potion"}],"is_trial":false,"path_per_floor":["M","?","?","M","M","R","M","M","T","?","R","$","E","M","R","B",null,"M","$","M","M"],"character_chosen":"THE_ANIMATOR","items_purchased":["Membership Card","SpeedPotion","animator:Shiro","animator:Yoichi","animator:LimeBell"],"campfire_rested":2,"item_purchase_floors":[12,12,19,19,19],"current_hp_per_floor":[66,59,59,59,59,59,48,32,32,32,52,52,19,13,33,13,67,33,33,28,0,0],"gold":11,"neow_bonus":"THREE_ENEMY_KILL","is_daily":false,"chose_seed":false,"campfire_upgraded":1,"win_rate":0.0,"timestamp":1610729045,"path_taken":["M","?","?","M","?","R","M","M","T","?","R","$","E","M","R","BOSS","M","$","M","M"],"items_purchased_type":["Relic","Potion","Card","Card","Card"],"build_version":"2020-12-22","purchased_purges":1,"victory":false,"max_hp_per_floor":[66,66,66,66,66,66,67,67,67,67,67,67,67,67,67,67,67,67,67,67,67,67],"card_choices":[{"not_picked":["animator:MamiTomoe","animator:Mikaela"],"picked":"animator:SuzuneAmano","floor":1},{"not_picked":["animator:RoryMercury","animator:GazelDwargon","animator:Millim"],"picked":"SKIP","floor":4},{"not_picked":["animator:Kaijin","animator:Shuna","animator:TukaLunaMarceau"],"picked":"SKIP","floor":5},{"not_picked":["animator:IrohaTamaki","animator:MamiTomoe"],"picked":"animator:MadokaKaname","floor":7},{"not_picked":["animator:GuildGirl","animator:Shigure"],"picked":"animator:Fredrika","floor":8},{"not_picked":["animator:HiiragiShinya","animator:Bozes"],"picked":"animator:MadokaKaname","floor":13},{"not_picked":["animator:DolaCouronne","animator:WinryRockbell"],"picked":"animator:YuiTsuruno","floor":14},{"not_picked":["animator:GoblinSlayer","animator:AcuraShin"],"picked":"animator:PinaCoLada","floor":16},{"not_picked":["animator:YuiTsuruno","animator:IrohaTamaki"],"picked":"animator:KyokoSakura","floor":18},{"not_picked":["animator:SakuraMatou","animator:Ciel"],"picked":"animator:Rena","floor":20}],"player_experience":904487,"relics_obtained":[{"floor":9,"key":"Paper Frog"},{"floor":13,"key":"Bird Faced Urn"},{"floor":17,"key":"infinitespire:Beetle Shell"},{"floor":17,"key":"animator:Hoodie"},{"floor":17,"key":"Du-Vu Doll"}],"event_choices":[{"cards_removed":["animator:Defend"],"damage_healed":0,"gold_gain":0,"player_choice":"Card Removal","damage_taken":7,"max_hp_gain":0,"max_hp_loss":0,"event_name":"Golden Wing","floor":2,"gold_loss":0},{"damage_healed":0,"gold_gain":0,"player_choice":"1 cards matched","damage_taken":0,"max_hp_gain":0,"max_hp_loss":0,"event_name":"Match and Keep!","floor":3,"gold_loss":0,"cards_obtained":["animator:Elesis"]},{"damage_healed":0,"gold_gain":0,"player_choice":"Gave Potion","damage_taken":0,"relics_obtained":["Ancient Tea Set"],"max_hp_gain":0,"max_hp_loss":0,"event_name":"WeMeetAgain","floor":10,"gold_loss":0}],"is_beta":false,"boss_relics":[{"not_picked":["Velvet Choker","SacredBark"],"picked":"Calling Bell"}],"items_purged_floors":[19],"is_endless":false,"potions_floor_spawned":[4,7,8,13,14,18],"killed_by":"Centurion and Healer","ascension_level":0}}