{"host":"50qwps766cbz6ukm","time":1610744952,"event":{"mods":["BaseMod","Colored Map","Colored Powertips","DeckTracker","Highlight Path","Infinite Spire","Minty Spire (QoL Compilation)","Quick Restart","Remove Card Discount Mod","StSLib","SuperFastMode","Synergy Search"],"gold_per_floor":[110,20,37,37,37,37,80,80,134,134,169,182,54,54,54,180,180,193,152,192,192,217,257,273,273,300,334,386,395,428,428,428,557,557,570,594,619,619,628,628,850,850,859,879,913,763,784,816,816,816,816],"floor_reached":50,"language":"ENG","playtime":1440,"items_purged":["Strike_P","Defend_P","Strike_P","Defend_P","Strike_P","Strike_P","Defend_P","Defend_P","WindmillStrike+1","Decay","Clumsy"],"score":877,"play_id":"e8d1e78c-a7fb-431a-8bd3-19356b6b5b9b","local_time":"20210115230912","is_ascension_mode":true,"campfire_choices":[{"data":"Eruption","floor":6,"key":"SMITH"},{"data":"Vigilance","floor":8,"key":"SMITH"},{"data":"WindmillStrike","floor":10,"key":"SMITH"},{"data":"LikeWater","floor":15,"key":"SMITH"},{"data":"LessonLearned","floor":25,"key":"SMITH"},{"floor":32,"key":"REST"},{"data":"infinitespire:UltimateForm","floor":40,"key":"SMITH"},{"data":"DeusExMachina","floor":42,"key":"SMITH"},{"floor":49,"key":"REST"}],"circlet_count":0,"master_deck":["Eruption+1","Vigilance+1","Consecrate+1","EmptyBody+1","FlurryOfBlows+1","FlurryOfBlows+1","LikeWater+1","Consecrate","LessonLearned+1","Study+1","FlurryOfBlows+1","FlurryOfBlows+1","DeusExMachina+1","infinitespire:NeuralNetwork+1","Ragnarok","infinitespire:UltimateForm+1","Parasite","LikeWater"],"relics":["PureWater","NeowsBlessing","Golden Idol","infinitespire:FocusingShard","Pen Nib","Pear","Cursed Key","Red Mask","MutagenicStrength","Smiling Mask","CeramicFish","White Beast Statue","Peace Pipe","HolyWater","Regal Pillow","Philosopher\u0027s Stone","infinitespire:Bottled Soul","Toy Ornithopter","Strawberry","OrangePellets"],"acts_visited":["Exordium","TheCity","TheBeyond"],"potions_floor_usage":[16,20,23,28,33,50],"damage_taken":[{"damage":0,"enemies":"Cultist","floor":1,"turns":1},{"damage":0,"enemies":"2 Louse","floor":3,"turns":1},{"damage":0,"enemies":"3 Sentries","floor":7,"turns":1},{"damage":9,"enemies":"Gremlin Nob","floor":11,"turns":4},{"damage":2,"enemies":"Jaw Worm","floor":12,"turns":2},{"damage":0,"enemies":"Slime Boss","floor":16,"turns":4},{"damage":12,"enemies":"Chosen","floor":18,"turns":3},{"damage":12,"enemies":"Masked Bandits","floor":20,"turns":3},{"damage":0,"enemies":"2 Thieves","floor":22,"turns":2},{"damage":12,"enemies":"Gremlin Leader","floor":23,"turns":4},{"damage":0,"enemies":"Chosen and Byrds","floor":24,"turns":3},{"damage":5,"enemies":"Centurion and Healer","floor":27,"turns":3},{"damage":14,"enemies":"Slavers","floor":28,"turns":3},{"damage":0,"enemies":"Gremlin Leader","floor":30,"turns":4},{"damage":37,"enemies":"Champ","floor":33,"turns":7},{"damage":0,"enemies":"Orb Walker","floor":35,"turns":1},{"damage":38,"enemies":"3 Shapes","floor":36,"turns":3},{"damage":21,"enemies":"Jaw Worm Horde","floor":37,"turns":3},{"damage":22,"enemies":"Maw","floor":44,"turns":4},{"damage":24,"enemies":"Giant Head","floor":45,"turns":5},{"damage":7,"enemies":"3 Darklings","floor":47,"turns":2},{"damage":17,"enemies":"Writhing Mass","floor":48,"turns":4},{"damage":74,"enemies":"Awakened One","floor":50,"turns":3}],"seed_played":"-8727679611415505303","potions_obtained":[{"floor":1,"key":"FearPotion"},{"floor":7,"key":"Strength Potion"},{"floor":16,"key":"Ancient Potion"},{"floor":22,"key":"Regen Potion"},{"floor":23,"key":"Energy Potion"},{"floor":27,"key":"StancePotion"},{"floor":28,"key":"Weak Potion"},{"floor":33,"key":"FairyPotion"},{"floor":36,"key":"CultistPotion"}],"is_trial":false,"path_per_floor":["M","$","M","?","?","R","E","R","T","R","E","M","$","T","R","B",null,"M","$","?","?","M","E","M","R","T","M","E","AVR","E","?","R","B",null,"M","M","M","?","AVR","R","?","R","T","M","E","$","M","M","R","B"],"character_chosen":"WATCHER","items_purchased":["Consecrate","EmptyBody","LikeWater","Consecrate","Study","OrangePellets"],"campfire_rested":2,"item_purchase_floors":[2,2,13,13,19,46],"current_hp_per_floor":[65,65,65,65,65,65,65,65,65,65,56,54,54,64,64,64,74,62,62,50,50,50,50,50,50,50,45,31,31,31,31,69,32,66,66,28,7,67,67,67,67,67,67,45,28,28,21,4,41,0,0],"gold":816,"neow_bonus":"THREE_ENEMY_KILL","is_daily":false,"chose_seed":false,"campfire_upgraded":7,"win_rate":0.0,"timestamp":1610744952,"path_taken":["M","$","M","?","?","R","E","R","T","R","E","M","$","?","R","BOSS","M","?","?","?","M","E","?","R","T","M","E","AVR","E","?","R","BOSS","M","M","?","?","AVR","R","?","R","T","M","E","$","M","M","R","BOSS"],"items_purchased_type":["Card","Card","Card","Card","Card","Relic"],"build_version":"2020-12-22","purchased_purges":11,"victory":false,"max_hp_per_floor":[72,72,72,67,67,67,67,67,67,67,67,67,67,77,77,77,77,77,77,77,77,77,77,77,77,77,77,77,77,77,77,77,77,77,77,77,77,67,67,67,67,67,67,67,74,74,74,74,74,74,74],"card_choices":[{"not_picked":["InnerPeace","EmptyMind"],"picked":"WindmillStrike","floor":1},{"not_picked":["WreathOfFlame","Evaluate","SashWhip"],"picked":"SKIP","floor":3},{"not_picked":["Weave","ClearTheMind","SandsOfTime"],"picked":"SKIP","floor":7},{"not_picked":["FollowUp","ReachHeaven"],"picked":"FlurryOfBlows","floor":11},{"not_picked":["WreathOfFlame","Wish"],"picked":"FlurryOfBlows","floor":12},{"not_picked":["Omniscience","DevaForm"],"picked":"LessonLearned","floor":16},{"not_picked":["CrushJoints","JustLucky","SashWhip+1"],"picked":"SKIP","floor":18},{"not_picked":["ClearTheMind","CutThroughFate","FlyingSleeves+1"],"picked":"SKIP","floor":22},{"not_picked":["Wireheading","LessonLearned","EmptyBody+1"],"picked":"SKIP","floor":23},{"not_picked":["Evaluate","EmptyFist"],"picked":"FlurryOfBlows","floor":24},{"not_picked":["PathToVictory","InnerPeace"],"picked":"FlurryOfBlows","floor":27},{"not_picked":["CutThroughFate","PathToVictory"],"picked":"DeusExMachina","floor":28},{"not_picked":["Halt+1","Crescendo","Vengeance+1"],"picked":"SKIP","floor":30},{"not_picked":["LessonLearned","DeusExMachina"],"picked":"Ragnarok","floor":33},{"not_picked":["ClearTheMind","InnerPeace+1","FollowUp"],"picked":"SKIP","floor":35},{"not_picked":["FollowUp","Wireheading+1","FlyingSleeves+1"],"picked":"SKIP","floor":36},{"not_picked":["EmptyBody","FlyingSleeves+1","CrushJoints"],"picked":"SKIP","floor":37},{"not_picked":["EmptyMind","BowlingBash+1","PathToVictory"],"picked":"SKIP","floor":44},{"not_picked":["Establishment","Indignation","BattleHymn+1"],"picked":"SKIP","floor":45},{"not_picked":["CutThroughFate","FlurryOfBlows+1","SashWhip+1"],"picked":"SKIP","floor":47},{"not_picked":["CutThroughFate","FlurryOfBlows+1","SashWhip+1"],"picked":"SKIP","floor":47},{"not_picked":["Worship+1","Prostrate"],"picked":"LikeWater","floor":48}],"player_experience":565894,"relics_obtained":[{"floor":7,"key":"infinitespire:FocusingShard"},{"floor":11,"key":"Pen Nib"},{"floor":14,"key":"Pear"},{"floor":20,"key":"Red Mask"},{"floor":23,"key":"Smiling Mask"},{"floor":26,"key":"CeramicFish"},{"floor":28,"key":"White Beast Statue"},{"floor":30,"key":"Regal Pillow"},{"floor":43,"key":"Toy Ornithopter"},{"floor":45,"key":"Strawberry"}],"event_choices":[{"damage_healed":0,"gold_gain":0,"player_choice":"Lose Max HP","damage_taken":0,"relics_obtained":["Golden Idol"],"max_hp_gain":0,"max_hp_loss":5,"event_name":"Golden Idol","floor":4,"gold_loss":0},{"damage_healed":0,"gold_gain":0,"player_choice":"Fought Bandits","damage_taken":0,"max_hp_gain":0,"max_hp_loss":0,"event_name":"Masked Bandits","floor":20,"gold_loss":0},{"damage_healed":0,"gold_gain":0,"player_choice":"Inject Mutagens","damage_taken":0,"relics_obtained":["MutagenicStrength"],"max_hp_gain":0,"max_hp_loss":0,"event_name":"Drug Dealer","floor":21,"gold_loss":0},{"damage_healed":0,"gold_gain":0,"player_choice":"0 cards matched","damage_taken":0,"max_hp_gain":0,"max_hp_loss":0,"event_name":"Match and Keep!","floor":31,"gold_loss":0,"cards_obtained":[]},{"damage_healed":67,"gold_gain":0,"player_choice":"Heal","damage_taken":0,"max_hp_gain":0,"max_hp_loss":10,"event_name":"The Moai Head","floor":38,"gold_loss":0},{"damage_healed":0,"gold_gain":222,"player_choice":"Wore Mask","damage_taken":0,"max_hp_gain":0,"max_hp_loss":0,"event_name":"Tomb of Lord Red Mask","floor":41,"gold_loss":0}],"is_beta":false,"boss_relics":[{"not_picked":["infinitespire:Cupcake","Empty Cage"],"picked":"Cursed Key"},{"not_picked":["Astrolabe","Black Star"],"picked":"Philosopher\u0027s Stone"}],"items_purged_floors":[2,2,2,2,2,2,2,2,19,46,46],"is_endless":false,"potions_floor_spawned":[1,7,16,22,23,27,28,30,33,35,36,37,44,45,47,48],"killed_by":"Awakened One","ascension_level":6}}