{"host":"cf32014d19ld5mat","time":1610706690,"event":{"mods":["AchievementEnabler","BaseMod","Block Reminder","Minty Spire (QoL Compilation)","Random Character Button","Relic Stats","StSLib"],"gold_per_floor":[118,138,149,149,149,185,214,214,214,214,248,270,270,293,293,293,293],"floor_reached":16,"language":"ENG","playtime":566,"items_purged":[],"score":168,"play_id":"44dd1390-1637-486f-9dce-71aa46dd5f93","local_time":"20210115103130","is_ascension_mode":true,"campfire_choices":[{"data":"WheelKick","floor":8,"key":"SMITH"},{"floor":10,"key":"REST"},{"data":"Wallop","floor":13,"key":"SMITH"},{"data":"ThirdEye","floor":15,"key":"SMITH"}],"circlet_count":0,"master_deck":["AscendersBane","Strike_P","Strike_P","Strike_P","Strike_P","Defend_P","Defend_P","Defend_P","Eruption","Vigilance+1","SpiritShield+1","FollowUp","Halt","FlyingSleeves","WheelKick+1","MentalFortress","Wallop+1","ThirdEye+1","Protect"],"relics":["PureWater","CeramicFish","InkBottle","Toy Ornithopter","War Paint"],"acts_visited":["Exordium"],"potions_floor_usage":[6,11,16],"damage_taken":[{"damage":0,"enemies":"Small Slimes","floor":1,"turns":4},{"damage":0,"enemies":"Cultist","floor":2,"turns":2},{"damage":0,"enemies":"2 Louse","floor":3,"turns":2},{"damage":39,"enemies":"Lagavulin","floor":6,"turns":6},{"damage":0,"enemies":"Exordium Wildlife","floor":7,"turns":3},{"damage":2,"enemies":"Gremlin Nob","floor":11,"turns":3},{"damage":8,"enemies":"3 Louse","floor":12,"turns":4},{"damage":9,"enemies":"Exordium Thugs","floor":14,"turns":4},{"damage":25,"enemies":"The Guardian","floor":16,"turns":11}],"seed_played":"-4425622252865056383","potions_obtained":[{"floor":1,"key":"Block Potion"},{"floor":3,"key":"DistilledChaos"},{"floor":7,"key":"AttackPotion"}],"is_trial":false,"path_per_floor":["M","M","M","?","?","E","M","R","T","R","E","M","R","M","R","B"],"character_chosen":"WATCHER","items_purchased":[],"campfire_rested":1,"item_purchase_floors":[],"current_hp_per_floor":[65,65,65,53,53,14,14,14,14,35,38,30,30,21,21,1,1],"gold":293,"neow_bonus":"ONE_RANDOM_RARE_CARD","is_daily":false,"chose_seed":false,"campfire_upgraded":3,"win_rate":0.0,"timestamp":1610706690,"path_taken":["M","M","M","?","?","E","?","R","T","R","E","M","R","M","R","BOSS"],"items_purchased_type":[],"build_version":"2020-12-22","purchased_purges":0,"victory":false,"max_hp_per_floor":[72,72,72,72,72,72,72,72,72,72,72,72,72,72,72,72,72],"relic_stats":{"counters":[9,39],"CeramicFish":45,"War Paint":["Vigilance","SpiritShield"],"obtain_stats":[{"CeramicFish":4,"PureWater":0,"War Paint":11,"InkBottle":6,"Toy Ornithopter":9},{"CeramicFish":3,"PureWater":0,"War Paint":6,"InkBottle":4,"Toy Ornithopter":5},{"CeramicFish":8,"PureWater":0,"War Paint":20,"InkBottle":14,"Toy Ornithopter":17}],"InkBottle":[5],"Toy Ornithopter":10},"card_choices":[{"not_picked":["Pray","Crescendo"],"picked":"FollowUp","floor":1},{"not_picked":["InnerPeace","Fasting2"],"picked":"Halt","floor":2},{"not_picked":["ClearTheMind","ThirdEye"],"picked":"FlyingSleeves","floor":3},{"not_picked":["FollowUp","Prostrate"],"picked":"WheelKick","floor":6},{"not_picked":["Weave","Swivel"],"picked":"MentalFortress","floor":7},{"not_picked":["FlyingSleeves","ForeignInfluence"],"picked":"Wallop","floor":11},{"not_picked":["WheelKick","Study"],"picked":"ThirdEye","floor":12},{"not_picked":["Study","JustLucky"],"picked":"Protect","floor":14}],"player_experience":972067,"relics_obtained":[{"floor":6,"key":"InkBottle"},{"floor":9,"key":"Toy Ornithopter"},{"floor":11,"key":"War Paint"}],"event_choices":[{"damage_healed":0,"gold_gain":0,"player_choice":"Success","damage_taken":12,"relics_obtained":["CeramicFish"],"max_hp_gain":0,"max_hp_loss":0,"event_name":"Scrap Ooze","floor":4,"gold_loss":0},{"cards_removed":["Defend_P"],"damage_healed":0,"gold_gain":0,"player_choice":"Purged","damage_taken":0,"max_hp_gain":0,"max_hp_loss":0,"event_name":"Purifier","floor":5,"gold_loss":0}],"is_beta":false,"boss_relics":[],"items_purged_floors":[],"is_endless":false,"potions_floor_spawned":[1,3,7],"killed_by":"The Guardian","ascension_level":10}}