{"host":"pa9f0x1gh89g8gxw","time":1610697364,"event":{"mods":["BaseMod","Colored Powertips","Hubris","Infinite Spire","Minty Spire (QoL Compilation)","Replay The Spire","StSLib"],"gold_per_floor":[116,163,163,184,29,29,62,62,62,110,144,196,196,229,229,354,354,393,423,423,423,423,482,482,556,556,596,596,596,596,132,132,271,271,318,218,264,264,264,332,332,332,332,366,366],"floor_reached":44,"language":"ENG","playtime":949,"items_purged":["Strike_R","Strike_R"],"score":593,"play_id":"f0271e74-9b37-438d-8a84-90779be77442","local_time":"20210115185604","is_ascension_mode":true,"campfire_choices":[{"data":"Bash","floor":6,"key":"SMITH"},{"data":"Spot Weakness","floor":13,"key":"SMITH"},{"data":"Sword Boomerang","floor":15,"key":"SMITH"},{"data":"Spot Weakness","floor":24,"key":"SMITH"},{"data":"Sword Boomerang","floor":28,"key":"SMITH"},{"floor":30,"key":"REST"},{"data":"Limit Break","floor":32,"key":"SMITH"},{"floor":42,"key":"REST"}],"circlet_count":0,"master_deck":["Strike_R","Strike_R","Strike_R","Defend_R","Defend_R","Defend_R","Bash+1","Sword Boomerang+1","Spot Weakness+1","Sword Boomerang+1","Spot Weakness+1","Sword Boomerang+1","Cleave","Limit Break+1","Voices","Decay"],"relics":["Burning Blood","NeowsBlessing","Replay:Bandana","hubris:TenFootPole","Bag of Preparation","Anchor","Regal Pillow","hubris:Reverence","Painkiller Herb","Cauldron","Mark of Pain","Bird Faced Urn","Red Mask","Orichalcum","Tiny Chest","Paper Frog","Fusion Hammer","Ring of Chaos","ReplayTheSpireMod:Ring of Addiction","hubris:EmptyBottle","Toy Ornithopter","Strange Spoon","Black Star","infinitespire:CheckeredPen","Kunai","infinitespire:Golems Mask"],"acts_visited":["Exordium","TheCity","TheBeyond"],"potions_floor_usage":[16,16,23,40,40,40,40,40,40],"damage_taken":[{"damage":0,"enemies":"Cultist","floor":1,"turns":1},{"damage":0,"enemies":"Jaw Worm","floor":4,"turns":1},{"damage":0,"enemies":"Gremlin Nob","floor":7,"turns":1},{"damage":36,"enemies":"Lagavulin","floor":10,"turns":5},{"damage":0,"enemies":"2 Louse","floor":11,"turns":2},{"damage":20,"enemies":"Gremlin Nob","floor":12,"turns":4},{"damage":0,"enemies":"Large Slime","floor":14,"turns":4},{"damage":46,"enemies":"The Guardian","floor":16,"turns":10},{"damage":20,"enemies":"2 Thieves","floor":18,"turns":3},{"damage":0,"enemies":"Chosen","floor":19,"turns":2},{"damage":35,"enemies":"Slavers","floor":23,"turns":5},{"damage":19,"enemies":"Masked Bandits","floor":25,"turns":3},{"damage":2,"enemies":"Shelled Parasite and Fungi","floor":27,"turns":2},{"damage":47,"enemies":"Champ","floor":33,"turns":6},{"damage":58,"enemies":"3 Shapes","floor":35,"turns":3},{"damage":0,"enemies":"3 Darklings","floor":37,"turns":2},{"damage":63,"enemies":"Giant Head","floor":40,"turns":7},{"damage":52,"enemies":"Nemesis","floor":44,"turns":4}],"seed_played":"6345808662783214064","potions_obtained":[{"floor":1,"key":"DuplicationPotion"},{"floor":10,"key":"Dexterity Potion"},{"floor":14,"key":"Weak Potion"},{"floor":16,"key":"Regen Potion"},{"floor":18,"key":"Elixir"},{"floor":25,"key":"Fire Potion"},{"floor":38,"key":"LiquidBronze"}],"is_trial":false,"path_per_floor":["M","T","?","M","$","R","E","$","T","E","M","E","R","M","R","B",null,"?","?","?","?","AVR","E","T","?","T","?","T","?","T","T","T","B",null,"?","T","?","?","AVR","E","?","T","T","E"],"character_chosen":"IRONCLAD","items_purchased":["hubris:TenFootPole","Limit Break","Paper Frog"],"campfire_rested":2,"item_purchase_floors":[5,31,31],"current_hp_per_floor":[80,80,80,80,80,80,80,80,80,50,56,42,42,48,48,8,80,66,72,67,67,67,52,52,39,39,43,43,33,73,73,73,32,85,33,33,39,39,39,12,12,52,52,0,0],"gold":366,"neow_bonus":"THREE_ENEMY_KILL","is_daily":false,"chose_seed":false,"campfire_upgraded":6,"win_rate":0.0,"timestamp":1610697364,"path_taken":["M","?","?","?","$","R","E","?","T","E","M","E","R","M","R","BOSS","?","?","?","?","AVR","E","T","?","T","?","T","?","T","T","T","BOSS","?","T","?","?","AVR","E","?","T","T","E"],"items_purchased_type":["Relic","Card","Relic"],"build_version":"2020-12-22","purchased_purges":2,"victory":false,"max_hp_per_floor":[80,80,80,80,80,80,80,80,80,80,80,80,80,80,80,80,80,80,80,85,85,85,85,85,85,85,85,85,85,85,85,85,85,85,85,85,85,85,85,85,85,85,85,83,83],"card_choices":[{"not_picked":["Power Through","Run Through"],"picked":"Sword Boomerang","floor":1},{"not_picked":["Burning Pact","Wild Strike","Replay:Undeath\u0027s Touch"],"picked":"SKIP","floor":4},{"not_picked":["Headbutt","Power Through","hubris:SharpeningStone"],"picked":"SKIP","floor":7},{"not_picked":["Ghostly Armor","Havoc","Reckless Charge"],"picked":"SKIP","floor":10},{"not_picked":["Cleave","Corruption","Heavy Blade"],"picked":"SKIP","floor":11},{"not_picked":["Flex","Havoc"],"picked":"Spot Weakness","floor":12},{"not_picked":["Anger","Clothesline"],"picked":"Sword Boomerang","floor":14},{"not_picked":["Metallicize","Body Slam","Sword Boomerang"],"picked":"SKIP","floor":18},{"not_picked":["Clothesline","Flame Barrier"],"picked":"Spot Weakness","floor":19},{"not_picked":["Clothesline","Defy Death"],"picked":"Sword Boomerang+1","floor":23},{"not_picked":["Bloodletting","Warcry+1","Reckless Charge+1"],"picked":"SKIP","floor":27},{"not_picked":["Entrench","Spot Weakness"],"picked":"Cleave","floor":29},{"not_picked":["Sword Boomerang+1","Run Through","Pommel Strike+1"],"picked":"SKIP","floor":35},{"not_picked":["Iron Wave","Replay:Undeath\u0027s Touch+1","Intimidate"],"picked":"SKIP","floor":37},{"not_picked":["ReplayTheSpireMod:Limb From Limb","Perfected Strike","Replay:Undeath\u0027s Touch"],"picked":"SKIP","floor":40}],"player_experience":475476,"relics_obtained":[{"floor":2,"key":"Replay:Bandana"},{"floor":7,"key":"Bag of Preparation"},{"floor":9,"key":"Anchor"},{"floor":10,"key":"Regal Pillow"},{"floor":12,"key":"hubris:Reverence"},{"floor":23,"key":"Bird Faced Urn"},{"floor":25,"key":"Red Mask"},{"floor":26,"key":"Orichalcum"},{"floor":29,"key":"Tiny Chest"},{"floor":38,"key":"Ring of Chaos"},{"floor":38,"key":"ReplayTheSpireMod:Ring of Addiction"},{"floor":38,"key":"hubris:EmptyBottle"},{"floor":38,"key":"Toy Ornithopter"},{"floor":40,"key":"infinitespire:CheckeredPen"},{"floor":40,"key":"Kunai"},{"floor":43,"key":"infinitespire:Golems Mask"}],"event_choices":[{"cards_removed":["Defend_R"],"damage_healed":0,"gold_gain":0,"player_choice":"Offered Basic","damage_taken":0,"max_hp_gain":0,"max_hp_loss":0,"event_name":"Bonfire Elementals","floor":3,"gold_loss":0},{"damage_healed":0,"gold_gain":0,"player_choice":"Shed Blood","damage_taken":20,"max_hp_gain":5,"max_hp_loss":0,"event_name":"Forgotten Altar","floor":20,"gold_loss":0},{"damage_healed":0,"gold_gain":0,"player_choice":"Ignored","damage_taken":0,"max_hp_gain":0,"max_hp_loss":0,"event_name":"Vampires","floor":21,"gold_loss":0},{"damage_healed":0,"gold_gain":0,"player_choice":"Fought Bandits","damage_taken":0,"max_hp_gain":0,"max_hp_loss":0,"event_name":"Masked Bandits","floor":25,"gold_loss":0},{"damage_healed":0,"gold_gain":0,"player_choice":"Cursed","damage_taken":0,"max_hp_gain":0,"max_hp_loss":0,"event_name":"Wheel of Change","floor":41,"gold_loss":0,"cards_obtained":["Decay"]}],"is_beta":false,"boss_relics":[{"not_picked":["Replay:Ancient Bell","hubris:RunicObelisk"],"picked":"Painkiller Herb"},{"not_picked":["Electric Blood","Ooze Armor"],"picked":"Fusion Hammer"}],"items_purged_floors":[31,36],"is_endless":false,"potions_floor_spawned":[1,10,14,16,18,25,33,35],"killed_by":"Nemesis","ascension_level":1}}