{"host":"aj6dldabq8s02zuz","time":1610677296,"event":{"mods":["AchievementEnabler","BaseMod","Better Note","Better Third Choice","Block Reminder","Colored Map","Custom Start","Downfall","Hermit","Highlight Path","Hubris","Mimic Mod","Minty Spire (QoL Compilation)","Permanent Neow","Quick Restart","Relic Sorter","Replay The Spire","StSLib","The Blue Laboratory","The Jungle","TheArtist","Wandering Minibosses"],"gold_per_floor":[212,212,227,238,238,269,269,269,269,118,135,135,135,155,155,251,251,267,267,267,267,267,293,293,303,339,358,385,385,415,435,435,536,536],"floor_reached":35,"language":"ENG","playtime":720,"items_purged":[],"score":940,"play_id":"10c457cc-b43f-466b-8c66-4c0c91bfc122","local_time":"20210114202136","is_ascension_mode":false,"campfire_choices":[{"data":"Strike_R","floor":8,"key":"SMITH"},{"data":"Strike_R","floor":12,"key":"SMITH"},{"data":"Strike_R","floor":15,"key":"SMITH"},{"data":"Anger","floor":24,"key":"SMITH"},{"data":"Whirlwind","floor":32,"key":"SMITH"}],"circlet_count":0,"master_deck":["Strike_R+1","Strike_R+1","Strike_R+1","Strike_R","Strike_R","Defend_R","Defend_R","Defend_R","Defend_R","Bash","Anger+1","Iron Wave","Whirlwind+1","Inflame+1","Replay:Undeath\u0027s Touch","Flex","Disarm","Feed"],"relics":["Burning Blood","Vajra","Vajra","Vajra","Sozu","Replay:WaspNest","hubris:Icosahedron","Potion Belt","King of Hearts","Black Star","Replay:Rubber Ducky","Question Card","ReplayTheSpireMod:Ninjato","Garlic","Prayer Wheel","Replay:Kaleidoscope","hubris:BottledRain","Sozu"],"acts_visited":["Exordium","TheCity","TheBeyond"],"potions_floor_usage":[],"damage_taken":[{"damage":6,"enemies":"Jaw Worm","floor":1,"turns":2},{"damage":0,"enemies":"Small Slimes","floor":3,"turns":1},{"damage":0,"enemies":"2 Louse","floor":4,"turns":1},{"damage":0,"enemies":"Lagavulin","floor":6,"turns":1},{"damage":0,"enemies":"Exordium Wildlife","floor":11,"turns":1},{"damage":0,"enemies":"Exordium Thugs","floor":14,"turns":1},{"damage":234,"enemies":"Fading Forest","floor":16,"turns":11},{"damage":0,"enemies":"Shell Parasite","floor":18,"turns":1},{"damage":0,"enemies":"3 Byrds","floor":21,"turns":1},{"damage":0,"enemies":"Book of Stabbing","floor":23,"turns":1},{"damage":0,"enemies":"Cultist and Chosen","floor":25,"turns":1},{"damage":0,"enemies":"Chosen and Byrds","floor":26,"turns":1},{"damage":0,"enemies":"Chosen and Byrds","floor":27,"turns":1},{"damage":0,"enemies":"Gremlin Leader","floor":28,"turns":1},{"damage":0,"enemies":"Book of Stabbing","floor":30,"turns":1},{"damage":0,"enemies":"Snecko","floor":31,"turns":1},{"damage":0,"enemies":"Pondfish","floor":33,"turns":1},{"damage":0,"enemies":"Time Eater","floor":34,"turns":1}],"seed_played":"3783530504051358590","potions_obtained":[],"is_trial":false,"path_per_floor":["M","$","M","M","?","E","?","R","T","$","M","R","?","M","R","B",null,"M","$","?","M","$","E","R","M","MIM","M","E","$","E","M","R","B",null,null],"character_chosen":"IRONCLAD","items_purchased":["King of Hearts"],"campfire_rested":0,"item_purchase_floors":[10],"current_hp_per_floor":[80,80,80,80,83,83,83,83,83,83,83,83,83,83,83,7,83,83,83,83,83,83,83,83,83,83,83,83,83,83,83,83,83,83],"gold":536,"neow_bonus":"HUNDRED_GOLD","is_daily":false,"chose_seed":false,"campfire_upgraded":5,"win_rate":0.0,"timestamp":1610677296,"path_taken":["M","$","M","M","?","E","?","R","T","$","M","R","?","?","R","BOSS","M","$","?","M","?","E","R","M","MIM","?","E","$","E","M","R","BOSS","BOSS"],"items_purchased_type":["Relic"],"build_version":"2020-12-22","purchased_purges":0,"victory":true,"max_hp_per_floor":[80,80,80,80,83,83,83,83,83,83,83,83,83,83,83,83,83,83,83,83,83,83,83,83,83,83,83,83,83,83,83,83,83,83],"card_choices":[{"not_picked":["Reckless Charge","ReplayTheSpireMod:Strike From Hell","True Grit"],"picked":"SKIP","floor":1},{"not_picked":["Rupture","Cleave","Wild Strike"],"picked":"SKIP","floor":3},{"not_picked":["Anger","Replay:Undeath\u0027s Touch","Shrug It Off"],"picked":"SKIP","floor":4},{"not_picked":["Wild Strike","hubris:CleavingFinish","Defy Death"],"picked":"SKIP","floor":6},{"not_picked":["Run Through","Iron Wave"],"picked":"Anger","floor":11},{"not_picked":["hubris:ReadiedAction","Feed","True Grit"],"picked":"SKIP","floor":14},{"not_picked":["Battle Trance","Rupture","Warcry"],"picked":"SKIP","floor":18},{"not_picked":["Run Through","Twin Strike","Anger"],"picked":"SKIP","floor":21},{"not_picked":["Feed","Thunderclap","Sword Boomerang+1"],"picked":"SKIP","floor":23},{"not_picked":["Cleave","Evolve","Hemokinesis"],"picked":"Iron Wave","floor":25},{"not_picked":["hubris:SharpeningStone","True Grit+1","Sword Boomerang"],"picked":"Whirlwind","floor":26},{"not_picked":["Shrug It Off","ReplayTheSpireMod:Muscle Training+1","Thunderclap"],"picked":"Inflame+1","floor":27},{"not_picked":["Sever Soul","Dropkick","ReplayTheSpireMod:Muscle Training","Disarm"],"picked":"SKIP","floor":28},{"not_picked":["Eclipse","Impervious","Body Slam"],"picked":"Replay:Undeath\u0027s Touch","floor":30},{"not_picked":["hubris:ReadiedAction","Iron Wave","ReplayTheSpireMod:Strike From Hell+1"],"picked":"Flex","floor":31},{"not_picked":["ReplayTheSpireMod:Stacked","Run Through","Sever Soul"],"picked":"Disarm","floor":31},{"not_picked":["Reaper","Impervious","Replay:Many Hands"],"picked":"Feed","floor":33}],"player_experience":28298,"relics_obtained":[{"floor":6,"key":"Replay:WaspNest"},{"floor":9,"key":"Potion Belt"},{"floor":23,"key":"Replay:Rubber Ducky"},{"floor":23,"key":"Question Card"},{"floor":26,"key":"ReplayTheSpireMod:Ninjato"},{"floor":28,"key":"Garlic"},{"floor":28,"key":"Prayer Wheel"},{"floor":30,"key":"Replay:Kaleidoscope"},{"floor":30,"key":"hubris:BottledRain"}],"event_choices":[{"damage_healed":0,"gold_gain":0,"player_choice":"Ignored","damage_taken":0,"max_hp_gain":0,"max_hp_loss":0,"event_name":"Golden Wing","floor":13,"gold_loss":0},{"cards_removed":["Anger"],"damage_healed":0,"gold_gain":0,"player_choice":"Give","damage_taken":0,"max_hp_gain":0,"max_hp_loss":0,"event_name":"betterNote:BetterNote","floor":20,"gold_loss":0,"cards_obtained":["None"]}],"is_beta":false,"boss_relics":[{"not_picked":["Electric Blood","hubris:TerracottaHorce"],"picked":"Black Star"},{"not_picked":["hubris:BlackHole","Coffee Dripper"],"picked":"Sozu"}],"items_purged_floors":[],"is_endless":false,"potions_floor_spawned":[1,6,16,21,23,27,28,30],"ascension_level":0}}