{"host":"mal0jdk4f6ubgyb8","time":1610697488,"event":{"mods":["Act Like it!","Aspiration","BaseMod","Gensokyo","Hallownest","Koishi","Luminous","Marisa£®ÏF”Í°°ƒß¿Ì…≥£©","Minty Spire (QoL Compilation)","Quick Restart","Reimu£®≤©¿ˆ¡È√Œ£©","Relic Stats","Remilia£®¿Ÿ√◊¿Ú—«£©","StSLib","The Bug Knight","WarShipGirlsR/’ΩΩ¢…Ÿ≈ÆR mod","Yakumo Yukari mod","Youmu£®ªÍ∆«—˝√Œ£©","Yuri Mod","Yuyuko"],"gold_per_floor":[119,119,135,152,152,186,186,213,237,337,354,365,355,370,370,466,466,485,496,496,416,426,426,441,470,470,487,518,518,543,543,543,641,641,659,675,675,495,139,167,167,201,201,230,241,259,88,108,108,108,108,108,58,88,88,88],"floor_reached":55,"language":"ZHS","playtime":3429,"items_purged":["Writhe","Malaise","Dagger Throw"],"score":979,"play_id":"912bc74b-9a0e-47d0-a210-d2a8868af6ed","local_time":"20210115155808","is_ascension_mode":true,"campfire_choices":[{"floor":15.0,"key":"RECALL"},{"data":"Revive The Butterflies","floor":23.0,"key":"SMITH"},{"data":"Ghost Spot","floor":29.0,"key":"SMITH"},{"data":"Mini Ghostdom","floor":32.0,"key":"SMITH"},{"data":"Fondling of Papilio","floor":41.0,"key":"SMITH"},{"data":"Full Inky Sakura","floor":49.0,"key":"SMITH"},{"data":"Deathly Ground","floor":52.0,"key":"SMITH"}],"circlet_count":0,"master_deck":["Fantasy Butterflies+1","Fantasy Butterflies+1","Fantasy Butterflies+1","Fantasy Butterflies+1","Dreamy Sakura","Dreamy Sakura","Dreamy Sakura","Dreamy Sakura","Deathly Ground+1","Elegance","Calculated Gamble","Elegance","Redemption of Death","Unborn Light","Ghost Spot+1","Wandering Soul+1","Revive The Butterflies+1","Hallownest:skillCityofTearsMap","Sweet of Phantom","Sweet of Phantom","Mini Ghostdom+1","Snowing Sakura","Fondling of Papilio+1","Sweet of Phantom+1","Infinite Reviving","Serene Spring+1","Unfulfilling Attachment","Steamed Phantom+1","Full Inky Sakura+1"],"relics":["Coronal","Yuyuko\u0027s fan","Hallownest:DreamNailRelic","Smiling Mask","Whetstone","Coffee Dripper","Hallownest:WatcherSealRelic","Strawberry","Darkstone Periapt","Ghost Lamp","PureWhite:ReiMu","Gremlin Horn","SlaversCollar","Hallownest:StagBellRelic1","OrangePellets","White Beast Statue","CrazyTorch:ReiMu","aspiration:SeaSaltIceCream","NeowsBlessing","The Courier","Lee\u0027s Waffle","Art of War"],"acts_visited":["Exordium","Hallownest:Greenpath","Hallownest:CityofTears","TheEnding"],"potions_floor_usage":[55],"damage_taken":[{"damage":16.0,"enemies":"Hallownest:monsterHuskWarrior","floor":1.0,"turns":4.0},{"damage":23.0,"enemies":"Hallownest:monsterHuskGuard","floor":3.0,"turns":4.0},{"damage":25.0,"enemies":"2_ Uuma","floor":4.0,"turns":7.0},{"damage":57.0,"enemies":"Hallownest:eliteVengeflyKing","floor":6.0,"turns":9.0},{"damage":66.0,"enemies":"Hallownest:eliteCrystalGuardian","floor":8.0,"turns":8.0},{"damage":17.0,"enemies":"Hallownest:monsterMossCharger","floor":11.0,"turns":5.0},{"damage":37.0,"enemies":"Hallownest:monsterFoolEater","floor":12.0,"turns":4.0},{"damage":34.0,"enemies":"Hallownest:1_Baldur_1_Crawlid_1_Warrior","floor":14.0,"turns":9.0},{"damage":110.0,"enemies":"Hallownest:BossBrokenVessel","floor":16.0,"turns":12.0},{"damage":49.0,"enemies":"Hallownest:2_Mistakes","floor":18.0,"turns":6.0},{"damage":14.0,"enemies":"Hallownest:Flukemon_and_Top","floor":19.0,"turns":5.0},{"damage":2.0,"enemies":"Hallownest:monsterMisterMushroom","floor":22.0,"turns":4.0},{"damage":2.0,"enemies":"Hallownest:Warrior_and_Youth","floor":24.0,"turns":3.0},{"damage":28.0,"enemies":"Hallownest:eliteSoulWarrior","floor":25.0,"turns":7.0},{"damage":35.0,"enemies":"Hallownest:Master_and_Novice","floor":27.0,"turns":3.0},{"damage":2.0,"enemies":"Hallownest:Nosk","floor":28.0,"turns":5.0},{"damage":35.0,"enemies":"Hallownest:eliteSoulWarrior","floor":30.0,"turns":5.0},{"damage":20.0,"enemies":"Hallownest:BossMantisLord","floor":33.0,"turns":3.0},{"damage":32.0,"enemies":"Hallownest:2_Littles","floor":35.0,"turns":3.0},{"damage":22.0,"enemies":"Hallownest:3_Siblings","floor":36.0,"turns":5.0},{"damage":32.0,"enemies":"Hallownest:StalkingDevout","floor":40.0,"turns":6.0},{"damage":1.0,"enemies":"Hallownest:eliteHiveKnight","floor":42.0,"turns":2.0},{"damage":1.0,"enemies":"Hallownest:eliteCollector","floor":44.0,"turns":1.0},{"damage":1.0,"enemies":"Hallownest:2_Wandering_and_1_Horned","floor":45.0,"turns":2.0},{"damage":1.0,"enemies":"Hallownest:Xero_Hu_Marmu","floor":46.0,"turns":1.0},{"damage":32.0,"enemies":"Hallownest:monsterPrimalAspid","floor":48.0,"turns":2.0},{"damage":68.0,"enemies":"Hallownest:BossGreyPrinceZote","floor":50.0,"turns":6.0},{"damage":67.0,"enemies":"Shield and Spear","floor":54.0,"turns":4.0},{"damage":18,"enemies":"The Heart","floor":55,"turns":2}],"seed_played":"-6607408188046484023","potions_obtained":[{"floor":4.0,"key":"ColorlessPotion"},{"floor":6.0,"key":"Dexterity Potion"},{"floor":8.0,"key":"Energy Potion"},{"floor":11.0,"key":"SneckoOil"},{"floor":22.0,"key":"LiquidMemories"},{"floor":24.0,"key":"Strength Potion"},{"floor":25.0,"key":"Swift Potion"},{"floor":27.0,"key":"PowerPotion"},{"floor":42.0,"key":"Gelsemium Tea"},{"floor":44.0,"key":"BlessingOfTheForge"},{"floor":45.0,"key":"Block Potion"},{"floor":46.0,"key":"Firefly"},{"floor":48.0,"key":"Weak Potion"},{"floor":54.0,"key":"FearPotion"}],"is_trial":false,"path_per_floor":["M","?","M","M","?","E","?","E","T","?","M","M","?","M","R","B",null,"M","M","?","?","M","R","M","E","T","M","E","R","E","?","R","B",null,"M","M","?","?","$","E","R","E","T","E","M","M","$","M","R","B",null,"R","$","E","B"],"character_chosen":"YUYOKO","items_purchased":["Infinite Reviving","OrangePellets","Lee\u0027s Waffle"],"campfire_rested":0,"item_purchase_floors":[39,39,47],"current_hp_per_floor":[34,34,37,37,37,27,27,5,5,5,34,20,20,35,35,16,44,8,18,18,18,22,22,13,29,29,24,18,18,19,25,25,16,57,20,16,16,16,16,51,51,26,26,28,5,43,64,32,32,2,64,64,64,60,0,0],"gold":88,"neow_bonus":"TEN_PERCENT_HP_BONUS","is_daily":false,"chose_seed":false,"campfire_upgraded":6,"win_rate":0.0,"timestamp":1610697488,"path_taken":["M","?","M","M","?","E","?","E","T","?","M","M","?","M","R","BOSS","M","M","?","?","M","R","M","E","T","M","E","R","E","?","R","BOSS","M","?","?","?","$","E","R","E","T","E","M","?","?","M","R","BOSS","R","$","E","BOSS"],"items_purchased_type":["Card","Relic","Relic"],"build_version":"2020-12-22","purchased_purges":3,"victory":false,"max_hp_per_floor":[44,44,44,44,44,44,44,44,44,44,44,44,44,44,44,44,44,44,44,44,44,44,44,44,51,51,51,51,51,51,57,57,57,57,57,57,57,57,57,57,57,57,57,57,57,57,64,64,64,64,64,64,64,64,64,64],"relic_stats":{"Darkstone Periapt":6,"OrangePellets":[5],"Lee\u0027s Waffle":21,"Gremlin Horn":[14,14],"counters":[29,137],"Art of War":[0],"Whetstone":["Fantasy Butterflies","Fantasy Butterflies"],"Smiling Mask":105,"obtain_stats":[{"Darkstone Periapt":26,"Hallownest:StagBellRelic1":38,"Lee\u0027s Waffle":47,"Gremlin Horn":31,"NeowsBlessing":43,"The Courier":44,"Hallownest:DreamNailRelic":5,"Whetstone":8,"aspiration:SeaSaltIceCream":43,"Smiling Mask":6,"White Beast Statue":40,"SlaversCollar":34,"OrangePellets":39,"Hallownest:WatcherSealRelic":20,"PureWhite:ReiMu":30,"Yuyuko\u0027s fan":0,"Coronal":0,"Strawberry":25,"CrazyTorch:ReiMu":42,"Coffee Dripper":17,"Ghost Lamp":28,"Art of War":54},{"Darkstone Periapt":14,"Hallownest:StagBellRelic1":20,"Lee\u0027s Waffle":25,"Gremlin Horn":17,"NeowsBlessing":22,"The Courier":23,"Hallownest:DreamNailRelic":3,"Whetstone":5,"aspiration:SeaSaltIceCream":22,"Smiling Mask":4,"White Beast Statue":21,"SlaversCollar":18,"OrangePellets":20,"Hallownest:WatcherSealRelic":11,"PureWhite:ReiMu":17,"Yuyuko\u0027s fan":0,"Coronal":0,"Strawberry":14,"CrazyTorch:ReiMu":22,"Coffee Dripper":9,"Ghost Lamp":16,"Art of War":28},{"Darkstone Periapt":87,"Hallownest:StagBellRelic1":111,"Lee\u0027s Waffle":123,"Gremlin Horn":100,"NeowsBlessing":119,"The Courier":120,"Hallownest:DreamNailRelic":15,"Whetstone":32,"aspiration:SeaSaltIceCream":119,"Smiling Mask":24,"White Beast Statue":117,"SlaversCollar":103,"OrangePellets":111,"Hallownest:WatcherSealRelic":73,"PureWhite:ReiMu":100,"Yuyuko\u0027s fan":0,"Coronal":0,"Strawberry":87,"CrazyTorch:ReiMu":119,"Coffee Dripper":62,"Ghost Lamp":95,"Art of War":135}]},"card_choices":[{"not_picked":["Song of Papilio","Postpone Bloom","Stifle"],"picked":"SKIP","floor":1.0},{"not_picked":["Steamed Phantom","The Nether"],"picked":"Elegance","floor":3.0},{"not_picked":["Become Phantom","City of Death","Song of Papilio"],"picked":"SKIP","floor":4.0},{"not_picked":["Gather the Spring","Unpaved Way","Gauzy Sakura"],"picked":"SKIP","floor":6.0},{"not_picked":["Dancing Butterflies","End of Faramita"],"picked":"Elegance","floor":8.0},{"not_picked":["The Forgotten Winter","End of Faramita"],"picked":"Redemption of Death","floor":11.0},{"not_picked":["Butterflies in Dream","Song of Papilio","Butterflies Rainbow"],"picked":"SKIP","floor":12.0},{"not_picked":["Wandering Soul","Linger over Flower"],"picked":"Unborn Light","floor":14.0},{"not_picked":["Ghost Lead","Dream of Spring"],"picked":"Ghost Spot","floor":16.0},{"not_picked":["Become Phantom","Unstable Ward"],"picked":"Wandering Soul+1","floor":18.0},{"not_picked":["Sweet of Phantom","Gone+1"],"picked":"Revive The Butterflies","floor":19.0},{"not_picked":["Unstable Ward","Wandering Soul"],"picked":"Sweet of Phantom","floor":22.0},{"not_picked":["Wandering Soul","The Forgotten Winter"],"picked":"Sweet of Phantom","floor":24.0},{"not_picked":["Linger over Flower+1","City of Death","Dying Butterflies"],"picked":"SKIP","floor":25.0},{"not_picked":["Chase The Sukhavati","Phantom Village","Elegance"],"picked":"SKIP","floor":27.0},{"not_picked":["Dancing Butterflies","Gone+1","Trap Lamp"],"picked":"SKIP","floor":28.0},{"not_picked":["City of Death","Song of Papilio"],"picked":"Mini Ghostdom","floor":30.0},{"not_picked":["Mirror of Mind","Remain Here"],"picked":"Snowing Sakura","floor":33.0},{"not_picked":["Postpone Bloom+1","Bloom"],"picked":"Fondling of Papilio","floor":35.0},{"not_picked":["Sakura Ward+1","Become Phantom+1"],"picked":"Sweet of Phantom+1","floor":36.0},{"not_picked":["Dying Sakura","Snow+1"],"picked":"Serene Spring+1","floor":40.0},{"not_picked":["Song of Papilio","Dancing Butterflies"],"picked":"Unfulfilling Attachment","floor":42.0},{"not_picked":["Elegance+1","Final of Final","Infinite Sin"],"picked":"SKIP","floor":44.0},{"not_picked":["Unreal","Trap Lamp+1"],"picked":"Steamed Phantom+1","floor":45.0},{"not_picked":["Chase The Sukhavati","Unborn Light","Triple Snow"],"picked":"SKIP","floor":46.0},{"not_picked":["Open The Fan","Reverse The Screen"],"picked":"Full Inky Sakura","floor":48.0},{"not_picked":["Final of Final","Gauzy Sakura","Infinite Sin+1"],"picked":"SKIP","floor":54.0}],"player_experience":308342,"relics_obtained":[{"floor":6.0,"key":"Smiling Mask"},{"floor":8.0,"key":"Whetstone"},{"floor":25.0,"key":"Strawberry"},{"floor":26.0,"key":"Darkstone Periapt"},{"floor":28.0,"key":"Ghost Lamp"},{"floor":30.0,"key":"PureWhite:ReiMu"},{"floor":40.0,"key":"White Beast Statue"},{"floor":42.0,"key":"CrazyTorch:ReiMu"},{"floor":43.0,"key":"aspiration:SeaSaltIceCream"},{"floor":44.0,"key":"The Courier"},{"floor":54.0,"key":"Art of War"}],"event_choices":[],"is_beta":false,"boss_relics":[{"not_picked":["aspiration:RunicSpoon","aspiration:SilentSkillbook"],"picked":"Coffee Dripper"},{"not_picked":["aspiration:SecretTechniqueScroll","aspiration:WatcherSkillbook"],"picked":"SlaversCollar"}],"items_purged_floors":[39,47,53],"is_endless":false,"potions_floor_spawned":[4,6,8,11,22,24,25,27,42,44,45,46,48,54],"killed_by":"The Heart","ascension_level":3}}