{"host":"w3q5ijqu8eoknil3","time":1610698282,"event":{"mods":["AchievementEnabler","BaseMod","Block Reminder","Colored Powertips","Curses Come First","Minty Spire (QoL Compilation)","Quick Restart","Relic Stats","StSLib","ojb\u0027s Better Paths Mod","ojb\u0027s Info Mod","slay the spire mod where everything is the same but ironclad has a cowboy hat"],"gold_per_floor":[111,111,131,281,206,240,240,250,250,250,279,41,75,86,86,163,463,473,473,83,100,116,116,116],"floor_reached":23,"language":"ENG","playtime":588,"items_purged":["Strike_G"],"score":445,"play_id":"95b27f05-2dae-4692-8d28-39dd1d646b62","local_time":"20210115081122","is_ascension_mode":true,"campfire_choices":[{"data":"Phantasmal Killer","floor":7,"key":"SMITH"},{"data":"Masterful Stab","floor":10,"key":"SMITH"},{"data":"All Out Attack","floor":15,"key":"SMITH"}],"circlet_count":0,"master_deck":["AscendersBane","Strike_G","Strike_G","Strike_G","Defend_G","Defend_G","Defend_G","Defend_G","Defend_G","Survivor","Neutralize","Masterful Stab+1","Flying Knee","Phantasmal Killer+1","All Out Attack+1","Deadly Poison","Flechettes","Sucker Punch","Corpse Explosion","CurseOfTheBell","Outmaneuver","Bullet Time","Noxious Fumes+1","Flying Knee","Escape Plan+1","Blur"],"relics":["Ring of the Snake","NeowsBlessing","Mercury Hourglass","Ornamental Fan","Eternal Feather","Toolbox","Strawberry","Calling Bell","Potion Belt","Pantograph","Old Coin","Prayer Wheel"],"acts_visited":["Exordium","TheCity"],"potions_floor_usage":[8,11,13,16,16,23,23],"damage_taken":[{"damage":0,"enemies":"2 Louse","floor":1,"turns":1},{"damage":0,"enemies":"Cultist","floor":3,"turns":1},{"damage":0,"enemies":"3 Sentries","floor":6,"turns":1},{"damage":0,"enemies":"Small Slimes","floor":8,"turns":2},{"damage":1,"enemies":"Lagavulin","floor":11,"turns":5},{"damage":30,"enemies":"Gremlin Nob","floor":13,"turns":4},{"damage":0,"enemies":"2 Fungi Beasts","floor":14,"turns":1},{"damage":31,"enemies":"Slime Boss","floor":16,"turns":9},{"damage":12,"enemies":"3 Byrds","floor":18,"turns":2},{"damage":18,"enemies":"Chosen","floor":21,"turns":4},{"damage":21,"enemies":"Centurion and Healer","floor":22,"turns":4},{"damage":19,"enemies":"Slavers","floor":23,"turns":1}],"seed_played":"1834577387683236835","potions_obtained":[{"floor":1,"key":"EssenceOfSteel"},{"floor":8,"key":"Fruit Juice"},{"floor":11,"key":"EntropicBrew"},{"floor":13,"key":"PowerPotion"},{"floor":18,"key":"LiquidBronze"},{"floor":22,"key":"PowerPotion"}],"is_trial":false,"path_per_floor":["M","?","M","?","?","E","R","M","T","R","E","$","E","M","R","B",null,"M","?","$","M","M","E"],"character_chosen":"THE_SILENT","items_purchased":["Toolbox","Prayer Wheel","Bullet Time"],"campfire_rested":0,"item_purchase_floors":[12,20,20],"current_hp_per_floor":[59,59,59,59,59,59,59,64,64,64,63,63,40,40,49,18,63,51,51,51,33,12,0,0],"gold":116,"neow_bonus":"THREE_ENEMY_KILL","is_daily":false,"chose_seed":false,"campfire_upgraded":3,"win_rate":0.0,"timestamp":1610698282,"path_taken":["M","?","?","?","?","E","R","M","T","R","E","$","E","M","R","BOSS","M","?","$","M","M","E"],"items_purchased_type":["Relic","Relic","Card"],"build_version":"2020-12-22","purchased_purges":1,"victory":false,"max_hp_per_floor":[66,66,66,66,66,66,66,71,71,71,71,71,78,78,78,78,78,78,78,78,78,78,78,78],"relic_stats":{"counters":[12,34],"Ornamental Fan":[48],"Pantograph":0,"Eternal Feather":9,"Prayer Wheel":2,"obtain_stats":[{"Calling Bell":17,"Potion Belt":17,"NeowsBlessing":0,"Ornamental Fan":9,"Strawberry":13,"Pantograph":17,"Toolbox":12,"Eternal Feather":11,"Prayer Wheel":20,"Ring of the Snake":0,"Mercury Hourglass":6,"Old Coin":17},{"Calling Bell":8,"Potion Belt":8,"NeowsBlessing":0,"Ornamental Fan":4,"Strawberry":6,"Pantograph":8,"Toolbox":5,"Eternal Feather":5,"Prayer Wheel":9,"Ring of the Snake":0,"Mercury Hourglass":3,"Old Coin":8},{"Calling Bell":23,"Potion Belt":23,"NeowsBlessing":0,"Ornamental Fan":5,"Strawberry":14,"Pantograph":23,"Toolbox":10,"Eternal Feather":10,"Prayer Wheel":25,"Ring of the Snake":0,"Mercury Hourglass":3,"Old Coin":23}],"Ring of the Snake":[24],"Mercury Hourglass":[154]},"card_choices":[{"not_picked":["Eviscerate","Skewer"],"picked":"Masterful Stab","floor":1},{"not_picked":["Bane","Backflip"],"picked":"Flying Knee","floor":3},{"not_picked":["Quick Slash","Outmaneuver"],"picked":"Phantasmal Killer","floor":6},{"not_picked":["Bane","Infinite Blades"],"picked":"All Out Attack","floor":8},{"not_picked":["Distraction","All Out Attack"],"picked":"Deadly Poison","floor":11},{"not_picked":["Cloak And Dagger","Distraction"],"picked":"Flechettes","floor":13},{"not_picked":["Accuracy","Prepared"],"picked":"Sucker Punch","floor":14},{"not_picked":["Doppelganger","Venomology"],"picked":"Corpse Explosion","floor":16},{"not_picked":["Slice","Sucker Punch"],"picked":"Outmaneuver","floor":18},{"not_picked":["PiercingWail","Heel Hook"],"picked":"Noxious Fumes+1","floor":21},{"not_picked":["Dagger Throw","Underhanded Strike"],"picked":"Flying Knee","floor":21},{"not_picked":["Endless Agony","Prepared"],"picked":"Escape Plan+1","floor":22},{"not_picked":["Masterful Stab","Deadly Poison"],"picked":"Blur","floor":22}],"player_experience":980989,"relics_obtained":[{"floor":6,"key":"Mercury Hourglass"},{"floor":9,"key":"Ornamental Fan"},{"floor":11,"key":"Eternal Feather"},{"floor":13,"key":"Strawberry"},{"floor":17,"key":"Potion Belt"},{"floor":17,"key":"Pantograph"},{"floor":17,"key":"Old Coin"}],"event_choices":[{"cards_removed":["Strike_G"],"damage_healed":0,"gold_gain":0,"player_choice":"Purged","damage_taken":0,"max_hp_gain":0,"max_hp_loss":0,"event_name":"Purifier","floor":2,"gold_loss":0},{"damage_healed":0,"gold_gain":150,"player_choice":"AGREE","damage_taken":0,"max_hp_gain":0,"max_hp_loss":0,"event_name":"Liars Game","floor":4,"gold_loss":0,"cards_obtained":["Doubt"]},{"cards_removed":["Doubt"],"damage_healed":0,"gold_gain":0,"player_choice":"Card Removal","damage_taken":0,"max_hp_gain":0,"max_hp_loss":0,"event_name":"The Cleric","floor":5,"gold_loss":75},{"damage_healed":0,"gold_gain":0,"player_choice":"Ignored","damage_taken":0,"max_hp_gain":0,"max_hp_loss":0,"event_name":"Ghosts","floor":19,"gold_loss":0}],"is_beta":false,"boss_relics":[{"not_picked":["Runic Pyramid","Sozu"],"picked":"Calling Bell"}],"items_purged_floors":[12],"is_endless":false,"potions_floor_spawned":[1,8,11,13,14,18,22],"killed_by":"Slavers","ascension_level":18}}