{"host":"ecaj4hn004xnnrw9","time":1610712418,"event":{"mods":["AchievementEnabler","BaseMod","Better Third Choice","Hermit","Hubris","Infinite Spire","Jorbs\u0027s Wanderer Trilogy","Minty Spire (QoL Compilation)","Quick Restart","Shop Mod","StSLib","The Construct","The Jungle","The Runesmith"],"gold_per_floor":[114,125,125,135,135,135,167,167,215,215,215,248,248,10,10,112,112,128,128,141,141,141,141,41,41,41,41,58,58,70,70,70,175,175,189,206,216,216,216,243,243,254,280,280,280,293,293,313,313,418,418,418],"floor_reached":51,"language":"ENG","playtime":1020,"items_purged":["Strike_P","Strike_P","Strike_P","Eruption+1"],"score":768,"play_id":"ad185ac5-aad9-4bf2-9c5c-685467ae8451","local_time":"20210115120658","is_ascension_mode":true,"campfire_choices":[{"data":"Wireheading","floor":6,"key":"SMITH"},{"floor":8,"key":"REST"},{"data":"SashWhip","floor":10,"key":"SMITH"},{"data":"Adaptation","floor":13,"key":"SMITH"},{"floor":15,"key":"REST"},{"data":"Vault","floor":23,"key":"SMITH"},{"data":"Wallop","floor":25,"key":"SMITH"},{"data":"Vigilance","floor":27,"key":"SMITH"},{"data":"Evaluate","floor":29,"key":"SMITH"},{"data":"SashWhip","floor":32,"key":"SMITH"},{"data":"Meditate","floor":41,"key":"SMITH"},{"data":"ThirdEye","floor":44,"key":"SMITH"},{"floor":49,"key":"REST"}],"circlet_count":0,"master_deck":["Defend_P","Defend_P","Defend_P","Vigilance+1","Weave","SashWhip+1","Wireheading+1","EmptyFist","BattleHymn","Adaptation+1","Halt","Flash of Steel","SashWhip+1","Vault+1","Wallop+1","CutThroughFate","infinitespire:Gouge","hubris:InfiniteBlow+48","Evaluate+1","Meditate+1","ThirdEye+1","hubris:InfiniteBlow+48","Finesse","LikeWater+1"],"relics":["Sozu"],"acts_visited":["Exordium","TheCity","TheBeyond","Exordium"],"potions_floor_usage":[],"damage_taken":[{"damage":0,"enemies":"Small Slimes","floor":1,"turns":2},{"damage":3,"enemies":"Jaw Worm","floor":2,"turns":3},{"damage":0,"enemies":"Cultist","floor":4,"turns":3},{"damage":59,"enemies":"Gremlin Nob","floor":7,"turns":5},{"damage":14,"enemies":"3 Sentries","floor":12,"turns":5},{"damage":19,"enemies":"The Guardian","floor":16,"turns":8},{"damage":15,"enemies":"Spheric Guardian","floor":18,"turns":3},{"damage":0,"enemies":"Shell Parasite","floor":20,"turns":4},{"damage":0,"enemies":"Sentry and Sphere","floor":28,"turns":2},{"damage":0,"enemies":"Chosen and Byrds","floor":30,"turns":1},{"damage":0,"enemies":"hubris:MusketHawk","floor":33,"turns":1},{"damage":16,"enemies":"3 Darklings","floor":35,"turns":5},{"damage":0,"enemies":"Orb Walker","floor":36,"turns":2},{"damage":0,"enemies":"Maw","floor":37,"turns":1},{"damage":0,"enemies":"Nightmare","floor":40,"turns":2},{"damage":7,"enemies":"Writhing Mass","floor":42,"turns":2},{"damage":5,"enemies":"Sphere and 2 Shapes","floor":46,"turns":3},{"damage":0,"enemies":"Spire Growth","floor":48,"turns":1},{"damage":7,"enemies":"Donu and Deca","floor":50,"turns":4}],"seed_played":"7919872028917353355","potions_obtained":[],"is_trial":false,"path_per_floor":["M","M","?","M","?","R","E","R","T","R","?","E","R","$","R","B",null,"M","?","M","AVR","?","R","$","R","T","R","M","R","M","$","R","B",null,"M","M","M","AVR","?","NM","R","M","T","R","?","M","?","M","R","B",null],"character_chosen":"WATCHER","items_purchased":["Halt","Flash of Steel","SashWhip"],"campfire_rested":3,"item_purchase_floors":[14,14,14],"current_hp_per_floor":[72,69,74,74,74,74,15,38,38,38,38,24,24,24,47,28,77,62,62,62,62,43,43,43,43,43,43,43,43,43,43,43,43,77,61,61,61,61,51,51,51,44,44,44,44,39,42,42,66,59,80,80],"gold":418,"neow_bonus":"BOSS_RELIC","is_daily":false,"chose_seed":false,"campfire_upgraded":10,"win_rate":0.0,"timestamp":1610712418,"path_taken":["M","M","?","M","?","R","E","R","T","R","?","E","R","$","R","BOSS","M","?","M","AVR","?","R","$","R","T","R","M","R","M","?","R","BOSS","M","M","M","AVR","?","NM","R","M","T","R","?","M","?","M","R","BOSS"],"items_purchased_type":["Card","Card","Card"],"build_version":"2020-12-22","purchased_purges":4,"victory":false,"max_hp_per_floor":[72,72,77,77,77,77,77,77,77,77,77,77,77,77,77,77,77,77,77,77,77,77,77,77,77,77,77,77,77,77,77,77,77,77,77,77,77,77,77,77,77,77,77,77,77,77,80,80,80,80,80,80],"card_choices":[{"not_picked":["PathToVictory","ClearTheMind"],"picked":"Weave","floor":1},{"not_picked":["WindmillStrike","BowlingBash"],"picked":"SashWhip","floor":2},{"not_picked":["Halt","FlurryOfBlows"],"picked":"Wireheading","floor":4},{"not_picked":["EmptyMind","FlyingSleeves"],"picked":"EmptyFist","floor":7},{"not_picked":["EmptyFist","CutThroughFate"],"picked":"Adaptation","floor":12},{"not_picked":["Devotion","Brilliance"],"picked":"Vault","floor":16},{"not_picked":["FlurryOfBlows","Tantrum"],"picked":"Wallop","floor":18},{"not_picked":["PathToVictory+1","Evaluate"],"picked":"CutThroughFate","floor":20},{"not_picked":["infinitespire:Fortify","infinitespire:NeuralNetwork"],"picked":"hubris:InfiniteBlow+48","floor":22},{"not_picked":["PathToVictory+1","WindmillStrike"],"picked":"Evaluate","floor":28},{"not_picked":["Evaluate","Crescendo"],"picked":"Meditate","floor":30},{"not_picked":["SashWhip","Pray","CarveReality"],"picked":"SKIP","floor":35},{"not_picked":["Fasting2+1","EmptyFist+1"],"picked":"ThirdEye","floor":36},{"not_picked":["WreathOfFlame+1","CrushJoints+1","BattleHymn+1"],"picked":"SKIP","floor":37},{"not_picked":["Sadistic Nature","hubris:Ssssneak"],"picked":"Finesse","floor":39},{"not_picked":["ClearTheMind","Indignation+1","Wish"],"picked":"SKIP","floor":40},{"not_picked":["FlurryOfBlows+1","TalkToTheHand+1"],"picked":"LikeWater+1","floor":42},{"not_picked":["ThirdEye+1","CarveReality","Wallop+1"],"picked":"SKIP","floor":46},{"not_picked":["Sanctity","ReachHeaven","JustLucky+1"],"picked":"SKIP","floor":48}],"player_experience":348968,"relics_obtained":[],"event_choices":[{"damage_healed":0,"gold_gain":0,"player_choice":"Donut","damage_taken":0,"max_hp_gain":5,"max_hp_loss":0,"event_name":"Big Fish","floor":3,"gold_loss":0},{"damage_healed":0,"gold_gain":0,"player_choice":"Grow","damage_taken":0,"max_hp_gain":0,"max_hp_loss":0,"event_name":"Living Wall","floor":5,"gold_loss":0,"cards_upgraded":["Eruption"]},{"damage_healed":0,"gold_gain":0,"cards_transformed":["Strike_P"],"player_choice":"Transformed","damage_taken":0,"max_hp_gain":0,"max_hp_loss":0,"event_name":"Transmorgrifier","floor":11,"gold_loss":0,"cards_obtained":["BattleHymn"]},{"damage_healed":0,"gold_gain":0,"player_choice":"Ignored","damage_taken":0,"max_hp_gain":0,"max_hp_loss":0,"event_name":"Ghosts","floor":19,"gold_loss":0},{"damage_healed":0,"gold_gain":0,"player_choice":"Memory 3","damage_taken":10,"max_hp_gain":0,"max_hp_loss":0,"event_name":"SensoryStone","floor":39,"gold_loss":0},{"cards_removed":["Defend_P"],"damage_healed":0,"gold_gain":0,"player_choice":"Removed Skill","damage_taken":0,"max_hp_gain":0,"max_hp_loss":0,"event_name":"Falling","floor":45,"gold_loss":0}],"is_beta":false,"boss_relics":[{"not_picked":["hubris:GrandSneckoEye","Runic Pyramid","hubris:CrackedHourglass"]},{"not_picked":["Runesmith:UraniumAnvil","Cursed Key","Runic Dome"]},{"not_picked":["Calling Bell","Snecko Eye","VioletLotus"]}],"items_purged_floors":[14,21,24,38],"is_endless":true,"potions_floor_spawned":[1,2,18,20,33,36,37,40,42],"ascension_level":1}}