{"host":"i0dcpa89fcfo7o2v","time":1610724080,"event":{"mods":["2.2 Compatiblity","AchievementEnabler","AlwaysNeverKeys","BaseMod","BetterRewards","Block Reminder","Colored Map","Colored Powertips","Conspire","Displayed Cursed Tome","Downfall","Energized Spire","Gold Saver","Halation","Highlight Path","Hubris","Infinite Spire","Minty Spire (QoL Compilation)","Quick Restart","Relic Stats","Replay The Spire","Shop Mod","Spicy Shops","StSLib","Synergy Search","The Factory","The Jungle","Transform Curses","Uncapped","Wandering Minibosses","vexMod"],"gold_per_floor":[1409,1409,1559,1559,219,219,244,272,272,272,297,297,101,122,122,206,206,217,239,264,282,282,321,321,349,349,12,32,63,63,76,76,156,156,180,197,197],"floor_reached":36,"language":"ENG","playtime":1547,"items_purged":["Doubt"],"score":1406,"play_id":"a60af78b-f6cc-43bf-a6f4-b3db8d753a4b","local_time":"20210115162120","is_ascension_mode":true,"campfire_choices":[{"data":"Perfected Strike","floor":6.0,"key":"SMITH"},{"data":"Enlightenment","floor":10.0,"key":"SMITH"},{"data":"Spot Weakness","floor":15.0,"key":"SMITH"},{"data":"Limit Break","floor":24.0,"key":"SMITH"},{"data":"Infernal Blade","floor":32,"key":"SMITH"}],"circlet_count":0,"master_deck":["AscendersBane","Strike_R","Strike_R","Strike_R","Strike_R","Strike_R","Defend_R","Defend_R","Defend_R+1","Defend_R","Perfected Strike+1","Thunderclap","Disarm","Body Slam","Spot Weakness","Survivor","Neutralize","Iron Wave","Inflame+1","Shrug It Off","Shrug It Off","Metamorphosis","Enlightenment+1","Carnage","Spot Weakness+1","Limit Break+1","Intimidate","infinitespire:SevenWalls+1","Twin Strike","Infernal Blade+1","Flex+1"],"relics":["Burning Blood","Happy Flower","Garlic","Mirror","Nunchaku","Blood Vial","Red Skull","Sundial","halation:IllGainedPizza","halation:PinkSoulGem","MerchantsRug","Painkiller Herb","hubris:Zylophone","hubris:Potato","Paper Frog","vexMod:PaidLearning","Toy Ornithopter","Replay:Rubber Ducky","conspire:SpecialSausage"],"acts_visited":["Exordium","TheCity","TheBeyond"],"potions_floor_usage":[28,28],"damage_taken":[{"damage":9.0,"enemies":"2 Louse","floor":1.0,"turns":3.0},{"damage":6.0,"enemies":"conspire:MimicChest","floor":7.0,"turns":3.0},{"damage":0.0,"enemies":"Gremlin Nob","floor":8.0,"turns":2.0},{"damage":27.0,"enemies":"3 Sentries","floor":11.0,"turns":4.0},{"damage":0.0,"enemies":"Small Slimes","floor":14.0,"turns":3.0},{"damage":19.0,"enemies":"Hexaghost","floor":16.0,"turns":6.0},{"damage":10.0,"enemies":"Chosen","floor":18.0,"turns":4.0},{"damage":35.0,"enemies":"2 Thieves","floor":19.0,"turns":5.0},{"damage":12.0,"enemies":"conspire:HollyBat","floor":20.0,"turns":11.0},{"damage":19.0,"enemies":"Centurion and Healer","floor":21.0,"turns":3.0},{"damage":20.0,"enemies":"Book of Stabbing","floor":23.0,"turns":4.0},{"damage":0.0,"enemies":"Gremlin Leader","floor":25.0,"turns":5.0},{"damage":21,"enemies":"Cultist and Chosen","floor":28,"turns":4},{"damage":11,"enemies":"conspire:Head Lice","floor":29,"turns":8},{"damage":0,"enemies":"Snecko","floor":31,"turns":3},{"damage":5,"enemies":"hubris:MusketHawk","floor":33,"turns":7},{"damage":12,"enemies":"3 Shapes","floor":35,"turns":5},{"damage":11,"enemies":"infinitespire:Three Voidlings","floor":36,"turns":2},{"damage":62,"enemies":"Nightmare_Alpha","floor":36,"turns":5}],"seed_played":"-6621553091451865006","potions_obtained":[{"floor":8.0,"key":"Ancient Potion"},{"floor":16.0,"key":"Explosive Potion"}],"is_trial":false,"path_per_floor":["M","?","?","?","$","R","?","E","T","R","E","?","$","M","R","B",null,"?","?","?","?","AVR","E","T","E","T","T","?","E","?","?","T","B",null,"?","?"],"character_chosen":"IRONCLAD","items_purchased":["Happy Flower","halation:TrafficLight","Perfected Strike","Thunderclap","Disarm","Garlic","Iron Wave","Inflame","Shrug It Off","Metamorphosis","Mirror","Nunchaku","Enlightenment","MerchantsRug","Spot Weakness","vexMod:PaidLearning","Toy Ornithopter"],"campfire_rested":0,"item_purchase_floors":[0,0,0,0,0,5,5,5,5,5,5,5,5,13,13,27,27],"current_hp_per_floor":[65,65,65,65,65,65,65,73,73,73,54,54,54,62,62,51,69,67,40,36,25,25,13,13,21,21,21,18,15,22,30,30,33,65,61,0,0],"gold":197,"neow_bonus":"","is_daily":false,"chose_seed":false,"campfire_upgraded":5,"win_rate":0.0,"timestamp":1610724080,"path_taken":["M","?","?","?","$","R","?","E","T","R","E","?","$","M","R","BOSS","?","?","?","?","AVR","E","T","E","T","T","?","E","?","?","T","BOSS","?","?"],"items_purchased_type":["Relic","Relic","Card","Card","Card","Relic","Card","Card","Card","Card","Relic","Relic","Card","Relic","Card","Relic","Relic"],"build_version":"2020-12-22","purchased_purges":1,"victory":false,"max_hp_per_floor":[75,75,75,75,75,75,75,75,75,75,75,75,75,75,75,75,75,75,75,75,75,75,75,75,75,75,75,75,75,75,75,75,75,75,75,75,75],"relic_stats":{"Blood Vial":34,"Nunchaku":[15],"Happy Flower":[33],"counters":[41,197],"Sundial":[0],"obtain_stats":[{"Ice Cream":27,"Golden Egg":21,"Blood Vial":7,"theJungle:SneckoAutograph":22,"conspire:GlowingRock":18,"Sundial":9,"Iron Hammer":31,"MerchantsRug":13,"wanderingMiniBosses:ThiefScarf":14,"Happy Flower":25,"vexMod:ScavengeHelm":9,"Counterbalance":21,"Ring of Chaos":24,"vexMod:PaidLearning":27,"hubris:Zylophone":23,"vexMod:Cooldron":0,"hubris:PeanutButter":18,"infinitespire:EmpoweringShard":16,"hubris:ToyBattleship":27,"theJungle:WildStrawberry":26,"Mirror":5,"vexMod:BigBerry":17,"ReplayFunnel":7,"ReplayTheSpireMod:Ring of Exchange":5,"SacredBark":20,"halation:TrafficLight":0,"Painkiller Herb":17,"conspire:SpecialSausage":34,"theJungle:WildPear":20,"Ancient Tea Set":28,"Burning Blood":0,"Replay:Rubber Ducky":29,"Nunchaku":5,"hubris:Icosahedron":19,"Shovel":19,"Tiny Chest":27,"hubris:IronBody":11,"Replay:Bottled Eggs":23,"Red Skull":8,"Paper Frog":26,"Potion Belt":20,"NeowsBlessing":0,"halation:IllGainedPizza":11,"vexMod:FocusSash":8,"Frozen Egg 2":4,"halation:SelfBoilingWater":9,"halation:SwordOfLegend":16,"Busted Crown":17,"Turnip":0,"Art of War":6,"Garlic":5,"ReplayTheSpireMod:Lightbulb":11,"halation:PinkSoulGem":12,"hubris:Potato":25,"Toy Ornithopter":27,"infinitespire:Midas Blood":31},{"Ice Cream":20,"Golden Egg":19,"Blood Vial":24,"theJungle:SneckoAutograph":8,"conspire:GlowingRock":18,"Sundial":25,"Iron Hammer":21,"MerchantsRug":26,"wanderingMiniBosses:ThiefScarf":17,"Happy Flower":20,"vexMod:ScavengeHelm":13,"Counterbalance":19,"Ring of Chaos":20,"vexMod:PaidLearning":34,"hubris:Zylophone":33,"vexMod:Cooldron":11,"hubris:PeanutButter":18,"infinitespire:EmpoweringShard":17,"hubris:ToyBattleship":20,"theJungle:WildStrawberry":20,"Mirror":23,"vexMod:BigBerry":18,"ReplayFunnel":13,"ReplayTheSpireMod:Ring of Exchange":12,"SacredBark":19,"halation:TrafficLight":22,"Painkiller Herb":28,"conspire:SpecialSausage":38,"theJungle:WildPear":8,"Ancient Tea Set":21,"Burning Blood":0,"Replay:Rubber Ducky":36,"Nunchaku":23,"hubris:Icosahedron":8,"Shovel":19,"Tiny Chest":21,"hubris:IronBody":5,"Replay:Bottled Eggs":9,"Red Skull":25,"Paper Frog":34,"Potion Belt":19,"NeowsBlessing":0,"halation:IllGainedPizza":26,"vexMod:FocusSash":3,"Frozen Egg 2":12,"halation:SelfBoilingWater":3,"halation:SwordOfLegend":17,"Busted Crown":7,"Turnip":11,"Art of War":3,"Garlic":23,"ReplayTheSpireMod:Lightbulb":15,"halation:PinkSoulGem":26,"hubris:Potato":34,"Toy Ornithopter":34,"infinitespire:Midas Blood":21},{"Ice Cream":96,"Golden Egg":91,"Blood Vial":116,"theJungle:SneckoAutograph":26,"conspire:GlowingRock":86,"Sundial":118,"Iron Hammer":102,"MerchantsRug":122,"wanderingMiniBosses:ThiefScarf":72,"Happy Flower":96,"vexMod:ScavengeHelm":50,"Counterbalance":91,"Ring of Chaos":96,"vexMod:PaidLearning":163,"hubris:Zylophone":158,"vexMod:Cooldron":43,"hubris:PeanutButter":86,"infinitespire:EmpoweringShard":72,"hubris:ToyBattleship":96,"theJungle:WildStrawberry":96,"Mirror":113,"vexMod:BigBerry":86,"ReplayFunnel":50,"ReplayTheSpireMod:Ring of Exchange":46,"SacredBark":91,"halation:TrafficLight":110,"Painkiller Herb":131,"conspire:SpecialSausage":185,"theJungle:WildPear":26,"Ancient Tea Set":102,"Burning Blood":0,"Replay:Rubber Ducky":175,"Nunchaku":113,"hubris:Icosahedron":26,"Shovel":91,"Tiny Chest":102,"hubris:IronBody":14,"Replay:Bottled Eggs":34,"Red Skull":118,"Paper Frog":163,"Potion Belt":91,"NeowsBlessing":0,"halation:IllGainedPizza":122,"vexMod:FocusSash":4,"Frozen Egg 2":46,"halation:SelfBoilingWater":4,"halation:SwordOfLegend":72,"Busted Crown":23,"Turnip":43,"Art of War":4,"Garlic":113,"ReplayTheSpireMod:Lightbulb":64,"halation:PinkSoulGem":122,"hubris:Potato":163,"Toy Ornithopter":163,"infinitespire:Midas Blood":102}],"Burning Blood":216,"Toy Ornithopter":10},"card_choices":[{"not_picked":["Burning Pact","Cleave"],"picked":"Spot Weakness","floor":1.0},{"not_picked":["Flex","Perfected Strike"],"picked":"Carnage","floor":7.0},{"not_picked":["Anger","conspire:ExplosiveBarrier","Disarm"],"picked":"SKIP","floor":8.0},{"not_picked":["Rampage","Cleave","ReplayTheSpireMod:Limb From Limb"],"picked":"SKIP","floor":11.0},{"not_picked":["Cleave","ReplayTheSpireMod:Strike From Hell","Armaments"],"picked":"SKIP","floor":14.0},{"not_picked":["Feed","Demonic Infusion"],"picked":"Limit Break","floor":16.0},{"not_picked":["ReplayTheSpireMod:Muscle Training","Body Slam","Pommel Strike"],"picked":"SKIP","floor":18.0},{"not_picked":["Fire Breathing","Clash"],"picked":"Intimidate","floor":19.0},{"not_picked":["Thunderclap+1","Cleave","Power Through"],"picked":"SKIP","floor":20.0},{"not_picked":["Clash","hubris:ReadiedAction","Hemokinesis"],"picked":"SKIP","floor":21.0},{"not_picked":["Wild Strike","Thunderclap+1","ReplayTheSpireMod:Corrosion Curse"],"picked":"SKIP","floor":23.0},{"not_picked":["Clash","Thunderclap","Abandon+1"],"picked":"SKIP","floor":25.0},{"not_picked":["Shockwave","hubris:ReadiedAction"],"picked":"Twin Strike","floor":28},{"not_picked":["Flex","hubris:ReadiedAction"],"picked":"Infernal Blade","floor":29},{"not_picked":["Cleave","hubris:ReadiedAction","Headbutt"],"picked":"SKIP","floor":31},{"not_picked":["Spot Weakness","ReplayTheSpireMod:Strike From Hell"],"picked":"Flex+1","floor":35}],"player_experience":197138,"relics_obtained":[{"floor":7.0,"key":"Blood Vial"},{"floor":8.0,"key":"Red Skull"},{"floor":9.0,"key":"Sundial"},{"floor":11.0,"key":"halation:IllGainedPizza"},{"floor":23.0,"key":"hubris:Zylophone"},{"floor":25.0,"key":"hubris:Potato"},{"floor":26.0,"key":"Paper Frog"},{"floor":29,"key":"Replay:Rubber Ducky"}],"event_choices":[{"damage_healed":0.0,"max_hp_gain":0.0,"max_hp_loss":0.0,"gold_gain":150.0,"event_name":"Liars Game","player_choice":"AGREE","floor":3.0,"gold_loss":0.0,"damage_taken":0.0,"cards_obtained":["Doubt"]}],"is_beta":false,"boss_relics":[{"not_picked":["conspire:RoyalGoblet","ReplayTheSpireMod:DimensionalGlitch"],"picked":"Painkiller Herb"},{"not_picked":["hubris:BlackHole","halation:ForbiddenBikini"],"picked":"conspire:SpecialSausage"}],"items_purged_floors":[5],"is_endless":false,"potions_floor_spawned":[8,16,18,19,23,25],"killed_by":"Nightmare_Alpha","ascension_level":20}}