{"host":"vyjryxuuuxkt43k4","time":1610728061,"event":{"mods":["AchievementEnabler","BaseMod","Colored Map","DeckTracker","Minty Spire (QoL Compilation)","Permanent Neow","Quick Restart","StSLib","SuperFastMode","everything is the same but u backflip on backflip"],"gold_per_floor":[11,30,30,40,52,52,81,91,114,129,143,68,68,96,96,195,195,205,205,205,24,24,54,54,89,89,89,89],"floor_reached":27,"language":"KOR","playtime":910,"items_purged":["Strike_B","Strike_B"],"score":287,"play_id":"44540478-2ada-4baf-b092-3a6733011287","local_time":"20210116012741","is_ascension_mode":true,"campfire_choices":[{"data":"Fission","floor":6.0,"key":"SMITH"},{"floor":15,"key":"REST"},{"data":"Defragment","floor":24,"key":"SMITH"}],"circlet_count":0,"master_deck":["Strike_B","Defend_B","Defend_B","Zap","Dualcast","Ball Lightning","FTL","Fission+1","Zap","Cold Snap","Rebound","Leap","White Noise","Ball Lightning","Skim","Coolheaded","Multi-Cast","Self Repair+1","Defragment+1","Turbo","Compile Driver+1"],"relics":["Cracked Core","Ancient Tea Set","Strawberry","Nunchaku","Sozu","Enchiridion","Tiny Chest","Molten Egg 2","Lantern"],"acts_visited":["Exordium","TheCity"],"potions_floor_usage":[14,14,16,18],"damage_taken":[{"damage":4.0,"enemies":"Small Slimes","floor":1.0,"turns":3.0},{"damage":1.0,"enemies":"Cultist","floor":2.0,"turns":3.0},{"damage":5.0,"enemies":"Jaw Worm","floor":4.0,"turns":2.0},{"damage":16.0,"enemies":"Large Slime","floor":5.0,"turns":4.0},{"damage":24.0,"enemies":"3 Sentries","floor":7.0,"turns":5.0},{"damage":4.0,"enemies":"Looter","floor":8.0,"turns":3.0},{"damage":9.0,"enemies":"Red Slaver","floor":10.0,"turns":2.0},{"damage":3.0,"enemies":"3 Louse","floor":11.0,"turns":3.0},{"damage":8,"enemies":"Lagavulin","floor":14,"turns":4},{"damage":11,"enemies":"Hexaghost","floor":16,"turns":7},{"damage":6,"enemies":"3 Byrds","floor":18,"turns":5},{"damage":27,"enemies":"Slavers","floor":23,"turns":5},{"damage":13,"enemies":"Book of Stabbing","floor":25,"turns":4},{"damage":36,"enemies":"Gremlin Leader","floor":27,"turns":2}],"seed_played":"-1186131158180806751","potions_obtained":[{"floor":2.0,"key":"DistilledChaos"},{"floor":4.0,"key":"SkillPotion"},{"floor":8.0,"key":"PotionOfCapacity"},{"floor":11.0,"key":"PotionOfCapacity"},{"floor":16,"key":"EssenceOfSteel"}],"is_trial":false,"path_per_floor":["M","M","?","M","M","R","E","M","T","M","M","$","?","E","R","B",null,"M","?","?","$","?","E","R","E","T","E"],"character_chosen":"DEFECT","items_purchased":["Defragment"],"campfire_rested":1,"item_purchase_floors":[21],"current_hp_per_floor":[71,70,70,65,49,49,25,21,28,19,16,16,9,1,25,14,82,76,60,44,44,44,27,27,34,34,0,0],"gold":89,"neow_bonus":"REMOVE_TWO","is_daily":false,"chose_seed":false,"campfire_upgraded":2,"win_rate":0.0,"timestamp":1610728061,"path_taken":["M","M","?","M","M","R","E","M","T","?","M","$","?","E","R","BOSS","M","?","?","?","?","E","R","E","T","E"],"items_purchased_type":["Card"],"build_version":"2020-12-22","purchased_purges":2,"victory":false,"max_hp_per_floor":[75,75,75,75,75,75,75,75,82,82,82,82,82,82,82,82,82,82,87,87,87,87,87,87,87,87,87,87],"card_choices":[{"not_picked":["Rebound","Barrage"],"picked":"Ball Lightning","floor":1.0},{"not_picked":["Gash","White Noise"],"picked":"FTL","floor":2.0},{"not_picked":["Aggregate","FTL"],"picked":"Rebound","floor":4.0},{"not_picked":["Force Field","Chaos"],"picked":"Leap","floor":5.0},{"not_picked":["Leap","Amplify"],"picked":"White Noise","floor":7.0},{"not_picked":["Loop","Steam","Beam Cell"],"picked":"SKIP","floor":8.0},{"not_picked":["Gash","Doom and Gloom"],"picked":"Ball Lightning","floor":10.0},{"not_picked":["Amplify","Stack"],"picked":"Skim","floor":11.0},{"not_picked":["Scrape","Sweeping Beam"],"picked":"Coolheaded","floor":14},{"not_picked":["Hyperbeam","Amplify"],"picked":"Multi-Cast","floor":16},{"not_picked":["Blizzard","Gash"],"picked":"Self Repair+1","floor":18},{"not_picked":["Genetic Algorithm","Cold Snap"],"picked":"Turbo","floor":23},{"not_picked":["Force Field","Recycle"],"picked":"Compile Driver+1","floor":25}],"player_experience":341841,"relics_obtained":[{"floor":7.0,"key":"Ancient Tea Set"},{"floor":9.0,"key":"Strawberry"},{"floor":14,"key":"Nunchaku"},{"floor":20,"key":"Enchiridion"},{"floor":23,"key":"Tiny Chest"},{"floor":25,"key":"Molten Egg 2"},{"floor":26,"key":"Lantern"}],"event_choices":[{"damage_healed":0.0,"max_hp_gain":0.0,"max_hp_loss":0.0,"gold_gain":0.0,"event_name":"Match and Keep!","player_choice":"3 cards matched","floor":3.0,"gold_loss":0.0,"damage_taken":0.0,"cards_obtained":["Fission","Zap","Cold Snap"]},{"cards_removed":["Defend_B"],"damage_healed":0.0,"max_hp_gain":0.0,"max_hp_loss":0.0,"gold_gain":0.0,"event_name":"Golden Wing","player_choice":"Card Removal","floor":13.0,"gold_loss":0.0,"damage_taken":7.0},{"damage_healed":0,"gold_gain":0,"player_choice":"Shed Blood","damage_taken":21,"max_hp_gain":5,"max_hp_loss":0,"event_name":"Forgotten Altar","floor":19,"gold_loss":0},{"damage_healed":0,"gold_gain":0,"player_choice":"Obtained Book","damage_taken":16,"max_hp_gain":0,"max_hp_loss":0,"event_name":"Cursed Tome","floor":20,"gold_loss":0}],"is_beta":false,"boss_relics":[{"not_picked":["Philosopher\u0027s Stone","Velvet Choker"],"picked":"Sozu"}],"items_purged_floors":[12,21],"is_endless":false,"potions_floor_spawned":[2,4,8,11,16],"killed_by":"Gremlin Leader","ascension_level":2}}