{"host":"08z5bj28eube4vug","time":1610691144,"event":{"mods":["2.2 Compatiblity","Abigail Mod","Act Like it!","BaseMod","Beaked The Cultist","Bestiary","Friendly Minions","Gensokyo","GungeonMod","Hallownest","Kiyohime????","Koishi","Lobotomy","Marisa????????","Minty Spire (QoL Compilation)","Prisma Mod","Remilia??????","Replay The Spire","StSLib","Td1madao Mod","The Alterego","The Bug Knight","The Jungle","The Sage","The Senshi","The Servant 0.9.4","Waifu the Spire","WarShipGirlsR/????R mod","Yuri Mod"],"gold_per_floor":[116,127,147,159,159,159,186,186,262,291,304,314,314,326,326,421,421,438,438,49,49,44,73,92,92,92,92,92,362,6,33,33,134,134,146,164,174,192,4,4,17,47,47,47,78,78,78,94,94,94],"floor_reached":51,"language":"ENG","playtime":3863,"items_purged":[],"score":1392,"play_id":"c09cc97b-bd0e-49d9-bd64-2f40f347f7df","local_time":"20210115091224","is_ascension_mode":true,"campfire_choices":[{"data":"AbbyMod:ForeheadBeam","floor":6.0,"key":"SMITH"},{"data":"AbbyMod:RecklessSlam","floor":8.0,"key":"SMITH"},{"data":"AbbyMod:PrayerOfFaith","floor":15.0,"key":"SMITH"},{"data":"AbbyMod:ChocoKey","floor":25.0,"key":"SMITH"},{"data":"AbbyMod:ConsumeFlesh","floor":27.0,"key":"SMITH"},{"data":"AbbyMod:WormHole","floor":40,"key":"SMITH"},{"data":"AbbyMod:AdultWords","floor":44,"key":"SMITH"},{"data":"Pot Of Greed","floor":46,"key":"SMITH"},{"data":"AbbyMod:RecklessSlam","floor":49,"key":"SMITH"}],"circlet_count":0,"master_deck":["AbbyMod:Ab_Strike","AbbyMod:Ab_Strike","AbbyMod:Ab_Strike","AbbyMod:Ab_Strike","AbbyMod:Ab_Defend","AbbyMod:Ab_Defend","AbbyMod:Ab_Defend","AbbyMod:FleetingSanity","AbbyMod:ForeheadBeam+1","AbbyMod:FatalEntropy","AbbyMod:RecklessSlam+1","AbbyMod:AlignStars","AbbyMod:PowerGamer+1","AbbyMod:AdultWords+1","AbbyMod:PrayerOfFaith+1","CurseOfTheBell","AbbyMod:FamiliarShield+1","Ghostly","Ghostly","Ghostly","Ghostly","Ghostly","AbbyMod:RecklessSlam+1","AbbyMod:ConsumeFlesh+1","AbbyMod:SuperMuscular","AbbyMod:ChocoKey+1","Pot Of Greed+1","Pot Of Greed","Pot Of Greed","AbbyMod:PantyShot","AbbyMod:LiftSkirt+1","AbbyMod:WormHole+1","Parasite","Ghostly","AbbyMod:SuperMuscular+1"],"relics":["AbbyMod:Salem_Diary","Meat on the Bone","DemoMod:JetPack","Snack Pack","DemoMod:LamentConfigurum","Calling Bell","Ginger","Ornamental Fan","Juzu Bracelet","Lee\u0027s Waffle","Bag of Marbles","DemoMod:Orange","Letter Opener","Chemical X","Grinning Jar","Mirror","DollysMirror","ReplayFunnel","InkBottle","Bag of Preparation"],"acts_visited":["Exordium","TheCity","TheBeyond"],"potions_floor_usage":[39,42,50],"damage_taken":[{"damage":0.0,"enemies":"Cultist","floor":1.0,"turns":4.0},{"damage":5.0,"enemies":"2 Louse","floor":2.0,"turns":2.0},{"damage":11.0,"enemies":"Jaw Worm","floor":3.0,"turns":4.0},{"damage":0.0,"enemies":"Looter","floor":4.0,"turns":3.0},{"damage":7.0,"enemies":"Lagavulin","floor":7.0,"turns":7.0},{"damage":0.0,"enemies":"Gremlin Nob","floor":10.0,"turns":3.0},{"damage":8.0,"enemies":"Exordium Thugs","floor":11.0,"turns":3.0},{"damage":13.0,"enemies":"Gremlin Gang","floor":12.0,"turns":3.0},{"damage":14.0,"enemies":"Red Slaver","floor":14.0,"turns":2.0},{"damage":18.0,"enemies":"The Guardian","floor":16.0,"turns":7.0},{"damage":48.0,"enemies":"3 Byrds","floor":18.0,"turns":7.0},{"damage":14.0,"enemies":"2 Thieves","floor":22.0,"turns":4.0},{"damage":4.0,"enemies":"Book of Stabbing","floor":23.0,"turns":7.0},{"damage":0.0,"enemies":"Sentry and Sphere","floor":24.0,"turns":7.0},{"damage":2.0,"enemies":"Gremlin Leader","floor":31.0,"turns":7.0},{"damage":6.0,"enemies":"Pondfish","floor":33.0,"turns":12.0},{"damage":1.0,"enemies":"Orb Walker","floor":35.0,"turns":4.0},{"damage":8.0,"enemies":"3 Shapes","floor":36.0,"turns":5.0},{"damage":12.0,"enemies":"Spire Growth","floor":37.0,"turns":7.0},{"damage":1.0,"enemies":"Writhing Mass","floor":38.0,"turns":8.0},{"damage":24,"enemies":"4 Shapes","floor":41,"turns":6},{"damage":35,"enemies":"Reptomancer","floor":42,"turns":7},{"damage":0,"enemies":"Giant Head","floor":45,"turns":9},{"damage":8,"enemies":"Sphere and 2 Shapes","floor":48,"turns":7},{"damage":1,"enemies":"Time Eater","floor":50,"turns":14}],"seed_played":"4203635240927702383","potions_obtained":[{"floor":1.0,"key":"FearPotion"},{"floor":4.0,"key":"Doom Potion"},{"floor":7.0,"key":"sagemod:Wine"},{"floor":11.0,"key":"ColorlessPotion"},{"floor":14.0,"key":"Strength Potion"},{"floor":16.0,"key":"DemoMod:LeadSkinPotion"},{"floor":22.0,"key":"AttackPotion"},{"floor":23.0,"key":"Energy Potion"},{"floor":31.0,"key":"AttackPotion"},{"floor":33.0,"key":"Dexterity Potion"},{"floor":36.0,"key":"Block Potion"},{"floor":38.0,"key":"Fruit Juice"}],"is_trial":false,"path_per_floor":["M","M","M","M","T","R","E","R","T","E","M","M","?","M","R","B",null,"M","?","$","?","M","E","M","R","T","R","?","?","$","E","R","B",null,"M","M","M","M","$","R","M","E","T","R","E","R","?","M","R","B",null],"character_chosen":"Ab_Foreigner","items_purchased":["Lee\u0027s Waffle","AbbyMod:RecklessSlam","AbbyMod:ConsumeFlesh","Bag of Marbles","Chemical X","Grinning Jar","Fire Potion","DemoMod:LeadSkinPotion","DollysMirror"],"campfire_rested":0,"item_purchase_floors":[20,20,20,20,30,30,30,39,39],"current_hp_per_floor":[54,49,38,38,38,38,31,31,31,33,43,34,34,34,34,36,57,29,29,39,39,28,45,54,54,54,54,54,21,21,31,47,62,62,64,60,56,78,78,78,58,45,45,45,59,59,59,59,59,72],"gold":94,"neow_bonus":"THREE_CARDS","is_daily":false,"chose_seed":false,"campfire_upgraded":9,"win_rate":0.0,"timestamp":1610691144,"path_taken":["M","?","M","M","?","R","E","R","T","E","M","?","?","M","R","BOSS","M","?","$","?","M","E","M","R","T","R","?","?","?","E","R","BOSS","M","M","M","M","$","R","M","E","T","R","E","R","?","M","R","BOSS"],"items_purchased_type":["Relic","Card","Card","Relic","Relic","Relic","Potion","Undefined","Relic"],"build_version":"2020-12-22","purchased_purges":0,"victory":true,"max_hp_per_floor":[60,60,60,60,60,60,60,60,60,60,64,64,64,64,64,64,64,64,32,39,39,40,53,54,54,54,54,54,54,54,56,56,62,62,64,66,68,78,78,78,80,82,82,82,84,84,84,86,86,88],"card_choices":[{"not_picked":["AbbyMod:Ab_SwirlOfMadness","AbbyMod:ImpossibleGeometry"],"picked":"AbbyMod:FatalEntropy","floor":0.0},{"not_picked":["AbbyMod:TentacleSwarm","AbbyMod:FatalEntropy"],"picked":"AbbyMod:RecklessSlam","floor":1.0},{"not_picked":["AbbyMod:TeddyBear","AbbyMod:SlimyBody"],"picked":"AbbyMod:AlignStars","floor":2.0},{"not_picked":["AbbyMod:Meteo","AbbyMod:SanityCheck","AbbyMod:FamiliarShield"],"picked":"SKIP","floor":3.0},{"not_picked":["AbbyMod:LifeSentence","AbbyMod:AbsoluteCorruption","AbbyMod:Kinoko"],"picked":"SKIP","floor":4.0},{"not_picked":["AbbyMod:BlackKey","AbbyMod:Keyblade"],"picked":"AbbyMod:PowerGamer","floor":7.0},{"not_picked":["AbbyMod:Ab_DarkestPact","AbbyMod:Thflth"],"picked":"AbbyMod:SweetPancakes","floor":10.0},{"not_picked":["AbbyMod:ChocoKey","AbbyMod:AceInTheHole"],"picked":"AbbyMod:AdultWords","floor":11.0},{"not_picked":["AbbyMod:FamiliarShield","AbbyMod:EquivalentExchange","AbbyMod:Dabigail"],"picked":"SKIP","floor":12.0},{"not_picked":["AbbyMod:LargeTentacle","AbbyMod:PapaProtection"],"picked":"AbbyMod:PrayerOfFaith","floor":14.0},{"not_picked":["AbbyMod:LargeTentacle","AbbyMod:LiftSkirt"],"picked":"AbbyMod:FamiliarShield+1","floor":18.0},{"not_picked":["AbbyMod:AlignStars+1","AbbyMod:Hitomi"],"picked":"AbbyMod:SuperMuscular","floor":22.0},{"not_picked":["AbbyMod:Kinoko","AbbyMod:CloneArmy"],"picked":"AbbyMod:ChocoKey","floor":23.0},{"not_picked":["AbbyMod:SanityCheck+1","AbbyMod:FlyingMascot","AbbyMod:Ab_OldOneTrigger"],"picked":"SKIP","floor":24.0},{"not_picked":["AbbyMod:FarAwayFriend","AbbyMod:Hitomi"],"picked":"AbbyMod:SweetPancakes","floor":31.0},{"not_picked":["AbbyMod:MindCleanse","AbbyMod:SlimyBody"],"picked":"AbbyMod:PantyShot","floor":33.0},{"not_picked":["AbbyMod:FlyingMascot","AbbyMod:Takeuchi","AbbyMod:Keyblade"],"picked":"SKIP","floor":35.0},{"not_picked":["AbbyMod:Ab_FiveStars+1","AbbyMod:SavingThrow"],"picked":"AbbyMod:LiftSkirt+1","floor":36.0},{"not_picked":["AbbyMod:ConsumeFlesh+1","AbbyMod:FarAwayFriend+1"],"picked":"AbbyMod:WormHole","floor":37.0},{"not_picked":["AbbyMod:AttoSecond","AbbyMod:Memocide","AbbyMod:DemonPancake"],"picked":"SKIP","floor":38.0},{"not_picked":["AbbyMod:AbsoluteCorruption","AbbyMod:SuperMuscular"],"picked":"AbbyMod:SavingThrow+1","floor":41},{"not_picked":["AbbyMod:DemonPancake+1","AbbyMod:AttoSecond+1","AbbyMod:AlignStars"],"picked":"SKIP","floor":42},{"not_picked":["AbbyMod:PowerGamer","AbbyMod:LifeSentence","AbbyMod:Ab_SwirlOfMadness+1"],"picked":"SKIP","floor":45},{"not_picked":["AbbyMod:Hitomi","AbbyMod:AlignStars+1"],"picked":"AbbyMod:SuperMuscular+1","floor":48}],"player_experience":790566,"relics_obtained":[{"floor":5.0,"key":"Meat on the Bone"},{"floor":7.0,"key":"DemoMod:JetPack"},{"floor":9.0,"key":"Snack Pack"},{"floor":10.0,"key":"DemoMod:LamentConfigurum"},{"floor":17.0,"key":"Ginger"},{"floor":17.0,"key":"Ornamental Fan"},{"floor":17.0,"key":"Juzu Bracelet"},{"floor":23.0,"key":"DemoMod:Orange"},{"floor":26.0,"key":"Letter Opener"},{"floor":31.0,"key":"Mirror"},{"floor":42,"key":"ReplayFunnel"},{"floor":43,"key":"InkBottle"},{"floor":45,"key":"Bag of Preparation"}],"event_choices":[{"damage_healed":0.0,"max_hp_gain":0.0,"max_hp_loss":32.0,"gold_gain":0.0,"event_name":"Ghosts","player_choice":"Became a Ghost","floor":19.0,"gold_loss":0.0,"damage_taken":0.0,"cards_obtained":["Ghostly","Ghostly","Ghostly","Ghostly","Ghostly"]},{"damage_healed":0.0,"max_hp_gain":0.0,"max_hp_loss":0.0,"gold_gain":0.0,"event_name":"Duplicator","player_choice":"Copied","floor":21.0,"gold_loss":0.0,"damage_taken":0.0,"cards_obtained":["Ghostly"]},{"cards_removed":["Ghostly"],"damage_healed":5.0,"max_hp_gain":0.0,"max_hp_loss":0.0,"gold_gain":0.0,"event_name":"Bonfire Elementals","player_choice":"Offered Special","floor":28.0,"gold_loss":0.0,"damage_taken":0.0},{"damage_healed":0.0,"max_hp_gain":0.0,"max_hp_loss":0.0,"gold_gain":270.0,"event_name":"Knowing Skull","player_choice":"POTION GOLD GOLD GOLD ","floor":29.0,"potions_obtained":["LiquidBronze"],"gold_loss":0.0,"damage_taken":33.0,"cards_obtained":[]},{"cards_removed":["AbbyMod:SavingThrow"],"damage_healed":0,"gold_gain":0,"player_choice":"Removed Skill","damage_taken":0,"max_hp_gain":0,"max_hp_loss":0,"event_name":"Falling","floor":47,"gold_loss":0}],"is_beta":false,"boss_relics":[{"not_picked":["Replay:Ancient Bell","Abe\u0027s Treasure"],"picked":"Calling Bell"},{"not_picked":["Runic Pyramid","Sozu","Snecko Eye"]}],"items_purged_floors":[],"is_endless":false,"potions_floor_spawned":[1,4,7,11,14,16,22,23,31,33,36,37,38],"ascension_level":7}}