{"host":"natui9yr7uuq78xo","time":1610700281,"event":{"mods":["Arknights The Spire","BaseMod","Better Third Choice","BetterRewards","Minty Spire (QoL Compilation)","StSLib"],"gold_per_floor":[112,124,140,140,140,140,169,169,169,169,181,199,216,235,235,334,334,345,360,360,285,299,327,327,27,27,27,58,58,89,114,114,230,230,260,325,248,280,61,61,61],"floor_reached":40,"language":"ENG","playtime":6881,"items_purged":["ats:Strike C"],"score":410,"play_id":"d83eea62-d8b2-4d1f-b92a-d8339dde12b8","local_time":"20210114224441","is_ascension_mode":false,"campfire_choices":[{"data":"ats:Ambush","floor":6,"key":"SMITH"},{"floor":10,"key":"REST"},{"data":"ats:Soul Absorption","floor":15,"key":"SMITH"},{"data":"ats:Emotion Absorption","floor":24,"key":"SMITH"},{"data":"ats:Flexible Camouflage","floor":29,"key":"SMITH"},{"data":"ats:Wolf Pack","floor":32,"key":"SMITH"}],"circlet_count":0,"master_deck":["ats:Strike G","ats:Strike S","ats:Strike V","ats:Armor Crushing Shot","ats:Defend","ats:Defend","ats:Defend","ats:Defend","ats:Emotion Absorption+1","ats:Ambush+1","ats:Explosion Area Strengthen","ats:Hammer On","ats:Part Time Job+1","ats:Poison Spread","ats:Wolf Pack+1","ats:Soul Absorption+1","ats:Poison Spread","ats:Shadow Assault","ats:Shell Defense","ats:Spore Proliferation","Necronomicurse","ats:Directed Diagnosis","ats:Flexible Camouflage+1","ats:Part Time Job"],"relics":["ats:Sanity","Pen Nib","ats:Originium","Bottled Tornado","Centennial Puzzle","Velvet Choker","Necronomicon","Nunchaku","ats:Gyao","InkBottle","ats:Omniscience","Dead Branch","TungstenRod","Anchor"],"acts_visited":["Exordium","TheCity","TheBeyond"],"potions_floor_usage":[7,18,18,18,23,40,40,40],"damage_taken":[{"damage":2,"enemies":"Small Slimes","floor":1,"turns":4},{"damage":11,"enemies":"Jaw Worm","floor":2,"turns":4},{"damage":3,"enemies":"2 Louse","floor":3,"turns":3},{"damage":14,"enemies":"Gremlin Nob","floor":7,"turns":4},{"damage":3,"enemies":"2 Fungi Beasts","floor":11,"turns":5},{"damage":7,"enemies":"Looter","floor":12,"turns":4},{"damage":14,"enemies":"Exordium Thugs","floor":13,"turns":15},{"damage":9,"enemies":"3 Louse","floor":14,"turns":6},{"damage":55,"enemies":"Slime Boss","floor":16,"turns":15},{"damage":2,"enemies":"Spheric Guardian","floor":18,"turns":4},{"damage":17,"enemies":"Chosen","floor":19,"turns":4},{"damage":11,"enemies":"Centurion and Healer","floor":22,"turns":15},{"damage":12,"enemies":"Book of Stabbing","floor":23,"turns":7},{"damage":0,"enemies":"3 Cultists","floor":28,"turns":4},{"damage":17,"enemies":"Sentry and Sphere","floor":30,"turns":5},{"damage":6,"enemies":"Cultist and Chosen","floor":31,"turns":7},{"damage":85,"enemies":"Champ","floor":33,"turns":15},{"damage":0,"enemies":"Orb Walker","floor":35,"turns":4},{"damage":4,"enemies":"2 Orb Walkers","floor":36,"turns":5},{"damage":10,"enemies":"3 Shapes","floor":38,"turns":6},{"damage":102,"enemies":"Giant Head","floor":40,"turns":11}],"seed_played":"9086054048214800075","potions_obtained":[{"floor":1,"key":"Fire Potion"},{"floor":12,"key":"EntropicBrew"},{"floor":14,"key":"ats:Emergency Sanity Potion"},{"floor":16,"key":"SpeedPotion"},{"floor":19,"key":"EntropicBrew"},{"floor":28,"key":"LiquidBronze"},{"floor":33,"key":"Swift Potion"}],"is_trial":false,"path_per_floor":["M","M","M","?","?","R","E","?","T","R","M","M","M","M","R","B",null,"M","M","?","?","M","E","R","$","T","?","M","R","M","M","R","B",null,"M","?","?","M","$","E"],"character_chosen":"DOCTOR_CLASS","items_purchased":["ats:Gyao","Anchor"],"campfire_rested":1,"item_purchase_floors":[25,39],"current_hp_per_floor":[70,59,56,56,44,44,32,32,32,53,59,58,72,72,72,38,72,72,60,44,44,72,70,70,70,70,70,72,72,58,68,68,19,72,72,69,69,72,72,0,0],"gold":61,"neow_bonus":"ONE_RANDOM_RARE_CARD","is_daily":false,"chose_seed":false,"campfire_upgraded":5,"win_rate":0.0,"timestamp":1610700281,"path_taken":["M","M","M","?","?","R","E","?","T","R","M","M","M","M","R","BOSS","M","M","?","?","M","E","R","$","T","?","M","R","M","M","R","BOSS","M","?","?","M","$","E"],"items_purchased_type":["Relic","Relic"],"build_version":"2020-12-22","purchased_purges":1,"victory":false,"max_hp_per_floor":[72,72,72,72,72,72,72,72,72,72,72,72,72,72,72,72,72,72,72,72,72,72,72,72,72,72,72,72,72,72,72,72,72,72,72,72,72,72,72,72,72],"card_choices":[{"not_picked":["ats:Chain Hook","ats:Curse Doll"],"picked":"ats:Explosion Area Strengthen","floor":1},{"not_picked":["ats:Guardian Obelisk","ats:Beaten Up"],"picked":"ats:Hammer On","floor":2},{"not_picked":["ats:Shadow Raid","ats:Steam Pump"],"picked":"ats:Part Time Job","floor":3},{"not_picked":["ats:Childhood Dance","ats:Shadow Raid"],"picked":"ats:Poison Spread","floor":7},{"not_picked":["ats:Poison Spread","ats:Apocalypse"],"picked":"ats:Wolf Pack","floor":11},{"not_picked":["ats:Explosion Area Strengthen","ats:Curse Doll"],"picked":"ats:Soul Absorption","floor":12},{"not_picked":["ats:Childhood Dance","ats:Consecutive Shot Auto"],"picked":"ats:Poison Spread","floor":13},{"not_picked":["ats:Consecutive Shot Auto","ats:Beaten Up","ats:Poison Spread"],"picked":"SKIP","floor":14},{"not_picked":["ats:Ambush","ats:Soul Rend"],"picked":"ats:Shadow Assault","floor":16},{"not_picked":["ats:Leaping Hammer+1","ats:Cat Scratch"],"picked":"ats:Shell Defense","floor":18},{"not_picked":["ats:Shell Defense","ats:Flexible Camouflage+1"],"picked":"ats:Spore Proliferation","floor":19},{"not_picked":["ats:Very Hot Blade","ats:Collapsing Strike","ats:Leaping Hammer+1"],"picked":"SKIP","floor":22},{"not_picked":["ats:Powerful Strike","ats:True Silver Slash","ats:Soul Absorption"],"picked":"SKIP","floor":23},{"not_picked":["ats:Thorns","ats:Assault Order"],"picked":"ats:Flexible Camouflage","floor":28},{"not_picked":["ats:Poison Spread","ats:Assault Order","ats:Hook Shot+1"],"picked":"SKIP","floor":30},{"not_picked":["ats:Sunburst","ats:Cat Scratch+1","ats:True Silver Slash"],"picked":"SKIP","floor":31},{"not_picked":["ats:Flexible Camouflage+1","ats:Collapsing Strike+1"],"picked":"ats:Part Time Job","floor":35},{"not_picked":["ats:Sunburst+1","ats:Revitalization+1","ats:Childhood Dance+1"],"picked":"SKIP","floor":38}],"player_experience":324825,"relics_obtained":[{"floor":7,"key":"ats:Originium"},{"floor":7,"key":"Bottled Tornado"},{"floor":9,"key":"Centennial Puzzle"},{"floor":20,"key":"Necronomicon"},{"floor":23,"key":"ats:Originium"},{"floor":23,"key":"Nunchaku"},{"floor":26,"key":"InkBottle"},{"floor":36,"key":"Dead Branch"}],"event_choices":[{"damage_healed":0,"gold_gain":0,"player_choice":"Grow","damage_taken":0,"max_hp_gain":0,"max_hp_loss":0,"event_name":"Living Wall","floor":4,"gold_loss":0,"cards_upgraded":["ats:Part Time Job"]},{"damage_healed":0,"gold_gain":0,"player_choice":"Relic ","damage_taken":12,"max_hp_gain":0,"max_hp_loss":0,"event_name":"betterThird:BetterScrap","floor":5,"gold_loss":0,"cards_obtained":["Sunder"]},{"damage_healed":32,"gold_gain":0,"player_choice":"Embrace Burn","damage_taken":0,"max_hp_gain":0,"max_hp_loss":72,"event_name":"betterThird:BetterShining","floor":8,"gold_loss":0},{"damage_healed":0,"gold_gain":0,"player_choice":"Obtained Book","damage_taken":16,"max_hp_gain":0,"max_hp_loss":0,"event_name":"Cursed Tome","floor":20,"gold_loss":0},{"cards_removed":["Burn"],"damage_healed":0,"gold_gain":0,"player_choice":"Gave Gold","damage_taken":0,"max_hp_gain":0,"max_hp_loss":0,"event_name":"Beggar","floor":21,"gold_loss":75},{"damage_healed":0,"gold_gain":0,"player_choice":"Read","damage_taken":0,"max_hp_gain":0,"max_hp_loss":0,"event_name":"The Library","floor":27,"gold_loss":0,"cards_obtained":["ats:Directed Diagnosis"]},{"damage_healed":0,"gold_gain":0,"player_choice":"Fight","damage_taken":0,"max_hp_gain":0,"max_hp_loss":0,"event_name":"Mysterious Sphere","floor":36,"gold_loss":0},{"damage_healed":0,"gold_gain":0,"player_choice":"Paid Gold","damage_taken":0,"relics_obtained":["TungstenRod"],"max_hp_gain":0,"max_hp_loss":0,"event_name":"WeMeetAgain","floor":37,"gold_loss":77}],"is_beta":false,"boss_relics":[{"not_picked":["ats:Tactical Delivery","Cursed Key"],"picked":"Velvet Choker"},{"not_picked":["Fusion Hammer","SlaversCollar"],"picked":"ats:Omniscience"}],"items_purged_floors":[39],"is_endless":false,"potions_floor_spawned":[1,12,14,16,19,22,28,33,38],"killed_by":"Giant Head","ascension_level":0}}