{"host":"w7dhjqgqsib0c3vt","time":1610729368,"event":{"mods":["ATMod(°¢èªMod)","BaseMod","Minty Spire (QoL Compilation)","Shop Mod","StSLib","TheWitcher"],"gold_per_floor":[114,129,204,223,238,238,268,268,338,355,387,387,417,435,435,536,536,549,648,648,661,22,22,57,6,6,6,49,69,69,104,104,208,208,234,252,18,18,77,110,137,137,214,233,277,277,277,302,302,302],"floor_reached":51,"language":"ZHS","playtime":5876,"items_purged":[],"score":949,"play_id":"3f09a348-b9ff-4c02-acf6-2d78356b2aa4","local_time":"20210116004928","is_ascension_mode":true,"campfire_choices":[{"data":"AT_RightCognition","floor":6.0,"key":"SMITH"},{"data":"AT_FamilyPortrait","floor":8.0,"key":"SMITH"},{"floor":15.0,"key":"REST"},{"floor":23.0,"key":"REST"},{"data":"Defragment","floor":27.0,"key":"SMITH"},{"floor":32.0,"key":"REST"},{"data":"Seek","floor":42,"key":"SMITH"},{"data":"Creative AI","floor":46,"key":"SMITH"},{"floor":49,"key":"REST"}],"circlet_count":0,"master_deck":["Strike_B+1","Strike_B+1","Strike_B+1","Strike_B+1","Defend_B+1","Defend_B+1","Defend_B+1","Defend_B+1","Zap","Dualcast","AT_FamilyPortrait+1","AT_RightCognition+1","Hologram","Stack","Streamline","Chill","Conserve Battery","Ball Lightning","Defragment+1","AT_WaterDrop","AT_ThunderBolt","Creative AI+1","AT_StudyProgram+1","AT_TearsDenial","Fusion","AT_EMC2","Capacitor+1","Seek+1","Defragment+1","Zap","Meteor Strike","Buffer+1","Rebound","Loop+1","Double Energy","White Noise","Self Repair+1","AT_StudyProgram+1"],"relics":["Cracked Core","AT_ATBox","StoneCalendar","Question Card","Anchor","Omamori","SnafuTest:BearRelic","Philosopher\u0027s Stone","Frozen Egg 2","Juzu Bracelet","Akabeko","CeramicFish","Pen Nib","Meat on the Bone","Empty Cage","FossilizedHelix","AT_EbonyIvory","SnafuTest:CatRelic","Oddly Smooth Stone"],"acts_visited":["Exordium","TheCity","TheBeyond"],"potions_floor_usage":[50,50,50],"damage_taken":[{"damage":1.0,"enemies":"Jaw Worm","floor":1.0,"turns":3.0},{"damage":0.0,"enemies":"Cultist","floor":2.0,"turns":2.0},{"damage":2.0,"enemies":"2 Louse","floor":4.0,"turns":2.0},{"damage":9.0,"enemies":"Exordium Wildlife","floor":5.0,"turns":3.0},{"damage":4.0,"enemies":"3 Sentries","floor":7.0,"turns":7.0},{"damage":3.0,"enemies":"Red Slaver","floor":10.0,"turns":3.0},{"damage":1.0,"enemies":"Lagavulin","floor":11.0,"turns":5.0},{"damage":8.0,"enemies":"Gremlin Nob","floor":13.0,"turns":3.0},{"damage":5.0,"enemies":"Exordium Thugs","floor":14.0,"turns":6.0},{"damage":22.0,"enemies":"The Guardian","floor":16.0,"turns":7.0},{"damage":10.0,"enemies":"Shell Parasite","floor":18.0,"turns":6.0},{"damage":24.0,"enemies":"3 Byrds","floor":21.0,"turns":6.0},{"damage":11.0,"enemies":"Gremlin Leader","floor":24.0,"turns":7.0},{"damage":18.0,"enemies":"Slavers","floor":28.0,"turns":7.0},{"damage":5.0,"enemies":"Snake Plant","floor":29.0,"turns":5.0},{"damage":40.0,"enemies":"Gremlin Leader","floor":31.0,"turns":7.0},{"damage":6.0,"enemies":"Champ","floor":33.0,"turns":7.0},{"damage":0,"enemies":"Orb Walker","floor":35,"turns":4},{"damage":30,"enemies":"Mind Bloom Boss Battle","floor":39,"turns":8},{"damage":0,"enemies":"Nemesis","floor":40,"turns":7},{"damage":0,"enemies":"3 Shapes","floor":41,"turns":7},{"damage":0,"enemies":"Maw","floor":44,"turns":5},{"damage":0,"enemies":"Giant Head","floor":45,"turns":4},{"damage":0,"enemies":"4 Shapes","floor":48,"turns":3},{"damage":0,"enemies":"Awakened One","floor":50,"turns":9}],"seed_played":"-6402674195570500071","potions_obtained":[{"floor":2.0,"key":"SteroidPotion"},{"floor":4.0,"key":"SneckoOil"},{"floor":5.0,"key":"PowerPotion"},{"floor":10.0,"key":"Fire Potion"},{"floor":24.0,"key":"Strength Potion"},{"floor":28.0,"key":"Swift Potion"},{"floor":40,"key":"Dexterity Potion"},{"floor":41,"key":"Weak Potion"},{"floor":45,"key":"AttackPotion"}],"is_trial":false,"path_per_floor":["M","M","?","M","M","R","E","R","T","M","E","?","E","M","R","B",null,"M","?","?","M","$","R","E","$","T","R","E","M","?","E","R","B",null,"M","?","$","$","?","E","M","R","T","M","E","R","?","M","R","B",null],"character_chosen":"DEFECT","items_purchased":["Frozen Egg 2","AT_TearsDenial","Juzu Bracelet","Fusion","ColorlessPotion","Buffer+1","Strength Potion","Rebound"],"campfire_rested":4,"item_purchase_floors":[22,22,22,22,25,37,37,37],"current_hp_per_floor":[74,74,67,65,56,56,52,52,52,49,48,45,37,36,58,36,75,65,65,65,41,41,63,52,52,52,52,34,29,29,15,37,43,75,75,75,75,75,45,45,45,45,45,45,45,45,45,45,67,75],"gold":302,"neow_bonus":"ONE_RANDOM_RARE_CARD","is_daily":false,"chose_seed":false,"campfire_upgraded":5,"win_rate":0.0,"timestamp":1610729368,"path_taken":["M","M","?","M","?","R","E","R","T","?","E","?","E","M","R","BOSS","M","?","?","?","$","R","E","?","T","R","E","M","?","E","R","BOSS","M","?","?","$","?","E","M","R","T","M","E","R","?","M","R","BOSS"],"items_purchased_type":["Relic","Card","Relic","Card","Potion","Card","Potion","Card"],"build_version":"2020-12-22","purchased_purges":0,"victory":true,"max_hp_per_floor":[75,75,75,75,75,75,75,75,75,75,75,75,75,75,75,75,75,75,75,75,75,75,75,75,75,75,75,75,75,75,75,75,75,75,75,75,75,75,75,75,75,75,75,75,75,75,75,75,75,75],"card_choices":[{"not_picked":["Beam Cell","Leap"],"picked":"Hologram","floor":1.0},{"not_picked":["Compile Driver","Chill"],"picked":"Stack","floor":2.0},{"not_picked":["Static Discharge","Lockon"],"picked":"Streamline","floor":4.0},{"not_picked":["Hologram","Streamline"],"picked":"Chill","floor":5.0},{"not_picked":["Turbo","Rainbow"],"picked":"Conserve Battery","floor":7.0},{"not_picked":["Cold Snap","Steam","Melter"],"picked":"Ball Lightning","floor":10.0},{"not_picked":["Chaos","Conserve Battery","Chill"],"picked":"Defragment","floor":11.0},{"not_picked":["Self Repair","Storm","Go for the Eyes"],"picked":"AT_WaterDrop","floor":13.0},{"not_picked":["Sweeping Beam","Rebound","AT_HeatAcrobatics"],"picked":"AT_ThunderBolt","floor":14.0},{"not_picked":["All For One","Fission","Machine Learning"],"picked":"Creative AI","floor":16.0},{"not_picked":["Leap+1","Ball Lightning","AT_HeatAcrobatics"],"picked":"AT_ThreeBodyProblem","floor":18.0},{"not_picked":["Stack","Heatsinks+1","Auto Shields"],"picked":"AT_StudyProgram+1","floor":21.0},{"not_picked":["Leap+1","AT_ThunderBolt+1","Conserve Battery+1","AT_WarpDrive"],"picked":"SKIP","floor":24.0},{"not_picked":["Skim","Reinforced Body","Hyperbeam"],"picked":"Compile Driver","floor":28.0},{"not_picked":["Steam","Self Repair+1","Doom and Gloom+1"],"picked":"AT_EMC2","floor":29.0},{"not_picked":["Turbo","Reprogram","Coolheaded"],"picked":"Capacitor+1","floor":31.0},{"not_picked":["Machine Learning+1","Electrodynamics+1","Reboot"],"picked":"Seek","floor":33.0},{"not_picked":["Rebound","Coolheaded","Force Field"],"picked":"Defragment+1","floor":35},{"not_picked":["Reinforced Body+1","Go for the Eyes+1","All For One"],"picked":"Loop+1","floor":39},{"not_picked":["Go for the Eyes","Tempest","Rebound","Coolheaded+1"],"picked":"SKIP","floor":40},{"not_picked":["Reinforced Body","Leap+1","Genetic Algorithm+1"],"picked":"Double Energy","floor":41},{"not_picked":["Stack+1","Conserve Battery","Rebound+1"],"picked":"White Noise","floor":44},{"not_picked":["Fusion","Thunder Strike","Stack"],"picked":"Self Repair+1","floor":45},{"not_picked":["Sunder","Stack","Cold Snap+1"],"picked":"AT_StudyProgram+1","floor":48}],"player_experience":618788,"relics_obtained":[{"floor":7.0,"key":"StoneCalendar"},{"floor":9.0,"key":"Question Card"},{"floor":11.0,"key":"Anchor"},{"floor":13.0,"key":"SnafuTest:BearRelic"},{"floor":24.0,"key":"Akabeko"},{"floor":26.0,"key":"CeramicFish"},{"floor":28.0,"key":"Pen Nib"},{"floor":31.0,"key":"Meat on the Bone"},{"floor":39,"key":"FossilizedHelix"},{"floor":40,"key":"AT_EbonyIvory"},{"floor":43,"key":"SnafuTest:CatRelic"},{"floor":45,"key":"Oddly Smooth Stone"}],"event_choices":[{"damage_healed":0.0,"max_hp_gain":0.0,"max_hp_loss":0.0,"gold_gain":75.0,"event_name":"FaceTrader","player_choice":"Touch","floor":3.0,"gold_loss":0.0,"damage_taken":7.0},{"damage_healed":0.0,"max_hp_gain":0.0,"max_hp_loss":0.0,"gold_gain":0.0,"event_name":"Scrap Ooze","player_choice":"Success","floor":12.0,"gold_loss":0.0,"damage_taken":3.0,"relics_obtained":["Omamori"]},{"damage_healed":0.0,"max_hp_gain":0.0,"max_hp_loss":0.0,"gold_gain":99.0,"event_name":"Nest","player_choice":"Stole From Cult","floor":19.0,"gold_loss":0.0,"damage_taken":0.0},{"damage_healed":0.0,"max_hp_gain":0.0,"max_hp_loss":0.0,"gold_gain":0.0,"event_name":"Back to Basics","player_choice":"Simplicity","floor":20.0,"gold_loss":0.0,"damage_taken":0.0,"cards_upgraded":["Strike_B","Strike_B","Strike_B","Strike_B","Defend_B","Defend_B","Defend_B","Defend_B"]},{"damage_healed":0.0,"max_hp_gain":0.0,"max_hp_loss":0.0,"gold_gain":0.0,"event_name":"Ghosts","player_choice":"Ignored","floor":30.0,"gold_loss":0.0,"damage_taken":0.0},{"damage_healed":0,"gold_gain":0,"player_choice":"2 cards matched","damage_taken":0,"max_hp_gain":0,"max_hp_loss":0,"event_name":"Match and Keep!","floor":36,"gold_loss":0,"cards_obtained":["Zap","Meteor Strike"]},{"damage_healed":0,"gold_gain":0,"player_choice":"Fight","damage_taken":0,"max_hp_gain":0,"max_hp_loss":0,"event_name":"MindBloom","floor":39,"gold_loss":0},{"damage_healed":0,"gold_gain":0,"player_choice":"Ignored","damage_taken":0,"max_hp_gain":0,"max_hp_loss":0,"event_name":"SecretPortal","floor":47,"gold_loss":0}],"is_beta":false,"boss_relics":[{"not_picked":["Snecko Eye","Tiny House"],"picked":"Philosopher\u0027s Stone"},{"not_picked":["Velvet Choker","Pandora\u0027s Box"],"picked":"Empty Cage"}],"items_purged_floors":[],"is_endless":false,"potions_floor_spawned":[2,4,5,10,11,24,28,40,41,45],"ascension_level":1}}