{"host":"dhyczjm99amxd3qx","time":1610751405,"event":{"mods":["BaseMod","Colored Map","Googly Eyes","Highlight Path","Minty Spire (QoL Compilation)","Quick Restart","StSLib"],"gold_per_floor":[116,126,126,136,154,154,174,201,251,289,311,323,335,90,90,90,90],"floor_reached":16,"language":"ENG","playtime":829,"items_purged":["Strike_B"],"score":140,"play_id":"c732dfd1-f65c-4d18-a50b-11bad4d8d83c","local_time":"20210115175645","is_ascension_mode":true,"campfire_choices":[{"data":"Redo","floor":6,"key":"SMITH"},{"floor":12,"key":"REST"},{"floor":15,"key":"REST"}],"circlet_count":0,"master_deck":["Strike_B","Strike_B","Strike_B","Defend_B","Defend_B","Defend_B+1","Defend_B","Zap+1","Dualcast+1","Ball Lightning","Go for the Eyes","Chill+1","Redo+1","Conserve Battery","Glacier","Steam","FTL+1"],"relics":["Cracked Core","War Paint","Peace Pipe","Molten Egg 2","MawBank","Boot","Lantern"],"acts_visited":["Exordium"],"potions_floor_usage":[8,10,16],"damage_taken":[{"damage":7,"enemies":"Jaw Worm","floor":1,"turns":3},{"damage":0,"enemies":"Cultist","floor":2,"turns":3},{"damage":5,"enemies":"2 Louse","floor":4,"turns":3},{"damage":16,"enemies":"Exordium Thugs","floor":5,"turns":5},{"damage":4,"enemies":"Large Slime","floor":7,"turns":4},{"damage":10,"enemies":"3 Sentries","floor":8,"turns":7},{"damage":39,"enemies":"Gremlin Nob","floor":10,"turns":6},{"damage":0,"enemies":"Exordium Wildlife","floor":11,"turns":3},{"damage":38,"enemies":"Hexaghost","floor":16,"turns":11}],"seed_played":"-3695979964590734157","potions_obtained":[{"floor":1,"key":"Weak Potion"},{"floor":5,"key":"BlessingOfTheForge"},{"floor":8,"key":"Regen Potion"},{"floor":11,"key":"FocusPotion"}],"is_trial":false,"path_per_floor":["M","M","?","M","M","R","M","E","T","E","M","R","?","$","R","B"],"character_chosen":"DEFECT","items_purchased":["Lantern","FTL+1"],"campfire_rested":2,"item_purchase_floors":[14,14],"current_hp_per_floor":[68,68,68,63,47,47,43,33,33,9,9,31,16,16,38,0,0],"gold":90,"neow_bonus":"RANDOM_COMMON_RELIC","is_daily":false,"chose_seed":false,"campfire_upgraded":1,"win_rate":0.0,"timestamp":1610751405,"path_taken":["M","M","?","?","M","R","M","E","T","E","M","R","?","?","R","BOSS"],"items_purchased_type":["Relic","Card"],"build_version":"2020-12-22","purchased_purges":1,"victory":false,"max_hp_per_floor":[75,75,75,75,75,75,75,75,75,75,75,75,75,75,75,75,75],"card_choices":[{"not_picked":["Heatsinks","Redo"],"picked":"Ball Lightning","floor":1},{"not_picked":["Rip and Tear","Sweeping Beam"],"picked":"Go for the Eyes","floor":2},{"not_picked":["Gash","Streamline"],"picked":"Chill","floor":4},{"not_picked":["Seek","Force Field"],"picked":"Redo","floor":5},{"not_picked":["Coolheaded","Go for the Eyes","Rebound"],"picked":"SKIP","floor":7},{"not_picked":["Leap","All For One+1"],"picked":"Conserve Battery","floor":8},{"not_picked":["Go for the Eyes+1","Streamline+1"],"picked":"Glacier","floor":10},{"not_picked":["Conserve Battery","Stack"],"picked":"Steam","floor":11}],"player_experience":326061,"relics_obtained":[{"floor":8,"key":"Molten Egg 2"},{"floor":9,"key":"MawBank"},{"floor":10,"key":"Boot"}],"event_choices":[{"damage_healed":0,"gold_gain":0,"player_choice":"Gave Potion","damage_taken":0,"relics_obtained":["Peace Pipe"],"max_hp_gain":0,"max_hp_loss":0,"event_name":"WeMeetAgain","floor":3,"gold_loss":0},{"damage_healed":0,"gold_gain":0,"player_choice":"Entered Light","damage_taken":15,"max_hp_gain":0,"max_hp_loss":0,"event_name":"Shining Light","floor":13,"gold_loss":0,"cards_upgraded":["Zap","Chill"]}],"is_beta":false,"boss_relics":[],"items_purged_floors":[14],"is_endless":false,"potions_floor_spawned":[1,5,8,11],"killed_by":"Hexaghost","ascension_level":5}}