{"host":"ixbvfs3so5a39bhe","time":1610706944,"event":{"mods":["BaseMod","Minty Spire (QoL Compilation)","Quick Restart","StSLib"],"gold_per_floor":[116,136,211,386,164,164,194,211,211,242,242,252,152,183,183,286,286,302,314,114,114,126,155,155,182,259,184,204,204,215,226,226,226,226],"floor_reached":33,"language":"ZHS","playtime":1392,"items_purged":["Doubt","Strike_R","Searing Blow+1"],"score":380,"play_id":"c2b11020-06d6-40d0-ad34-b34b47a4ed69","local_time":"20210115183544","is_ascension_mode":true,"campfire_choices":[{"data":"Fire Breathing","floor":6,"key":"SMITH"},{"data":"Body Slam","floor":11,"key":"SMITH"},{"data":"Power Through","floor":15,"key":"SMITH"},{"floor":24,"key":"REST"},{"data":"Fire Breathing","floor":29,"key":"SMITH"},{"floor":32,"key":"REST"}],"circlet_count":0,"master_deck":["Defend_R","Defend_R","Defend_R","Defend_R","Cleave","Fire Breathing+1","Power Through+1","Body Slam+1","Juggernaut","Armaments+1","Thunderclap+1","Wild Strike","Dark Embrace","Entrench+1","Fire Breathing+1","Evolve"],"relics":["Burning Blood","NeowsBlessing","StrikeDummy","InkBottle","Ancient Tea Set","Pen Nib","Astrolabe","Blood Vial","FossilizedHelix","Mercury Hourglass"],"acts_visited":["Exordium","TheCity"],"potions_floor_usage":[16,23,23,31,33],"damage_taken":[{"damage":0,"enemies":"Jaw Worm","floor":1,"turns":1},{"damage":0,"enemies":"Small Slimes","floor":2,"turns":1},{"damage":0,"enemies":"Gremlin Nob","floor":7,"turns":1},{"damage":0,"enemies":"Cultist","floor":8,"turns":2},{"damage":20,"enemies":"3 Sentries","floor":10,"turns":4},{"damage":1,"enemies":"3 Louse","floor":12,"turns":2},{"damage":32,"enemies":"Gremlin Nob","floor":14,"turns":4},{"damage":30,"enemies":"Hexaghost","floor":16,"turns":7},{"damage":30,"enemies":"Spheric Guardian","floor":18,"turns":5},{"damage":22,"enemies":"3 Byrds","floor":19,"turns":3},{"damage":23,"enemies":"Snecko","floor":22,"turns":6},{"damage":32,"enemies":"Gremlin Leader","floor":23,"turns":7},{"damage":20,"enemies":"Slavers","floor":25,"turns":4},{"damage":21,"enemies":"Sentry and Sphere","floor":28,"turns":5},{"damage":13,"enemies":"Chosen and Byrds","floor":30,"turns":5},{"damage":7,"enemies":"Cultist and Chosen","floor":31,"turns":3},{"damage":36,"enemies":"Collector","floor":33,"turns":5}],"seed_played":"3982584600244597577","potions_obtained":[{"floor":8,"key":"ElixirPotion"},{"floor":10,"key":"BloodPotion"},{"floor":14,"key":"Swift Potion"},{"floor":18,"key":"BlessingOfTheForge"},{"floor":25,"key":"Dexterity Potion"},{"floor":30,"key":"Energy Potion"}],"is_trial":false,"path_per_floor":["M","M","?","?","$","R","E","M","T","E","R","M","$","E","R","B",null,"M","M","$","?","M","E","R","E","T","?","M","R","M","M","R","B"],"character_chosen":"IRONCLAD","items_purchased":["Fire Breathing","Power Through","Dark Embrace"],"campfire_rested":2,"item_purchase_floors":[5,5,20],"current_hp_per_floor":[80,80,69,69,69,69,75,80,80,66,66,71,71,45,45,21,80,56,40,40,40,23,13,37,25,25,25,12,12,7,8,32,0,0],"gold":226,"neow_bonus":"THREE_ENEMY_KILL","is_daily":false,"chose_seed":false,"campfire_upgraded":4,"win_rate":0.0,"timestamp":1610706944,"path_taken":["M","M","?","?","$","R","E","M","T","E","R","M","?","E","R","BOSS","M","?","$","?","?","E","R","E","T","?","M","R","M","M","R","BOSS"],"items_purchased_type":["Card","Card","Card"],"build_version":"2020-12-22","purchased_purges":3,"victory":false,"max_hp_per_floor":[80,80,80,80,80,80,80,80,80,80,80,80,80,80,80,80,80,80,80,80,80,80,80,80,80,80,80,80,80,80,80,80,80,80],"card_choices":[{"not_picked":["Clash","Disarm","Warcry"],"picked":"SKIP","floor":1},{"not_picked":["Sword Boomerang","Clash"],"picked":"Cleave","floor":2},{"not_picked":["Dual Wield","Warcry","Hemokinesis"],"picked":"SKIP","floor":7},{"not_picked":["Metallicize","Heavy Blade"],"picked":"Body Slam","floor":8},{"not_picked":["Entrench","Sword Boomerang","Bludgeon"],"picked":"SKIP","floor":10},{"not_picked":["Inflame","Heavy Blade","Intimidate"],"picked":"SKIP","floor":12},{"not_picked":["Metallicize","Headbutt","Body Slam"],"picked":"SKIP","floor":14},{"not_picked":["Bludgeon","Offering"],"picked":"Juggernaut","floor":16},{"not_picked":["Clash","Warcry","Disarm"],"picked":"SKIP","floor":18},{"not_picked":["Hemokinesis","Flame Barrier"],"picked":"Wild Strike","floor":19},{"not_picked":["Pommel Strike+1","Ghostly Armor"],"picked":"Entrench+1","floor":22},{"not_picked":["Hemokinesis","Heavy Blade","Pummel"],"picked":"SKIP","floor":23},{"not_picked":["Sword Boomerang","Rage"],"picked":"Fire Breathing","floor":25},{"not_picked":["Bloodletting","Headbutt","Flex+1"],"picked":"SKIP","floor":28},{"not_picked":["Anger","Clash","Body Slam+1"],"picked":"SKIP","floor":30},{"not_picked":["Warcry+1","Combust"],"picked":"Evolve","floor":31}],"player_experience":151624,"relics_obtained":[{"floor":7,"key":"StrikeDummy"},{"floor":9,"key":"InkBottle"},{"floor":10,"key":"Ancient Tea Set"},{"floor":14,"key":"Pen Nib"},{"floor":23,"key":"Blood Vial"},{"floor":25,"key":"FossilizedHelix"},{"floor":26,"key":"Mercury Hourglass"}],"event_choices":[{"damage_healed":0,"gold_gain":75,"player_choice":"Gather Gold","damage_taken":11,"max_hp_gain":0,"max_hp_loss":0,"event_name":"World of Goop","floor":3,"gold_loss":0},{"damage_healed":0,"gold_gain":175,"player_choice":"AGREE","damage_taken":0,"max_hp_gain":0,"max_hp_loss":0,"event_name":"Liars Game","floor":4,"gold_loss":0,"cards_obtained":["Doubt"]},{"cards_removed":["Strike_R"],"damage_healed":0,"gold_gain":0,"player_choice":"Purged","damage_taken":0,"max_hp_gain":0,"max_hp_loss":0,"event_name":"Purifier","floor":21,"gold_loss":0},{"cards_removed":["Strike_R"],"damage_healed":0,"gold_gain":0,"player_choice":"Gave Gold","damage_taken":0,"max_hp_gain":0,"max_hp_loss":0,"event_name":"Beggar","floor":27,"gold_loss":75}],"is_beta":false,"boss_relics":[{"not_picked":["Empty Cage","Black Blood"],"picked":"Astrolabe"}],"items_purged_floors":[5,13,20],"is_endless":false,"potions_floor_spawned":[8,10,14,18,25,30],"killed_by":"Collector","ascension_level":3}}