{"host":"7tvb1em0d2fx72q7","time":1610685865,"event":{"mods":["BaseMod","Challenge The Spire","Minty Spire (QoL Compilation)","StSLib","everything is the same but u backflip on backflip"],"gold_per_floor":[112,123,139,139,152,181,17,29,29,29,104,116,151,161,161,161,161],"floor_reached":16,"language":"ENG","playtime":2234,"items_purged":["Strike_P"],"score":257,"play_id":"07be5f7d-dcf1-44b8-943e-9499e9d73737","local_time":"20210114234425","is_ascension_mode":true,"campfire_choices":[{"data":"Scrawl","floor":15,"key":"SMITH"}],"circlet_count":0,"master_deck":["AscendersBane","Strike_P","Strike_P","Strike_P","Defend_P","Defend_P","Defend_P","Defend_P","Eruption","Vigilance","SpiritShield","EmptyFist","SashWhip","WheelKick","Wallop","BowlingBash","Scrawl+1","DevaForm","MentalFortress","Crescendo","Consecrate"],"relics":["PureWater","Unceasing Top","Bottled Lightning","Matryoshka"],"acts_visited":["Exordium"],"potions_floor_usage":[3,13],"damage_taken":[{"damage":0.0,"enemies":"Small Slimes","floor":1.0,"turns":2.0},{"damage":0,"enemies":"2 Louse","floor":2,"turns":3},{"damage":0,"enemies":"Jaw Worm","floor":3,"turns":3},{"damage":6,"enemies":"Blue Slaver","floor":5,"turns":4},{"damage":6,"enemies":"3 Sentries","floor":6,"turns":8},{"damage":5,"enemies":"Large Slime","floor":8,"turns":5},{"damage":1,"enemies":"3 Louse","floor":12,"turns":3},{"damage":0,"enemies":"Lagavulin","floor":13,"turns":6},{"damage":11,"enemies":"Lots of Slimes","floor":14,"turns":6},{"damage":37,"enemies":"Slime Boss","floor":16,"turns":7}],"seed_played":"922731337765521861","potions_obtained":[{"floor":1.0,"key":"DistilledChaos"},{"floor":6,"key":"DistilledChaos"},{"floor":8,"key":"LiquidBronze"}],"is_trial":false,"path_per_floor":["M","M","M","?","M","E","$","M","T","?","?","M","E","M","R","B"],"character_chosen":"WATCHER","items_purchased":["Scrawl"],"campfire_rested":0,"item_purchase_floors":[7],"current_hp_per_floor":[61,61,61,66,60,54,54,49,49,49,38,37,37,26,26,0,0],"gold":161,"neow_bonus":"ONE_RANDOM_RARE_CARD","is_daily":false,"chose_seed":false,"campfire_upgraded":1,"win_rate":0.0,"timestamp":1610685865,"path_taken":["M","M","M","?","M","E","$","M","T","?","?","M","E","M","R","BOSS"],"items_purchased_type":["Card"],"build_version":"2020-12-22","purchased_purges":1,"victory":false,"max_hp_per_floor":[68,68,68,73,73,73,73,73,73,73,73,73,73,73,73,73,73],"card_choices":[{"not_picked":["SashWhip","PathToVictory"],"picked":"EmptyFist","floor":1.0},{"not_picked":["Prostrate","FlyingSleeves"],"picked":"SashWhip","floor":2},{"not_picked":["CutThroughFate","ThirdEye"],"picked":"WheelKick","floor":3},{"not_picked":["Crescendo","Halt"],"picked":"Wallop","floor":5},{"not_picked":["LikeWater","WreathOfFlame"],"picked":"BowlingBash","floor":6},{"not_picked":["Evaluate","ThirdEye"],"picked":"DevaForm","floor":8},{"not_picked":["Protect","SashWhip"],"picked":"MentalFortress","floor":12},{"not_picked":["EmptyBody","Prostrate"],"picked":"Crescendo","floor":13},{"not_picked":["EmptyFist","BowlingBash"],"picked":"Consecrate","floor":14}],"player_experience":1920196,"relics_obtained":[{"floor":6,"key":"Unceasing Top"},{"floor":9,"key":"Bottled Lightning"},{"floor":13,"key":"Matryoshka"}],"event_choices":[{"damage_healed":0,"gold_gain":0,"player_choice":"Donut","damage_taken":0,"max_hp_gain":5,"max_hp_loss":0,"event_name":"Big Fish","floor":4,"gold_loss":0},{"damage_healed":0,"gold_gain":0,"player_choice":"Ignored","damage_taken":0,"max_hp_gain":0,"max_hp_loss":0,"event_name":"Liars Game","floor":10,"gold_loss":0},{"damage_healed":0,"gold_gain":75,"player_choice":"Gather Gold","damage_taken":11,"max_hp_gain":0,"max_hp_loss":0,"event_name":"World of Goop","floor":11,"gold_loss":0}],"is_beta":false,"boss_relics":[],"items_purged_floors":[7],"is_endless":false,"potions_floor_spawned":[1,6,8,12],"killed_by":"Slime Boss","ascension_level":17}}