{"host":"0r9ojvl99b3119ch","time":1610742813,"event":{"mods":["Act Like it!","BaseMod","Better Third Choice","BetterRewards","Downfall","Friendly Minions","Gensokyo","Hubris","Infinite Spire","Kiyohime????","Koishi","Marisa????????","Minty Spire (QoL Compilation)","Reimu??????","Remilia??????","Replay The Spire","Robot Space Explorer","Shop Mod","Spicy Shops","StSLib","Td1madao Mod","The Administrix","The Animator","The Judge","The Marked","The Servant 0.9.4","Waifu the Spire","WarShipGirlsR/????R mod","Youmu??????","Yuri Mod"],"gold_per_floor":[118,132,132,150,163,192,192,211,211,211,211],"floor_reached":10,"language":"ENG","playtime":1123,"items_purged":[],"score":70,"play_id":"e6d085c0-968d-4e34-b604-23541eb3ca76","local_time":"20210115143333","is_ascension_mode":false,"campfire_choices":[{"floor":7,"key":"RECALL"}],"circlet_count":0,"master_deck":["Strike_RM","Strike_RM","Strike_RM","Strike_RM","Defend_RM","Defend_RM","Defend_RM","Defend_RM","RedMoon","ScarletShoot","Injury","ScarletDevilSign","VampireClaw","UnstableMagic","TwelveNightmare","BlasphemousPunishment+1","hubris:Compulsion","expansioncontent:GoopSpray","UltimateOffering","ScarletImprint","ChaoticDestiny","DiffusionOfMisfortune"],"relics":["ScarletHat","Lantern","HandDrill","ReplayTheSpireMod:CursedCoin","Mummified Hand","Gensokyo:OccultBall","FossilizedHelix","hubris:MedicalManual"],"acts_visited":["Gensokyo:Gensokyo"],"potions_floor_usage":[6,6,10],"damage_taken":[{"damage":10,"enemies":"Gensokyo:Gryphon","floor":1,"turns":2},{"damage":0,"enemies":"Gensokyo:2_Kodama","floor":2,"turns":1},{"damage":0,"enemies":"Gensokyo:Python","floor":4,"turns":4},{"damage":0,"enemies":"Gensokyo:VengefulSpirit","floor":5,"turns":8},{"damage":48,"enemies":"Gensokyo:Cirno","floor":6,"turns":9},{"damage":0,"enemies":"Gensokyo:LivingMonolith","floor":8,"turns":3},{"damage":13,"enemies":"Gensokyo:Mamizou","floor":10,"turns":3}],"seed_played":"-5412991345669926520","potions_obtained":[{"floor":1,"key":"SkillPotion"},{"floor":4,"key":"Regen Potion"},{"floor":8,"key":"PowerPotion"}],"is_trial":false,"path_per_floor":["M","M","?","M","M","E","R","M","T","E"],"character_chosen":"REMILIA","items_purchased":["Lantern","HandDrill","ScarletDevilSign","VampireClaw","UnstableMagic","TwelveNightmare","BlasphemousPunishment+1","ReplayTheSpireMod:CursedCoin","NightLord","Mummified Hand","expansioncontent:GoopSpray"],"campfire_rested":0,"item_purchase_floors":[0,0,0,0,0,0,0,0,0,0,0],"current_hp_per_floor":[31,31,31,31,32,7,7,9,9,0,0],"gold":211,"neow_bonus":"","is_daily":false,"chose_seed":false,"campfire_upgraded":0,"win_rate":0.0,"timestamp":1610742813,"path_taken":["M","M","?","M","M","E","R","M","T","E"],"items_purchased_type":["Relic","Relic","Card","Card","Card","Card","Card","Relic","Card","Relic","Card"],"build_version":"2020-12-22","purchased_purges":0,"victory":false,"max_hp_per_floor":[75,75,75,75,75,75,75,75,75,75,75],"card_choices":[{"not_picked":["StarOfDavid","LeisurelyOfLord"],"picked":"UltimateOffering","floor":1},{"not_picked":["EmergencyRegeneration","StarOfDavid"],"picked":"ScarletImprint","floor":2},{"not_picked":["ReincarnationDial","RedMagic","UnstableMagic"],"picked":"SKIP","floor":4},{"not_picked":["StarOfDavid","ScarletImprint","BloodHunter"],"picked":"SKIP","floor":5},{"not_picked":["UnstableMagic","ScarletImprint"],"picked":"ChaoticDestiny","floor":6},{"not_picked":["BlasphemousPunishment","BloodHunter"],"picked":"DiffusionOfMisfortune","floor":8}],"player_experience":323343,"relics_obtained":[{"floor":6,"key":"FossilizedHelix"},{"floor":9,"key":"hubris:MedicalManual"}],"event_choices":[],"is_beta":false,"boss_relics":[],"items_purged_floors":[],"is_endless":false,"potions_floor_spawned":[1,4,8],"killed_by":"Gensokyo:Mamizou","ascension_level":0}}