{"host":"qm4rv4rkpk76sbxu","time":1610737169,"event":{"mods":["BaseMod","Bestiary","Block Reminder","DeckTracker","Filter the Spire","Keyboard Shortcuts","Minty Spire (QoL Compilation)","MonsterHotkey","Quick Restart","Relic Stats","Slay-I","StSLib","ojb\u0027s Better Paths Mod","ojb\u0027s Info Mod"],"gold_per_floor":[114,114,114,139,157,157,172,172,172,206,206,244,265,298,298,419,419,434,434,16,16,32,66,82,123,150,173,173,191,229,247,247,371,371,396,729,1728,1747,1747,1747,1776,1776,1802,1819,1819,1834,935,948,948,948,948,948,34,60,60],"floor_reached":56,"language":"ENG","playtime":3151,"items_purged":["Normality","Normality"],"score":1561,"play_id":"09e74491-a8be-433b-b8fd-f8577efdeb48","local_time":"20210115195929","is_ascension_mode":true,"campfire_choices":[{"data":"Adaptation","floor":6.0,"key":"SMITH"},{"data":"Eruption","floor":8.0,"key":"SMITH"},{"data":"Vigilance","floor":11.0,"key":"SMITH"},{"data":"WheelKick","floor":15.0,"key":"SMITH"},{"data":"WaveOfTheHand","floor":32.0,"key":"SMITH"},{"data":"Vault","floor":40.0,"key":"SMITH"},{"floor":49.0,"key":"RECALL"},{"floor":52.0,"key":"DIG"}],"circlet_count":0,"master_deck":["Strike_P+1","Strike_P+1","Strike_P+1","Strike_P+1","Defend_P+1","Defend_P+1","Defend_P+1","Defend_P+1","Eruption+1","Vigilance+1","Consecrate+1","Vengeance+1","CutThroughFate","WheelKick+1","Meditate","Devotion+1","Swivel+1","TalkToTheHand","WaveOfTheHand+1","TalkToTheHand+1","Sanctity+1","Worship+1","Meditate","Vault+1","LikeWater+1","MentalFortress+1","TalkToTheHand+1","Brilliance","LessonLearned+1","Wallop+1","Panacea","Master of Strategy+1","TalkToTheHand","Madness","Madness+1","ClearTheMind+1","Flash of Steel+1","Master of Strategy"],"relics":["PureWater","Mango","War Paint","Frozen Egg 2","Blood Vial","Gremlin Horn","InkBottle","Black Star","Medical Kit","Vajra","MutagenicStrength","CloakClasp","Bottled Tornado","Akabeko","Prayer Wheel","Question Card","Du-Vu Doll","SlaversCollar","White Beast Statue","Sundial","Potion Belt","Bottled Flame","Shovel","HornCleat","Whetstone","Bag of Preparation","Chemical X","Anchor","Lantern"],"acts_visited":["Exordium","TheCity","TheBeyond","TheEnding"],"potions_floor_usage":[55,55,55],"damage_taken":[{"damage":0.0,"enemies":"2 Louse","floor":1.0,"turns":2.0},{"damage":3.0,"enemies":"Jaw Worm","floor":4.0,"turns":6.0},{"damage":0.0,"enemies":"Cultist","floor":5.0,"turns":3.0},{"damage":1.0,"enemies":"Exordium Wildlife","floor":7.0,"turns":2.0},{"damage":16.0,"enemies":"Gremlin Nob","floor":10.0,"turns":3.0},{"damage":10.0,"enemies":"3 Sentries","floor":12.0,"turns":6.0},{"damage":0.0,"enemies":"Looter","floor":13.0,"turns":3.0},{"damage":0.0,"enemies":"Gremlin Nob","floor":14.0,"turns":2.0},{"damage":0.0,"enemies":"Slime Boss","floor":16.0,"turns":4.0},{"damage":21.0,"enemies":"Shell Parasite","floor":18.0,"turns":5.0},{"damage":1.0,"enemies":"3 Byrds","floor":22.0,"turns":5.0},{"damage":2.0,"enemies":"Slavers","floor":23.0,"turns":5.0},{"damage":0.0,"enemies":"3 Cultists","floor":24.0,"turns":3.0},{"damage":20.0,"enemies":"Gremlin Leader","floor":25.0,"turns":3.0},{"damage":3.0,"enemies":"Centurion and Healer","floor":27.0,"turns":4.0},{"damage":6.0,"enemies":"Cultist and Chosen","floor":29.0,"turns":5.0},{"damage":7.0,"enemies":"Book of Stabbing","floor":30.0,"turns":5.0},{"damage":3.0,"enemies":"Snake Plant","floor":31.0,"turns":3.0},{"damage":4.0,"enemies":"Collector","floor":33.0,"turns":6.0},{"damage":8.0,"enemies":"3 Darklings","floor":35.0,"turns":6.0},{"damage":0.0,"enemies":"3 Shapes","floor":38.0,"turns":6.0},{"damage":0.0,"enemies":"Reptomancer","floor":41.0,"turns":6.0},{"damage":6.0,"enemies":"Transient","floor":44.0,"turns":6.0},{"damage":19.0,"enemies":"Spire Growth","floor":46.0,"turns":6.0},{"damage":10.0,"enemies":"Jaw Worm Horde","floor":48.0,"turns":8.0},{"damage":3.0,"enemies":"Donu and Deca","floor":50.0,"turns":9.0},{"damage":0.0,"enemies":"Shield and Spear","floor":54.0,"turns":6.0},{"damage":33,"enemies":"The Heart","floor":55,"turns":10}],"seed_played":"-8016801441887726223","potions_obtained":[{"floor":4.0,"key":"ColorlessPotion"},{"floor":10.0,"key":"CultistPotion"},{"floor":12.0,"key":"DistilledChaos"},{"floor":14.0,"key":"ColorlessPotion"},{"floor":22.0,"key":"Weak Potion"},{"floor":25.0,"key":"Weak Potion"},{"floor":27.0,"key":"Block Potion"},{"floor":31.0,"key":"SpeedPotion"},{"floor":38.0,"key":"LiquidBronze"},{"floor":44.0,"key":"Swift Potion"},{"floor":46.0,"key":"SneckoOil"},{"floor":48.0,"key":"GamblersBrew"},{"floor":54.0,"key":"LiquidBronze"}],"is_trial":false,"path_per_floor":["M","?","T","M","M","R","M","R","T","E","R","E","M","E","R","B",null,"M","?","$","?","M","E","M","E","T","M","?","M","E","M","R","B",null,"M","?","?","M","?","R","E","?","T","M","?","M","$","M","R","B",null,"R","$","E","B",null],"character_chosen":"WATCHER","items_purchased":["Medical Kit","WaveOfTheHand","Vajra","TalkToTheHand","BottledMiracle","PowerPotion","StancePotion","Flash of Steel","Bottled Flame","Shovel","BlessingOfTheForge","GamblersBrew","Whetstone","Master of Strategy","Bag of Preparation","SkillPotion","Chemical X"],"campfire_rested":0,"item_purchase_floors":[20,20,20,20,47,47,47,47,47,47,53,53,53,53,53,53,53],"current_hp_per_floor":[79,73,73,70,70,70,69,69,69,53,53,45,47,49,49,51,73,52,52,52,52,53,53,55,37,37,36,36,32,27,26,26,24,73,65,65,65,67,67,67,69,59,59,55,46,29,29,21,21,20,73,73,73,73,40],"gold":60,"neow_bonus":"ONE_RARE_RELIC","is_daily":false,"chose_seed":false,"campfire_upgraded":6,"win_rate":0.0,"timestamp":1610737169,"path_taken":["M","?","?","M","M","R","M","R","T","E","R","E","?","E","R","BOSS","M","?","$","?","M","E","M","E","T","M","?","?","E","M","R","BOSS","M","?","?","M","?","R","E","?","T","M","?","M","$","M","R","BOSS","R","$","E","BOSS"],"items_purchased_type":["Relic","Card","Relic","Card","Potion","Potion","Potion","Card","Relic","Relic","Potion","Potion","Relic","Card","Relic","Potion","Relic"],"build_version":"2020-12-22","purchased_purges":2,"victory":true,"max_hp_per_floor":[79,73,73,73,73,73,73,73,73,73,73,73,73,73,73,73,73,73,73,73,73,73,73,73,73,73,73,73,73,73,73,73,73,73,73,73,73,73,73,73,73,73,73,73,73,73,73,73,73,73,73,73,73,73,73],"relic_stats":{"Gremlin Horn":[26,27],"counters":[28,138],"CloakClasp":[302],"Bag of Preparation":[4],"Whetstone":["Flash of Steel","LessonLearned"],"War Paint":["Defend_P","Defend_P"],"Medical Kit":[7],"Question Card":18,"Blood Vial":38,"Shovel":1,"Sundial":[4],"Prayer Wheel":8,"Black Star":5,"Chemical X":[1],"obtain_stats":[{"Lantern":54,"Gremlin Horn":12,"Vajra":20,"Mango":0,"CloakClasp":23,"Bag of Preparation":53,"Whetstone":53,"Bottled Tornado":23,"Blood Vial":10,"Shovel":47,"HornCleat":52,"Sundial":41,"Prayer Wheel":25,"Chemical X":53,"InkBottle":14,"Potion Belt":43,"Golden Idol":2,"War Paint":3,"Frozen Egg 2":9,"Medical Kit":20,"Question Card":30,"Akabeko":25,"White Beast Statue":41,"Du-Vu Doll":30,"SlaversCollar":34,"Bottled Flame":47,"Anchor":54,"MutagenicStrength":21,"Black Star":17,"PureWater":0},{"Lantern":27,"Gremlin Horn":6,"Vajra":10,"Mango":0,"CloakClasp":12,"Bag of Preparation":26,"Whetstone":26,"Bottled Tornado":12,"Blood Vial":5,"Shovel":24,"HornCleat":26,"Sundial":22,"Prayer Wheel":14,"Chemical X":26,"InkBottle":8,"Potion Belt":22,"Golden Idol":1,"War Paint":1,"Frozen Egg 2":4,"Medical Kit":10,"Question Card":17,"Akabeko":14,"White Beast Statue":22,"Du-Vu Doll":17,"SlaversCollar":19,"Bottled Flame":24,"Anchor":27,"MutagenicStrength":10,"Black Star":9,"PureWater":0},{"Lantern":128,"Gremlin Horn":22,"Vajra":36,"Mango":0,"CloakClasp":46,"Bag of Preparation":122,"Whetstone":122,"Bottled Tornado":46,"Blood Vial":16,"Shovel":105,"HornCleat":122,"Sundial":93,"Prayer Wheel":52,"Chemical X":122,"InkBottle":27,"Potion Belt":93,"Golden Idol":2,"War Paint":2,"Frozen Egg 2":13,"Medical Kit":36,"Question Card":66,"Akabeko":52,"White Beast Statue":93,"Du-Vu Doll":66,"SlaversCollar":75,"Bottled Flame":105,"Anchor":128,"MutagenicStrength":36,"Black Star":31,"PureWater":0}],"InkBottle":[49]},"card_choices":[{"not_picked":["ClearTheMind","Evaluate","FollowUp"],"picked":"SKIP","floor":1.0},{"not_picked":["Protect","EmptyBody"],"picked":"Consecrate","floor":4.0},{"not_picked":["Swivel","Evaluate"],"picked":"Adaptation","floor":5.0},{"not_picked":["Brilliance","Wireheading"],"picked":"Vengeance","floor":7.0},{"not_picked":["InnerPeace","Collect","JustLucky"],"picked":"SKIP","floor":10.0},{"not_picked":["Worship","Prostrate"],"picked":"CutThroughFate","floor":12.0},{"not_picked":["JustLucky","SignatureMove"],"picked":"WheelKick","floor":13.0},{"not_picked":["JustLucky","Crescendo"],"picked":"Meditate","floor":14.0},{"not_picked":["DevaForm+1","Blasphemy"],"picked":"Devotion+1","floor":16.0},{"not_picked":["ClearTheMind","Protect"],"picked":"Swivel+1","floor":18.0},{"not_picked":["DeceiveReality","Weave"],"picked":"Sanctity+1","floor":22.0},{"not_picked":["SashWhip","FollowUp"],"picked":"Worship+1","floor":23.0},{"not_picked":["Prostrate","FollowUp"],"picked":"Meditate","floor":24.0},{"not_picked":["WindmillStrike","Prostrate"],"picked":"Vault","floor":25.0},{"not_picked":["EmptyMind","Perseverance","Evaluate"],"picked":"SKIP","floor":27.0},{"not_picked":["Fasting2+1","CutThroughFate","FlyingSleeves"],"picked":"SKIP","floor":27.0},{"not_picked":["Protect","PathToVictory"],"picked":"LikeWater+1","floor":29.0},{"not_picked":["ThirdEye","WheelKick"],"picked":"MentalFortress+1","floor":29.0},{"not_picked":["Halt+1","SignatureMove+1","Indignation+1"],"picked":"SKIP","floor":30.0},{"not_picked":["WreathOfFlame","Indignation","Prostrate"],"picked":"TalkToTheHand+1","floor":31.0},{"not_picked":["Halt","ClearTheMind","Tantrum+1"],"picked":"Brilliance","floor":31.0},{"not_picked":["SpiritShield","ConjureBlade","DevaForm+1"],"picked":"LessonLearned","floor":33.0},{"not_picked":["Nirvana+1","CrushJoints+1","FlurryOfBlows"],"picked":"Wallop","floor":35.0},{"not_picked":["Crescendo+1","JustLucky","WreathOfFlame+1","FollowUp"],"picked":"SKIP","floor":35.0},{"not_picked":["CutThroughFate+1","FlurryOfBlows+1","Fasting2+1","Consecrate+1"],"picked":"SKIP","floor":38.0},{"not_picked":["FlurryOfBlows","Consecrate","SandsOfTime","SignatureMove+1"],"picked":"SKIP","floor":38.0},{"not_picked":["FlyingSleeves+1","Indignation+1","Collect+1","SandsOfTime+1"],"picked":"SKIP","floor":41.0},{"not_picked":["Forethought","Finesse","Mind Blast"],"picked":"Panacea","floor":42.0},{"not_picked":["Mind Blast","Flash of Steel","Metamorphosis"],"picked":"Master of Strategy","floor":42.0},{"not_picked":["WreathOfFlame","Prostrate","Evaluate"],"picked":"TalkToTheHand","floor":44.0},{"not_picked":["Protect","Evaluate","EmptyFist","Crescendo"],"picked":"SKIP","floor":44.0},{"not_picked":["FlyingSleeves+1","SashWhip+1","Consecrate"],"picked":"ClearTheMind+1","floor":46.0},{"not_picked":["JustLucky+1","WreathOfFlame+1","Protect","LikeWater+1"],"picked":"SKIP","floor":46.0},{"not_picked":["Crescendo","FlurryOfBlows+1","FlyingSleeves","Weave"],"picked":"SKIP","floor":48.0},{"not_picked":["BattleHymn+1","WreathOfFlame","SignatureMove","Crescendo+1"],"picked":"SKIP","floor":48.0},{"not_picked":["CarveReality","CutThroughFate+1","Protect+1","ReachHeaven"],"picked":"SKIP","floor":54.0}],"player_experience":1323415,"relics_obtained":[{"floor":3.0,"key":"War Paint"},{"floor":9.0,"key":"Frozen Egg 2"},{"floor":10.0,"key":"Blood Vial"},{"floor":12.0,"key":"Gremlin Horn"},{"floor":14.0,"key":"InkBottle"},{"floor":23.0,"key":"CloakClasp"},{"floor":23.0,"key":"Bottled Tornado"},{"floor":25.0,"key":"Akabeko"},{"floor":25.0,"key":"Prayer Wheel"},{"floor":30.0,"key":"Question Card"},{"floor":30.0,"key":"Du-Vu Doll"},{"floor":41.0,"key":"White Beast Statue"},{"floor":41.0,"key":"Sundial"},{"floor":43.0,"key":"Potion Belt"},{"floor":52.0,"key":"HornCleat"},{"floor":54.0,"key":"Anchor"},{"floor":54.0,"key":"Lantern"}],"event_choices":[{"damage_healed":0.0,"max_hp_gain":0.0,"max_hp_loss":6.0,"gold_gain":0.0,"event_name":"Golden Idol","player_choice":"Lose Max HP","floor":2.0,"gold_loss":0.0,"damage_taken":0.0,"relics_obtained":["Golden Idol"]},{"damage_healed":0.0,"max_hp_gain":0.0,"max_hp_loss":0.0,"gold_gain":0.0,"event_name":"The Library","player_choice":"Read","floor":19.0,"gold_loss":0.0,"damage_taken":0.0,"cards_obtained":["TalkToTheHand"]},{"damage_healed":0.0,"max_hp_gain":0.0,"max_hp_loss":0.0,"gold_gain":0.0,"event_name":"Drug Dealer","player_choice":"Inject Mutagens","floor":21.0,"gold_loss":0.0,"damage_taken":0.0,"relics_obtained":["MutagenicStrength"]},{"damage_healed":0.0,"max_hp_gain":0.0,"max_hp_loss":0.0,"gold_gain":0.0,"event_name":"Back to Basics","player_choice":"Simplicity","floor":28.0,"gold_loss":0.0,"damage_taken":0.0,"cards_upgraded":["Strike_P","Strike_P","Strike_P","Strike_P","Defend_P","Defend_P"]},{"damage_healed":0.0,"max_hp_gain":0.0,"max_hp_loss":0.0,"gold_gain":333.0,"event_name":"The Moai Head","player_choice":"Gave Idol","floor":36.0,"relics_lost":["Golden Idol"],"gold_loss":0.0,"damage_taken":0.0},{"damage_healed":0.0,"max_hp_gain":0.0,"max_hp_loss":0.0,"gold_gain":999.0,"event_name":"MindBloom","player_choice":"Gold","floor":37.0,"gold_loss":0.0,"damage_taken":0.0,"cards_obtained":["Normality","Normality"]},{"cards_removed":["Adaptation"],"damage_healed":0.0,"max_hp_gain":0.0,"max_hp_loss":0.0,"gold_gain":0.0,"event_name":"Falling","player_choice":"Removed Power","floor":39.0,"gold_loss":0.0,"damage_taken":0.0},{"damage_healed":0.0,"max_hp_gain":0.0,"max_hp_loss":0.0,"gold_gain":0.0,"event_name":"SensoryStone","player_choice":"Memory 3","floor":42.0,"gold_loss":0.0,"damage_taken":10.0},{"damage_healed":0.0,"max_hp_gain":0.0,"max_hp_loss":0.0,"gold_gain":0.0,"event_name":"Winding Halls","player_choice":"Embrace Madness","floor":45.0,"gold_loss":0.0,"damage_taken":9.0,"cards_obtained":["Madness","Madness"]}],"is_beta":false,"boss_relics":[{"not_picked":["Runic Pyramid","Astrolabe"],"picked":"Black Star"},{"not_picked":["Velvet Choker","Sozu"],"picked":"SlaversCollar"}],"items_purged_floors":[47,53],"is_endless":false,"potions_floor_spawned":[4,10,12,14,22,25,27,31,38,44,46,48,54],"ascension_level":1}}