{"host":"bf9sa99gaumonoeu","time":1610746869,"event":{"mods":["AchievementEnabler","Act Like it!","BaseMod","Better Sensory Stone","Colored Map","Colored Powertips","Fox Events","Friendly Minions","Gensokyo","GifTheSpireLib","Googly Eyes","Hallownest","Hermit","Highlight Path","Hubris","Jorbs\u0027s Wanderer Trilogy","KinomotoSakuraMod(????)","Koishi","Lobotomy","Marisa????????","Minty Spire (QoL Compilation)","Rare Cards Sparkle","Reimu??????","Relic Stats","Remilia??????","Replay The Spire","StSLib","The Administrix","The Animator","The Bug Knight","The Construct","The Cursed","The Disciple","The Hierophant","The Mystic","The Necromancer","The Poker Player","The Runesmith","The Senshi","The Servant 0.9.4"],"gold_per_floor":[109,125,125,149,164,164,229,229,254,311,324,324,342,360,360,433,458,481,495,495,520,535,535,126,181,206,206,58,58,73,124,124,195,220,231,201,218,19,25,25,85,135,187,204,204,223,240,259,259,259],"floor_reached":51,"language":"ENG","playtime":5770,"items_purged":["animator:Strike","animator:Strike","animator:Defend"],"score":1162,"play_id":"9cadd5d8-8aee-4d8d-9f89-ce3017fb42e7","local_time":"20210115194109","is_ascension_mode":true,"campfire_choices":[{"data":"animator:AcuraAkari","floor":6,"key":"SMITH"},{"data":"animator:Fredrika","floor":8,"key":"SMITH"},{"floor":12,"key":"REST"},{"data":"animator:AcuraAkari","floor":15,"key":"SMITH"},{"data":"animator:Priestess","floor":23,"key":"SMITH"},{"data":"animator:Shimakaze","floor":27,"key":"SMITH"},{"floor":29,"key":"RECALL"},{"data":"animator:RinTohsaka","floor":32,"key":"SMITH"},{"floor":40,"key":"REST"},{"floor":49,"key":"REST"}],"circlet_count":0,"master_deck":["AscendersBane","animator:Strike_HitsugiNoChaika","animator:Defend_HitsugiNoChaika","animator:Defend+1","animator:Defend","animator:AcuraAkari+1","animator:Gillette","animator:Alexander","animator:RinTohsaka+1","animator:Shimakaze+1","animator:Gilgamesh+15","animator:Viivi","animator:Fredrika+1","animator:AcuraTooru","animator:YachiyoNanami","animator:AcuraAkari+1","animator:Priestess+1","animator:Archer","animator:AcuraAkari+1","animator:Ara+1","animator:EmiyaShirou","animator:Saber+1","animator:Fredrika","animator:Gillette","animator:Guy+1","animator:HigakiRinne+1","animator:Archer"],"relics":["animator:LivingPicture","animator:TheMissingPiece","animator:PurgingStone","ReplayFunnel","animator:BattleDrones","Vajra","Cursed Key","hubris:Towel","Golden Egg","Omamori","theSenshi:FeatherClipsRelic","Regal Pillow","Fusion Hammer","Red Mask","Gremlin Food","Gambling Chip","animator:ShionDessert"],"acts_visited":["Exordium","TheCity","TheBeyond"],"potions_floor_usage":[5,7,25,33,41,44,48,50],"damage_taken":[{"damage":2,"enemies":"Jaw Worm","floor":1,"turns":4},{"damage":1,"enemies":"Cultist","floor":2,"turns":3},{"damage":9,"enemies":"Small Slimes","floor":4,"turns":3},{"damage":7,"enemies":"2 Fungi Beasts","floor":5,"turns":4},{"damage":3,"enemies":"3 Sentries","floor":7,"turns":8},{"damage":16,"enemies":"Lagavulin","floor":10,"turns":5},{"damage":3,"enemies":"Blue Slaver","floor":11,"turns":3},{"damage":2,"enemies":"Lots of Slimes","floor":13,"turns":3},{"damage":6,"enemies":"Looter","floor":14,"turns":2},{"damage":3,"enemies":"The Guardian","floor":16,"turns":7},{"damage":2,"enemies":"3 Byrds","floor":18,"turns":4},{"damage":0,"enemies":"Chosen","floor":19,"turns":3},{"damage":0,"enemies":"Centurion and Healer","floor":22,"turns":4},{"damage":0,"enemies":"Replay:Snechameleon","floor":25,"turns":5},{"damage":0,"enemies":"Sentry and Sphere","floor":30,"turns":4},{"damage":16,"enemies":"Book of Stabbing","floor":31,"turns":4},{"damage":21,"enemies":"Automaton","floor":33,"turns":10},{"damage":1,"enemies":"3 Darklings","floor":35,"turns":3},{"damage":3,"enemies":"Orb Walker","floor":37,"turns":3},{"damage":11,"enemies":"Reptomancer","floor":41,"turns":5},{"damage":5,"enemies":"Mind Bloom Boss Battle","floor":42,"turns":4},{"damage":5,"enemies":"4 Shapes","floor":44,"turns":5},{"damage":0,"enemies":"Sphere and 2 Shapes","floor":46,"turns":3},{"damage":0,"enemies":"Writhing Mass","floor":47,"turns":3},{"damage":0,"enemies":"4 Shapes","floor":48,"turns":4},{"damage":36,"enemies":"Donu and Deca","floor":50,"turns":9}],"seed_played":"4466734263728950850","potions_obtained":[{"floor":4,"key":"Fruit Juice"},{"floor":5,"key":"animator:FalseLifePotion"},{"floor":11,"key":"FearPotion"},{"floor":14,"key":"Weak Potion"},{"floor":31,"key":"animator:FalseLifePotion"},{"floor":35,"key":"ColorlessPotion"},{"floor":41,"key":"Adrenaline Potion"},{"floor":44,"key":"Swift Potion"}],"is_trial":false,"path_per_floor":["M","M","?","M","M","R","E","R","T","E","M","R","M","M","R","B",null,"M","M","?","?","M","R","$","E","T","R","$","R","M","E","R","B",null,"M","?","M","$","?","R","E","?","T","M","?","M","M","M","R","B",null],"character_chosen":"THE_ANIMATOR","items_purchased":["Golden Egg","animator:AcuraAkari","animator:Ara","LiquidMemories"],"campfire_rested":3,"item_purchase_floors":[24,24,28,38],"current_hp_per_floor":[57,56,56,47,46,46,43,43,43,27,24,45,43,37,37,34,63,61,61,61,61,61,61,61,61,61,61,61,61,67,57,57,42,65,70,70,72,72,72,72,68,69,69,70,61,67,73,73,73,43],"gold":259,"neow_bonus":"REMOVE_CARD","is_daily":false,"chose_seed":false,"campfire_upgraded":6,"win_rate":0.0,"timestamp":1610746869,"path_taken":["M","M","?","M","?","R","E","R","T","E","M","R","M","M","R","BOSS","M","M","?","?","M","R","$","E","T","R","$","R","M","E","R","BOSS","M","?","?","$","?","R","E","?","T","M","?","M","?","M","R","BOSS"],"items_purchased_type":["Relic","Card","Card","Potion"],"build_version":"2020-12-22","purchased_purges":3,"victory":true,"max_hp_per_floor":[66,66,66,66,72,72,72,72,72,72,72,72,72,72,72,72,72,72,72,72,72,72,72,72,72,72,72,72,72,72,72,72,72,72,72,72,72,72,72,72,73,73,73,73,73,73,73,73,73,73],"relic_stats":{"Regal Pillow":0,"counters":[26,115],"Gambling Chip":[10],"Cursed Key":2,"obtain_stats":[{"ReplayFunnel":7,"Gremlin Food":41,"Golden Egg":24,"Regal Pillow":31,"animator:ShionDessert":43,"animator:TheMissingPiece":0,"animator:BattleDrones":9,"Vajra":10,"Omamori":25,"theSenshi:FeatherClipsRelic":26,"hubris:Towel":21,"Cursed Key":17,"animator:PurgingStone":0,"Gambling Chip":42,"animator:LivingPicture":0,"Fusion Hammer":34,"Red Mask":39},{"ReplayFunnel":5,"Gremlin Food":20,"Golden Egg":13,"Regal Pillow":16,"animator:ShionDessert":21,"animator:TheMissingPiece":0,"animator:BattleDrones":5,"Vajra":6,"Omamori":14,"theSenshi:FeatherClipsRelic":14,"hubris:Towel":12,"Cursed Key":10,"animator:PurgingStone":0,"Gambling Chip":21,"animator:LivingPicture":0,"Fusion Hammer":17,"Red Mask":19},{"ReplayFunnel":22,"Gremlin Food":87,"Golden Egg":53,"Regal Pillow":66,"animator:ShionDessert":91,"animator:TheMissingPiece":0,"animator:BattleDrones":22,"Vajra":27,"Omamori":58,"theSenshi:FeatherClipsRelic":58,"hubris:Towel":49,"Cursed Key":42,"animator:PurgingStone":0,"Gambling Chip":91,"animator:LivingPicture":0,"Fusion Hammer":76,"Red Mask":82}]},"card_choices":[{"not_picked":["animator:Illya","animator:Add"],"picked":"animator:Alexander","floor":1},{"not_picked":["animator:Mikaela","animator:Demiurge"],"picked":"animator:RinTohsaka","floor":2},{"not_picked":["animator:Guy","animator:Millim"],"picked":"animator:Viivi","floor":4},{"not_picked":["animator:Gillette","animator:AcuraAkari"],"picked":"animator:Fredrika","floor":5},{"not_picked":["animator:Evileye","animator:Priestess"],"picked":"animator:AcuraTooru","floor":7},{"not_picked":["animator:Fredrika","animator:Guren"],"picked":"animator:YachiyoNanami","floor":10},{"not_picked":["animator:Shinoa","animator:DolaRiku","animator:EmiyaShirou"],"picked":"SKIP","floor":11},{"not_picked":["animator:Gillette","animator:AcuraTooru"],"picked":"animator:AcuraAkari","floor":13},{"not_picked":["animator:Alexander","animator:PandorasActor","animator:Priestess"],"picked":"SKIP","floor":14},{"not_picked":["animator:DolaCouronne","animator:Ain"],"picked":"animator:Priestess","floor":18},{"not_picked":["animator:Elsword+1","animator:DolaStephanie+1"],"picked":"animator:Archer","floor":19},{"not_picked":["animator:Spearman","animator:Ara","animator:Assassin"],"picked":"SKIP","floor":22},{"not_picked":["animator:MamiTomoe","animator:HighElfArcher"],"picked":"animator:Gilgamesh","floor":25},{"not_picked":["animator:Yoichi+1","animator:Shuna","animator:Caster"],"picked":"SKIP","floor":30},{"not_picked":["animator:Assassin","animator:EmiyaShirou","animator:DolaSchwi+1"],"picked":"SKIP","floor":31},{"not_picked":["animator:Assassin","animator:DolaSchwi+1"],"picked":"animator:EmiyaShirou","floor":31},{"not_picked":["animator:GoblinSlayer","animator:Sora"],"picked":"animator:Saber","floor":33},{"not_picked":["animator:PandorasActor","animator:AcuraTooru"],"picked":"animator:Fredrika","floor":35},{"not_picked":["animator:GazelDwargon","animator:Ara"],"picked":"animator:Gillette","floor":37},{"not_picked":["animator:Laby+1","animator:Alexander"],"picked":"animator:Guy+1","floor":41},{"not_picked":["animator:PandorasActor","animator:Tet","animator:Raven"],"picked":"SKIP","floor":44},{"not_picked":["animator:Mikaela+1","animator:Raven","animator:DolaSchwi"],"picked":"SKIP","floor":46},{"not_picked":["animator:Witch+1","animator:AcuraTooru","animator:EmiyaShirou"],"picked":"SKIP","floor":47},{"not_picked":["animator:CowGirl","animator:Chung"],"picked":"animator:Archer","floor":48}],"player_experience":931722,"relics_obtained":[{"floor":7,"key":"ReplayFunnel"},{"floor":9,"key":"animator:BattleDrones"},{"floor":10,"key":"Vajra"},{"floor":25,"key":"Omamori"},{"floor":26,"key":"theSenshi:FeatherClipsRelic"},{"floor":31,"key":"Regal Pillow"},{"floor":41,"key":"Gremlin Food"},{"floor":42,"key":"Gambling Chip"},{"floor":43,"key":"animator:ShionDessert"}],"event_choices":[{"damage_healed":0,"gold_gain":0,"player_choice":"2 cards matched","damage_taken":0,"max_hp_gain":0,"max_hp_loss":0,"event_name":"Match and Keep!","floor":3,"gold_loss":0,"cards_obtained":["animator:Shimakaze","animator:Gilgamesh"]},{"damage_healed":0,"gold_gain":0,"player_choice":"Bought 2 Potions","damage_taken":0,"max_hp_gain":0,"max_hp_loss":0,"event_name":"The Woman in Blue","floor":36,"gold_loss":0},{"damage_healed":0,"gold_gain":0,"player_choice":"Paid","damage_taken":0,"relics_obtained":["Red Mask"],"max_hp_gain":0,"max_hp_loss":0,"event_name":"Tomb of Lord Red Mask","floor":39,"gold_loss":19},{"damage_healed":0,"gold_gain":0,"player_choice":"Fight","damage_taken":0,"max_hp_gain":0,"max_hp_loss":0,"event_name":"MindBloom","floor":42,"gold_loss":0},{"damage_healed":0,"gold_gain":0,"player_choice":"Embrace Madness","damage_taken":9,"max_hp_gain":0,"max_hp_loss":0,"event_name":"Winding Halls","floor":45,"gold_loss":0,"cards_obtained":["animator:HigakiRinne"]}],"is_beta":false,"boss_relics":[{"not_picked":["Busted Crown","hubris:TerracottaHorce"],"picked":"Cursed Key"},{"not_picked":["hubris:BlackHole","SlaversCollar"],"picked":"Fusion Hammer"}],"items_purged_floors":[24,28,38],"is_endless":false,"potions_floor_spawned":[4,5,11,14,19,31,35,41,42,44],"ascension_level":13}}