{"host":"Rich","time":1610679878,"event":{"mods":["AchievementEnabler","BaseMod","Highlight Path","Minty Spire (QoL Compilation)","Relic Stats"],"gold_per_floor":[116,116,1,0,0,34,34,34,34],"floor_reached":8,"language":"ENG","playtime":137,"items_purged":[],"score":104,"play_id":"2caf9b9f-99cc-42cf-8f8a-92287aaeda58","local_time":"20210114220438","is_ascension_mode":true,"campfire_choices":[],"circlet_count":0,"master_deck":["AscendersBane","Strike_B","Strike_B","Strike_B","Defend_B","Defend_B","Defend_B","Zap","Dualcast","Streamline","Loop","Coolheaded","Glacier","Beam Cell"],"relics":["Cracked Core","Torii","Singing Bowl"],"acts_visited":["Exordium"],"potions_floor_usage":[],"damage_taken":[{"damage":7,"enemies":"Jaw Worm","floor":1,"turns":3},{"damage":40,"enemies":"Gremlin Nob","floor":6,"turns":4},{"damage":14,"enemies":"Lagavulin","floor":8,"turns":5}],"seed_played":"-7184989533586184937","potions_obtained":[],"is_trial":false,"path_per_floor":["M","?","$","?","?","E","?","E"],"character_chosen":"DEFECT","items_purchased":["Loop","Coolheaded"],"campfire_rested":0,"item_purchase_floors":[3,3],"current_hp_per_floor":[39,62,62,62,55,15,15,1,1],"gold":34,"neow_bonus":"ONE_RARE_RELIC","is_daily":false,"chose_seed":false,"campfire_upgraded":0,"win_rate":0.0,"timestamp":1610679878,"path_taken":["M","?","$","?","?","E","?","E"],"items_purchased_type":["Card","Card"],"build_version":"2020-12-18","purchased_purges":0,"victory":false,"max_hp_per_floor":[71,71,71,71,71,71,71,71,71],"relic_stats":{"Torii":0,"Singing Bowl":0,"counters":[3,12],"obtain_stats":[{"Torii":0,"Singing Bowl":6,"Cracked Core":0},{"Torii":0,"Singing Bowl":2,"Cracked Core":0},{"Torii":0,"Singing Bowl":7,"Cracked Core":0}]},"card_choices":[{"not_picked":["Barrage","FTL"],"picked":"Streamline","floor":1},{"not_picked":["Go for the Eyes","Conserve Battery"],"picked":"Glacier","floor":6}],"player_experience":1991507,"relics_obtained":[{"floor":6,"key":"Singing Bowl"}],"event_choices":[{"damage_healed":23,"gold_gain":0,"player_choice":"Banana","damage_taken":0,"max_hp_gain":0,"max_hp_loss":0,"event_name":"Big Fish","floor":2,"gold_loss":0},{"damage_healed":0,"gold_gain":0,"player_choice":"Left Gold","damage_taken":0,"max_hp_gain":0,"max_hp_loss":0,"event_name":"World of Goop","floor":4,"gold_loss":1},{"cards_removed":["Strike_B"],"damage_healed":0,"gold_gain":0,"player_choice":"Card Removal","damage_taken":7,"max_hp_gain":0,"max_hp_loss":0,"event_name":"Golden Wing","floor":5,"gold_loss":0},{"damage_healed":0,"gold_gain":0,"cards_transformed":["Defend_B"],"player_choice":"Change","damage_taken":0,"max_hp_gain":0,"max_hp_loss":0,"event_name":"Living Wall","floor":7,"gold_loss":0,"cards_obtained":["Beam Cell"]}],"is_beta":true,"boss_relics":[],"items_purged_floors":[],"is_endless":false,"potions_floor_spawned":[],"killed_by":"Lagavulin","ascension_level":20}}