{"host":"ii5w5xfjx95sugaa","time":1610724493,"event":{"mods":["BaseMod","Minty Spire (QoL Compilation)","Quick Restart","SOS（斯巴达之子）","StSLib","The Bladedancer"],"gold_per_floor":[117,292,217,237,11,11,30,30,56,56,68,18,31,31,31,127,127,145,165,178,189,104,104,57,57,57,57,77,77,94,46,46,146,146,165,65,76,76,126,126,126],"floor_reached":40,"language":"ZHS","playtime":1318,"items_purged":["Doubt","Reaper"],"score":395,"play_id":"59d254d4-5847-49fc-a9f5-4a3d9f7173c5","local_time":"20210115232813","is_ascension_mode":true,"campfire_choices":[{"data":"Searing Blow","floor":6.0,"key":"SMITH"},{"data":"Searing Blow+1","floor":8.0,"key":"SMITH"},{"data":"Searing Blow+2","floor":15.0,"key":"SMITH"},{"data":"Searing Blow+3","floor":23.0,"key":"SMITH"},{"data":"Armaments","floor":25.0,"key":"SMITH"},{"data":"Searing Blow+4","floor":32.0,"key":"SMITH"}],"circlet_count":0,"master_deck":["Strike_R","Strike_R","Strike_R","Strike_R","Strike_R","Defend_R","Defend_R","Defend_R","Defend_R","Searing Blow+5","Perfected Strike","Metallicize","Perfected Strike","Pommel Strike","Shrug It Off","Flex","Warcry+1","Armaments+1","Perfected Strike","Exhume","Armaments","Iron Wave+1","Burning Pact+1"],"relics":["Coffee Dripper","Happy Flower","Strawberry","Runic Cube","MealTicket","Question Card","MutagenicStrength","Runic Pyramid","TungstenRod"],"acts_visited":["Exordium","TheCity","TheBeyond"],"potions_floor_usage":[40],"damage_taken":[{"damage":0.0,"enemies":"2 Louse","floor":1.0,"turns":3.0},{"damage":0.0,"enemies":"Small Slimes","floor":4.0,"turns":4.0},{"damage":1.0,"enemies":"Jaw Worm","floor":7.0,"turns":3.0},{"damage":2.0,"enemies":"2 Fungi Beasts","floor":11.0,"turns":3.0},{"damage":0.0,"enemies":"Large Slime","floor":13.0,"turns":3.0},{"damage":66.0,"enemies":"The Guardian","floor":16.0,"turns":8.0},{"damage":7.0,"enemies":"2 Thieves","floor":18.0,"turns":3.0},{"damage":11.0,"enemies":"Shell Parasite","floor":19.0,"turns":5.0},{"damage":24.0,"enemies":"Snake Plant","floor":20.0,"turns":3.0},{"damage":6.0,"enemies":"Snecko","floor":21.0,"turns":4.0},{"damage":17.0,"enemies":"Centurion and Healer","floor":28.0,"turns":5.0},{"damage":0.0,"enemies":"Snake Plant","floor":30.0,"turns":1.0},{"damage":57.0,"enemies":"Automaton","floor":33.0,"turns":6.0},{"damage":6.0,"enemies":"3 Shapes","floor":35.0,"turns":4.0},{"damage":10.0,"enemies":"Orb Walker","floor":37.0,"turns":2.0},{"damage":0.0,"enemies":"Mind Bloom Boss Battle","floor":39.0,"turns":4.0},{"damage":72,"enemies":"Reptomancer","floor":40,"turns":5}],"seed_played":"-1158693991627221553","potions_obtained":[{"floor":7.0,"key":"Block Potion"},{"floor":16.0,"key":"AttackPotion"},{"floor":19.0,"key":"BloodPotion"},{"floor":20.0,"key":"Energy Potion"},{"floor":21.0,"key":"DuplicationPotion"},{"floor":33.0,"key":"Regen Potion"}],"is_trial":false,"path_per_floor":["M","?","$","M","$","R","M","R","T","?","M","?","M","$","R","B",null,"M","M","M","M","?","R","$","R","T","?","M","?","M","$","R","B",null,"M","$","M","$","?","E"],"character_chosen":"IRONCLAD","items_purchased":["Happy Flower","Metallicize","Armaments","Swift Potion"],"campfire_rested":0,"item_purchase_floors":[5,5,24,31],"current_hp_per_floor":[80,80,80,80,80,80,79,79,86,86,84,84,84,84,84,18,87,84,77,53,68,68,68,83,83,83,83,66,66,66,81,81,30,87,81,87,77,87,87,27,27],"gold":126,"neow_bonus":"BOSS_RELIC","is_daily":false,"chose_seed":false,"campfire_upgraded":6,"win_rate":0.0,"timestamp":1610724493,"path_taken":["M","?","$","M","$","R","M","R","T","?","M","?","M","?","R","BOSS","M","M","M","M","?","R","$","R","T","?","M","?","M","?","R","BOSS","M","$","M","$","?","E"],"items_purchased_type":["Relic","Card","Card","Potion"],"build_version":"2020-12-22","purchased_purges":2,"victory":false,"max_hp_per_floor":[80,80,80,80,80,80,80,80,87,87,87,87,87,87,87,87,87,87,87,87,87,87,87,87,87,87,87,87,87,87,87,87,87,87,87,87,87,87,87,87,87],"card_choices":[{"not_picked":["Shrug It Off","Flex"],"picked":"Searing Blow","floor":1.0},{"not_picked":["Combust","Rampage"],"picked":"Perfected Strike","floor":4.0},{"not_picked":["Juggernaut","Shrug It Off"],"picked":"Perfected Strike","floor":7.0},{"not_picked":["Power Through","Heavy Blade"],"picked":"Pommel Strike","floor":11.0},{"not_picked":["Twin Strike","Pommel Strike"],"picked":"Shrug It Off","floor":13.0},{"not_picked":["Impervious","Bludgeon"],"picked":"Reaper","floor":16.0},{"not_picked":["Shrug It Off","Havoc","Thunderclap"],"picked":"SKIP","floor":18.0},{"not_picked":["Pommel Strike","Cleave","Anger"],"picked":"SKIP","floor":19.0},{"not_picked":["Sword Boomerang+1","Juggernaut"],"picked":"Flex","floor":20.0},{"not_picked":["Shrug It Off","Iron Wave"],"picked":"Warcry+1","floor":21.0},{"not_picked":["Cleave+1","Wild Strike","Iron Wave+1","Clothesline"],"picked":"SKIP","floor":28.0},{"not_picked":["Anger+1","Seeing Red","Wild Strike","Dark Embrace"],"picked":"SKIP","floor":30.0},{"not_picked":["Bludgeon","Impervious","Fiend Fire"],"picked":"Exhume","floor":33.0},{"not_picked":["Feel No Pain+1","Pommel Strike","True Grit"],"picked":"Armaments","floor":35.0},{"not_picked":["Twin Strike","Sever Soul","Headbutt+1"],"picked":"Iron Wave+1","floor":37.0},{"not_picked":["Cleave+1","Thunderclap","Warcry+1"],"picked":"Burning Pact+1","floor":39.0}],"player_experience":105519,"relics_obtained":[{"floor":9.0,"key":"Strawberry"},{"floor":26.0,"key":"Question Card"},{"floor":39.0,"key":"TungstenRod"}],"event_choices":[{"damage_healed":0.0,"max_hp_gain":0.0,"max_hp_loss":0.0,"gold_gain":175.0,"event_name":"Liars Game","player_choice":"AGREE","floor":2.0,"gold_loss":0.0,"damage_taken":0.0,"cards_obtained":["Doubt"]},{"damage_healed":0.0,"max_hp_gain":0.0,"max_hp_loss":0.0,"gold_gain":0.0,"event_name":"Golden Idol","player_choice":"Ignored","floor":10.0,"gold_loss":0.0,"damage_taken":0.0},{"cards_removed":["Bash"],"damage_healed":0.0,"max_hp_gain":0.0,"max_hp_loss":0.0,"gold_gain":0.0,"event_name":"The Cleric","player_choice":"Card Removal","floor":12.0,"gold_loss":50.0,"damage_taken":0.0},{"damage_healed":0.0,"max_hp_gain":0.0,"max_hp_loss":0.0,"gold_gain":0.0,"event_name":"Addict","player_choice":"Obtained Relic","floor":22.0,"gold_loss":85.0,"damage_taken":0.0,"relics_obtained":["MealTicket"]},{"damage_healed":0.0,"max_hp_gain":0.0,"max_hp_loss":0.0,"gold_gain":0.0,"event_name":"Drug Dealer","player_choice":"Inject Mutagens","floor":27.0,"gold_loss":0.0,"damage_taken":0.0,"relics_obtained":["MutagenicStrength"]},{"damage_healed":0.0,"max_hp_gain":0.0,"max_hp_loss":0.0,"gold_gain":0.0,"event_name":"The Library","player_choice":"Read","floor":29.0,"gold_loss":0.0,"damage_taken":0.0,"cards_obtained":["Perfected Strike"]},{"damage_healed":0.0,"max_hp_gain":0.0,"max_hp_loss":0.0,"gold_gain":0.0,"event_name":"MindBloom","player_choice":"Fight","floor":39.0,"gold_loss":0.0,"damage_taken":0.0}],"is_beta":false,"boss_relics":[{"not_picked":["Cursed Key","SacredBark"],"picked":"Runic Cube"},{"not_picked":["Astrolabe","Black Star"],"picked":"Runic Pyramid"}],"items_purged_floors":[3,36],"is_endless":false,"potions_floor_spawned":[7,16,19,20,21,33],"killed_by":"Reptomancer","ascension_level":1}}