{"host":"95i1gxnztdrdyvhi","time":1610670845,"event":{"mods":["100% Spire Juice","AchievementEnabler","Act Like it!","BaseMod","Minty Spire (QoL Compilation)","Quick Restart","StSLib"],"gold_per_floor":[111,111,28,103,179,179,179,179],"floor_reached":7,"language":"ENG","playtime":313,"items_purged":[],"score":37,"play_id":"5326c32f-02b1-408f-ac9d-069d5980d886","local_time":"20210115003405","is_ascension_mode":false,"campfire_choices":[{"data":"Moonworks:BackdoorTrade","floor":6,"key":"SMITH"}],"circlet_count":0,"master_deck":["Moonworks:Strike","Moonworks:Strike","Moonworks:Strike","Moonworks:Strike","Moonworks:Defend","Moonworks:Defend","Moonworks:Defend","Moonworks:Defend","Moonworks:Ambush","Moonworks:LongDistanceShot","Moonworks:LeapThroughSpace","Moonworks:BackdoorTrade+1","Flash of Steel"],"relics":["Moonworks:BrokenBomb","Moonworks:Homemark","Mummified Hand","Question Card"],"acts_visited":["Exordium"],"potions_floor_usage":[7],"damage_taken":[{"damage":12,"enemies":"Small Slimes","floor":1,"turns":8},{"damage":25,"enemies":"3 Sentries","floor":7,"turns":5}],"seed_played":"1084739349861162817","potions_obtained":[{"floor":1,"key":"SneckoOil"}],"is_trial":false,"path_per_floor":["M","?","$","?","T","R","E"],"character_chosen":"THE_STARBREAKER","items_purchased":["Flash of Steel"],"campfire_rested":0,"item_purchase_floors":[3],"current_hp_per_floor":[48,30,30,19,19,19,3,3],"gold":179,"neow_bonus":"THREE_RARE_CARDS","is_daily":false,"chose_seed":false,"campfire_upgraded":1,"win_rate":0.0,"timestamp":1610670845,"path_taken":["M","?","$","?","?","R","E"],"items_purchased_type":["Card"],"build_version":"2020-12-22","purchased_purges":0,"victory":false,"max_hp_per_floor":[52,52,52,52,52,52,52,52],"card_choices":[{"not_picked":["Moonworks:WeAreWaruda","Moonworks:SinkOrSwim"],"picked":"Moonworks:LeapThroughSpace","floor":0},{"not_picked":["Moonworks:ExtendedPhotonRifle","Moonworks:LuckyCharm"],"picked":"Moonworks:BackdoorTrade","floor":1}],"player_experience":650003,"relics_obtained":[{"floor":5,"key":"Question Card"}],"event_choices":[{"damage_healed":0,"gold_gain":0,"player_choice":"Success","damage_taken":18,"relics_obtained":["Mummified Hand"],"max_hp_gain":0,"max_hp_loss":0,"event_name":"Scrap Ooze","floor":2,"gold_loss":0},{"damage_healed":0,"gold_gain":75,"player_choice":"Gather Gold","damage_taken":11,"max_hp_gain":0,"max_hp_loss":0,"event_name":"World of Goop","floor":4,"gold_loss":0}],"is_beta":false,"boss_relics":[],"items_purged_floors":[],"is_endless":false,"potions_floor_spawned":[1],"killed_by":"3 Sentries","ascension_level":0}}