{"host":"4rvakrj1idbgia3f","time":1610709241,"event":{"mods":["BaseMod","Colored Map","Colored Powertips","DeckTracker","Highlight Path","Minty Spire (QoL Compilation)","Random Character Button","StSLib"],"gold_per_floor":[369,382,145,162,73,73,93,93,93,93,105,131,131,156,156,227,227,244,244,36,55,66,66,85,96,96,116,116,130,130,130,130,130,130],"floor_reached":33,"language":"JPN","playtime":1215,"items_purged":["Strike_R"],"score":498,"play_id":"588acbe7-5da3-49cd-9c4f-a0c269eef2fa","local_time":"20210115201401","is_ascension_mode":true,"campfire_choices":[{"data":"Uppercut","floor":6.0,"key":"SMITH"},{"data":"Inflame","floor":8.0,"key":"SMITH"},{"data":"Bash","floor":10.0,"key":"SMITH"},{"data":"Whirlwind","floor":13,"key":"SMITH"},{"data":"Disarm","floor":15,"key":"SMITH"},{"data":"Exhume","floor":23,"key":"SMITH"},{"data":"Limit Break","floor":28,"key":"SMITH"},{"data":"Evolve","floor":30,"key":"SMITH"},{"data":"Pommel Strike","floor":32,"key":"SMITH"}],"circlet_count":0,"master_deck":["AscendersBane","Strike_R","Strike_R","Strike_R","Strike_R","Defend_R","Defend_R","Defend_R","Defend_R","Bash+1","Uppercut+1","Inflame+1","Shrug It Off","Disarm+1","Whirlwind+1","Shrug It Off","Pommel Strike+1","Exhume+1","Fire Breathing+1","Evolve+1","Limit Break+1"],"relics":["Burning Blood","Happy Flower","Gremlin Horn","Odd Mushroom","Pocketwatch","Mark of Pain","Membership Card","Incense Burner","Nilry\u0027s Codex"],"acts_visited":["Exordium","TheCity"],"potions_floor_usage":[14,29],"damage_taken":[{"damage":1.0,"enemies":"Cultist","floor":1.0,"turns":3.0},{"damage":2.0,"enemies":"Jaw Worm","floor":2.0,"turns":5.0},{"damage":2.0,"enemies":"2 Louse","floor":4.0,"turns":3.0},{"damage":4.0,"enemies":"Looter","floor":7.0,"turns":4.0},{"damage":16.0,"enemies":"Exordium Wildlife","floor":11.0,"turns":4.0},{"damage":12,"enemies":"The Mushroom Lair","floor":12,"turns":3},{"damage":5,"enemies":"Lagavulin","floor":14,"turns":4},{"damage":7,"enemies":"The Guardian","floor":16,"turns":10},{"damage":0,"enemies":"3 Byrds","floor":18,"turns":3},{"damage":0,"enemies":"Chosen","floor":21,"turns":4},{"damage":8,"enemies":"Snecko","floor":22,"turns":5},{"damage":6,"enemies":"Snake Plant","floor":24,"turns":3},{"damage":13,"enemies":"Sentry and Sphere","floor":25,"turns":4},{"damage":13,"enemies":"Cultist and Chosen","floor":27,"turns":5},{"damage":4,"enemies":"Shelled Parasite and Fungi","floor":29,"turns":3},{"damage":66,"enemies":"Automaton","floor":33,"turns":6}],"seed_played":"-3634509418079008378","potions_obtained":[{"floor":1.0,"key":"GamblersBrew"},{"floor":7.0,"key":"Dexterity Potion"},{"floor":12,"key":"DistilledChaos"},{"floor":14,"key":"BloodPotion"},{"floor":24,"key":"DuplicationPotion"}],"is_trial":false,"path_per_floor":["M","M","$","M","$","R","M","R","T","R","M","?","R","E","R","B",null,"M","?","$","M","M","R","M","M","T","M","R","M","R","?","R","B"],"character_chosen":"IRONCLAD","items_purchased":["Happy Flower","Disarm","Membership Card","Evolve"],"campfire_rested":0,"item_purchase_floors":[3,5,20,20],"current_hp_per_floor":[68,68,68,68,68,68,68,68,68,68,58,52,52,53,53,52,64,68,68,68,68,66,66,66,59,59,52,52,54,54,33,33,0,0],"gold":130,"neow_bonus":"TWO_FIFTY_GOLD","is_daily":false,"chose_seed":false,"campfire_upgraded":9,"win_rate":0.0,"timestamp":1610709241,"path_taken":["M","M","$","M","?","R","?","R","T","R","M","?","R","E","R","BOSS","M","?","$","M","M","R","M","M","T","M","R","M","R","?","R","BOSS"],"items_purchased_type":["Relic","Card","Relic","Card"],"build_version":"2020-12-22","purchased_purges":1,"victory":false,"max_hp_per_floor":[68,68,68,68,68,68,68,68,68,68,68,68,68,68,68,68,68,68,68,68,68,68,68,68,68,68,68,68,68,68,68,68,68,68],"card_choices":[{"not_picked":["Spot Weakness","Clash"],"picked":"Uppercut","floor":1.0},{"not_picked":["Perfected Strike","Heavy Blade"],"picked":"Inflame","floor":2.0},{"not_picked":["Pommel Strike","Havoc"],"picked":"Shrug It Off","floor":4.0},{"not_picked":["Thunderclap","Flex","Combust"],"picked":"SKIP","floor":7.0},{"not_picked":["Pommel Strike","Inflame"],"picked":"Whirlwind","floor":11.0},{"not_picked":["Searing Blow","Heavy Blade"],"picked":"Shrug It Off","floor":12},{"not_picked":["Flex","Uppercut"],"picked":"Pommel Strike","floor":14},{"not_picked":["Demon Form","Juggernaut"],"picked":"Exhume","floor":16},{"not_picked":["Thunderclap","Feel No Pain"],"picked":"Fire Breathing+1","floor":18},{"not_picked":["Perfected Strike","Iron Wave","Anger"],"picked":"SKIP","floor":21},{"not_picked":["Iron Wave","Entrench+1","Pummel"],"picked":"SKIP","floor":22},{"not_picked":["Combust","Twin Strike","Anger"],"picked":"SKIP","floor":24},{"not_picked":["Headbutt","Ghostly Armor","Sword Boomerang+1"],"picked":"SKIP","floor":25},{"not_picked":["Clash+1","Dual Wield"],"picked":"Limit Break","floor":27},{"not_picked":["Armaments","Rampage","Anger"],"picked":"SKIP","floor":29}],"player_experience":2034893,"relics_obtained":[{"floor":9.0,"key":"Gremlin Horn"},{"floor":12,"key":"Odd Mushroom"},{"floor":14,"key":"Pocketwatch"},{"floor":26,"key":"Incense Burner"},{"floor":31,"key":"Nilry\u0027s Codex"}],"event_choices":[{"damage_healed":0,"gold_gain":0,"player_choice":"Fought Mushrooms","damage_taken":0,"max_hp_gain":0,"max_hp_loss":0,"event_name":"Mushrooms","floor":12,"gold_loss":0},{"damage_healed":0,"gold_gain":0,"player_choice":"Ignored","damage_taken":0,"max_hp_gain":0,"max_hp_loss":0,"event_name":"The Mausoleum","floor":19,"gold_loss":0},{"damage_healed":0,"gold_gain":0,"player_choice":"Obtained Book","damage_taken":21,"max_hp_gain":0,"max_hp_loss":0,"event_name":"Cursed Tome","floor":31,"gold_loss":0}],"is_beta":false,"boss_relics":[{"not_picked":["Black Star","Sozu"],"picked":"Mark of Pain"}],"items_purged_floors":[3],"is_endless":false,"potions_floor_spawned":[1,7,12,14,18,22,24,25],"killed_by":"Automaton","ascension_level":20}}