{"host":"J","time":1610745490,"event":{"mods":["BaseMod","Better Third Choice","Minty Spire (QoL Compilation)","StSLib"],"gold_per_floor":[110,121,135,152,230,230,230,274,274,307,322,2,2,27,27,116,116,136,160,179,194,40,40,71,71,124,124,124],"floor_reached":27,"language":"ENG","playtime":744,"items_purged":["Strike_P"],"score":690,"play_id":"ad02567d-cf66-4ae1-addc-1baa1a83e494","local_time":"20210115221810","is_ascension_mode":true,"campfire_choices":[{"data":"Eruption","floor":6.0,"key":"SMITH"},{"data":"SashWhip","floor":13.0,"key":"SMITH"},{"data":"Vigilance","floor":15.0,"key":"SMITH"},{"data":"Devotion","floor":23.0,"key":"SMITH"},{"data":"Consecrate","floor":25.0,"key":"SMITH"}],"circlet_count":0,"master_deck":["AscendersBane","Strike_P","Strike_P","Strike_P","Defend_P","Defend_P","Defend_P","Defend_P","Eruption+1","Vigilance+1","MasterReality","FlurryOfBlows","EmptyFist","BowlingBash","SashWhip+1","CarveReality","FlyingSleeves","ClearTheMind","Devotion+1","Tantrum","Wireheading","Consecrate+1","CarveReality","DeceiveReality","LikeWater"],"relics":["PureWater","Eternal Feather","Golden Idol","Regal Pillow","Meat on the Bone","Damaru","Bag of Preparation","Lee\u0027s Waffle","VioletLotus","Sundial","Ancient Tea Set"],"acts_visited":["Exordium","TheCity"],"potions_floor_usage":[27],"damage_taken":[{"damage":7.0,"enemies":"Cultist","floor":1.0,"turns":3.0},{"damage":2.0,"enemies":"Jaw Worm","floor":2.0,"turns":3.0},{"damage":0.0,"enemies":"Small Slimes","floor":3.0,"turns":4.0},{"damage":0.0,"enemies":"Looter","floor":4.0,"turns":1.0},{"damage":8.0,"enemies":"Gremlin Nob","floor":8.0,"turns":3.0},{"damage":17.0,"enemies":"Lagavulin","floor":10.0,"turns":7.0},{"damage":7.0,"enemies":"2 Fungi Beasts","floor":11.0,"turns":3.0},{"damage":8.0,"enemies":"Blue Slaver","floor":14.0,"turns":2.0},{"damage":66.0,"enemies":"The Guardian","floor":16.0,"turns":10.0},{"damage":6.0,"enemies":"Spheric Guardian","floor":18.0,"turns":3.0},{"damage":20.0,"enemies":"2 Thieves","floor":19.0,"turns":4.0},{"damage":8.0,"enemies":"Snecko","floor":20.0,"turns":3.0},{"damage":0.0,"enemies":"3 Cultists","floor":21.0,"turns":3.0},{"damage":41.0,"enemies":"Gremlin Leader","floor":24.0,"turns":6.0},{"damage":45,"enemies":"Book of Stabbing","floor":27,"turns":5}],"seed_played":"4020439760839923203","potions_obtained":[{"floor":1.0,"key":"LiquidMemories"},{"floor":4.0,"key":"Swift Potion"},{"floor":10.0,"key":"Weak Potion"},{"floor":11.0,"key":"Energy Potion"},{"floor":18.0,"key":"PowerPotion"},{"floor":19.0,"key":"CultistPotion"},{"floor":20.0,"key":"LiquidMemories"},{"floor":24.0,"key":"AttackPotion"}],"is_trial":false,"path_per_floor":["M","M","M","M","T","R","?","E","T","E","M","$","R","M","R","B",null,"M","M","M","M","$","R","E","R","T","E"],"character_chosen":"WATCHER","items_purchased":["Bag of Preparation","Lee\u0027s Waffle","DeceiveReality"],"campfire_rested":0,"item_purchase_floors":[12,12,22],"current_hp_per_floor":[54,52,52,52,52,61,61,53,53,36,41,69,69,61,69,15,56,50,42,46,46,46,58,29,44,44,0,0],"gold":124,"neow_bonus":"ONE_RANDOM_RARE_CARD","is_daily":false,"chose_seed":false,"campfire_upgraded":5,"win_rate":0.0,"timestamp":1610745490,"path_taken":["M","?","M","?","?","R","?","E","T","E","M","$","R","M","R","BOSS","M","M","M","M","$","R","E","R","T","E"],"items_purchased_type":["Relic","Relic","Card"],"build_version":"2020-12-18","purchased_purges":1,"victory":false,"max_hp_per_floor":[68,68,68,68,68,68,62,62,62,62,62,69,69,69,69,69,69,69,69,69,69,69,69,69,69,69,69,69],"card_choices":[{"not_picked":["SignatureMove","ThirdEye"],"picked":"FlurryOfBlows","floor":1.0},{"not_picked":["Protect","ForeignInfluence","Worship"],"picked":"SKIP","floor":2.0},{"not_picked":["JustLucky","Swivel"],"picked":"EmptyFist","floor":3.0},{"not_picked":["Protect","EmptyMind"],"picked":"BowlingBash","floor":4.0},{"not_picked":["EmptyFist","Nirvana"],"picked":"SashWhip","floor":8.0},{"not_picked":["Prostrate","Ragnarok"],"picked":"CarveReality","floor":10.0},{"not_picked":["Evaluate","SandsOfTime"],"picked":"FlyingSleeves","floor":11.0},{"not_picked":["FlurryOfBlows","Collect"],"picked":"ClearTheMind","floor":14.0},{"not_picked":["Omniscience","Wish"],"picked":"Devotion","floor":16.0},{"not_picked":["PathToVictory","CrushJoints"],"picked":"Tantrum","floor":18.0},{"not_picked":["Protect","WreathOfFlame"],"picked":"Wireheading","floor":19.0},{"not_picked":["Perseverance+1","Worship"],"picked":"Consecrate","floor":20.0},{"not_picked":["Consecrate","Weave"],"picked":"CarveReality","floor":21.0},{"not_picked":["Worship","FlyingSleeves"],"picked":"LikeWater","floor":24.0}],"player_experience":1097741,"relics_obtained":[{"floor":5.0,"key":"Eternal Feather"},{"floor":8.0,"key":"Regal Pillow"},{"floor":9.0,"key":"Meat on the Bone"},{"floor":10.0,"key":"Damaru"},{"floor":24.0,"key":"Sundial"},{"floor":26.0,"key":"Ancient Tea Set"}],"event_choices":[{"damage_healed":0.0,"max_hp_gain":0.0,"max_hp_loss":6.0,"gold_gain":0.0,"event_name":"Golden Idol","player_choice":"Lose Max HP","floor":7.0,"gold_loss":0.0,"damage_taken":0.0,"relics_obtained":["Golden Idol"]}],"is_beta":true,"boss_relics":[{"not_picked":["Velvet Choker","Coffee Dripper"],"picked":"VioletLotus"}],"items_purged_floors":[22],"is_endless":false,"potions_floor_spawned":[1,4,10,11,16,18,19,20,24],"killed_by":"Book of Stabbing","ascension_level":20}}