{"host":"97k5lqmr6aaz1p9r","time":1610697159,"event":{"mods":["BaseMod","Colored Map","Downfall","Jorbs\u0027s Wanderer Trilogy","Minty Spire (QoL Compilation)","StSLib"],"gold_per_floor":[99,114,129,129,144,144,144,159,174,349,199,238,238,262,286,395,395,395,419,443,443,467,576,576,345,369,212,236,275,200,224,248,357,357,357,416,416,83,108,132,157,157,181,181,181,220,244,283,283,283,283],"floor_reached":49,"language":"ENG","playtime":3796,"items_purged":["Doubt"],"score":744,"play_id":"45b08446-8fb4-4ee3-b9a9-200c9c1b306f","local_time":"20210115075239","daily_mods":["SealedDeck","Colorless Cards","Lethality"],"is_ascension_mode":false,"campfire_choices":[{"data":"expansioncontent:Hexaburn","floor":1,"key":"SMITH"},{"floor":6,"key":"RECALL"},{"data":"expansioncontent:Flail","floor":11,"key":"SMITH"},{"data":"hexamod:RainOfEmbers","floor":13,"key":"SMITH"},{"data":"hexamod:TimeOfNeed","floor":18,"key":"SMITH"},{"data":"hexamod:Incineration","floor":30,"key":"SMITH"},{"data":"hexamod:RainOfEmbers","floor":35,"key":"SMITH"},{"data":"hexamod:Hexaguard","floor":42,"key":"SMITH"},{"data":"hexamod:AdvancingGuard","floor":45,"key":"SMITH"}],"circlet_count":0,"master_deck":["expansioncontent:Hexaburn+1","hexamod:HauntingEcho","hexamod:Firestarter","hexamod:BurningTouch","hexamod:BurningTouch","hexamod:AdvancingGuard+1","hexamod:Hexaguard+1","hexamod:AdvancingGuard+1","hexamod:Hexaguard","hexamod:RainOfEmbers+1","expansioncontent:Flail+1","hexamod:Hexaguard+1","hexamod:ExtraCrispy","hexamod:GhostLash","hexamod:ApocalypticArmor","hexamod:SpectralAdrenaline","hexamod:BacktrackSmack","hexamod:TimeOfNeed+1","hexamod:GhostOfSpirePast+1","hexamod:RecurringNightmare","hexamod:RetreatToShadows","hexamod:Firestarter+1","hexamod:Incineration+1","hexamod:RainOfEmbers+1","hexamod:Rewind+1","Discovery+1","hexamod:FastForward+1","hexamod:SpectralAdrenaline+1","hexamod:HeatShield+1","hexamod:GhostflameInferno+1","hexamod:NightmareGuise+1","Finesse+1","hexamod:NightmareGuise+1","hexamod:Hexaguard+1","Purity+1","expansioncontent:QuickStudy+1"],"relics":["hexamod:SpiritBrand","downfall:ShatteredFragment","downfall:HeartBlessingRed","downfall:HeartBlessingBlue","CeramicFish","SlaversCollar","Potion Belt","War Paint","Chemical X","Toxic Egg 2","ClockworkSouvenir","Smiling Mask","downfall:HeartBlessingGreen","hexamod:IceCube","Ginger","Juzu Bracelet","Bag of Marbles","Bag of Preparation","Frozen Egg 2"],"acts_visited":["Exordium","TheCity","TheBeyond"],"potions_floor_usage":[23,33,36,43,48,49,49,49],"damage_taken":[{"damage":0,"enemies":"Cultist","floor":2,"turns":1},{"damage":0,"enemies":"Jaw Worm","floor":3,"turns":1},{"damage":0,"enemies":"Small Slimes","floor":5,"turns":2},{"damage":0,"enemies":"Exordium Wildlife","floor":8,"turns":2},{"damage":0,"enemies":"Lots of Slimes","floor":9,"turns":2},{"damage":0,"enemies":"Gremlin Nob","floor":12,"turns":2},{"damage":0,"enemies":"Exordium Thugs","floor":14,"turns":2},{"damage":0,"enemies":"Large Slime","floor":15,"turns":2},{"damage":8,"enemies":"downfall:Ironclad","floor":16,"turns":4},{"damage":0,"enemies":"Shell Parasite","floor":19,"turns":3},{"damage":15,"enemies":"Snake Plant","floor":20,"turns":4},{"damage":9,"enemies":"Centurion and Healer","floor":22,"turns":5},{"damage":3,"enemies":"downfall:LadyInBlue","floor":23,"turns":3},{"damage":0,"enemies":"downfall:FleeingMerchant","floor":25,"turns":4},{"damage":0,"enemies":"Chosen and Byrds","floor":26,"turns":3},{"damage":13,"enemies":"downfall:FleeingMerchant","floor":27,"turns":3},{"damage":0,"enemies":"Cultist and Chosen","floor":28,"turns":3},{"damage":5,"enemies":"Gremlin Leader","floor":29,"turns":3},{"damage":0,"enemies":"Shelled Parasite and Fungi","floor":31,"turns":2},{"damage":0,"enemies":"Snecko","floor":32,"turns":3},{"damage":0,"enemies":"downfall:Silent","floor":33,"turns":3},{"damage":25,"enemies":"Mind Bloom Boss Battle","floor":36,"turns":4},{"damage":3,"enemies":"3 Shapes","floor":40,"turns":2},{"damage":0,"enemies":"3 Darklings","floor":43,"turns":1},{"damage":10,"enemies":"Giant Head","floor":46,"turns":6},{"damage":16,"enemies":"Maw","floor":47,"turns":5},{"damage":48,"enemies":"Reptomancer","floor":48,"turns":4},{"damage":24,"enemies":"Jaw Worm Horde","floor":49,"turns":1}],"seed_played":"5830580211590973081","potions_obtained":[{"floor":5,"key":"SteroidPotion"},{"floor":8,"key":"BlessingOfTheForge"},{"floor":12,"key":"hexamod:EctoCoolerPotion"},{"floor":19,"key":"Swift Potion"},{"floor":20,"key":"DuplicationPotion"},{"floor":23,"key":"Fruit Juice"},{"floor":23,"key":"Explosive Potion"},{"floor":23,"key":"hexamod:DoubleChargePotion"},{"floor":36,"key":"hexamod:InfernoChargePotion"},{"floor":40,"key":"Fire Potion"},{"floor":46,"key":"Fruit Juice"}],"is_trial":false,"path_per_floor":["R","M","M","?","M","R","T","M","M","?","R","E","R","M","M","B",null,"R","M","M","?","M","?","T","$","M","$","M","E","R","M","M","B",null,"R","?","?","?","?","M","T","R","M","$","R","E","M","E","M"],"character_chosen":"THE_SPIRIT","items_purchased":["Chemical X","Toxic Egg 2","hexamod:Rewind+1","ClockworkSouvenir"],"campfire_rested":0,"item_purchase_floors":[25,27,27,27],"current_hp_per_floor":[70,70,70,49,49,49,49,49,49,49,59,59,59,59,59,51,80,80,80,65,65,56,53,53,53,53,40,40,35,35,35,35,35,80,80,55,55,90,90,87,87,87,87,87,87,77,61,13,0,0,0],"gold":283,"neow_bonus":"","is_daily":true,"chose_seed":false,"campfire_upgraded":8,"win_rate":0.0,"timestamp":1610697159,"path_taken":["R","M","M","?","M","R","T","M","M","?","R","E","R","M","M","BOSS","R","M","M","?","M","?","T","$","?","?","M","E","R","M","M","BOSS","R","?","?","?","?","M","T","R","M","?","R","E","M","E","M"],"items_purchased_type":["Relic","Relic","Card","Relic"],"build_version":"2020-12-22","purchased_purges":1,"victory":false,"max_hp_per_floor":[70,70,70,70,70,70,70,70,70,70,80,80,80,80,80,80,80,80,80,80,80,80,80,80,80,80,80,80,80,80,80,80,80,80,80,80,80,90,90,90,90,90,90,90,90,90,90,90,100,100,100],"card_choices":[{"not_picked":["hexamod:BurningTouch","hexamod:GhostShield"],"picked":"expansioncontent:Flail","floor":2},{"not_picked":["hexamod:AdvancingGuard","hexamod:GhostShield","expansioncontent:Hexaburn"],"picked":"SKIP","floor":3},{"not_picked":["hexamod:AdvancingGuard","hexamod:GhostflameBarrier"],"picked":"hexamod:Hexaguard","floor":5},{"not_picked":["hexamod:HeatCrush","hexamod:GhostLash"],"picked":"hexamod:ExtraCrispy","floor":8},{"not_picked":["hexamod:AdvancingGuard","hexamod:ThermalTransfer"],"picked":"hexamod:GhostLash","floor":9},{"not_picked":["hexamod:AdvancingGuard","expansioncontent:PolyBeam"],"picked":"hexamod:ApocalypticArmor","floor":12},{"not_picked":["hexamod:BurningTouch","hexamod:HauntingEcho"],"picked":"hexamod:SpectralAdrenaline","floor":14},{"not_picked":["hexamod:NightmareStrike","hexamod:NightmareGuise"],"picked":"hexamod:BacktrackSmack","floor":15},{"not_picked":["Apotheosis","hexamod:ApocalypseNow"],"picked":"hexamod:TimeOfNeed","floor":16},{"not_picked":["hexamod:RadiantFlame+1","hexamod:Firestarter"],"picked":"hexamod:GhostOfSpirePast+1","floor":19},{"not_picked":["Discovery","hexamod:RainOfEmbers"],"picked":"hexamod:RecurringNightmare","floor":20},{"not_picked":["hexamod:ShieldOfDarkness","Good Instincts"],"picked":"hexamod:RetreatToShadows","floor":22},{"not_picked":["hexamod:EtherealExpedition","hexamod:RadiantFlame"],"picked":"hexamod:Firestarter+1","floor":23},{"not_picked":["hexamod:InspiringFlames+1","expansioncontent:BronzeBeam+1"],"picked":"hexamod:Incineration","floor":25},{"not_picked":["hexamod:GhostShield","hexamod:CrushingStance"],"picked":"hexamod:RainOfEmbers","floor":26},{"not_picked":["expansioncontent:YouAreMine","hexamod:BurningTouch+1","hexamod:InspiringFlames"],"picked":"SKIP","floor":27},{"not_picked":["hexamod:SpectersWail+1","hexamod:HauntingEcho"],"picked":"Discovery+1","floor":28},{"not_picked":["expansioncontent:DarkVoid","expansioncontent:Torchfire+1"],"picked":"hexamod:FastForward+1","floor":29},{"not_picked":["hexamod:BurningTouch+1","hexamod:SpectersWail"],"picked":"hexamod:SpectralAdrenaline+1","floor":31},{"not_picked":["Dramatic Entrance","hexamod:NightmareStrike+1"],"picked":"hexamod:HeatShield+1","floor":32},{"not_picked":["Violence+1","Apotheosis+1"],"picked":"hexamod:GhostflameInferno+1","floor":33},{"not_picked":["expansioncontent:Flail","hexamod:SwordOfDarkness"],"picked":"hexamod:NightmareGuise+1","floor":36},{"not_picked":["hexamod:SwordOfDarkness+1","hexamod:AdvancingGuard+1"],"picked":"Finesse+1","floor":40},{"not_picked":["hexamod:BurningTouch+1","hexamod:HauntingEcho"],"picked":"hexamod:NightmareGuise+1","floor":43},{"not_picked":["hexamod:AdvancingGuard+1","Metamorphosis+1"],"picked":"hexamod:Hexaguard+1","floor":46},{"not_picked":["hexamod:Firestarter","expansioncontent:LastStand+1"],"picked":"Purity+1","floor":47},{"not_picked":["hexamod:SpectersWail","hexamod:Again+1"],"picked":"expansioncontent:QuickStudy+1","floor":48}],"player_experience":679416,"relics_obtained":[{"floor":12,"key":"CeramicFish"},{"floor":23,"key":"Potion Belt"},{"floor":24,"key":"War Paint"},{"floor":29,"key":"Smiling Mask"},{"floor":36,"key":"Ginger"},{"floor":39,"key":"Juzu Bracelet"},{"floor":41,"key":"Bag of Marbles"},{"floor":46,"key":"Bag of Preparation"},{"floor":48,"key":"Frozen Egg 2"}],"event_choices":[{"damage_healed":0,"gold_gain":0,"player_choice":"Ignored","damage_taken":0,"max_hp_gain":0,"max_hp_loss":0,"event_name":"Vampires","floor":21,"gold_loss":0}],"is_beta":false,"boss_relics":[{"not_picked":["Calling Bell","Busted Crown"],"picked":"SlaversCollar"},{"not_picked":["Snecko Eye","Astrolabe"],"picked":"hexamod:IceCube"}],"items_purged_floors":[25],"is_endless":false,"potions_floor_spawned":[5,8,12,16,19,20,22,31,36,40,46],"killed_by":"Jaw Worm Horde","ascension_level":0}}