{"host":"i2ir6b55gxkcwpt4","time":1610706560,"event":{"mods":["BaseMod","Colored Map","Colored Powertips","GungeonMod","Minty Spire (QoL Compilation)","StSLib"],"gold_per_floor":[111,111,74,74,99,135,135,154,208,208,237,7,50,74,74,195,195,211,211,211,225,249,288,311,351,351,351,442,461,496,521,521,641,641,666,687,687,687,687,1030,1030,1030,1053,1053,12,50,50,74,74,74],"floor_reached":51,"language":"ZHS","playtime":7023,"items_purged":[],"score":925,"play_id":"fd6ba056-7469-4164-b6d3-f15d456cf02a","local_time":"20210115182920","is_ascension_mode":false,"campfire_choices":[{"data":"DemoMod:SniperShot","floor":7.0,"key":"SMITH"},{"data":"DemoMod:BSG","floor":10.0,"key":"SMITH"},{"data":"DemoMod:PotionOfGunFriendShip","floor":15.0,"key":"SMITH"},{"data":"DemoMod:Slinger","floor":27.0,"key":"SMITH"},{"floor":32.0,"key":"REST"},{"floor":42.0,"key":"REST"},{"data":"DemoMod:FastSwitch","floor":44.0,"key":"SMITH"},{"floor":49.0,"key":"REST"}],"circlet_count":0,"master_deck":["DemoMod:Roll","DemoMod:ManualReload","DemoMod:RustySidearm","DemoMod:CrossBow","DemoMod:Camera","DemoMod:SniperShot+1","DemoMod:HardPowerCard","DemoMod:BSG+1","DemoMod:RadGun","DemoMod:HuntsMan","DemoMod:DoubleSwitch","DemoMod:ProbeStrike","DemoMod:PotionOfGunFriendShip+1","DemoMod:ShadowBullets","DemoMod:SAA","DemoMod:SkilledReload","DemoMod:ThirdPartyController","DemoMod:AWP","DemoMod:FortunesFavor","DemoMod:TripleGun","DemoMod:HardPowerCard","DemoMod:PotionOfGunFriendShip","DemoMod:PracticeMakesPerfect","DemoMod:PracticeMakesPerfect","DemoMod:Unmoved","DemoMod:Slinger+1","DemoMod:ZorGun+1","DemoMod:BalloonGun","DemoMod:HardPowerCard+1","DemoMod:LifeOrb","DemoMod:HungryBullets+1","DemoMod:JK47+1","DemoMod:AC15","DemoMod:BattleInHaste","DemoMod:GunslingerForm+1","DemoMod:FastSwitch+1","DemoMod:CombinedRifle","Sadistic Nature+1","Magnetism+1","Panacea","DemoMod:Polaris+1","Chrysalis","DemoMod:ChanceBullets+1","DemoMod:TeaPot","DemoMod:FeignSurrender","DemoMod:FastSwitch+1"],"relics":["DemoMod:Dog","NeowsBlessing","Sundial","Golden Idol","Pen Nib","DemoMod:MonsterBlood","Odd Mushroom","Gambling Chip","Pandora\u0027s Box","Enchiridion","DemoMod:CrisisStone","Mango","DemoMod:WhiteGuonStone","Frozen Egg 2","Gremlin Horn","SacredBark","DemoMod:DecoyRelic","Old Coin","Toy Ornithopter","TungstenRod","FossilizedHelix","Strange Spoon","DemoMod:GundromedaStrain"],"acts_visited":["Exordium","TheCity","TheBeyond"],"potions_floor_usage":[50,50,50],"damage_taken":[{"damage":0.0,"enemies":"Jaw Worm","floor":1.0,"turns":1.0},{"damage":0.0,"enemies":"2 Louse","floor":5.0,"turns":1.0},{"damage":0.0,"enemies":"Gremlin Nob","floor":6.0,"turns":1.0},{"damage":0.0,"enemies":"Cultist","floor":8.0,"turns":3.0},{"damage":0.0,"enemies":"The Mushroom Lair","floor":11.0,"turns":2.0},{"damage":0.0,"enemies":"3 Sentries","floor":13.0,"turns":7.0},{"damage":0.0,"enemies":"Exordium Thugs","floor":14.0,"turns":1.0},{"damage":35.0,"enemies":"Hexaghost","floor":16.0,"turns":7.0},{"damage":10.0,"enemies":"3 Byrds","floor":18.0,"turns":3.0},{"damage":15.0,"enemies":"Spheric Guardian","floor":21.0,"turns":4.0},{"damage":10.0,"enemies":"Snake Plant","floor":22.0,"turns":5.0},{"damage":17.0,"enemies":"Book of Stabbing","floor":23.0,"turns":3.0},{"damage":0.0,"enemies":"3 Cultists","floor":24.0,"turns":2.0},{"damage":0.0,"enemies":"Gremlin Leader","floor":25.0,"turns":4.0},{"damage":0.0,"enemies":"Slavers","floor":28.0,"turns":3.0},{"damage":0.0,"enemies":"Cultist and Chosen","floor":29.0,"turns":5.0},{"damage":0.0,"enemies":"Snake Plant","floor":30.0,"turns":3.0},{"damage":0.0,"enemies":"Chosen and Byrds","floor":31.0,"turns":3.0},{"damage":2.0,"enemies":"Collector","floor":33.0,"turns":5.0},{"damage":10.0,"enemies":"3 Shapes","floor":35.0,"turns":4.0},{"damage":0.0,"enemies":"3 Darklings","floor":36.0,"turns":2.0},{"damage":36.0,"enemies":"Nemesis","floor":40.0,"turns":7.0},{"damage":5.0,"enemies":"Sphere and 2 Shapes","floor":41.0,"turns":3.0},{"damage":0.0,"enemies":"Reptomancer","floor":46.0,"turns":5.0},{"damage":0.0,"enemies":"Jaw Worm Horde","floor":48.0,"turns":3.0},{"damage":19,"enemies":"Awakened One","floor":50,"turns":9}],"seed_played":"7788305120140482899","potions_obtained":[{"floor":8.0,"key":"EssenceOfSteel"},{"floor":13.0,"key":"Fire Potion"},{"floor":22.0,"key":"SneckoOil"},{"floor":24.0,"key":"DemoMod:BlankPotion"},{"floor":25.0,"key":"Fruit Juice"},{"floor":29.0,"key":"Regen Potion"},{"floor":30.0,"key":"ColorlessPotion"},{"floor":31.0,"key":"CultistPotion"},{"floor":36.0,"key":"CultistPotion"},{"floor":40.0,"key":"SmokeBomb"},{"floor":47.0,"key":"EssenceOfSteel"},{"floor":47.0,"key":"Weak Potion"}],"is_trial":false,"path_per_floor":["M","?","$","?","M","E","R","M","T","R","?","$","E","M","R","B",null,"M","?","T","M","M","E","M","E","T","R","E","M","M","M","R","B",null,"M","M","?","T","?","E","M","R","T","R","$","E","?","M","R","B",null],"character_chosen":"HUNTRESS","items_purchased":["DemoMod:SniperShot","DemoMod:DoubleSwitch","DemoMod:ProbeStrike","DemoMod:PotionOfGunFriendShip","DemoMod:ShadowBullets","TungstenRod","FossilizedHelix","Strange Spoon","Chrysalis","DemoMod:ChanceBullets+1","DemoMod:TeaPot"],"campfire_rested":3,"item_purchase_floors":[3,12,12,12,12,45,45,45,45,45,45],"current_hp_per_floor":[70,63,63,46,46,46,46,46,53,53,53,53,53,53,53,18,77,67,51,51,36,26,23,23,23,23,23,23,23,37,37,65,63,96,86,86,86,86,76,40,35,63,63,63,63,63,63,63,91,77],"gold":74,"neow_bonus":"THREE_ENEMY_KILL","is_daily":false,"chose_seed":false,"campfire_upgraded":5,"win_rate":0.0,"timestamp":1610706560,"path_taken":["M","?","$","?","M","E","R","M","T","R","?","?","E","?","R","BOSS","M","?","?","M","M","E","M","E","T","R","E","M","M","M","R","BOSS","M","M","?","?","?","E","M","R","T","R","$","E","?","?","R","BOSS"],"items_purchased_type":["Card","Card","Card","Card","Card","Relic","Relic","Relic","Card","Card","Card"],"build_version":"2020-12-22","purchased_purges":0,"victory":true,"max_hp_per_floor":[70,70,70,70,70,70,70,70,77,77,77,77,77,77,77,77,77,77,77,77,77,77,91,91,91,91,91,91,91,96,96,96,96,96,96,96,96,96,96,96,96,96,96,96,96,96,96,96,96,96],"card_choices":[{"not_picked":["DemoMod:Ejector","DemoMod:AbyssalTentacle"],"picked":"DemoMod:Camera","floor":1.0},{"not_picked":["DemoMod:MachoBrace","DemoMod:SAA"],"picked":"DemoMod:HardPowerCard","floor":5.0},{"not_picked":["DemoMod:MegaHand","DemoMod:Unity"],"picked":"DemoMod:BSG","floor":6.0},{"not_picked":["DemoMod:HardPowerCard","DemoMod:DirectionalPad"],"picked":"DemoMod:RadGun","floor":8.0},{"not_picked":["DemoMod:AC15","DemoMod:ConditionalReflex"],"picked":"DemoMod:HuntsMan","floor":11.0},{"not_picked":["DemoMod:BoxingGlove","DemoMod:ZorGun"],"picked":"DemoMod:SAA","floor":13.0},{"not_picked":["DemoMod:Camera","DemoMod:SniperShot"],"picked":"DemoMod:SkilledReload","floor":14.0},{"not_picked":["DemoMod:BSG","DemoMod:Desperate"],"picked":"DemoMod:ThirdPartyController","floor":16.0},{"not_picked":["DemoMod:DoubleSwitch","DemoMod:HardPowerCard"],"picked":"DemoMod:Unmoved","floor":18.0},{"not_picked":["DemoMod:AWP","DemoMod:PotionOfGunFriendShip"],"picked":"DemoMod:Slinger","floor":21.0},{"not_picked":["DemoMod:HuntsMan","DemoMod:DirectionalPad"],"picked":"DemoMod:ZorGun+1","floor":22.0},{"not_picked":["DemoMod:DoubleSwitch","DemoMod:ConditionalReflex"],"picked":"DemoMod:BalloonGun","floor":23.0},{"not_picked":["DemoMod:Camera","DemoMod:PracticeMakesPerfect"],"picked":"DemoMod:HardPowerCard+1","floor":24.0},{"not_picked":["DemoMod:FortunesFavor","DemoMod:HardPowerCard"],"picked":"DemoMod:LifeOrb","floor":25.0},{"not_picked":["DemoMod:BoxingGlove+1","DemoMod:Unmoved"],"picked":"DemoMod:HungryBullets+1","floor":28.0},{"not_picked":["DemoMod:HardPowerCard","DemoMod:Purify"],"picked":"DemoMod:JK47+1","floor":29.0},{"not_picked":["DemoMod:SAA","DemoMod:PotionOfGunFriendShip"],"picked":"DemoMod:AC15","floor":30.0},{"not_picked":["DemoMod:PotionOfGunFriendShip","DemoMod:AC15+1"],"picked":"DemoMod:BattleInHaste","floor":31.0},{"not_picked":["DemoMod:FightSabre","DemoMod:BSG"],"picked":"DemoMod:GunslingerForm+1","floor":33.0},{"not_picked":["DemoMod:Unmoved","DemoMod:PotionOfGunFriendShip+1"],"picked":"DemoMod:FastSwitch","floor":35.0},{"not_picked":["DemoMod:Camera","DemoMod:HighKaliber"],"picked":"DemoMod:CombinedRifle","floor":36.0},{"not_picked":["Blind","Discovery"],"picked":"Sadistic Nature+1","floor":39.0},{"not_picked":["Blind","DemoMod:Spice"],"picked":"Magnetism+1","floor":39.0},{"not_picked":["Dramatic Entrance","PanicButton"],"picked":"Panacea","floor":39.0},{"not_picked":["DemoMod:Purify+1","DemoMod:AC15"],"picked":"DemoMod:Polaris+1","floor":40.0},{"not_picked":["DemoMod:PotionOfGunFriendShip","DemoMod:Ejector"],"picked":"DemoMod:FeignSurrender","floor":46.0},{"not_picked":["DemoMod:HighKaliber","DemoMod:CursedBullets+1"],"picked":"DemoMod:FastSwitch+1","floor":48.0}],"player_experience":62052,"relics_obtained":[{"floor":6.0,"key":"Pen Nib"},{"floor":9.0,"key":"DemoMod:MonsterBlood"},{"floor":11.0,"key":"Odd Mushroom"},{"floor":13.0,"key":"Gambling Chip"},{"floor":19.0,"key":"Enchiridion"},{"floor":20.0,"key":"DemoMod:CrisisStone"},{"floor":23.0,"key":"Mango"},{"floor":25.0,"key":"DemoMod:WhiteGuonStone"},{"floor":26.0,"key":"Frozen Egg 2"},{"floor":28.0,"key":"Gremlin Horn"},{"floor":38.0,"key":"DemoMod:DecoyRelic"},{"floor":40.0,"key":"Old Coin"},{"floor":43.0,"key":"Toy Ornithopter"},{"floor":46.0,"key":"DemoMod:GundromedaStrain"}],"event_choices":[{"damage_healed":0.0,"max_hp_gain":0.0,"max_hp_loss":0.0,"gold_gain":0.0,"event_name":"Scrap Ooze","player_choice":"Success","floor":2.0,"gold_loss":0.0,"damage_taken":7.0,"relics_obtained":["Sundial"]},{"damage_healed":0.0,"max_hp_gain":0.0,"max_hp_loss":0.0,"gold_gain":0.0,"event_name":"Golden Idol","player_choice":"Take Damage","floor":4.0,"gold_loss":0.0,"damage_taken":17.0,"relics_obtained":["Golden Idol"]},{"damage_healed":0.0,"max_hp_gain":0.0,"max_hp_loss":0.0,"gold_gain":0.0,"event_name":"Mushrooms","player_choice":"Fought Mushrooms","floor":11.0,"gold_loss":0.0,"damage_taken":0.0},{"damage_healed":0.0,"max_hp_gain":0.0,"max_hp_loss":0.0,"gold_gain":0.0,"event_name":"Cursed Tome","player_choice":"Obtained Book","floor":19.0,"gold_loss":0.0,"damage_taken":16.0},{"damage_healed":0.0,"max_hp_gain":0.0,"max_hp_loss":0.0,"gold_gain":0.0,"event_name":"Tomb of Lord Red Mask","player_choice":"Ignored","floor":37.0,"gold_loss":0.0,"damage_taken":0.0},{"damage_healed":0.0,"max_hp_gain":0.0,"max_hp_loss":0.0,"gold_gain":0.0,"event_name":"SensoryStone","player_choice":"Memory 3","floor":39.0,"gold_loss":0.0,"damage_taken":10.0},{"damage_healed":0.0,"max_hp_gain":0.0,"max_hp_loss":0.0,"gold_gain":0.0,"event_name":"Lab","player_choice":"Got Potions","floor":47.0,"gold_loss":0.0,"damage_taken":0.0}],"is_beta":false,"boss_relics":[{"not_picked":["Tiny House","Velvet Choker"],"picked":"Pandora\u0027s Box"},{"not_picked":["Fusion Hammer","Snecko Eye"],"picked":"SacredBark"}],"items_purged_floors":[],"is_endless":false,"potions_floor_spawned":[8,13,22,24,25,29,30,31,36,40],"ascension_level":0}}