{"host":"4gr5irrdjh39ysed","time":1610750456,"event":{"mods":["AchievementEnabler","BaseMod","Colored Map","Downfall","Hermit","Minty Spire (QoL Compilation)","Random Character Button","StSLib","The Construct","The Cursed","The Disciple","The Hierophant","The Mystic","The Necromancer","The Runesmith"],"gold_per_floor":[117,133,62,62,81,116,134,152,152,152,102,117,117,129,129,233,233,250,20,34,34,34,34,64,91,91,91,109,129,140,140,140,239,239,255,269,285,185,185,185,219,235,235,251,251,268,316,316,316,316,316,316,100,133,133],"floor_reached":56,"language":"ENG","playtime":3283,"items_purged":["Defend_B","Defend_B","Defend_B"],"score":1508,"play_id":"76d393e8-2aae-41b4-8f98-d312c297cf66","local_time":"20210115154056","is_ascension_mode":true,"campfire_choices":[{"floor":13,"key":"REST"},{"data":"All For One","floor":15,"key":"SMITH"},{"data":"Machine Learning","floor":23,"key":"SMITH"},{"floor":32,"key":"RECALL"},{"data":"Creative AI","floor":40,"key":"SMITH"},{"data":"Doom and Gloom","floor":45,"key":"SMITH"},{"data":"J.A.X.","floor":49,"key":"SMITH"},{"data":"Static Discharge","floor":52,"key":"SMITH"}],"circlet_count":0,"master_deck":["Zap+1","Dualcast","Streamline","Static Discharge+1","Rebound","Darkness","Darkness","Defragment","Double Energy","Capacitor","All For One+1","Creative AI+1","Doom and Gloom+1","Machine Learning+1","Static Discharge+1","J.A.X.+1","Turbo","Barrage","Slimebound:Tackle+1","Slimebound:Tackle+1","Slimebound:Tackle+1","Electrodynamics","Rip and Tear+1","Loop","Auto Shields+1","Rip and Tear","Dramatic Entrance","Melter+1"],"relics":["Cracked Core","Dream Catcher","Inserter","Toy Ornithopter","MealTicket","Blue Candle","SlaversCollar","Darkstone Periapt","Bottled Flame","Dead Branch","Bag of Preparation"],"acts_visited":["Exordium","TheCity","TheBeyond","TheEnding"],"potions_floor_usage":[29,33,41,41],"damage_taken":[{"damage":6,"enemies":"Cultist","floor":1,"turns":3},{"damage":12,"enemies":"Jaw Worm","floor":2,"turns":3},{"damage":3,"enemies":"Small Slimes","floor":5,"turns":2},{"damage":40,"enemies":"Lagavulin","floor":6,"turns":5},{"damage":19,"enemies":"Exordium Thugs","floor":7,"turns":4},{"damage":67,"enemies":"Gremlin Gang","floor":8,"turns":4},{"damage":11,"enemies":"Looter","floor":12,"turns":2},{"damage":26,"enemies":"Blue Slaver","floor":14,"turns":3},{"damage":68,"enemies":"Slime Boss","floor":16,"turns":7},{"damage":52,"enemies":"3 Byrds","floor":18,"turns":3},{"damage":33,"enemies":"Spheric Guardian","floor":20,"turns":4},{"damage":75,"enemies":"Gremlin Leader","floor":24,"turns":7},{"damage":78,"enemies":"Centurion and Healer","floor":28,"turns":8},{"damage":75,"enemies":"Shelled Parasite and Fungi","floor":29,"turns":6},{"damage":54,"enemies":"Chosen and Byrds","floor":30,"turns":4},{"damage":159,"enemies":"Champ","floor":33,"turns":9},{"damage":61,"enemies":"3 Darklings","floor":35,"turns":3},{"damage":63,"enemies":"Orb Walker","floor":36,"turns":4},{"damage":63,"enemies":"Maw","floor":37,"turns":6},{"damage":129,"enemies":"Giant Head","floor":41,"turns":7},{"damage":127,"enemies":"Transient","floor":42,"turns":5},{"damage":90,"enemies":"3 Darklings","floor":44,"turns":6},{"damage":101,"enemies":"Spire Growth","floor":46,"turns":5},{"damage":263,"enemies":"2 Orb Walkers","floor":47,"turns":6},{"damage":213,"enemies":"Awakened One","floor":50,"turns":8},{"damage":94,"enemies":"Shield and Spear","floor":54,"turns":4},{"damage":198,"enemies":"The Heart","floor":55,"turns":6}],"seed_played":"-4095968222861188785","potions_obtained":[{"floor":5,"key":"FocusPotion"},{"floor":6,"key":"Ancient Potion"},{"floor":7,"key":"Energy Potion"},{"floor":35,"key":"Dexterity Potion"},{"floor":37,"key":"EssenceOfSteel"},{"floor":54,"key":"DuplicationPotion"}],"is_trial":false,"path_per_floor":["M","M","$","?","M","E","M","M","T","?","?","M","R","M","R","B",null,"M","$","M","?","?","R","E","T","T","$","M","M","M","?","R","B",null,"M","M","M","$","?","R","E","M","T","M","R","M","?","?","R","B",null,"R","$","E","B",null],"character_chosen":"DEFECT","items_purchased":["Static Discharge","Machine Learning","Dramatic Entrance"],"campfire_rested":1,"item_purchase_floors":[3,19,53],"current_hp_per_floor":[2062,2050,2050,2050,2047,2007,1988,1921,1921,1926,1926,1915,2080,2054,2054,1986,2057,2005,2005,1972,1972,1972,1972,1897,1897,1897,1912,1834,1764,1710,1710,1710,1556,1949,1888,1825,1762,1777,1777,1777,1658,1531,1531,1441,1441,1340,1077,1077,1077,864,1698,1698,1713,1619,1421],"gold":133,"neow_bonus":"UPGRADE_CARD","is_daily":false,"chose_seed":false,"campfire_upgraded":6,"win_rate":0.0,"timestamp":1610750456,"path_taken":["M","M","?","?","M","E","M","M","T","?","?","?","R","M","R","BOSS","M","$","?","?","?","R","E","?","T","$","M","M","M","?","R","BOSS","M","M","M","$","?","R","E","M","T","M","R","M","?","?","R","BOSS","R","$","E","BOSS"],"items_purchased_type":["Card","Card","Card"],"build_version":"2020-12-22","purchased_purges":3,"victory":true,"max_hp_per_floor":[2075,2075,2075,2075,2075,2075,2075,2075,2075,2080,2080,2080,2080,2080,2080,2080,2080,2080,2080,2080,2080,2080,2080,2080,2080,2080,2080,2080,2080,2080,2080,2080,2080,2080,2080,2080,2080,2080,2080,2080,2080,2080,2080,2080,2080,2080,2080,1976,1976,1976,1976,1976,1976,1976,1976],"card_choices":[{"not_picked":["Ball Lightning","Leap"],"picked":"Streamline","floor":1},{"not_picked":["Redo","Stack","Leap"],"picked":"SKIP","floor":2},{"not_picked":["Barrage","Stack"],"picked":"Rebound","floor":5},{"not_picked":["Cold Snap","Force Field"],"picked":"Darkness","floor":6},{"not_picked":["Compile Driver","Reprogram"],"picked":"Darkness","floor":7},{"not_picked":["Streamline","Hello World"],"picked":"Defragment","floor":8},{"not_picked":["Force Field","Reinforced Body"],"picked":"Double Energy","floor":12},{"not_picked":["Genetic Algorithm","Fusion"],"picked":"Capacitor","floor":13},{"not_picked":["Aggregate","BootSequence"],"picked":"All For One","floor":14},{"not_picked":["Hyperbeam","Biased Cognition"],"picked":"Creative AI","floor":16},{"not_picked":["Go for the Eyes","Leap"],"picked":"Doom and Gloom","floor":18},{"not_picked":["Streamline","Scrape"],"picked":"Static Discharge+1","floor":20},{"not_picked":["Rip and Tear+1","Loop+1"],"picked":"Turbo","floor":24},{"not_picked":["Auto Shields","Double Energy"],"picked":"Barrage","floor":28},{"not_picked":["Leap","Ball Lightning","Capacitor"],"picked":"SKIP","floor":29},{"not_picked":["Go for the Eyes","Rebound","Gash"],"picked":"SKIP","floor":30},{"not_picked":["Meteor Strike","Amplify"],"picked":"Electrodynamics","floor":33},{"not_picked":["Streamline","BootSequence","Sweeping Beam"],"picked":"SKIP","floor":35},{"not_picked":["Sweeping Beam+1","Hologram"],"picked":"Rip and Tear+1","floor":36},{"not_picked":["Beam Cell","Conserve Battery","White Noise"],"picked":"SKIP","floor":37},{"not_picked":["Cold Snap+1","Sweeping Beam"],"picked":"Loop","floor":41},{"not_picked":["Barrage","Go for the Eyes","Conserve Battery"],"picked":"SKIP","floor":42},{"not_picked":["Steam","Stack+1","Electrodynamics"],"picked":"SKIP","floor":44},{"not_picked":["Reprogram","Coolheaded+1"],"picked":"Auto Shields+1","floor":46},{"not_picked":["Storm+1","Hologram"],"picked":"Rip and Tear","floor":47},{"not_picked":["Stack","Streamline"],"picked":"Melter+1","floor":54}],"player_experience":191879,"relics_obtained":[{"floor":6,"key":"Dream Catcher"},{"floor":24,"key":"Toy Ornithopter"},{"floor":25,"key":"MealTicket"},{"floor":26,"key":"Blue Candle"},{"floor":41,"key":"Darkstone Periapt"},{"floor":43,"key":"Bottled Flame"},{"floor":47,"key":"Dead Branch"},{"floor":54,"key":"Bag of Preparation"}],"event_choices":[{"damage_healed":0,"gold_gain":0,"player_choice":"Ignored","damage_taken":0,"max_hp_gain":0,"max_hp_loss":0,"event_name":"Liars Game","floor":4,"gold_loss":0},{"damage_healed":0,"gold_gain":0,"player_choice":"Donut","damage_taken":0,"max_hp_gain":5,"max_hp_loss":0,"event_name":"Big Fish","floor":10,"gold_loss":0},{"cards_removed":["Defend_B"],"damage_healed":0,"gold_gain":0,"player_choice":"Card Removal","damage_taken":0,"max_hp_gain":0,"max_hp_loss":0,"event_name":"The Cleric","floor":11,"gold_loss":50},{"damage_healed":0,"gold_gain":0,"player_choice":"Obtain J.A.X.","damage_taken":0,"max_hp_gain":0,"max_hp_loss":0,"event_name":"Drug Dealer","floor":22,"gold_loss":0,"cards_obtained":["J.A.X."]},{"damage_healed":0,"gold_gain":0,"player_choice":"Ignored","damage_taken":0,"max_hp_gain":0,"max_hp_loss":0,"event_name":"Tomb of Lord Red Mask","floor":39,"gold_loss":0},{"damage_healed":0,"gold_gain":0,"player_choice":"Fight","damage_taken":0,"max_hp_gain":0,"max_hp_loss":0,"event_name":"Mysterious Sphere","floor":47,"gold_loss":0},{"damage_healed":0,"gold_gain":0,"player_choice":"Max HP","damage_taken":0,"max_hp_gain":0,"max_hp_loss":104,"event_name":"Winding Halls","floor":48,"gold_loss":0}],"is_beta":false,"boss_relics":[{"not_picked":["Astrolabe","construct:WeddingRing"],"picked":"Inserter"},{"not_picked":["Cursed Key","Runic Pyramid"],"picked":"SlaversCollar"}],"items_purged_floors":[19,38,53],"is_endless":false,"potions_floor_spawned":[5,6,7,16,18,28,29,35,37,54],"ascension_level":7}}