{"host":"94qggqh0xz0sp6ai","time":1610741138,"event":{"mods":["Abigail Mod","Act Like it!","BaseMod","CapriCore","Downfall","Friendly Minions","Gensokyo","Hermit","Jorbs\u0027s Wanderer Trilogy","Koishi","Marisa（霧雨　魔理沙）","Minty Spire (QoL Compilation)","Permanent Neow","Reimu（博??梦）","StSLib","The Alterego","The Construct","The Cursed","The Hierophant","The Immortal","The Marked","The Servant 0.9.4","TheBandit","Waifu the Spire"],"gold_per_floor":[115,115,134,47,222,222,172,191,214,231,263,263,263,282,282,358,358,377,392,103,122,140,140,169,169,169,169,169,169,6,19,19,96,96,109,120,138,152,169,169,194,194,194],"floor_reached":42,"language":"ENG","playtime":1868,"items_purged":["Koishi:BasicStrike"],"score":765,"play_id":"38754f35-1b80-4943-b7b9-7d6fcc7c16d3","local_time":"20210115140538","is_ascension_mode":true,"campfire_choices":[{"data":"Koishi:HauntingSlash","floor":6,"key":"SMITH"},{"data":"Koishi:MassHysteria","floor":12,"key":"SMITH"},{"data":"Koishi:PerfectMindControl","floor":15,"key":"SMITH"},{"data":"Koishi:ReleaseOfTheId","floor":23,"key":"SMITH"},{"data":"Koishi:MentalBreakdown","floor":25,"key":"SMITH"},{"floor":28,"key":"REST"},{"data":"Apotheosis","floor":32,"key":"SMITH"},{"data":"Koishi:FidgetySnatcher","floor":40,"key":"SMITH"}],"circlet_count":0,"master_deck":["AscendersBane","Koishi:BasicStrike","Koishi:BasicDefend","Koishi:BasicDefend","Koishi:BasicDefend","Koishi:BasicDefend","Koishi:Provoke","Koishi:HauntingSlash+1","Koishi:Whimsy","Koishi:SubterraneanRose","Koishi:SprinkleStarAndHeart","Koishi:PhantomBarrier","Koishi:LastRemote","Koishi:PhantomBarrier","Koishi:HeartfeltFancy","Koishi:PerfectMindControl+1","Koishi:MassHysteria+1","Koishi:GeneticsOfTheUnconscious","Koishi:MentalBreakdown+1","Koishi:ReflexRadar+1","Koishi:SubterraneanRose","Koishi:FidgetySnatcher+1","Koishi:VengefulSpirit","Koishi:ReleaseOfTheId+1","Koishi:Bloodlust","Apotheosis+1","Koishi:GrowingPain","Koishi:GeneticsOfTheUnconscious","Koishi:ReleaseOfTheId","Koishi:SubconsciousSweep+1","Koishi:ReflexRadar"],"relics":["Koishi:ImaginaryFriend","Happy Flower","Koishi:BloodstainedWhiteRose","CultistMask","SacredBark","ClockworkSouvenir","CrazyTorch:ReiMu","MealTicket","alterego_mod:SomeoneToFightFor","SlaversCollar","Vajra"],"acts_visited":["Exordium","TheCity","TheBeyond"],"potions_floor_usage":[18,21,33,33,41,42],"damage_taken":[{"damage":3,"enemies":"Jaw Worm","floor":1,"turns":6},{"damage":0,"enemies":"Cultist","floor":3,"turns":4},{"damage":0,"enemies":"Small Slimes","floor":8,"turns":5},{"damage":0,"enemies":"3 Louse","floor":10,"turns":3},{"damage":6,"enemies":"Lagavulin","floor":11,"turns":10},{"damage":0,"enemies":"Large Slime","floor":14,"turns":6},{"damage":50,"enemies":"Hexaghost","floor":16,"turns":16},{"damage":6,"enemies":"Chosen","floor":18,"turns":8},{"damage":4,"enemies":"Shell Parasite","floor":19,"turns":5},{"damage":3,"enemies":"Cultist and Chosen","floor":21,"turns":4},{"damage":13,"enemies":"Chosen and Byrds","floor":22,"turns":10},{"damage":27,"enemies":"Book of Stabbing","floor":24,"turns":6},{"damage":0,"enemies":"Snake Plant","floor":31,"turns":5},{"damage":23,"enemies":"Collector","floor":33,"turns":10},{"damage":0,"enemies":"3 Shapes","floor":35,"turns":9},{"damage":1,"enemies":"Orb Walker","floor":36,"turns":4},{"damage":9,"enemies":"4 Shapes","floor":37,"turns":5},{"damage":9,"enemies":"3 Darklings","floor":38,"turns":5},{"damage":13,"enemies":"Spire Growth","floor":39,"turns":6},{"damage":49,"enemies":"Giant Head","floor":41,"turns":8},{"damage":28,"enemies":"2 Orb Walkers","floor":42,"turns":4}],"seed_played":"6873591531760890309","potions_obtained":[{"floor":3,"key":"SteroidPotion"},{"floor":8,"key":"CultistPotion"},{"floor":18,"key":"Weak Potion"},{"floor":19,"key":"champ:CounterPotion"},{"floor":31,"key":"AttackPotion"},{"floor":33,"key":"Dexterity Potion"},{"floor":35,"key":"AttackPotion"}],"is_trial":false,"path_per_floor":["M","?","M","$","?","R","?","M","T","M","E","R","?","M","R","B",null,"M","M","$","M","M","R","E","R","T","?","R","?","$","M","R","B",null,"M","M","M","M","M","R","E","?"],"character_chosen":"KOISHI","items_purchased":["Koishi:LastRemote","Koishi:PhantomBarrier","Koishi:FidgetySnatcher","ClockworkSouvenir","Apotheosis"],"campfire_rested":1,"item_purchase_floors":[4,4,20,20,30],"current_hp_per_floor":[52,52,54,54,54,54,54,54,54,54,56,56,56,56,56,19,48,49,52,52,54,48,48,26,26,26,17,35,35,50,53,53,62,62,62,62,61,57,51,51,24,0,0],"gold":194,"neow_bonus":"TRANSFORM_CARD","is_daily":false,"chose_seed":false,"campfire_upgraded":7,"win_rate":0.0,"timestamp":1610741138,"path_taken":["M","?","M","?","?","R","?","M","T","M","E","R","?","M","R","BOSS","M","M","?","M","?","R","E","R","T","?","R","?","$","M","R","BOSS","M","M","M","M","M","R","E","?"],"items_purchased_type":["Card","Card","Card","Relic","Card"],"build_version":"2020-12-22","purchased_purges":1,"victory":false,"max_hp_per_floor":[57,57,57,57,57,57,57,57,57,57,57,57,57,57,57,57,57,57,57,57,57,57,57,57,57,57,62,62,62,62,62,62,62,62,62,62,62,62,62,62,62,62,62],"card_choices":[{"not_picked":["Koishi:UnansweredLove","Koishi:FleetingPhantom"],"picked":"Koishi:SubterraneanRose","floor":1},{"not_picked":["Koishi:SpiritedAway","Koishi:JumpScare"],"picked":"Koishi:PhantomBarrier","floor":3},{"not_picked":["Koishi:CatchAndRose","Koishi:StingingMind"],"picked":"Koishi:HeartfeltFancy","floor":8},{"not_picked":["Koishi:Prune","Koishi:EmbryosDream"],"picked":"Koishi:PerfectMindControl","floor":10},{"not_picked":["Koishi:IdleWhim","Koishi:FleetingPhantom"],"picked":"Koishi:MassHysteria","floor":11},{"not_picked":["Koishi:FourthEye","Koishi:BloodcurdlingScream"],"picked":"Koishi:GeneticsOfTheUnconscious","floor":14},{"not_picked":["Koishi:ConditionedTeleport","Koishi:Ego"],"picked":"Koishi:MentalBreakdown","floor":16},{"not_picked":["Koishi:FleetingPhantom","Koishi:SpiritedAway"],"picked":"Koishi:ReflexRadar+1","floor":18},{"not_picked":["Koishi:UnansweredLove","Koishi:HeartfeltFancy"],"picked":"Koishi:SubterraneanRose","floor":19},{"not_picked":["Koishi:FleetingPhantom+1","Koishi:StingingMind"],"picked":"Koishi:VengefulSpirit","floor":21},{"not_picked":["Koishi:IdleWhim","Koishi:FormlessExistence"],"picked":"Koishi:ReleaseOfTheId","floor":22},{"not_picked":["Koishi:SubterraneanRose","Koishi:FourthEye"],"picked":"Koishi:Bloodlust","floor":24},{"not_picked":["Koishi:DreadfulBlow+1","Koishi:SprinkleStarAndHeart","Koishi:PhantomStrike"],"picked":"SKIP","floor":31},{"not_picked":["Koishi:ConfinedInnocent","Koishi:FormlessExistence"],"picked":"Koishi:GrowingPain","floor":33},{"not_picked":["Koishi:PhantomStrike","Koishi:Jaunt+1"],"picked":"Koishi:GeneticsOfTheUnconscious","floor":35},{"not_picked":["Koishi:HeartfeltFancy","Koishi:SubconsciousSweep"],"picked":"Koishi:ReleaseOfTheId","floor":36},{"not_picked":["Koishi:PhantomBarrier","Koishi:SpiritedAway"],"picked":"Koishi:SubconsciousSweep+1","floor":37},{"not_picked":["Koishi:SpiritedAway","Koishi:Jaunt","Koishi:UnconsciousUrges"],"picked":"SKIP","floor":38},{"not_picked":["Koishi:ParalyzingFear","Koishi:ConfinedInnocent","Koishi:VengefulSpirit+1"],"picked":"SKIP","floor":39},{"not_picked":["Koishi:CatchAndRose","Koishi:EmbryosDream+1"],"picked":"Koishi:ReflexRadar","floor":41}],"player_experience":1381569,"relics_obtained":[{"floor":9,"key":"Happy Flower"},{"floor":11,"key":"Koishi:BloodstainedWhiteRose"},{"floor":24,"key":"CrazyTorch:ReiMu"},{"floor":26,"key":"MealTicket"},{"floor":41,"key":"Vajra"}],"event_choices":[{"damage_healed":0,"gold_gain":0,"cards_transformed":["Koishi:BasicStrike"],"player_choice":"Transformed","damage_taken":0,"max_hp_gain":0,"max_hp_loss":0,"event_name":"Transmorgrifier","floor":2,"gold_loss":0,"cards_obtained":["Koishi:SprinkleStarAndHeart"]},{"damage_healed":0,"gold_gain":175,"player_choice":"AGREE","damage_taken":0,"max_hp_gain":0,"max_hp_loss":0,"event_name":"Liars Game","floor":5,"gold_loss":0,"cards_obtained":["Doubt"]},{"cards_removed":["Doubt"],"damage_healed":0,"gold_gain":0,"player_choice":"Card Removal","damage_taken":0,"max_hp_gain":0,"max_hp_loss":0,"event_name":"The Cleric","floor":7,"gold_loss":50},{"damage_healed":0,"gold_gain":0,"player_choice":"Trade","damage_taken":0,"relics_obtained":["CultistMask"],"max_hp_gain":0,"max_hp_loss":0,"event_name":"FaceTrader","floor":13,"gold_loss":0},{"damage_healed":0,"gold_gain":0,"player_choice":"Shed Blood","damage_taken":14,"max_hp_gain":5,"max_hp_loss":0,"event_name":"Forgotten Altar","floor":27,"gold_loss":0},{"damage_healed":0,"gold_gain":0,"player_choice":"Choice 2","damage_taken":0,"relics_obtained":["alterego_mod:SomeoneToFightFor"],"max_hp_gain":0,"max_hp_loss":0,"event_name":"Secret Garden","floor":29,"gold_loss":0},{"damage_healed":0,"gold_gain":0,"player_choice":"Fight","damage_taken":0,"max_hp_gain":0,"max_hp_loss":0,"event_name":"Mysterious Sphere","floor":42,"gold_loss":0}],"is_beta":false,"boss_relics":[{"not_picked":["Runic Dome","Ectoplasm"],"picked":"SacredBark"},{"not_picked":["Empty Cage","Velvet Choker"],"picked":"SlaversCollar"}],"items_purged_floors":[20],"is_endless":false,"potions_floor_spawned":[3,8,18,19,31,33,35,38],"killed_by":"2 Orb Walkers","ascension_level":14}}