{"host":"utcbn1j9ebmpc40m","time":1610683421,"event":{"mods":["BaseMod","Better Altar","Better Match","GifTheSpireLib","Minty Spire (QoL Compilation)","Poor People Problems","StSLib","SuperFastMode","The IronCluck","The Servant 0.9.4"],"gold_per_floor":[110,110,134,134,146,146,174,193,193,223,223,1,11,46,46,150,150,160,160,160,15,15,15,31,31,31,44,44,44,75,75,75,173,173,193,61,80,80,80,106,106,106,106,106,65,78,19,37,37,37],"floor_reached":51,"language":"ENG","playtime":1421,"items_purged":["Strike_R"],"score":1231,"play_id":"df60543d-aec1-4a32-a961-f82f84ff6a54","local_time":"20210114230341","is_ascension_mode":true,"campfire_choices":[{"data":"Feed","floor":6,"key":"SMITH"},{"data":"Infernal Blade","floor":11,"key":"SMITH"},{"data":"Body Slam","floor":15,"key":"SMITH"},{"data":"Inflame","floor":23,"key":"SMITH"},{"data":"Feel No Pain","floor":25,"key":"SMITH"},{"data":"1","floor":29,"key":"LIFT"},{"floor":32,"key":"REST"},{"floor":41,"key":"REST"},{"data":"2","floor":44,"key":"LIFT"},{"data":"3","floor":49,"key":"LIFT"}],"circlet_count":0,"master_deck":["AscendersBane","Strike_R","Strike_R","Strike_R","Strike_R","Defend_R","Defend_R","Defend_R","Bash","Flame Barrier+1","Feed+1","Whirlwind","Entrench+1","Infernal Blade+1","Body Slam+1","Inflame+1","Juggernaut","Feel No Pain+1","Spot Weakness","Infernal Blade","Limit Break","Twin Strike+1","Enlightenment","Heavy Blade","Madness","Madness","Bludgeon","Fire Breathing","Feel No Pain"],"relics":["Burning Blood","NeowsBlessing","MealTicket","Akabeko","Eternal Feather","Boot","Medical Kit","Tiny Chest","Runic Pyramid","White Beast Statue","Membership Card","Girya","The Courier","Bottled Lightning","MutagenicStrength","Mark of Pain","Self Forming Clay","Turnip","Shuriken","Gambling Chip"],"acts_visited":["Exordium","TheCity","TheBeyond"],"potions_floor_usage":[10,10,14,30,33,40,40,48,50,50],"damage_taken":[{"damage":0,"enemies":"2 Louse","floor":1,"turns":1},{"damage":0,"enemies":"Jaw Worm","floor":5,"turns":1},{"damage":0,"enemies":"Gremlin Nob","floor":7,"turns":1},{"damage":9,"enemies":"Cultist","floor":8,"turns":5},{"damage":20,"enemies":"3 Sentries","floor":10,"turns":7},{"damage":32,"enemies":"Large Slime","floor":13,"turns":11},{"damage":2,"enemies":"Gremlin Nob","floor":14,"turns":2},{"damage":87,"enemies":"Slime Boss","floor":16,"turns":14},{"damage":12,"enemies":"Chosen","floor":18,"turns":5},{"damage":20,"enemies":"2 Thieves","floor":24,"turns":4},{"damage":13,"enemies":"Snecko","floor":27,"turns":5},{"damage":74,"enemies":"Gremlin Leader","floor":30,"turns":8},{"damage":84,"enemies":"Collector","floor":33,"turns":10},{"damage":36,"enemies":"3 Darklings","floor":35,"turns":5},{"damage":6,"enemies":"Orb Walker","floor":37,"turns":3},{"damage":21,"enemies":"Nemesis","floor":40,"turns":5},{"damage":0,"enemies":"Jaw Worm Horde","floor":46,"turns":1},{"damage":8,"enemies":"Sphere and 2 Shapes","floor":48,"turns":5},{"damage":127,"enemies":"Donu and Deca","floor":50,"turns":10}],"seed_played":"-1055314843557307921","potions_obtained":[{"floor":1,"key":"SkillPotion"},{"floor":7,"key":"PowerPotion"},{"floor":13,"key":"ColorlessPotion"},{"floor":18,"key":"SpeedPotion"},{"floor":24,"key":"Swift Potion"},{"floor":27,"key":"Explosive Potion"},{"floor":30,"key":"EssenceOfSteel"},{"floor":33,"key":"GamblersBrew"},{"floor":35,"key":"Dexterity Potion"},{"floor":40,"key":"BloodPotion"},{"floor":48,"key":"Regen Potion"}],"is_trial":false,"path_per_floor":["M","?","T","?","M","R","E","M","T","E","R","$","M","E","R","B",null,"M","?","?","$","?","R","M","R","T","M","T","R","E","?","R","B",null,"M","$","M","?","?","E","R","T","T","R","$","M","$","M","R","B",null],"character_chosen":"IRONCLAD","items_purchased":["Medical Kit","Membership Card","Self Forming Clay","Enlightenment","Fruit Juice","Bludgeon","Fire Breathing"],"campfire_rested":2,"item_purchase_floors":[12,21,36,36,45,47,47],"current_hp_per_floor":[78,78,78,78,80,80,84,85,85,75,84,92,70,78,87,10,81,79,79,79,94,94,103,93,102,102,99,99,108,40,40,86,8,89,59,74,78,78,63,52,104,104,104,119,124,124,124,127,129,52],"gold":37,"neow_bonus":"THREE_ENEMY_KILL","is_daily":false,"chose_seed":false,"campfire_upgraded":5,"win_rate":0.0,"timestamp":1610683421,"path_taken":["M","?","?","?","M","R","E","M","T","E","R","$","M","E","R","BOSS","M","?","?","$","?","R","M","R","T","M","?","R","E","?","R","BOSS","M","$","M","?","?","E","R","?","T","R","?","M","$","M","R","BOSS"],"items_purchased_type":["Relic","Relic","Relic","Card","Potion","Card","Card"],"build_version":"2020-12-22","purchased_purges":1,"victory":true,"max_hp_per_floor":[80,80,80,80,80,80,84,88,88,92,92,92,96,100,100,104,104,108,108,108,108,108,108,112,112,112,116,116,116,116,116,116,116,116,116,116,120,120,120,124,124,124,124,124,124,124,124,129,129,133],"card_choices":[{"not_picked":["Metallicize","Fire Breathing"],"picked":"Flame Barrier","floor":1},{"not_picked":["Clothesline","Warcry"],"picked":"Whirlwind","floor":5},{"not_picked":["Armaments","Twin Strike"],"picked":"Entrench","floor":7},{"not_picked":["Dropkick","Thunderclap"],"picked":"Infernal Blade","floor":8},{"not_picked":["Shockwave","Iron Wave","Sentinel"],"picked":"SKIP","floor":10},{"not_picked":["Entrench","Sever Soul"],"picked":"Body Slam","floor":13},{"not_picked":["Whirlwind","Infernal Blade"],"picked":"Inflame","floor":14},{"not_picked":["Fiend Fire","Offering"],"picked":"Juggernaut","floor":16},{"not_picked":["Sword Boomerang","Pommel Strike"],"picked":"Feel No Pain","floor":18},{"not_picked":["Battle Trance","Heavy Blade","Twin Strike"],"picked":"SKIP","floor":24},{"not_picked":["Wild Strike","True Grit"],"picked":"Spot Weakness","floor":27},{"not_picked":["Ghostly Armor","Brutality"],"picked":"Infernal Blade","floor":30},{"not_picked":["Exhume","Impervious"],"picked":"Limit Break","floor":33},{"not_picked":["Sword Boomerang+1","Body Slam"],"picked":"Twin Strike+1","floor":35},{"not_picked":["Wild Strike","Perfected Strike"],"picked":"Heavy Blade","floor":37},{"not_picked":["Warcry","Brutality","Havoc"],"picked":"SKIP","floor":40},{"not_picked":["Clash","Burning Pact","Disarm"],"picked":"SKIP","floor":46},{"not_picked":["Dark Embrace","Battle Trance"],"picked":"Feel No Pain","floor":48}],"player_experience":492297,"relics_obtained":[{"floor":3,"key":"MealTicket"},{"floor":7,"key":"Akabeko"},{"floor":9,"key":"Eternal Feather"},{"floor":10,"key":"Boot"},{"floor":14,"key":"Tiny Chest"},{"floor":26,"key":"Girya"},{"floor":28,"key":"The Courier"},{"floor":30,"key":"Bottled Lightning"},{"floor":40,"key":"Turnip"},{"floor":42,"key":"Shuriken"},{"floor":43,"key":"Gambling Chip"}],"event_choices":[{"damage_healed":0,"gold_gain":0,"player_choice":"Grow","damage_taken":0,"max_hp_gain":0,"max_hp_loss":0,"event_name":"Living Wall","floor":2,"gold_loss":0,"cards_upgraded":["Flame Barrier"]},{"damage_healed":0,"gold_gain":0,"cards_transformed":["Defend_R"],"player_choice":"Transformed","damage_taken":0,"max_hp_gain":0,"max_hp_loss":0,"event_name":"Transmorgrifier","floor":4,"gold_loss":0,"cards_obtained":["Feed"]},{"damage_healed":0,"gold_gain":0,"player_choice":"Ignored","damage_taken":0,"max_hp_gain":0,"max_hp_loss":0,"event_name":"Vampires","floor":19,"gold_loss":0},{"damage_healed":0,"gold_gain":0,"player_choice":"Opened","damage_taken":0,"relics_obtained":["White Beast Statue"],"max_hp_gain":0,"max_hp_loss":0,"event_name":"The Mausoleum","floor":20,"gold_loss":0},{"damage_healed":0,"gold_gain":0,"player_choice":"Forge","damage_taken":0,"max_hp_gain":0,"max_hp_loss":0,"event_name":"Accursed Blacksmith","floor":22,"gold_loss":0,"cards_upgraded":["Entrench"]},{"damage_healed":0,"gold_gain":0,"player_choice":"Inject Mutagens","damage_taken":0,"relics_obtained":["MutagenicStrength"],"max_hp_gain":0,"max_hp_loss":0,"event_name":"Drug Dealer","floor":31,"gold_loss":0},{"damage_healed":0,"gold_gain":0,"player_choice":"Ignored","damage_taken":0,"max_hp_gain":0,"max_hp_loss":0,"event_name":"Mysterious Sphere","floor":38,"gold_loss":0},{"damage_healed":0,"gold_gain":0,"player_choice":"Embrace Madness","damage_taken":15,"max_hp_gain":0,"max_hp_loss":0,"event_name":"Winding Halls","floor":39,"gold_loss":0,"cards_obtained":["Madness","Madness"]}],"is_beta":false,"boss_relics":[{"not_picked":["Calling Bell","Fusion Hammer"],"picked":"Runic Pyramid"},{"not_picked":["Runic Dome","Tiny House"],"picked":"Mark of Pain"}],"items_purged_floors":[12],"is_endless":false,"potions_floor_spawned":[1,7,13,18,24,27,30,33,35,37,40,46,48],"ascension_level":12}}