{"host":"t4jsb5tuksjmo64s","time":1610678038,"event":{"mods":["AchievementEnabler","BaseMod","Block Reminder","Colored Map","Colored Powertips","Dark Map","Highlight Path","Minty Spire (QoL Compilation)","Quick Restart","Random Character Button","Rare Cards Sparkle","Relic Stats"],"gold_per_floor":[111,131,144,33,50,75,75,25,103,103,103,118,118,137,137,235,235,250,265,110,121,121,121,121],"floor_reached":23,"language":"ENG","playtime":1254,"items_purged":["Strike_P","Defend_P","Strike_P"],"score":255,"play_id":"09008f84-bffe-4a18-8024-2f268d638678","local_time":"20210114213358","is_ascension_mode":true,"campfire_choices":[{"floor":7,"key":"DIG"},{"floor":10,"key":"DIG"},{"floor":13,"key":"DIG"},{"floor":15,"key":"DIG"}],"circlet_count":0,"master_deck":["Strike_P","Strike_P","Defend_P","Defend_P","Defend_P","Eruption","Vigilance","Judgement","Vengeance","Wallop","BattleHymn","Study","Consecrate","Wallop+1","Eruption+1","Dark Shackles","ClearTheMind","LessonLearned+1","WaveOfTheHand","Establishment","MentalFortress","Consecrate+1","BattleHymn","FlyingSleeves+1"],"relics":["PureWater","Shovel","Smiling Mask","Molten Egg 2","Blood Vial","Ancient Tea Set","Omamori","Calling Bell","Bag of Marbles","Ornamental Fan","Du-Vu Doll"],"acts_visited":["Exordium","TheCity"],"potions_floor_usage":[23],"damage_taken":[{"damage":5,"enemies":"Small Slimes","floor":1,"turns":2},{"damage":0,"enemies":"Cultist","floor":2,"turns":2},{"damage":0,"enemies":"Jaw Worm","floor":3,"turns":3},{"damage":0,"enemies":"Blue Slaver","floor":5,"turns":4},{"damage":8,"enemies":"3 Sentries","floor":6,"turns":5},{"damage":4,"enemies":"3 Louse","floor":12,"turns":2},{"damage":2,"enemies":"Large Slime","floor":14,"turns":5},{"damage":0,"enemies":"Slime Boss","floor":16,"turns":5},{"damage":20,"enemies":"Spheric Guardian","floor":18,"turns":3},{"damage":12,"enemies":"Shell Parasite","floor":19,"turns":6},{"damage":5,"enemies":"Chosen and Byrds","floor":21,"turns":3},{"damage":43,"enemies":"Slavers","floor":23,"turns":4}],"seed_played":"-1177186398892319969","potions_obtained":[{"floor":1,"key":"EssenceOfSteel"},{"floor":5,"key":"Regen Potion"},{"floor":6,"key":"DuplicationPotion"},{"floor":16,"key":"BlessingOfTheForge"}],"is_trial":false,"path_per_floor":["M","M","M","$","M","E","R","$","T","R","?","M","R","M","R","B",null,"M","M","$","M","?","E"],"character_chosen":"WATCHER","items_purchased":["Study","BattleHymn","FlyingSleeves+1"],"campfire_rested":0,"item_purchase_floors":[4,20,20],"current_hp_per_floor":[60,60,60,60,60,52,52,52,52,52,52,50,50,50,50,52,65,45,35,35,32,26,0,0],"gold":121,"neow_bonus":"THREE_RARE_CARDS","is_daily":false,"chose_seed":false,"campfire_upgraded":0,"win_rate":0.0,"timestamp":1610678038,"path_taken":["M","M","M","$","M","E","R","$","T","R","?","?","R","M","R","BOSS","M","M","$","M","?","E"],"items_purchased_type":["Card","Card","Card"],"build_version":"2020-12-22","purchased_purges":3,"victory":false,"max_hp_per_floor":[65,65,65,65,65,65,65,65,65,65,65,65,65,65,65,65,65,65,65,65,65,65,65,65],"relic_stats":{"Blood Vial":12,"Shovel":4,"counters":[12,44],"Ornamental Fan":[12],"Smiling Mask":125,"obtain_stats":[{"Blood Vial":10,"Calling Bell":17,"Du-Vu Doll":17,"Shovel":6,"Ornamental Fan":17,"Molten Egg 2":9,"Omamori":15,"Bag of Marbles":17,"PureWater":0,"Smiling Mask":7,"Ancient Tea Set":13},{"Blood Vial":5,"Calling Bell":8,"Du-Vu Doll":8,"Shovel":5,"Ornamental Fan":8,"Molten Egg 2":5,"Omamori":7,"Bag of Marbles":8,"PureWater":0,"Smiling Mask":5,"Ancient Tea Set":6},{"Blood Vial":16,"Calling Bell":28,"Du-Vu Doll":28,"Shovel":16,"Ornamental Fan":28,"Molten Egg 2":16,"Omamori":23,"Bag of Marbles":28,"PureWater":0,"Smiling Mask":16,"Ancient Tea Set":18}]},"card_choices":[{"not_picked":["ConjureBlade","Alpha"],"picked":"Judgement","floor":0},{"not_picked":["BowlingBash","ClearTheMind"],"picked":"Vengeance","floor":1},{"not_picked":["CrushJoints","Crescendo"],"picked":"Wallop","floor":2},{"not_picked":["ClearTheMind","Evaluate"],"picked":"BattleHymn","floor":3},{"not_picked":["ClearTheMind","Prostrate"],"picked":"Consecrate","floor":5},{"not_picked":["SandsOfTime","Meditate","DeceiveReality"],"picked":"SKIP","floor":6},{"not_picked":["Sanctity","PathToVictory"],"picked":"LessonLearned+1","floor":12},{"not_picked":["BowlingBash+1","CutThroughFate+1"],"picked":"WaveOfTheHand","floor":14},{"not_picked":["Blasphemy","Omniscience"],"picked":"Establishment","floor":16},{"not_picked":["FlyingSleeves+1","Evaluate+1"],"picked":"MentalFortress","floor":18},{"not_picked":["Vengeance","Blasphemy"],"picked":"Consecrate+1","floor":19},{"not_picked":["BowlingBash+1","JustLucky+1","Protect+1"],"picked":"SKIP","floor":21}],"player_experience":202313,"relics_obtained":[{"floor":6,"key":"Shovel"},{"floor":7,"key":"Smiling Mask"},{"floor":9,"key":"Molten Egg 2"},{"floor":10,"key":"Blood Vial"},{"floor":13,"key":"Ancient Tea Set"},{"floor":15,"key":"Omamori"},{"floor":17,"key":"Bag of Marbles"},{"floor":17,"key":"Ornamental Fan"},{"floor":17,"key":"Du-Vu Doll"}],"event_choices":[{"damage_healed":0,"gold_gain":0,"player_choice":"4 cards matched","damage_taken":0,"max_hp_gain":0,"max_hp_loss":0,"event_name":"Match and Keep!","floor":11,"gold_loss":0,"cards_obtained":["Wallop","Eruption","Dark Shackles","ClearTheMind"]},{"damage_healed":0,"gold_gain":0,"player_choice":"4 cards matched","damage_taken":0,"max_hp_gain":0,"max_hp_loss":0,"event_name":"Match and Keep!","floor":11,"gold_loss":0,"cards_obtained":["Wallop","Eruption","Dark Shackles","ClearTheMind"]},{"damage_healed":0,"gold_gain":0,"player_choice":"Damaged","damage_taken":6,"max_hp_gain":0,"max_hp_loss":0,"event_name":"Wheel of Change","floor":22,"gold_loss":0}],"is_beta":false,"boss_relics":[{"not_picked":["Cursed Key","Empty Cage"],"picked":"Calling Bell"}],"items_purged_floors":[4,8,20],"is_endless":false,"potions_floor_spawned":[1,5,6,16,18],"killed_by":"Slavers","ascension_level":1}}