{"host":"oeotdbd679q6m6vu","time":1610713580,"event":{"mods":["Act Like it!","BaseMod","Colored Map","Decade(Õı–°√˜)","Downfall","Friendly Minions","Gensokyo","GifTheSpireLib","Highlight Path","Marisa£®ÏF”Í°°ƒß¿Ì…≥£©","Minty Spire (QoL Compilation)","Rare Cards Sparkle","Reimu£®≤©¿ˆ¡È√Œ£©","StSLib","The Animator","Youmu£®ªÍ∆«—˝√Œ£©"],"gold_per_floor":[99,116,146,161,161,161,161,180,196,196,56,10,23,23,38,38,38,38],"floor_reached":16,"language":"ZHS","playtime":573,"items_purged":[],"score":102,"play_id":"f355cae8-14b5-4017-9e4a-f615b19cd221","local_time":"20210115072620","is_ascension_mode":false,"campfire_choices":[{"data":"Guardian:StasisStrike","floor":1,"key":"SMITH"},{"data":"Guardian:StasisField","floor":6,"key":"SMITH"},{"floor":10,"key":"RECALL"}],"circlet_count":0,"master_deck":["Guardian:Strike_Guardian","Guardian:Strike_Guardian","Guardian:Strike_Guardian","Guardian:Strike_Guardian","Guardian:Defend_Guardian","Guardian:Defend_Guardian","Guardian:Defend_Guardian","Guardian:Defend_Guardian","Guardian:CurlUp","Guardian:TwinSlam","Guardian:StasisStrike+1","Guardian:StasisField+1","Guardian:TemporalStrike","Guardian:Gem_Red","Guardian:Gem_Green"],"relics":["Guardian:ModeShifter","Ancient Tea Set","Gensokyo:NagashiBinaDoll","The Courier","Shovel","Potion Belt"],"acts_visited":["Gensokyo:Gensokyo"],"potions_floor_usage":[16],"damage_taken":[{"damage":0,"enemies":"Gensokyo:2_Kodama","floor":2,"turns":4},{"damage":20,"enemies":"Gensokyo:Cirno","floor":3,"turns":8},{"damage":0,"enemies":"Gensokyo:3_Fairies","floor":4,"turns":4},{"damage":1,"enemies":"Gensokyo:Python","floor":8,"turns":3},{"damage":0,"enemies":"Gensokyo:LivingMonolith","floor":9,"turns":3},{"damage":2,"enemies":"Gensokyo:2_Rabbits","floor":13,"turns":4},{"damage":15,"enemies":"Gensokyo:Kitsune","floor":15,"turns":4},{"damage":3,"enemies":"downfall:Defect","floor":16,"turns":1}],"seed_played":"-1033426520076442429","potions_obtained":[{"floor":8,"key":"SpeedPotion"},{"floor":13,"key":"AttackPotion"},{"floor":15,"key":"GamblersBrew"}],"is_trial":false,"path_per_floor":["R","M","?","M","?","R","T","M","M","R","?","COS","M","?","M","B"],"character_chosen":"GUARDIAN","items_purchased":[],"campfire_rested":0,"item_purchase_floors":[],"current_hp_per_floor":[56,56,36,36,36,36,36,35,35,35,35,35,33,17,2,0,0,0],"gold":38,"neow_bonus":"THREE_RARE_CARDS","is_daily":false,"chose_seed":false,"campfire_upgraded":2,"win_rate":0.0,"timestamp":1610713580,"path_taken":["R","M","?","M","?","R","T","M","?","R","?","COS","M","?","M","BOSS"],"items_purchased_type":[],"build_version":"2020-12-22","purchased_purges":0,"victory":false,"max_hp_per_floor":[80,80,80,80,80,80,80,80,80,80,80,80,80,80,80,80,80,80],"card_choices":[{"not_picked":["Guardian:GatlingBeam","Guardian:FastForward"],"picked":"Guardian:StasisStrike","floor":0},{"not_picked":["Guardian:RollAttack","Guardian:WalkerClaw"],"picked":"Guardian:ChargeCore","floor":2},{"not_picked":["Guardian:PrimingBeam","Guardian:ChargeCore"],"picked":"Guardian:StasisField","floor":3},{"not_picked":["Guardian:SentryBeam","Guardian:Reroute"],"picked":"Guardian:TemporalStrike","floor":4},{"not_picked":["Guardian:PrimingBeam","Guardian:CrystalBeam"],"picked":"Guardian:Gem_Lightblue","floor":8},{"not_picked":["Guardian:Suspension","Guardian:ShieldCharger","Guardian:RefractedBeam"],"picked":"SKIP","floor":9},{"not_picked":["Guardian:WalkerClaw","Guardian:VentSteam"],"picked":"Guardian:Gem_Red","floor":13},{"not_picked":["Guardian:ArmoredProtocol","Guardian:Gem_Cyan"],"picked":"Guardian:Gem_Green","floor":15}],"player_experience":320695,"relics_obtained":[{"floor":3,"key":"Ancient Tea Set"},{"floor":7,"key":"The Courier"}],"event_choices":[],"is_beta":false,"boss_relics":[],"items_purged_floors":[],"is_endless":false,"potions_floor_spawned":[8,13,15],"killed_by":"downfall:Defect","ascension_level":0}}