{"host":"8i4doyxqctgl5qb0","time":1610672442,"event":{"mods":["AchievementEnabler","BaseMod","Block Reminder","Colored Powertips","Downfall","Minty Spire (QoL Compilation)","Permanent Neow","Potion Indicator Mod","Rare Cards Sparkle","StSLib","SuperFastMode","The Jungle"],"gold_per_floor":[111,129,304,304,304,304,321,396,396,414,429,41,41,55,55,158,158,170,170,170,185,255,255,266,266,321,371,421,421],"floor_reached":28,"language":"ZHS","playtime":542,"items_purged":["Doubt"],"score":315,"play_id":"a4889d5e-8065-46c2-83c4-f49815dc3d5c","local_time":"20210115090042","is_ascension_mode":true,"campfire_choices":[{"data":"Loop","floor":6.0,"key":"SMITH"},{"floor":13.0,"key":"REST"},{"floor":15.0,"key":"REST"},{"floor":23,"key":"REST"},{"floor":25,"key":"REST"}],"circlet_count":0,"master_deck":["AscendersBane","Strike_B","Strike_B","Strike_B","Defend_B","Defend_B","Defend_B","Defend_B+1","Zap+1","Dualcast","Loop+1","Heatsinks","Leap+1","Go for the Eyes","Heatsinks","Double Energy+1","Heatsinks","Electrodynamics","Reinforced Body+1","White Noise+1","Lockon+1","Capacitor+1","Glacier+1"],"relics":["Cracked Core","Centennial Puzzle","Toxic Egg 2","Symbiotic Virus","Omamori","SsserpentHead","Art of War"],"acts_visited":["Exordium","TheCity"],"potions_floor_usage":[24],"damage_taken":[{"damage":5.0,"enemies":"2 Louse","floor":1.0,"turns":2.0},{"damage":3.0,"enemies":"Small Slimes","floor":2.0,"turns":3.0},{"damage":2.0,"enemies":"Cultist","floor":7.0,"turns":4.0},{"damage":13.0,"enemies":"3 Louse","floor":10.0,"turns":3.0},{"damage":11.0,"enemies":"Exordium Wildlife","floor":11.0,"turns":4.0},{"damage":4.0,"enemies":"Exordium Thugs","floor":14.0,"turns":5.0},{"damage":10.0,"enemies":"Hexaghost","floor":16.0,"turns":7.0},{"damage":15.0,"enemies":"Shell Parasite","floor":18.0,"turns":5.0},{"damage":5.0,"enemies":"3 Byrds","floor":21.0,"turns":3.0},{"damage":37.0,"enemies":"Snake Plant","floor":22.0,"turns":3.0},{"damage":30,"enemies":"Centurion and Healer","floor":24,"turns":5},{"damage":28,"enemies":"Sentry and Sphere","floor":28,"turns":5}],"seed_played":"7747498789119205539","potions_obtained":[{"floor":1.0,"key":"FocusPotion"},{"floor":11.0,"key":"Energy Potion"},{"floor":18.0,"key":"SteroidPotion"}],"is_trial":false,"path_per_floor":["M","M","?","?","?","R","M","?","T","M","M","$","R","M","R","B",null,"M","?","?","M","M","R","M","R","T","?","M"],"character_chosen":"DEFECT","items_purchased":["Heatsinks","Double Energy+1","Omamori"],"campfire_rested":4,"item_purchase_floors":[12,12,12],"current_hp_per_floor":[63,60,60,45,45,45,43,32,32,19,8,8,30,26,48,38,66,51,51,51,46,9,31,1,23,23,23,0,0],"gold":421,"neow_bonus":"RANDOM_COMMON_RELIC","is_daily":false,"chose_seed":false,"campfire_upgraded":1,"win_rate":0.0,"timestamp":1610672442,"path_taken":["M","M","?","?","?","R","?","?","T","M","M","?","R","M","R","BOSS","M","?","?","M","?","R","M","R","T","?","?"],"items_purchased_type":["Card","Card","Relic"],"build_version":"2020-12-22","purchased_purges":1,"victory":false,"max_hp_per_floor":[75,75,75,75,75,75,75,75,75,75,75,75,75,75,75,75,75,75,75,75,75,75,75,75,75,75,75,75,75],"card_choices":[{"not_picked":["Sweeping Beam","Compile Driver"],"picked":"Loop","floor":1.0},{"not_picked":["Streamline","Scrape"],"picked":"Heatsinks","floor":2.0},{"not_picked":["Blizzard","All For One"],"picked":"Leap+1","floor":7.0},{"not_picked":["Steam Power+1","Compile Driver"],"picked":"Go for the Eyes","floor":10.0},{"not_picked":["Beam Cell","Reprogram+1","Redo+1"],"picked":"SKIP","floor":11.0},{"not_picked":["Go for the Eyes","Chill+1"],"picked":"Heatsinks","floor":14.0},{"not_picked":["All For One","Buffer"],"picked":"Electrodynamics","floor":16.0},{"not_picked":["Stack+1","Compile Driver"],"picked":"Reinforced Body+1","floor":18.0},{"not_picked":["Doom and Gloom+1","Undo+1"],"picked":"Lockon+1","floor":21.0},{"not_picked":["Storm","Beam Cell+1"],"picked":"Capacitor+1","floor":22},{"not_picked":["Compile Driver","Redo+1"],"picked":"Glacier+1","floor":24}],"player_experience":181020,"relics_obtained":[{"floor":5.0,"key":"Toxic Egg 2"},{"floor":9.0,"key":"Symbiotic Virus"},{"floor":26,"key":"Art of War"}],"event_choices":[{"damage_healed":0.0,"max_hp_gain":0.0,"max_hp_loss":0.0,"gold_gain":175.0,"event_name":"Liars Game","player_choice":"AGREE","floor":3.0,"gold_loss":0.0,"damage_taken":0.0,"cards_obtained":["Doubt"]},{"damage_healed":0.0,"max_hp_gain":0.0,"max_hp_loss":0.0,"gold_gain":0.0,"event_name":"Shining Light","player_choice":"Entered Light","floor":4.0,"gold_loss":0.0,"damage_taken":15.0,"cards_upgraded":["Defend_B","Zap"]},{"damage_healed":0.0,"max_hp_gain":0.0,"max_hp_loss":0.0,"gold_gain":0.0,"event_name":"Wheel of Change","player_choice":"Relic","floor":5.0,"gold_loss":0.0,"damage_taken":0.0},{"damage_healed":0.0,"max_hp_gain":0.0,"max_hp_loss":0.0,"gold_gain":75.0,"event_name":"World of Goop","player_choice":"Gather Gold","floor":8.0,"gold_loss":0.0,"damage_taken":11.0},{"damage_healed":0.0,"max_hp_gain":0.0,"max_hp_loss":0.0,"gold_gain":0.0,"event_name":"The Library","player_choice":"Read","floor":19.0,"gold_loss":0.0,"damage_taken":0.0,"cards_obtained":["White Noise"]},{"damage_healed":0.0,"max_hp_gain":0.0,"max_hp_loss":0.0,"gold_gain":0.0,"event_name":"FaceTrader","player_choice":"Trade","floor":20.0,"gold_loss":0.0,"damage_taken":0.0,"relics_obtained":["SsserpentHead"]},{"cards_removed":["Strike_B"],"damage_healed":0,"gold_gain":0,"player_choice":"Purged","damage_taken":0,"max_hp_gain":0,"max_hp_loss":0,"event_name":"Purifier","floor":27,"gold_loss":0}],"is_beta":false,"boss_relics":[{"not_picked":["Cursed Key","Runic Pyramid","Sozu"]}],"items_purged_floors":[12],"is_endless":false,"potions_floor_spawned":[1,11,18],"killed_by":"Sentry and Sphere","ascension_level":10}}