{"host":"h1wz0053njowq1zz","time":1610727075,"event":{"mods":["2.2 Compatiblity","AchievementEnabler","BaseMod","DeckTracker","Highlight Path","Minty Spire (QoL Compilation)","Permanent Neow","Rare Cards Sparkle","Replay The Spire","Small Relic Pack","StSLib"],"gold_per_floor":[366,366,101,118,130,130,144,159,159,172,191,236,236,256,256,356,356,370,295,295,310,225,225,241,266,266,266,286,286,70,82,82,183,183,199,211,221,221,237,264,264,94,94,127,127,127,147,147,147,147],"floor_reached":51,"language":"POL","playtime":3215,"items_purged":["Normality"],"score":625,"play_id":"dbca8323-dea8-4819-827d-1565396e6155","local_time":"20210115171115","is_ascension_mode":true,"campfire_choices":[{"floor":6,"key":"REST"},{"data":"Noxious Fumes","floor":13,"key":"SMITH"},{"data":"Catalyst","floor":15,"key":"SMITH"},{"data":"A Thousand Cuts","floor":23,"key":"SMITH"},{"data":"Bullet Time","floor":29,"key":"SMITH"},{"floor":32,"key":"REST"},{"data":"After Image","floor":41,"key":"SMITH"},{"floor":45,"key":"REST"},{"floor":49,"key":"REST"}],"circlet_count":0,"master_deck":["Strike_G","Strike_G","Strike_G","Strike_G","Defend_G","Defend_G","Defend_G","Defend_G","Defend_G","Survivor","Neutralize","Blade Dance","Noxious Fumes+1","Cloak And Dagger","Noxious Fumes+1","A Thousand Cuts+1","Dagger Throw","Catalyst+1","Infinite Blades","Poisoned Stab","Bullet Time+1","Catalyst","Footwork+1","PiercingWail+1","ReplayTheSpireMod:Necrogeddon","Dodge and Roll+1","After Image+1","CurseOfTheBell","Fluid Movement+1","Dagger Throw+1","ReplayTheSpireMod:Speed Training+1","After Image+1"],"relics":["Ring of the Snake","relicPack:DSword","Regal Pillow","ReplayTheSpireMod:Shallot","Sozu","Ring of Peace","Ring of Hypnosis","Singing Bowl","The Courier","ReplayTheSpireMod:Ninjato","Calling Bell","InkBottle","Torii","Art of War","Bag of Preparation","DollysMirror","relicPack:NeonSign","Kunai","relicPack:OneForAll"],"acts_visited":["Exordium","TheCity","TheBeyond"],"potions_floor_usage":[16,16,37,50],"damage_taken":[{"damage":3,"enemies":"2 Louse","floor":1,"turns":3},{"damage":0,"enemies":"Small Slimes","floor":4,"turns":2},{"damage":0,"enemies":"Jaw Worm","floor":5,"turns":3},{"damage":3,"enemies":"Exordium Wildlife","floor":7,"turns":4},{"damage":10,"enemies":"Looter","floor":8,"turns":3},{"damage":2,"enemies":"Large Slime","floor":10,"turns":4},{"damage":2,"enemies":"3 Louse","floor":11,"turns":3},{"damage":0,"enemies":"Exordium Wildlife","floor":14,"turns":3},{"damage":13,"enemies":"The Guardian","floor":16,"turns":7},{"damage":0,"enemies":"Chosen","floor":18,"turns":4},{"damage":0,"enemies":"2 Thieves","floor":21,"turns":5},{"damage":0,"enemies":"Sentry and Sphere","floor":24,"turns":4},{"damage":23,"enemies":"Slavers","floor":25,"turns":5},{"damage":6,"enemies":"Snake Plant","floor":28,"turns":4},{"damage":0,"enemies":"Centurion and Healer","floor":31,"turns":4},{"damage":16,"enemies":"Collector","floor":33,"turns":6},{"damage":1,"enemies":"Orb Walker","floor":35,"turns":5},{"damage":0,"enemies":"3 Darklings","floor":36,"turns":4},{"damage":30,"enemies":"4 Shapes","floor":37,"turns":5},{"damage":0,"enemies":"Jaw Worm Horde","floor":39,"turns":5},{"damage":0,"enemies":"R_Hoarder","floor":40,"turns":6},{"damage":28,"enemies":"Nemesis","floor":44,"turns":8},{"damage":0,"enemies":"Maw","floor":47,"turns":7},{"damage":20,"enemies":"Replay:Hell Engine","floor":50,"turns":10}],"seed_played":"-4615468071876504068","potions_obtained":[{"floor":1,"key":"SpeedPotion"},{"floor":4,"key":"Dexterity Potion"},{"floor":7,"key":"SpeedPotion"},{"floor":12,"key":"Strength Potion"},{"floor":16,"key":"Explosive Potion"}],"is_trial":false,"path_per_floor":["M","?","$","M","M","R","M","M","T","M","M","?","R","M","R","B",null,"M","?","?","M","?","R","M","E","T","?","M","R","$","M","R","B",null,"M","M","M","?","M","E","R","$","T","E","R","?","M","?","R","B",null],"character_chosen":"THE_SILENT","items_purchased":["Regal Pillow","Noxious Fumes+1","Cloak And Dagger","ReplayTheSpireMod:Necrogeddon","ReplayTheSpireMod:Speed Training+1","DollysMirror"],"campfire_rested":4,"item_purchase_floors":[3,3,3,30,42,42],"current_hp_per_floor":[60,25,25,25,25,58,55,45,45,43,41,41,41,41,41,28,63,63,63,63,63,63,63,65,44,44,44,38,38,38,38,67,51,67,68,70,42,42,42,42,42,42,42,16,53,53,55,55,77,57],"gold":147,"neow_bonus":"TWO_FIFTY_GOLD","is_daily":false,"chose_seed":false,"campfire_upgraded":5,"win_rate":0.0,"timestamp":1610727075,"path_taken":["M","?","$","M","M","R","M","M","T","M","M","?","R","M","R","BOSS","M","?","?","M","?","R","M","E","T","?","M","R","$","M","R","BOSS","M","M","M","?","M","E","R","$","T","E","R","?","?","?","R","BOSS"],"items_purchased_type":["Relic","Card","Card","Card","Card","Relic"],"build_version":"2020-12-22","purchased_purges":1,"victory":true,"max_hp_per_floor":[63,63,63,63,63,63,63,63,63,63,63,63,63,63,63,63,63,63,63,63,63,63,63,65,67,67,67,67,67,67,67,67,67,67,69,71,73,73,73,73,73,73,73,75,75,75,77,77,77,77],"card_choices":[{"not_picked":["Concentrate","Flying Knee"],"picked":"Blade Dance","floor":1},{"not_picked":["ReplayTheSpireMod:Tripwire","PiercingWail","Leg Sweep"],"picked":"SKIP","floor":4},{"not_picked":["Quick Slash","Underhanded Strike"],"picked":"Noxious Fumes","floor":5},{"not_picked":["Deflect","Dodge and Roll"],"picked":"A Thousand Cuts","floor":7},{"not_picked":["Sucker Punch","PiercingWail"],"picked":"Dagger Throw","floor":8},{"not_picked":["Quick Slash","Dagger Spray"],"picked":"Catalyst","floor":10},{"not_picked":["Cloak And Dagger","Sucker Punch"],"picked":"Infinite Blades","floor":11},{"not_picked":["PiercingWail","Slice"],"picked":"Poisoned Stab","floor":12},{"not_picked":["Predator","Deflect","ReplayTheSpireMod:Exploit Weakness"],"picked":"SKIP","floor":14},{"not_picked":["Die Die Die","Grand Finale"],"picked":"Bullet Time","floor":16},{"not_picked":["Flechettes","Prepared"],"picked":"Catalyst","floor":18},{"not_picked":["Cloak And Dagger","Dodge and Roll"],"picked":"Footwork+1","floor":21},{"not_picked":["Tools of the Trade","Quick Slash","Deadly Poison"],"picked":"Singing Bowl","floor":24},{"not_picked":["Underhanded Strike","PiercingWail","Toxin Wave"],"picked":"Singing Bowl","floor":25},{"not_picked":["Flying Knee","Blade Dance"],"picked":"PiercingWail+1","floor":28},{"not_picked":["Acrobatics","Noxious Fumes+1"],"picked":"Dodge and Roll+1","floor":31},{"not_picked":["Tools of the Trade","Doppelganger"],"picked":"After Image","floor":33},{"not_picked":["Prepared","Toxin Wave+1","Endless Agony+1"],"picked":"Singing Bowl","floor":35},{"not_picked":["ReplayTheSpireMod:Tripwire","Sucker Punch+1","Escape Plan+1"],"picked":"Singing Bowl","floor":36},{"not_picked":["Deflect+1","Flying Knee","Dagger Throw+1"],"picked":"Singing Bowl","floor":37},{"not_picked":["Toxin Wave+1","Dagger Spray"],"picked":"Fluid Movement+1","floor":39},{"not_picked":["Slice+1","Quick Slash"],"picked":"Dagger Throw+1","floor":40},{"not_picked":["Expertise","Prepared","Reflex"],"picked":"Singing Bowl","floor":44},{"not_picked":["Acrobatics+1","Slice+1","Masterful Stab+1"],"picked":"Singing Bowl","floor":47}],"player_experience":179867,"relics_obtained":[{"floor":9,"key":"ReplayTheSpireMod:Shallot"},{"floor":20,"key":"Ring of Peace"},{"floor":20,"key":"Ring of Hypnosis"},{"floor":25,"key":"The Courier"},{"floor":26,"key":"ReplayTheSpireMod:Ninjato"},{"floor":34,"key":"InkBottle"},{"floor":34,"key":"Torii"},{"floor":34,"key":"Art of War"},{"floor":40,"key":"Bag of Preparation"},{"floor":43,"key":"relicPack:NeonSign"},{"floor":44,"key":"Kunai"}],"event_choices":[{"cards_removed":["Strike_G"],"damage_healed":0,"gold_gain":0,"player_choice":"Gave Gold","damage_taken":0,"max_hp_gain":0,"max_hp_loss":0,"event_name":"Beggar","floor":19,"gold_loss":75},{"damage_healed":0,"gold_gain":0,"player_choice":"Obtained Relic","damage_taken":0,"relics_obtained":["Singing Bowl"],"max_hp_gain":0,"max_hp_loss":0,"event_name":"Addict","floor":22,"gold_loss":85},{"damage_healed":0,"gold_gain":0,"player_choice":"Ignored","damage_taken":0,"max_hp_gain":0,"max_hp_loss":0,"event_name":"Ghosts","floor":27,"gold_loss":0},{"damage_healed":0,"gold_gain":0,"player_choice":"Got Potions","damage_taken":0,"max_hp_gain":0,"max_hp_loss":0,"event_name":"Lab","floor":46,"gold_loss":0}],"is_beta":false,"boss_relics":[{"not_picked":["Runic Pyramid","SacredBark"],"picked":"Sozu"},{"not_picked":["Runic Dome","Black Star"],"picked":"Calling Bell"}],"items_purged_floors":[30],"is_endless":false,"potions_floor_spawned":[1,4,7,16,18,25,36,44],"ascension_level":1}}