{"host":"18wi9kpcl4eah7pe","time":1610746366,"event":{"mods":["BaseMod","Colored Powertips","Downfall","Minty Spire (QoL Compilation)","StSLib"],"gold_per_floor":[99,117,131,148,148,73,99,99,115,130,145,180,198,224,255,362,374,311,343,371,383,412,444,456,482,494,516,528,550,487,513,539,650,662,674,686,686,686],"floor_reached":36,"language":"ENG","playtime":1709,"items_purged":[],"score":495,"play_id":"0e405195-b84b-47ef-9ff9-c9c8233391e3","local_time":"20210115153246","is_ascension_mode":true,"campfire_choices":[{"floor":1,"key":"RECALL"},{"data":"Slimebound:Split","floor":6,"key":"SMITH"},{"data":"Slimebound:RollThrough","floor":8,"key":"SMITH"},{"data":"Slimebound:MassFeed","floor":18,"key":"SMITH"},{"data":"Slimebound:PrepareCrush","floor":30,"key":"SMITH"},{"data":"Slimebound:SelfFormingGoo","floor":35,"key":"SMITH"}],"circlet_count":0,"master_deck":["Slimebound:Tackle","Slimebound:Defend_Slimebound","Slimebound:Defend_Slimebound","Slimebound:Defend_Slimebound","Slimebound:Defend_Slimebound","Slimebound:Split+1","Slimebound:CorrosiveSpit","Slimebound:RollThrough+1","Slimebound:LeechEnergy","Slimebound:Nibble","Slimebound:SplitMire","Slimebound:SpikyOuterGoop","Slimebound:MassFeed+1","Slimebound:SpikyOuterGoop","Slimebound:RainOfGoop","Slimebound:SlimeSpikes","Slimebound:PrepareCrush+1","Slimebound:AcidTongue+1","Slimebound:GrowthPunch+1","Slimebound:Prepare","Slimebound:SplitBruiser","Slimebound:SplitSpecialist","Slimebound:Recollect+1","Bite","Bite","Bite","Bite","Bite","Slimebound:RainOfGoop","Slimebound:SelfFormingGoo+1","Slimebound:GoopSpray","Slimebound:Recycling"],"relics":["Slimebound:AbsorbEndCombat","downfall:HeartBlessingRed","Strawberry","Slimebound:SlimedTailRelic","MawBank","Slimebound:TarBlob","Nloth\u0027s Gift","Bottled Tornado","downfall:HeartBlessingBlue"],"acts_visited":["Exordium","TheCity","TheBeyond"],"potions_floor_usage":[12,14,16,19,19,25,27,27,33,33],"damage_taken":[{"damage":6,"enemies":"2 Louse","floor":2,"turns":3},{"damage":9,"enemies":"Cultist","floor":3,"turns":4},{"damage":8,"enemies":"Small Slimes","floor":4,"turns":3},{"damage":19,"enemies":"Blue Slaver","floor":9,"turns":3},{"damage":16,"enemies":"Large Slime","floor":10,"turns":4},{"damage":4,"enemies":"Exordium Wildlife","floor":11,"turns":3},{"damage":21,"enemies":"3 Sentries","floor":12,"turns":4},{"damage":19,"enemies":"Blue Slaver","floor":13,"turns":3},{"damage":36,"enemies":"Gremlin Nob","floor":14,"turns":3},{"damage":24,"enemies":"Exordium Thugs","floor":15,"turns":4},{"damage":23,"enemies":"downfall:Watcher","floor":16,"turns":8},{"damage":24,"enemies":"Shell Parasite","floor":19,"turns":3},{"damage":30,"enemies":"Chosen","floor":20,"turns":4},{"damage":11,"enemies":"Snecko","floor":22,"turns":3},{"damage":34,"enemies":"Centurion and Healer","floor":23,"turns":5},{"damage":36,"enemies":"3 Cultists","floor":25,"turns":5},{"damage":30,"enemies":"Snake Plant","floor":27,"turns":4},{"damage":32,"enemies":"Centurion and Healer","floor":29,"turns":6},{"damage":42,"enemies":"Sentry and Sphere","floor":31,"turns":5},{"damage":43,"enemies":"Snecko","floor":32,"turns":4},{"damage":59,"enemies":"downfall:Ironclad","floor":33,"turns":7},{"damage":92,"enemies":"3 Shapes","floor":36,"turns":3}],"seed_played":"2312298150463894324","potions_obtained":[{"floor":3,"key":"Slimebound:SlimyTonguePotion"},{"floor":11,"key":"SkillPotion"},{"floor":12,"key":"hexamod:EctoCoolerPotion"},{"floor":13,"key":"LiquidMemories"},{"floor":16,"key":"sneckomod:MuddlingPotion"},{"floor":22,"key":"EssenceOfSteel"},{"floor":23,"key":"Guardian:BlockOnCardUsePotion"},{"floor":25,"key":"LiquidBronze"},{"floor":31,"key":"Strength Potion"},{"floor":32,"key":"Swift Potion"},{"floor":33,"key":"Ancient Potion"}],"is_trial":false,"path_per_floor":["R","M","M","M","?","R","T","R","M","M","M","E","M","E","M","B",null,"R","M","M","?","M","M","T","M","T","M","?","M","R","M","M","B",null,"R","M"],"character_chosen":"SLIMEBOUND","items_purchased":[],"campfire_rested":0,"item_purchase_floors":[],"current_hp_per_floor":[66,66,63,63,66,66,73,73,66,66,70,69,62,46,45,50,76,76,62,54,54,59,57,57,49,49,53,53,58,68,70,53,56,72,72,0,0,0],"gold":686,"neow_bonus":"TEN_PERCENT_HP_BONUS","is_daily":false,"chose_seed":false,"campfire_upgraded":5,"win_rate":0.0,"timestamp":1610746366,"path_taken":["R","M","M","M","?","R","T","R","?","M","M","E","M","E","M","BOSS","R","M","M","?","?","M","T","M","?","M","?","M","R","M","M","BOSS","R","M"],"items_purchased_type":[],"build_version":"2020-12-22","purchased_purges":0,"victory":false,"max_hp_per_floor":[66,66,66,66,66,66,73,73,73,73,73,73,73,73,76,76,76,76,76,76,76,80,84,84,84,84,84,58,58,68,72,72,72,72,72,72,72,72],"card_choices":[{"not_picked":["Slimebound:ComboTackle","Slimebound:ServeAndProtect"],"picked":"Slimebound:LeechingTouch","floor":2},{"not_picked":["Slimebound:GrowthPunch","Slimebound:PressTheAttack"],"picked":"Slimebound:RollThrough","floor":3},{"not_picked":["Slimebound:LeechingTouch","Slimebound:SlimeSpikes"],"picked":"Slimebound:LeechEnergy","floor":4},{"not_picked":["Slimebound:SplitLeeching","Slimebound:TongueLash"],"picked":"Slimebound:Nibble","floor":9},{"not_picked":["Slimebound:Replication","Slimebound:DisruptingSlam"],"picked":"Slimebound:SplitMire","floor":10},{"not_picked":["Slimebound:MegaLick","Slimebound:SplitAcid"],"picked":"Slimebound:SpikyOuterGoop","floor":11},{"not_picked":["Slimebound:Schlurp","Slimebound:ViciousTackle"],"picked":"Slimebound:MassFeed","floor":12},{"not_picked":["Slimebound:DivideAndConquer","Slimebound:GoopTackle"],"picked":"Slimebound:SpikyOuterGoop","floor":13},{"not_picked":["Slimebound:SlimeSpikes","Slimebound:ServeAndProtect"],"picked":"Slimebound:RainOfGoop","floor":14},{"not_picked":["Slimebound:ServeAndProtect","Slimebound:ViciousTackle"],"picked":"Slimebound:SlimeSpikes","floor":15},{"not_picked":["Slimebound:Teamwork","Slimebound:SlimeSlap"],"picked":"Slimebound:PrepareCrush","floor":16},{"not_picked":["Slimebound:Grow","Slimebound:Replication"],"picked":"Slimebound:AcidTongue+1","floor":19},{"not_picked":["Slimebound:RejuvenatingLick","Slimebound:MegaLick"],"picked":"Slimebound:GrowthPunch+1","floor":20},{"not_picked":["Slimebound:SplitMire","Slimebound:ViciousTackle+1"],"picked":"Slimebound:Prepare","floor":22},{"not_picked":["Slimebound:ComboTackle","Slimebound:Prepare+1"],"picked":"Slimebound:SplitBruiser","floor":23},{"not_picked":["Slimebound:SamplingLick+1","Slimebound:ComboTackle"],"picked":"Slimebound:SplitSpecialist","floor":25},{"not_picked":["Slimebound:DouseInSlime","Slimebound:FinishingTackle"],"picked":"Slimebound:Recollect+1","floor":27},{"not_picked":["Slimebound:SlimeSpikes","Slimebound:RollThrough"],"picked":"Slimebound:RainOfGoop","floor":29},{"not_picked":["Slimebound:LeechEnergy","Slimebound:FormOfPuddle"],"picked":"Slimebound:SelfFormingGoo","floor":31},{"not_picked":["Slimebound:MegaLick","Slimebound:GrowthPunch"],"picked":"Slimebound:GoopSpray","floor":32},{"not_picked":["Slimebound:WasteNot","Slimebound:Teamwork"],"picked":"Slimebound:Recycling","floor":33}],"player_experience":915123,"relics_obtained":[{"floor":7,"key":"Strawberry"},{"floor":12,"key":"Slimebound:SlimedTailRelic"},{"floor":14,"key":"MawBank"},{"floor":26,"key":"Bottled Tornado"}],"event_choices":[{"cards_removed":["Slimebound:LeechingTouch"],"damage_healed":5,"gold_gain":0,"player_choice":"Offered Common","damage_taken":0,"max_hp_gain":0,"max_hp_loss":0,"event_name":"Bonfire Elementals","floor":5,"gold_loss":0},{"cards_removed":["Slimebound:LeechingTouch"],"damage_healed":5,"gold_gain":0,"player_choice":"Offered Special","damage_taken":0,"max_hp_gain":0,"max_hp_loss":0,"event_name":"Bonfire Elementals","floor":5,"gold_loss":0},{"damage_healed":0,"gold_gain":0,"player_choice":"Became a vampire","damage_taken":0,"max_hp_gain":0,"max_hp_loss":26,"event_name":"Vampires","floor":28,"gold_loss":0,"cards_obtained":["Bite","Bite","Bite","Bite","Bite"]}],"is_beta":false,"boss_relics":[{"not_picked":["Empty Cage","downfall:Hecktoplasm"],"picked":"Slimebound:TarBlob"},{"not_picked":["Pandora\u0027s Box","Philosopher\u0027s Stone","Busted Crown"]}],"items_purged_floors":[],"is_endless":false,"potions_floor_spawned":[3,11,12,13,16,22,23,25,31,32,33],"killed_by":"3 Shapes","ascension_level":3}}