{"host":"jfbo3eu2ui08ej1u","time":1610726347,"event":{"mods":["2.2 Compatiblity","AchievementEnabler","Act Like it!","Aspiration","BaseMod","Better Altar","Better Match","Better Note","Better Sensory Stone","Better Skull","Better Third Choice","Block Reminder","Colored Map","Colored Powertips","Conspire","DeckTracker","Displayed Cursed Tome","Downfall","Energized Spire","Fox Events","GifTheSpireLib","Hubris","Infinite Spire","Marked Mod","Minty Spire (QoL Compilation)","Pale of the Ancients","Quick Restart","RRrroohrrRGHHhhh!!","Relic Filter","Reorder Act Four","Replay The Spire","Shop Mod","Spicy Shops","StSLib","Stuff the Spire","The Blue Laboratory","The Disciple","The Forsaken","The Hierophant","The Marked","Uncapped","Unceasing Turn Reminder","Wandering Minibosses"],"gold_per_floor":[111,125,125,36,47,47,81,81,134,148,167,182,182,226,235,321,321,333,351,351,23,39,39,39],"floor_reached":23,"language":"ENG","playtime":821,"items_purged":["Strike_R"],"score":402,"play_id":"86a7d0bf-a892-4596-a485-3d9f56118bbd","local_time":"20210115105907","is_ascension_mode":true,"campfire_choices":[{"data":"StuffTheSpire:Slingshot","floor":6,"key":"SMITH"},{"data":"True Grit","floor":8,"key":"SMITH"},{"data":"Uppercut","floor":13,"key":"SMITH"},{"floor":15,"key":"REST"}],"circlet_count":0,"master_deck":["AscendersBane","Strike_R","Strike_R","Strike_R","Strike_R","Defend_R","Defend_R","Defend_R","Defend_R","Bash","StuffTheSpire:Slingshot+1","True Grit+1","Feel No Pain","Sword Boomerang","Reckless Charge","ReplayTheSpireMod:Strike From Hell","Uppercut+1","Feed","Shrug It Off","Anger","Limit Break","infinitespire:TheBestDefense","infinitespire:Starlight","Evolve"],"relics":["Burning Blood","Pen Nib","hubris:CrystalStatue","Dream Catcher","CeramicFish","rorgmod:Black Star","Ancient Tea Set","Mark of Pain","Lee\u0027s Waffle"],"acts_visited":["Exordium","TheCity"],"potions_floor_usage":[7,10,16,18,23],"damage_taken":[{"damage":2,"enemies":"Cultist","floor":1,"turns":4},{"damage":3,"enemies":"Small Slimes","floor":2,"turns":3},{"damage":9,"enemies":"2 Louse","floor":5,"turns":3},{"damage":17,"enemies":"Lagavulin","floor":7,"turns":6},{"damage":11,"enemies":"Exordium Thugs","floor":10,"turns":4},{"damage":7,"enemies":"Gremlin Gang","floor":11,"turns":6},{"damage":9,"enemies":"Exordium Wildlife","floor":12,"turns":3},{"damage":26,"enemies":"3 Sentries","floor":14,"turns":9},{"damage":52,"enemies":"Hexaghost","floor":16,"turns":12},{"damage":18,"enemies":"conspire:FuzzyDice","floor":18,"turns":8},{"damage":38,"enemies":"Spheric Guardian","floor":22,"turns":8},{"damage":110,"enemies":"Gremlin Leader","floor":23,"turns":7}],"seed_played":"-8927898138473495552","potions_obtained":[{"floor":1,"key":"Energy Potion"},{"floor":7,"key":"Weak Potion"},{"floor":10,"key":"blueLaboratory:LouseDecoction"},{"floor":11,"key":"blueLaboratory:PhilterOfMotion"},{"floor":14,"key":"Block Potion"}],"is_trial":false,"path_per_floor":["M","M","?","$","M","R","E","R","T","M","M","M","R","E","R","B",null,"M","AVR","?","$","M","E"],"character_chosen":"IRONCLAD","items_purchased":["Feel No Pain","Lee\u0027s Waffle","Evolve","BloodPotion"],"campfire_rested":1,"item_purchase_floors":[4,21,21,21],"current_hp_per_floor":[72,75,75,75,72,72,61,61,61,56,55,52,52,35,58,12,62,50,50,50,85,66,0,0],"gold":39,"neow_bonus":"RANDOM_COMMON_RELIC","is_daily":false,"chose_seed":false,"campfire_upgraded":3,"win_rate":0.0,"timestamp":1610726347,"path_taken":["M","M","?","$","M","R","E","R","T","M","M","M","R","E","R","BOSS","M","AVR","?","$","M","E"],"items_purchased_type":["Card","Relic","Card","Potion"],"build_version":"2020-12-22","purchased_purges":1,"victory":false,"max_hp_per_floor":[75,75,75,75,75,75,75,75,75,75,75,75,75,78,78,78,78,78,78,78,85,88,88,88],"card_choices":[{"not_picked":["Dropkick","Armaments"],"picked":"StuffTheSpire:Slingshot","floor":1},{"not_picked":["StuffTheSpire:BloodClot","Clash"],"picked":"True Grit","floor":2},{"not_picked":["Iron Wave","conspire:Charge"],"picked":"Sword Boomerang","floor":5},{"not_picked":["Dual Wield","Perfected Strike"],"picked":"Reckless Charge","floor":7},{"not_picked":["rorgmod:Sentinel","True Grit"],"picked":"ReplayTheSpireMod:Strike From Hell","floor":10},{"not_picked":["True Grit","ReplayReversal"],"picked":"Uppercut","floor":11},{"not_picked":["ReplayTheSpireMod:Stacked","Flex"],"picked":"Feed","floor":12},{"not_picked":["Whirlwind","Headbutt"],"picked":"Shrug It Off","floor":14},{"not_picked":["Bloodletting","Run Through"],"picked":"Anger","floor":15},{"not_picked":["Feed","hubris:StunningStrike"],"picked":"Limit Break","floor":16},{"not_picked":["Dual Wield","Twin Strike","Body Slam"],"picked":"SKIP","floor":18},{"not_picked":["Anger","StuffTheSpire:Incineration","Carnage"],"picked":"SKIP","floor":22}],"player_experience":1226531,"relics_obtained":[{"floor":7,"key":"hubris:CrystalStatue"},{"floor":9,"key":"Dream Catcher"},{"floor":14,"key":"CeramicFish"}],"event_choices":[{"damage_healed":0,"gold_gain":0,"player_choice":"Ignored","damage_taken":0,"max_hp_gain":0,"max_hp_loss":0,"event_name":"N\u0027loth","floor":20,"gold_loss":0}],"is_beta":false,"boss_relics":[{"not_picked":["aspiration:WatcherSkillbook","Replay:Drink Me"],"picked":"rorgmod:Black Star"}],"items_purged_floors":[19],"is_endless":false,"potions_floor_spawned":[1,7,10,11,14],"killed_by":"Gremlin Leader","ascension_level":20}}