{"host":"yvs6unqb0m2j26b0","time":1610726835,"event":{"mods":["AchievementEnabler","BaseMod","Colored Map","Colored Powertips","Minty Spire (QoL Compilation)"],"gold_per_floor":[213,213,57,77,93,113,113,138,138,138,138,149,149,159,159,261,261,279,279,293,309,327,357,38,38,38,14,25,25,45,45,45,142,142,160,179,179,179],"floor_reached":37,"language":"ENG","playtime":2970,"items_purged":[],"score":393,"play_id":"db3ae32b-fc00-40f2-ab5c-f9c5da1b14f4","local_time":"20210115140715","is_ascension_mode":false,"campfire_choices":[{"data":"Zap","floor":7,"key":"SMITH"},{"data":"Dualcast","floor":10,"key":"SMITH"},{"data":"Self Repair","floor":13,"key":"SMITH"},{"data":"Storm","floor":15,"key":"SMITH"},{"data":"Buffer","floor":25,"key":"SMITH"},{"data":"Seek","floor":29,"key":"SMITH"},{"data":"Beam Cell","floor":32,"key":"SMITH"}],"circlet_count":0,"master_deck":["Strike_B+1","Strike_B+1","Strike_B+1","Strike_B+1","Defend_B+1","Defend_B+1","Defend_B+1","Defend_B+1","Zap+1","Dualcast+1","Ball Lightning","Steam","Go for the Eyes","Steam","Storm+1","Self Repair+1","Rebound","Buffer+1","Sweeping Beam","Rebound+1","Rebound","Barrage+1","Seek+1","Mayhem+1","Beam Cell+1","Ball Lightning+1","Sweeping Beam","Echo Form+1","Consume+1","Melter+1"],"relics":["Cracked Core","Blood Vial","Potion Belt","Shuriken","Coffee Dripper","Frozen Egg 2","Lantern","Strawberry","Nuclear Battery"],"acts_visited":["Exordium","TheCity","TheBeyond"],"potions_floor_usage":[8,16,16,16,18,20,21,23,23,23,33],"damage_taken":[{"damage":12,"enemies":"2 Louse","floor":1,"turns":2},{"damage":0,"enemies":"Cultist","floor":4,"turns":3},{"damage":6,"enemies":"Jaw Worm","floor":5,"turns":3},{"damage":8,"enemies":"2 Fungi Beasts","floor":6,"turns":3},{"damage":16,"enemies":"Gremlin Nob","floor":8,"turns":4},{"damage":4,"enemies":"3 Louse","floor":12,"turns":3},{"damage":11,"enemies":"Blue Slaver","floor":14,"turns":3},{"damage":23,"enemies":"Hexaghost","floor":16,"turns":9},{"damage":6,"enemies":"Shell Parasite","floor":18,"turns":4},{"damage":9,"enemies":"Spheric Guardian","floor":20,"turns":4},{"damage":0,"enemies":"Chosen and Byrds","floor":21,"turns":5},{"damage":25,"enemies":"Snake Plant","floor":22,"turns":4},{"damage":42,"enemies":"Gremlin Leader","floor":23,"turns":5},{"damage":0,"enemies":"Snecko","floor":28,"turns":4},{"damage":11,"enemies":"Shelled Parasite and Fungi","floor":30,"turns":4},{"damage":17,"enemies":"Champ","floor":33,"turns":7},{"damage":42,"enemies":"3 Darklings","floor":35,"turns":4},{"damage":11,"enemies":"Orb Walker","floor":36,"turns":3},{"damage":56,"enemies":"Writhing Mass","floor":37,"turns":2}],"seed_played":"7991988595170896050","potions_obtained":[{"floor":2,"key":"EntropicBrew"},{"floor":2,"key":"Explosive Potion"},{"floor":2,"key":"Weak Potion"},{"floor":6,"key":"Regen Potion"},{"floor":14,"key":"BlessingOfTheForge"},{"floor":16,"key":"Dexterity Potion"},{"floor":18,"key":"Strength Potion"},{"floor":20,"key":"SmokeBomb"},{"floor":28,"key":"FocusPotion"},{"floor":33,"key":"LiquidMemories"},{"floor":35,"key":"Block Potion"}],"is_trial":false,"path_per_floor":["M","?","$","M","M","M","R","E","T","R","$","M","R","M","R","B",null,"M","?","M","M","M","E","$","R","T","$","M","R","M","?","R","B",null,"M","M","M"],"character_chosen":"DEFECT","items_purchased":["Blood Vial","Mayhem+1","Lantern","Beam Cell"],"campfire_rested":0,"item_purchase_floors":[3,24,24,27],"current_hp_per_floor":[63,63,63,65,61,55,55,53,53,53,53,51,51,52,52,41,75,75,59,62,74,60,30,30,30,37,37,49,49,50,50,50,45,82,50,41,0,0],"gold":179,"neow_bonus":"HUNDRED_GOLD","is_daily":false,"chose_seed":false,"campfire_upgraded":7,"win_rate":0.0,"timestamp":1610726835,"path_taken":["M","?","?","?","?","M","R","E","T","R","$","M","R","M","R","BOSS","M","?","M","M","M","E","$","R","T","$","M","R","M","?","R","BOSS","M","M","M"],"items_purchased_type":["Relic","Card","Relic","Card"],"build_version":"2020-12-22","purchased_purges":0,"victory":false,"max_hp_per_floor":[75,75,75,75,75,75,75,75,75,75,75,75,75,75,75,75,75,75,75,75,75,75,75,75,75,82,82,82,82,82,82,82,82,82,82,82,82,82],"card_choices":[{"not_picked":["Steam","Leap"],"picked":"Ball Lightning","floor":1},{"not_picked":["Streamline","Rainbow"],"picked":"Steam","floor":4},{"not_picked":["Heatsinks","Conserve Battery"],"picked":"Go for the Eyes","floor":5},{"not_picked":["Turbo","Compile Driver"],"picked":"Steam","floor":6},{"not_picked":["Melter","Hologram"],"picked":"Storm","floor":8},{"not_picked":["Stack","Rebound"],"picked":"Self Repair","floor":12},{"not_picked":["Hologram","Steam"],"picked":"Rebound","floor":14},{"not_picked":["Amplify","Meteor Strike"],"picked":"Buffer","floor":16},{"not_picked":["Coolheaded+1","Chaos"],"picked":"Sweeping Beam","floor":18},{"not_picked":["Coolheaded","Turbo"],"picked":"Rebound+1","floor":20},{"not_picked":["Skim","Cold Snap"],"picked":"Rebound","floor":21},{"not_picked":["Blizzard","Reprogram"],"picked":"Barrage+1","floor":22},{"not_picked":["Gash","Double Energy"],"picked":"Seek","floor":23},{"not_picked":["Gash+1","Conserve Battery+1"],"picked":"Ball Lightning+1","floor":28},{"not_picked":["Conserve Battery","Cold Snap+1"],"picked":"Sweeping Beam","floor":30},{"not_picked":["Rainbow","Reboot"],"picked":"Echo Form+1","floor":33},{"not_picked":["Streamline","Cold Snap"],"picked":"Consume+1","floor":35},{"not_picked":["Streamline","Conserve Battery"],"picked":"Melter+1","floor":36}],"player_experience":42200,"relics_obtained":[{"floor":8,"key":"Potion Belt"},{"floor":9,"key":"Shuriken"},{"floor":23,"key":"Frozen Egg 2"},{"floor":26,"key":"Strawberry"}],"event_choices":[{"damage_healed":0,"gold_gain":0,"player_choice":"Got Potions","damage_taken":0,"max_hp_gain":0,"max_hp_loss":0,"event_name":"Lab","floor":2,"gold_loss":0},{"damage_healed":0,"gold_gain":0,"player_choice":"Obtained Book","damage_taken":16,"max_hp_gain":0,"max_hp_loss":0,"event_name":"Cursed Tome","floor":19,"gold_loss":0},{"damage_healed":0,"gold_gain":0,"player_choice":"Simplicity","damage_taken":0,"max_hp_gain":0,"max_hp_loss":0,"event_name":"Back to Basics","floor":31,"gold_loss":0,"cards_upgraded":["Strike_B","Strike_B","Strike_B","Strike_B","Defend_B","Defend_B","Defend_B","Defend_B"]}],"is_beta":false,"boss_relics":[{"not_picked":["Fusion Hammer","Ectoplasm"],"picked":"Coffee Dripper"},{"not_picked":["Cursed Key","Philosopher\u0027s Stone"],"picked":"Nuclear Battery"}],"items_purged_floors":[],"is_endless":false,"potions_floor_spawned":[5,6,14,16,18,20,28,33,35],"killed_by":"Writhing Mass","ascension_level":0}}