{"host":"fiyb7gvx7tok3jeh","time":1610730928,"event":{"mods":["BaseMod","Colored Map","Colored Powertips","DeckTracker","Googly Eyes","Highlight Path","Minty Spire (QoL Compilation)"],"gold_per_floor":[113,132,132,149,164,191,366,366,366,381,5,5,5,24,24,24,24],"floor_reached":16,"language":"ENG","playtime":721,"items_purged":["Doubt"],"score":146,"play_id":"46f266ed-554b-4d34-8de1-32c26e326013","local_time":"20210115191528","is_ascension_mode":true,"campfire_choices":[{"data":"PathToVictory","floor":8,"key":"SMITH"},{"data":"Sanctity","floor":13,"key":"SMITH"},{"data":"Vigilance","floor":15,"key":"SMITH"}],"circlet_count":0,"master_deck":["Strike_P","Strike_P","Strike_P","Strike_P","Defend_P","Defend_P","Defend_P+1","Defend_P+1","Eruption","Vigilance+1","EmptyMind","PathToVictory+1","EmptyMind","Sanctity+1","Consecrate"],"relics":["PureWater","Happy Flower","StrikeDummy","War Paint","Mummified Hand","TungstenRod","Bird Faced Urn"],"acts_visited":["Exordium"],"potions_floor_usage":[5,16,16],"damage_taken":[{"damage":2,"enemies":"Small Slimes","floor":1,"turns":4},{"damage":2,"enemies":"Jaw Worm","floor":2,"turns":3},{"damage":2,"enemies":"2 Louse","floor":4,"turns":3},{"damage":0,"enemies":"Exordium Thugs","floor":5,"turns":2},{"damage":0,"enemies":"Gremlin Nob","floor":6,"turns":2},{"damage":4,"enemies":"Large Slime","floor":10,"turns":4},{"damage":11,"enemies":"Lots of Slimes","floor":14,"turns":4},{"damage":29,"enemies":"Hexaghost","floor":16,"turns":9}],"seed_played":"4744086164805366063","potions_obtained":[{"floor":1,"key":"Fire Potion"},{"floor":6,"key":"Swift Potion"},{"floor":14,"key":"BottledMiracle"}],"is_trial":false,"path_per_floor":["M","M","?","M","M","E","?","R","T","M","$","T","R","M","R","B"],"character_chosen":"WATCHER","items_purchased":["TungstenRod"],"campfire_rested":0,"item_purchase_floors":[11],"current_hp_per_floor":[70,68,43,41,41,41,41,41,41,37,37,37,37,26,26,0,0],"gold":24,"neow_bonus":"RANDOM_COMMON_RELIC","is_daily":false,"chose_seed":false,"campfire_upgraded":3,"win_rate":0.0,"timestamp":1610730928,"path_taken":["M","M","?","M","M","E","?","R","T","M","?","?","R","M","R","BOSS"],"items_purchased_type":["Relic"],"build_version":"2020-12-22","purchased_purges":1,"victory":false,"max_hp_per_floor":[72,72,72,72,72,72,72,72,72,72,72,72,72,72,72,72,72],"card_choices":[{"not_picked":["FlyingSleeves","EmptyFist"],"picked":"EmptyMind","floor":1},{"not_picked":["SashWhip","Adaptation","ThirdEye"],"picked":"SKIP","floor":2},{"not_picked":["CutThroughFate","EmptyBody"],"picked":"PathToVictory","floor":4},{"not_picked":["EmptyBody","EmptyFist"],"picked":"EmptyMind","floor":5},{"not_picked":["FollowUp","CrushJoints"],"picked":"Sanctity","floor":6},{"not_picked":["FollowUp","Fasting2","CrushJoints"],"picked":"SKIP","floor":10},{"not_picked":["Crescendo","SashWhip"],"picked":"Consecrate","floor":14}],"player_experience":250131,"relics_obtained":[{"floor":6,"key":"War Paint"},{"floor":9,"key":"Mummified Hand"},{"floor":12,"key":"Bird Faced Urn"}],"event_choices":[{"damage_healed":0,"gold_gain":0,"player_choice":"Success","damage_taken":25,"relics_obtained":["StrikeDummy"],"max_hp_gain":0,"max_hp_loss":0,"event_name":"Scrap Ooze","floor":3,"gold_loss":0},{"damage_healed":0,"gold_gain":175,"player_choice":"AGREE","damage_taken":0,"max_hp_gain":0,"max_hp_loss":0,"event_name":"Liars Game","floor":7,"gold_loss":0,"cards_obtained":["Doubt"]}],"is_beta":false,"boss_relics":[],"items_purged_floors":[11],"is_endless":false,"potions_floor_spawned":[1,6,14],"killed_by":"Hexaghost","ascension_level":3}}