{"host":"mkwa175kl1c2jyb4","time":1610709984,"event":{"mods":["2.2 Compatiblity","AchievementEnabler","Act Like it!","BaseMod","Better Third Choice","BetterRewards","CapriCore","Colored Powertips","DeckTracker","Energized Spire","Friendly Minions","Gensokyo","Hubris","Infinite Spire","Lobotomy","LobotomyExtend","Minty Spire (QoL Compilation)","Quick Restart","Rare Cards Sparkle","Relic Stats","Replay The Spire","StSLib","SuperFastMode"],"gold_per_floor":[113,32,32,50,50,50,50,50],"floor_reached":7,"language":"ENG","playtime":277,"items_purged":[],"score":49,"play_id":"b09366c6-fa12-4775-8c1c-242816683c58","local_time":"20210115062624","is_ascension_mode":true,"campfire_choices":[{"data":"Neutralize","floor":6.0,"key":"SMITH"}],"circlet_count":0,"master_deck":["Strike_G","Strike_G","Strike_G","Strike_G","Defend_G","Defend_G","Defend_G","Defend_G","Defend_G","Survivor","Neutralize+1","BigBadWolf","Accuracy","Footwork+1","FairyFestival","Phantasmal Killer+1"],"relics":["Ring of the Snake","CogitoBucket","LetterFromLob"],"acts_visited":["Exordium"],"potions_floor_usage":[],"damage_taken":[{"damage":6.0,"enemies":"Jaw Worm","floor":1.0,"turns":5.0},{"damage":0.0,"enemies":"Small Slimes","floor":4.0,"turns":4.0},{"damage":0,"enemies":"3 Sentries","floor":7,"turns":1}],"seed_played":"-2871794314432520703","potions_obtained":[{"floor":1.0,"key":"Languid Potion"}],"is_trial":false,"path_per_floor":["M","$","?","M","?","R","E"],"character_chosen":"THE_SILENT","items_purchased":["Footwork"],"campfire_rested":0,"item_purchase_floors":[2],"current_hp_per_floor":[64,64,64,64,64,64,64,64],"gold":50,"neow_bonus":"","is_daily":false,"chose_seed":false,"campfire_upgraded":1,"win_rate":0.0,"timestamp":1610709984,"path_taken":["M","$","?","M","?","R","E"],"items_purchased_type":["Card"],"build_version":"2020-12-22","purchased_purges":0,"victory":false,"max_hp_per_floor":[70,70,70,70,70,70,70,70],"relic_stats":{"counters":[3,9],"obtain_stats":[{"CogitoBucket":0,"LetterFromLob":1,"Ring of the Snake":0},{"CogitoBucket":0,"LetterFromLob":1,"Ring of the Snake":0},{"CogitoBucket":0,"LetterFromLob":5,"Ring of the Snake":0}],"Ring of the Snake":[4]},"card_choices":[{"not_picked":["MeatLantern","LittlePrince"],"picked":"BigBadWolf","floor":1.0},{"not_picked":["Sneak Up","Bane"],"picked":"Accuracy","floor":1.0},{"not_picked":["WallGazer","HeroicMonk"],"picked":"FairyFestival","floor":4.0},{"not_picked":["Eviscerate","PiercingWail"],"picked":"Acrobatics","floor":4.0}],"player_experience":709215,"relics_obtained":[{"floor":1.0,"key":"LetterFromLob"}],"event_choices":[{"damage_healed":0.0,"max_hp_gain":0.0,"max_hp_loss":0.0,"gold_gain":0.0,"event_name":"Living Wall","player_choice":"Grow","floor":3.0,"gold_loss":0.0,"damage_taken":0.0,"cards_upgraded":["Footwork"]}],"is_beta":false,"boss_relics":[],"items_purged_floors":[],"is_endless":false,"potions_floor_spawned":[1],"killed_by":"3 Sentries","ascension_level":5}}