{"host":"ertz0a1vw3taca14","time":1610731566,"event":{"mods":["BaseMod","Downfall","KinomotoSakuraMod(ƒæ÷Æ±æ”£)","Luminous","Marisa£®ÏF”Í°°ƒß¿Ì…≥£©","Minty Spire (QoL Compilation)","Remilia£®¿Ÿ√◊¿Ú—«£©","StSLib","The Administrix","The Servant 0.9.4","Yakumo Yukari mod","Youmu£®ªÍ∆«—˝√Œ£©","Yuyuko"],"gold_per_floor":[18,18,36,48,65,65,85,85,133,145,145,173,173,199,199,199,199],"floor_reached":16,"language":"ZHS","playtime":524,"items_purged":[],"score":102,"play_id":"4ea44646-08e4-4e0f-bc5f-72497597a7d1","local_time":"20210116012606","is_ascension_mode":false,"campfire_choices":[{"data":"TransientEternity","floor":6,"key":"SMITH"},{"floor":11,"key":"RECALL"},{"data":"BloodHunter","floor":15,"key":"SMITH"}],"circlet_count":0,"master_deck":["Strike_RM","Strike_RM","Strike_RM","Strike_RM","Defend_RM","RedMoon","ScarletShoot","TransientEternity+1","UnstableMagic","FitfulNightmare","BloodAndWine","NightDance","MiserableFate","RedMagic","HellCatastrophe","BloodHunter+1"],"relics":["ScarletHat","StrikeDummy","Omamori"],"acts_visited":["Exordium"],"potions_floor_usage":[3,5,12,16],"damage_taken":[{"damage":0,"enemies":"Small Slimes","floor":1,"turns":3},{"damage":0,"enemies":"Cultist","floor":3,"turns":4},{"damage":3,"enemies":"2 Louse","floor":4,"turns":4},{"damage":0,"enemies":"Blue Slaver","floor":5,"turns":3},{"damage":0,"enemies":"3 Louse","floor":7,"turns":2},{"damage":8,"enemies":"Exordium Thugs","floor":10,"turns":5},{"damage":5,"enemies":"Lagavulin","floor":12,"turns":4},{"damage":92,"enemies":"Hexaghost","floor":16,"turns":16}],"seed_played":"494601571876971049","potions_obtained":[{"floor":1,"key":"LiquidMemories"},{"floor":2,"key":"LazyBrew"},{"floor":2,"key":"SmokeBomb"},{"floor":3,"key":"CultistPotion"},{"floor":12,"key":"Fire Potion"}],"is_trial":false,"path_per_floor":["M","?","M","M","M","R","M","?","T","M","R","E","?","T","R","B"],"character_chosen":"REMILIA","items_purchased":[],"campfire_rested":0,"item_purchase_floors":[],"current_hp_per_floor":[75,75,75,74,75,75,75,75,75,72,72,71,71,71,71,0,0],"gold":199,"neow_bonus":"TRANSFORM_TWO_CARDS","is_daily":false,"chose_seed":false,"campfire_upgraded":2,"win_rate":0.0,"timestamp":1610731566,"path_taken":["M","?","?","M","M","R","M","?","T","M","R","E","?","?","R","BOSS"],"items_purchased_type":[],"build_version":"2020-12-22","purchased_purges":0,"victory":false,"max_hp_per_floor":[75,75,75,75,75,75,75,75,75,75,75,75,75,75,75,75,75],"card_choices":[{"not_picked":["ScarletImprint","Stigmanizer"],"picked":"FitfulNightmare","floor":1},{"not_picked":["AfternoonTea","BlasphemousPunishment"],"picked":"BloodAndWine","floor":3},{"not_picked":["EndlessAdversity","ScarletImprint"],"picked":"NightDance","floor":4},{"not_picked":["GlobalNightmare","ScarletImprint"],"picked":"MiserableFate","floor":5},{"not_picked":["Ultimatum","RedRainbow"],"picked":"RedMagic","floor":7},{"not_picked":["DiffusionOfMisfortune","Maim"],"picked":"HellCatastrophe","floor":10},{"not_picked":["GlobalNightmare","HunterOfTheNight"],"picked":"BloodHunter","floor":12}],"player_experience":147085,"relics_obtained":[{"floor":12,"key":"StrikeDummy"},{"floor":14,"key":"Omamori"}],"event_choices":[{"damage_healed":0,"gold_gain":0,"player_choice":"Got Potions","damage_taken":0,"max_hp_gain":0,"max_hp_loss":0,"event_name":"Lab","floor":2,"gold_loss":0},{"damage_healed":0,"gold_gain":0,"player_choice":"Ignored","damage_taken":0,"max_hp_gain":0,"max_hp_loss":0,"event_name":"Shining Light","floor":8,"gold_loss":0},{"cards_removed":["Defend_RM"],"damage_healed":0,"gold_gain":0,"player_choice":"Forget","damage_taken":0,"max_hp_gain":0,"max_hp_loss":0,"event_name":"Living Wall","floor":13,"gold_loss":0}],"is_beta":false,"boss_relics":[],"items_purged_floors":[],"is_endless":false,"potions_floor_spawned":[1,3,12],"killed_by":"Hexaghost","ascension_level":0}}