{"host":"h1qktzcccqnez8tx","time":1610715614,"event":{"mods":["BaseMod","Block Reminder","Colored Map","Colored Powertips","Curses Come First","Downfall","Highlight Path","Jorbs\u0027s Wanderer Trilogy","Minty Spire (QoL Compilation)","Permanent Neow","Quick Restart","Relic Stats","Replay The Spire","Say the Spire","Shade Mod","StSLib","The Cursed","The Disciple","The Hierophant","The Marked","The Necromancer","The Servant 0.9.4","TheSwordswoman"],"gold_per_floor":[115,14,57,115,62,62,140,140,140,140,198,279,342,415,415,361,361],"floor_reached":16,"language":"ENG","playtime":846,"items_purged":["hierophant:Strike_Hierophant"],"score":137,"play_id":"ea1ae907-7ca4-4479-a396-6ba659dc4538","local_time":"20210115140014","is_ascension_mode":false,"campfire_choices":[{"data":"hierophant:Punish","floor":6,"key":"SMITH"},{"data":"hierophant:PristineSoul","floor":8,"key":"SMITH"},{"floor":15,"key":"REST"}],"circlet_count":0,"master_deck":["hierophant:Strike_Hierophant","hierophant:Strike_Hierophant","hierophant:Strike_Hierophant","hierophant:Punish+1","hierophant:Defend_Hierophant","hierophant:Defend_Hierophant","hierophant:Defend_Hierophant","hierophant:Defend_Hierophant","hierophant:ChurchCoffers","hierophant:RustyCrate","hierophant:Doubloon","hierophant:Doubloon","hierophant:Doubloon","hierophant:Doubloon","hierophant:Doubloon","hierophant:ThreeLashes","hierophant:PristineSoul+1","hierophant:Blessing","hierophant:RustyCrate","hierophant:Doubloon","hierophant:Doubloon","hierophant:MorningPrayer","hierophant:Doubloon","hierophant:CoinFling"],"relics":["Philosopher\u0027s Stone","Thread and Needle","Onion Ring","Pen Nib"],"acts_visited":["Exordium"],"potions_floor_usage":[16,16,16],"damage_taken":[{"damage":1,"enemies":"Small Slimes","floor":1,"turns":3},{"damage":2,"enemies":"Cultist","floor":3,"turns":4},{"damage":3,"enemies":"2 Louse","floor":4,"turns":2},{"damage":20,"enemies":"3 Sentries","floor":7,"turns":9},{"damage":1,"enemies":"Red Slaver","floor":11,"turns":3},{"damage":24,"enemies":"Gremlin Nob","floor":12,"turns":5},{"damage":4,"enemies":"Blue Slaver","floor":13,"turns":7},{"damage":1,"enemies":"2 Fungi Beasts","floor":14,"turns":4},{"damage":65,"enemies":"The Guardian","floor":16,"turns":12}],"seed_played":"6184816855522079106","potions_obtained":[{"floor":3,"key":"Languid Potion"},{"floor":7,"key":"Ancient Potion"},{"floor":11,"key":"Cursed Concoction"},{"floor":14,"key":"BlessingOfTheForge"}],"is_trial":false,"path_per_floor":["M","$","M","M","$","R","E","R","T","?","M","E","M","M","R","B"],"character_chosen":"HIEROPHANT","items_purchased":["hierophant:Remorse","hierophant:ThreeLashes"],"campfire_rested":1,"item_purchase_floors":[2,5],"current_hp_per_floor":[74,74,72,69,69,69,49,49,49,49,48,24,27,33,55,0,0],"gold":361,"neow_bonus":"BOSS_RELIC","is_daily":false,"chose_seed":false,"campfire_upgraded":2,"win_rate":0.0,"timestamp":1610715614,"path_taken":["M","$","M","M","$","R","E","R","T","?","?","E","M","M","R","BOSS"],"items_purchased_type":["Card","Card"],"build_version":"2020-12-22","purchased_purges":1,"victory":false,"max_hp_per_floor":[75,75,75,75,75,75,75,75,75,75,75,75,75,75,75,75,75],"relic_stats":{"counters":[9,49],"Pen Nib":[2],"obtain_stats":[{"hierophant:PropheticMaskRelic":0,"Philosopher\u0027s Stone":0,"Thread and Needle":7,"Onion Ring":9,"Pen Nib":12},{"hierophant:PropheticMaskRelic":0,"Philosopher\u0027s Stone":0,"Thread and Needle":4,"Onion Ring":4,"Pen Nib":6},{"hierophant:PropheticMaskRelic":0,"Philosopher\u0027s Stone":0,"Thread and Needle":18,"Onion Ring":18,"Pen Nib":26}]},"card_choices":[{"not_picked":["hierophant:ThreeLashes","hierophant:Empathy"],"picked":"hierophant:RustyCrate","floor":1},{"not_picked":["hierophant:Exaltation","hierophant:Sermon"],"picked":"hierophant:Doubloon","floor":3},{"not_picked":["hierophant:RepressedViolence","hierophant:Bribe"],"picked":"hierophant:Doubloon","floor":4},{"not_picked":["hierophant:Generosity","hierophant:Prophecy"],"picked":"hierophant:PristineSoul","floor":7},{"not_picked":["hierophant:Kindle","hierophant:PassingBell"],"picked":"hierophant:Blessing","floor":11},{"not_picked":["hierophant:RepressedViolence","hierophant:Glossolalia"],"picked":"hierophant:RustyCrate","floor":12},{"not_picked":["hierophant:ThreeLashes","hierophant:DisplayOfPower"],"picked":"hierophant:MorningPrayer","floor":13},{"not_picked":["hierophant:LocustPlague","hierophant:Embezzle"],"picked":"hierophant:CoinFling","floor":14}],"player_experience":62243,"relics_obtained":[{"floor":7,"key":"Thread and Needle"},{"floor":9,"key":"Onion Ring"},{"floor":12,"key":"Pen Nib"}],"event_choices":[{"cards_removed":["hierophant:Remorse"],"damage_healed":0,"gold_gain":0,"player_choice":"Purged","damage_taken":0,"max_hp_gain":0,"max_hp_loss":0,"event_name":"Purifier","floor":10,"gold_loss":0}],"is_beta":false,"boss_relics":[],"items_purged_floors":[2],"is_endless":false,"potions_floor_spawned":[3,7,11,14],"killed_by":"The Guardian","ascension_level":0}}