{"host":"n605f8gctjc87d7h","time":1610739958,"event":{"mods":["Aspiration","Bard","BaseMod","Better Match","Better Note","Better Skull","Better Third Choice","Conspire","Downfall","Halation","Infinite Spire","Minty Spire (QoL Compilation)","Replay The Spire","Retaliation","Shade Mod","Spicy Shops","StSLib","The IronCluck"],"gold_per_floor":[111,129,79,79,99,99,99,99,99,111,111,123,142,165,165,263,263,278,478,458,470,470,470],"floor_reached":22,"language":"ENG","playtime":2244,"items_purged":[],"score":267,"play_id":"a8621232-aa0b-4e90-b4f4-ef160436f4f3","local_time":"20210115114558","is_ascension_mode":true,"campfire_choices":[{"data":"Sucker Punch","floor":6,"key":"SMITH"},{"floor":15,"key":"REST"}],"circlet_count":1,"master_deck":["AscendersBane","Strike_G","Strike_G","Strike_G","Defend_G","Defend_G","Defend_G","Defend_G","Survivor+1","Neutralize","Sucker Punch+1","Prepared","Outmaneuver","Injury","Replay:Bag of Tricks+1","Dodge and Roll+1","Envenom","After Image","CurseOfTheBell","Slice","Bullet Time+1","Footwork","Leg Sweep+1"],"relics":["Ring of the Snake","Toxic Egg 2","aspiration:SeaSaltIceCream","Circlet","Replay:Grab Bag","Philosopher\u0027s Stone","Painkiller Herb","Calling Bell","aspiration:Lifesprig","halation:TwoAmDonut","halation:BlackBeret"],"acts_visited":["Exordium","TheCity"],"potions_floor_usage":[10,16,16,16,21],"damage_taken":[{"damage":0,"enemies":"2 Louse","floor":1,"turns":3},{"damage":0,"enemies":"Small Slimes","floor":2,"turns":3},{"damage":2,"enemies":"Cultist","floor":5,"turns":4},{"damage":26,"enemies":"conspire:2 RoseBushes","floor":10,"turns":12},{"damage":0,"enemies":"Blue Slaver","floor":12,"turns":4},{"damage":11,"enemies":"Lots of Slimes","floor":13,"turns":7},{"damage":41,"enemies":"Fading Forest","floor":16,"turns":11},{"damage":20,"enemies":"Spheric Guardian","floor":18,"turns":5},{"damage":11,"enemies":"2 Thieves","floor":20,"turns":4},{"damage":6,"enemies":"Centurion and Healer","floor":21,"turns":9},{"damage":31,"enemies":"Shelled Parasite and Fungi","floor":22,"turns":6}],"seed_played":"-811044117191803511","potions_obtained":[{"floor":2,"key":"SteroidPotion"},{"floor":10,"key":"champ:CounterPotion"},{"floor":12,"key":"Elixir"},{"floor":13,"key":"CunningPotion"},{"floor":20,"key":"Adrenaline Potion"},{"floor":21,"key":"Energy Potion"}],"is_trial":false,"path_per_floor":["M","M","?","$","M","R","?","?","T","M","?","M","M","T","R","B",null,"?","?","?","?","?"],"character_chosen":"THE_SILENT","items_purchased":[],"campfire_rested":1,"item_purchase_floors":[],"current_hp_per_floor":[63,63,63,63,61,61,61,61,61,35,35,35,24,24,45,20,58,38,38,27,21,0,0],"gold":470,"neow_bonus":"REMOVE_CARD","is_daily":false,"chose_seed":false,"campfire_upgraded":1,"win_rate":0.0,"timestamp":1610739958,"path_taken":["M","M","?","$","M","R","?","?","T","?","?","M","M","?","R","BOSS","?","?","?","?","?"],"items_purchased_type":[],"build_version":"2020-12-22","purchased_purges":0,"victory":false,"max_hp_per_floor":[70,70,70,70,70,70,70,70,70,70,70,70,70,70,70,70,70,70,70,70,70,70,70],"card_choices":[{"not_picked":["Hidden Blade","Draining Mist"],"picked":"Sucker Punch","floor":1},{"not_picked":["Concentrate","Draining Mist"],"picked":"Prepared","floor":2},{"not_picked":["Deadly Poison","Dagger Throw"],"picked":"Outmaneuver","floor":5},{"not_picked":["Footwork","Endless Agony"],"picked":"Replay:Bag of Tricks+1","floor":10},{"not_picked":["Cloak And Dagger+1","Blade Dance+1"],"picked":"Dodge and Roll+1","floor":12},{"not_picked":["Catalyst+1","Underhanded Strike"],"picked":"Envenom","floor":13},{"not_picked":["Adrenaline+1","Unload"],"picked":"After Image","floor":16},{"not_picked":["Deadly Poison+1","Outmaneuver+1"],"picked":"Slice","floor":18},{"not_picked":["Venomology","Burst"],"picked":"Bullet Time","floor":19},{"not_picked":["Endless Agony","Accuracy+1"],"picked":"Footwork","floor":20},{"not_picked":["Footwork","Backflip+1"],"picked":"Leg Sweep+1","floor":21}],"player_experience":680734,"relics_obtained":[{"floor":9,"key":"aspiration:SeaSaltIceCream"},{"floor":14,"key":"Pet Ghost"},{"floor":17,"key":"aspiration:Lifesprig"},{"floor":17,"key":"halation:TwoAmDonut"},{"floor":17,"key":"halation:BlackBeret"}],"event_choices":[{"cards_removed":["Strike_G"],"damage_healed":0,"gold_gain":0,"player_choice":"Card Removal","damage_taken":0,"max_hp_gain":0,"max_hp_loss":0,"event_name":"The Cleric","floor":3,"gold_loss":50},{"damage_healed":0,"gold_gain":0,"player_choice":"Forge","damage_taken":0,"max_hp_gain":0,"max_hp_loss":0,"event_name":"Accursed Blacksmith","floor":8,"gold_loss":0,"cards_upgraded":["Survivor"]}],"is_beta":false,"boss_relics":[{"not_picked":["halation:SmartPhone","halation:ForbiddenBikini"],"picked":"Replay:Grab Bag"},{"not_picked":["infinitespire:Cupcake","conspire:SeveredTorchhead"],"picked":"Philosopher\u0027s Stone"},{"not_picked":["conspire:RoyalGoblet","ChewingGum"],"picked":"Painkiller Herb"},{"not_picked":["Ring of Chaos","Astrolabe"],"picked":"Calling Bell"}],"items_purged_floors":[],"is_endless":false,"potions_floor_spawned":[2,10,12,13,20,21],"killed_by":"Shelled Parasite and Fungi","ascension_level":10}}