{"host":"mai03x2ekbjy4059","time":1610686730,"event":{"mods":["2.2 Compatiblity","BaseMod","DeckTracker","Highlight Path","Keyboard Shortcuts","Minty Spire (QoL Compilation)","Permanent Neow","Quick Restart","SuperFastMode","everything is the same but u backflip on backflip"],"gold_per_floor":[118,134,209,224,65,95,113,113,113,128,138,171,171,201,201,306,306,324,15,15,15,15,15,40,56,56,56,88,188,222,246,258,366,378,407,329,341,365,390,402,445,475,487,499,561,606,618,657,669,681,693,705,17,47,47],"floor_reached":56,"language":"KOR","playtime":1847,"items_purged":["Defend_G","Strike_G+1"],"score":1857,"play_id":"d2321c61-277d-41ea-be96-27bb71feab73","local_time":"20210115135850","is_ascension_mode":true,"campfire_choices":[{"data":"Blade Dance","floor":8.0,"key":"SMITH"},{"data":"Neutralize","floor":15.0,"key":"SMITH"},{"data":"Accuracy","floor":23.0,"key":"SMITH"},{"data":"Terror","floor":32.0,"key":"SMITH"},{"floor":40.0,"key":"RECALL"},{"floor":44.0,"key":"REST"},{"data":"1","floor":47.0,"key":"LIFT"},{"data":"2","floor":49.0,"key":"LIFT"},{"data":"3","floor":52.0,"key":"LIFT"}],"circlet_count":0,"master_deck":["Strike_G+1","Strike_G+1","Defend_G+1","Defend_G+1","Defend_G+1","Survivor+1","Neutralize+1","Deflect","Blade Dance+1","Backflip","Impatience+1","Escape Plan","Envenom+1","Accuracy+1","Escape Plan","Terror+1","Accuracy+1","Blur+1","Infinite Blades","Blade Dance","Blur+1","Master of Strategy+1","Purity+1","Master of Strategy+1","Blade Dance+1"],"relics":["Ring of the Snake","Tough Bandages","Ninja Scroll","HornCleat","Sundial","Juzu Bracelet","Black Star","Mummified Hand","Pocketwatch","Blood Vial","TungstenRod","The Courier","Singing Bowl","Meat on the Bone","Ornamental Fan","MawBank","Fusion Hammer","Ancient Tea Set","Oddly Smooth Stone","Girya","Du-Vu Doll","MealTicket","InkBottle","Toxic Egg 2","TheAbacus","War Paint","The Specimen","Incense Burner"],"acts_visited":["Exordium","TheCity","TheBeyond","TheEnding"],"potions_floor_usage":[55,55,55],"damage_taken":[{"damage":0.0,"enemies":"2 Louse","floor":1.0,"turns":3.0},{"damage":0.0,"enemies":"Jaw Worm","floor":2.0,"turns":5.0},{"damage":0.0,"enemies":"Small Slimes","floor":4.0,"turns":4.0},{"damage":23.0,"enemies":"Gremlin Nob","floor":6.0,"turns":5.0},{"damage":2.0,"enemies":"Exordium Thugs","floor":7.0,"turns":5.0},{"damage":0.0,"enemies":"3 Louse","floor":10.0,"turns":2.0},{"damage":0.0,"enemies":"Lots of Slimes","floor":11.0,"turns":3.0},{"damage":4.0,"enemies":"Lagavulin","floor":12.0,"turns":4.0},{"damage":0.0,"enemies":"Gremlin Nob","floor":14.0,"turns":3.0},{"damage":0.0,"enemies":"Slime Boss","floor":16.0,"turns":7.0},{"damage":0.0,"enemies":"3 Byrds","floor":18.0,"turns":4.0},{"damage":0.0,"enemies":"Book of Stabbing","floor":24.0,"turns":4.0},{"damage":0.0,"enemies":"Spheric Guardian","floor":25.0,"turns":4.0},{"damage":0.0,"enemies":"Gremlin Leader","floor":28.0,"turns":3.0},{"damage":0.0,"enemies":"Slavers","floor":30.0,"turns":5.0},{"damage":3.0,"enemies":"Snake Plant","floor":31.0,"turns":3.0},{"damage":0.0,"enemies":"Collector","floor":33.0,"turns":6.0},{"damage":0.0,"enemies":"3 Darklings","floor":35.0,"turns":3.0},{"damage":0.0,"enemies":"3 Shapes","floor":38.0,"turns":2.0},{"damage":0.0,"enemies":"Jaw Worm Horde","floor":39.0,"turns":3.0},{"damage":0.0,"enemies":"Giant Head","floor":41.0,"turns":3.0},{"damage":0.0,"enemies":"Transient","floor":42.0,"turns":5.0},{"damage":0.0,"enemies":"Mind Bloom Boss Battle","floor":45.0,"turns":3.0},{"damage":0.0,"enemies":"Nemesis","floor":46.0,"turns":6.0},{"damage":0.0,"enemies":"Reptomancer","floor":48.0,"turns":4.0},{"damage":0.0,"enemies":"Awakened One","floor":50.0,"turns":7.0},{"damage":0.0,"enemies":"Shield and Spear","floor":54.0,"turns":3.0},{"damage":6,"enemies":"The Heart","floor":55,"turns":6}],"seed_played":"2369879646021870262","potions_obtained":[{"floor":11.0,"key":"SteroidPotion"},{"floor":12.0,"key":"SpeedPotion"},{"floor":14.0,"key":"PowerPotion"},{"floor":16.0,"key":"Regen Potion"},{"floor":18.0,"key":"AttackPotion"},{"floor":28.0,"key":"Energy Potion"},{"floor":30.0,"key":"Swift Potion"},{"floor":33.0,"key":"Dexterity Potion"},{"floor":35.0,"key":"DistilledChaos"},{"floor":41.0,"key":"LiquidBronze"},{"floor":46.0,"key":"PowerPotion"}],"is_trial":false,"path_per_floor":["M","M","?","M","$","E","M","R","T","M","M","E","T","E","R","B",null,"M","$","?","?","?","R","E","M","T","?","E","?","E","M","R","B",null,"M","?","?","M","M","R","E","M","T","R","?","E","R","E","R","B",null,"R","$","E","B",null],"character_chosen":"THE_SILENT","items_purchased":["Impatience","Mummified Hand","Accuracy","Master of Strategy+1","TheAbacus","War Paint","Purity+1","Master of Strategy+1","Blade Dance+1"],"campfire_rested":1,"item_purchase_floors":[5,19,19,53,53,53,53,53,53],"current_hp_per_floor":[63,63,52,52,52,29,27,27,27,27,27,23,23,23,23,23,63,63,63,63,63,63,63,63,63,63,63,63,63,65,62,62,66,67,67,67,67,69,69,69,71,73,73,73,75,77,77,79,79,79,79,79,79,81,75],"gold":47,"neow_bonus":"REMOVE_TWO","is_daily":false,"chose_seed":false,"campfire_upgraded":4,"win_rate":0.0,"timestamp":1610686730,"path_taken":["M","M","?","M","$","E","M","R","T","M","M","E","?","E","R","BOSS","M","$","?","?","?","R","E","M","T","?","E","?","E","M","R","BOSS","M","?","?","M","M","R","E","M","T","R","?","E","R","E","R","BOSS","R","$","E","BOSS"],"items_purchased_type":["Card","Relic","Card","Card","Relic","Relic","Card","Card","Card"],"build_version":"2020-12-22","purchased_purges":2,"victory":true,"max_hp_per_floor":[63,63,63,63,63,63,63,63,63,63,63,63,63,63,63,63,63,63,63,63,63,63,63,63,63,63,63,63,63,65,65,65,67,67,67,67,67,69,69,69,71,73,73,73,75,77,77,79,79,79,79,79,79,81,81],"card_choices":[{"not_picked":["Quick Slash","Sucker Punch"],"picked":"Deflect","floor":1.0},{"not_picked":["All Out Attack","Slice"],"picked":"Blade Dance","floor":2.0},{"not_picked":["All Out Attack","Sucker Punch"],"picked":"Backflip","floor":4.0},{"not_picked":["Expertise","Dagger Spray","Sucker Punch"],"picked":"SKIP","floor":6.0},{"not_picked":["Skewer","Calculated Gamble"],"picked":"Escape Plan","floor":7.0},{"not_picked":["Expertise","Dagger Spray","Dodge and Roll"],"picked":"SKIP","floor":10.0},{"not_picked":["Poisoned Stab","Grand Finale","Flechettes"],"picked":"SKIP","floor":11.0},{"not_picked":["Bane","Slice","Flying Knee"],"picked":"SKIP","floor":12.0},{"not_picked":["Acrobatics","Endless Agony","Expertise"],"picked":"SKIP","floor":14.0},{"not_picked":["Malaise","Tools of the Trade"],"picked":"Envenom","floor":16.0},{"not_picked":["PiercingWail","Leg Sweep","Deadly Poison+1"],"picked":"SKIP","floor":18.0},{"not_picked":["Die Die Die","Quick Slash"],"picked":"Terror","floor":24.0},{"not_picked":["Backflip","PiercingWail"],"picked":"Accuracy+1","floor":25.0},{"not_picked":["Prepared+1","Accuracy+1"],"picked":"Blur","floor":28.0},{"not_picked":["Quick Slash+1","PiercingWail","Bane"],"picked":"Singing Bowl","floor":30.0},{"not_picked":["Dodge and Roll+1","Masterful Stab"],"picked":"Infinite Blades","floor":31.0},{"not_picked":["Malaise","Envenom","Doppelganger"],"picked":"Singing Bowl","floor":33.0},{"not_picked":["Dash+1","Acrobatics"],"picked":"Blade Dance","floor":35.0},{"not_picked":["Backflip+1","Outmaneuver+1","Malaise"],"picked":"Singing Bowl","floor":38.0},{"not_picked":["Bane+1","Bouncing Flask"],"picked":"Blur+1","floor":39.0},{"not_picked":["Poisoned Stab","Malaise","PiercingWail"],"picked":"Singing Bowl","floor":41.0},{"not_picked":["Deflect+1","Terror+1","Prepared+1"],"picked":"Singing Bowl","floor":42.0},{"not_picked":["Poisoned Stab+1","Dodge and Roll","Flying Knee"],"picked":"Singing Bowl","floor":45.0},{"not_picked":["Deadly Poison+1","Prepared+1","Flechettes+1"],"picked":"Singing Bowl","floor":46.0},{"not_picked":["Deflect+1","Slice+1","Outmaneuver+1"],"picked":"Singing Bowl","floor":48.0},{"not_picked":["Noxious Fumes+1","Deadly Poison+1","PiercingWail+1"],"picked":"Singing Bowl","floor":54.0}],"player_experience":1022479,"relics_obtained":[{"floor":6.0,"key":"Tough Bandages"},{"floor":9.0,"key":"Ninja Scroll"},{"floor":12.0,"key":"HornCleat"},{"floor":13.0,"key":"Sundial"},{"floor":14.0,"key":"Juzu Bracelet"},{"floor":24.0,"key":"Blood Vial"},{"floor":24.0,"key":"TungstenRod"},{"floor":26.0,"key":"The Courier"},{"floor":28.0,"key":"Singing Bowl"},{"floor":28.0,"key":"Meat on the Bone"},{"floor":30.0,"key":"Ornamental Fan"},{"floor":30.0,"key":"MawBank"},{"floor":41.0,"key":"Ancient Tea Set"},{"floor":41.0,"key":"Oddly Smooth Stone"},{"floor":45.0,"key":"Girya"},{"floor":46.0,"key":"Du-Vu Doll"},{"floor":46.0,"key":"MealTicket"},{"floor":48.0,"key":"InkBottle"},{"floor":48.0,"key":"Toxic Egg 2"},{"floor":54.0,"key":"The Specimen"},{"floor":54.0,"key":"Incense Burner"}],"event_choices":[{"damage_healed":0.0,"max_hp_gain":0.0,"max_hp_loss":0.0,"gold_gain":75.0,"event_name":"World of Goop","player_choice":"Gather Gold","floor":3.0,"gold_loss":0.0,"damage_taken":11.0},{"damage_healed":0.0,"max_hp_gain":0.0,"max_hp_loss":0.0,"gold_gain":0.0,"event_name":"The Library","player_choice":"Read","floor":20.0,"gold_loss":0.0,"damage_taken":0.0,"cards_obtained":["Escape Plan"]},{"damage_healed":0.0,"max_hp_gain":0.0,"max_hp_loss":0.0,"gold_gain":0.0,"event_name":"The Mausoleum","player_choice":"Opened","floor":21.0,"gold_loss":0.0,"damage_taken":0.0,"relics_obtained":["Pocketwatch"]},{"damage_healed":0.0,"max_hp_gain":0.0,"max_hp_loss":0.0,"gold_gain":0.0,"event_name":"Upgrade Shrine","player_choice":"Upgraded","floor":22.0,"gold_loss":0.0,"damage_taken":0.0,"cards_upgraded":["Envenom"]},{"damage_healed":0.0,"max_hp_gain":0.0,"max_hp_loss":0.0,"gold_gain":0.0,"event_name":"Back to Basics","player_choice":"Simplicity","floor":27.0,"gold_loss":0.0,"damage_taken":0.0,"cards_upgraded":["Strike_G","Strike_G","Strike_G","Strike_G","Defend_G","Defend_G","Defend_G"]},{"damage_healed":0.0,"max_hp_gain":0.0,"max_hp_loss":0.0,"gold_gain":100.0,"event_name":"Golden Shrine","player_choice":"Pray","floor":29.0,"gold_loss":0.0,"damage_taken":0.0},{"cards_removed":["Strike_G"],"damage_healed":0.0,"max_hp_gain":0.0,"max_hp_loss":0.0,"gold_gain":0.0,"event_name":"Designer","player_choice":"Upgrade and Remove","floor":36.0,"gold_loss":90.0,"damage_taken":0.0,"cards_upgraded":["Impatience"]},{"damage_healed":0.0,"max_hp_gain":0.0,"max_hp_loss":0.0,"gold_gain":0.0,"event_name":"Tomb of Lord Red Mask","player_choice":"Ignored","floor":37.0,"gold_loss":0.0,"damage_taken":0.0},{"damage_healed":0.0,"max_hp_gain":0.0,"max_hp_loss":0.0,"gold_gain":0.0,"event_name":"MindBloom","player_choice":"Fight","floor":45.0,"gold_loss":0.0,"damage_taken":0.0}],"is_beta":false,"boss_relics":[{"not_picked":["Busted Crown","Velvet Choker"],"picked":"Black Star"},{"not_picked":["Runic Pyramid","Astrolabe"],"picked":"Fusion Hammer"}],"items_purged_floors":[5,53],"is_endless":false,"potions_floor_spawned":[11,12,14,16,18,28,30,33,35,38,41,42,46,54],"ascension_level":1}}