{"host":"4ag909k4xupnj24b","time":1610714284,"event":{"mods":["BaseMod","Minty Spire (QoL Compilation)","StSLib"],"gold_per_floor":[114,114,134,148,165,165,203,203,284,318,23,36,36,47,47,120,120,136,156,176,28,28,28],"floor_reached":22,"language":"ENG","playtime":1121,"items_purged":[],"score":333,"play_id":"29668bd7-9a31-4a10-892b-4227a30f4645","local_time":"20210115043804","is_ascension_mode":true,"campfire_choices":[{"floor":6,"key":"REST"},{"floor":8,"key":"REST"},{"floor":13,"key":"DIG"},{"floor":15,"key":"REST"}],"circlet_count":0,"master_deck":["AscendersBane","Strike_B","Strike_B","Strike_B","Defend_B","Defend_B","Defend_B","Defend_B","Zap","Dualcast","Coolheaded","Capacitor","Loop","Defragment","Fusion","Coolheaded","Fission","Barrage","Leap","Loop","Sunder","Chaos"],"relics":["Fusion Hammer","Ornamental Fan","Emotion Chip","Shovel","Centennial Puzzle","Nuclear Battery"],"acts_visited":["Exordium","TheCity"],"potions_floor_usage":[5,7,16,18,22,22],"damage_taken":[{"damage":5,"enemies":"Cultist","floor":1,"turns":4},{"damage":0,"enemies":"2 Louse","floor":3,"turns":1},{"damage":7,"enemies":"Small Slimes","floor":4,"turns":4},{"damage":4,"enemies":"Gremlin Gang","floor":5,"turns":7},{"damage":0,"enemies":"Looter","floor":7,"turns":5},{"damage":31,"enemies":"3 Sentries","floor":10,"turns":12},{"damage":8,"enemies":"2 Fungi Beasts","floor":12,"turns":4},{"damage":18,"enemies":"Exordium Wildlife","floor":14,"turns":5},{"damage":33,"enemies":"The Guardian","floor":16,"turns":20},{"damage":15,"enemies":"3 Byrds","floor":18,"turns":6},{"damage":9,"enemies":"Spheric Guardian","floor":19,"turns":4},{"damage":15,"enemies":"Shelled Parasite and Fungi","floor":20,"turns":7},{"damage":19,"enemies":"Snecko","floor":22,"turns":5}],"seed_played":"8721819615102582555","potions_obtained":[{"floor":1,"key":"ColorlessPotion"},{"floor":3,"key":"DuplicationPotion"},{"floor":7,"key":"SpeedPotion"},{"floor":14,"key":"GamblersBrew"},{"floor":16,"key":"DistilledChaos"},{"floor":19,"key":"Fire Potion"}],"is_trial":false,"path_per_floor":["M","?","M","M","M","R","M","R","T","E","$","M","R","M","R","B",null,"M","M","M","$","M"],"character_chosen":"DEFECT","items_purchased":["Shovel","Sunder","Chaos"],"campfire_rested":3,"item_purchase_floors":[11,21,21],"current_hp_per_floor":[59,59,59,52,48,69,69,71,71,40,40,32,32,14,35,2,54,39,30,15,15,0,0],"gold":28,"neow_bonus":"BOSS_RELIC","is_daily":false,"chose_seed":false,"campfire_upgraded":0,"win_rate":0.0,"timestamp":1610714284,"path_taken":["M","?","M","M","M","R","M","R","T","E","$","M","R","M","R","BOSS","M","M","M","$","M"],"items_purchased_type":["Relic","Card","Card"],"build_version":"2020-12-22","purchased_purges":0,"victory":false,"max_hp_per_floor":[71,71,71,71,71,71,71,71,71,71,71,71,71,71,71,71,71,71,71,71,71,71,71],"card_choices":[{"not_picked":["Beam Cell","Conserve Battery"],"picked":"Coolheaded","floor":1},{"not_picked":["BootSequence","Leap"],"picked":"Capacitor","floor":3},{"not_picked":["Turbo","Hello World","Stack"],"picked":"SKIP","floor":4},{"not_picked":["Rebound","Hologram"],"picked":"Loop","floor":5},{"not_picked":["Chill","Go for the Eyes"],"picked":"Defragment","floor":7},{"not_picked":["Steam Power","Meteor Strike"],"picked":"Fusion","floor":10},{"not_picked":["Go for the Eyes","Turbo"],"picked":"Coolheaded","floor":12},{"not_picked":["Coolheaded","Steam","Double Energy"],"picked":"SKIP","floor":14},{"not_picked":["Core Surge","Amplify"],"picked":"Fission","floor":16},{"not_picked":["Darkness","Stack"],"picked":"Barrage","floor":18},{"not_picked":["Hologram","Fusion"],"picked":"Leap","floor":19},{"not_picked":["BootSequence","Skim"],"picked":"Loop","floor":20}],"player_experience":837451,"relics_obtained":[{"floor":9,"key":"Ornamental Fan"},{"floor":10,"key":"Emotion Chip"},{"floor":13,"key":"Centennial Puzzle"}],"event_choices":[{"cards_removed":["Strike_B"],"damage_healed":0,"gold_gain":0,"player_choice":"Forget","damage_taken":0,"max_hp_gain":0,"max_hp_loss":0,"event_name":"Living Wall","floor":2,"gold_loss":0}],"is_beta":false,"boss_relics":[{"not_picked":["Empty Cage","Coffee Dripper"],"picked":"Nuclear Battery"}],"items_purged_floors":[],"is_endless":false,"potions_floor_spawned":[1,3,7,14,16,19],"killed_by":"Snecko","ascension_level":15}}