{"host":"gkm149kh1ihaqy0o","time":1610743474,"event":{"mods":["AchievementEnabler","BaseMod","Colored Powertips","Googly Eyes","Key Reminder","Minty Spire (QoL Compilation)","Permanent Neow","Quick Restart","Random Character Button","Rare Cards Sparkle","Relic Sorter","Relic Stats","SuperFastMode","Unceasing Turn Reminder","everything is the same but u backflip on backflip"],"gold_per_floor":[117,137,62,79,92,92,102,127,178,178,190,208,238,4,4,76,76,90,90,90,103,114,114,134,164,164,173,216,216,141,153,153,153,153],"floor_reached":33,"language":"ENG","playtime":1248,"items_purged":["Strike_R"],"score":568,"play_id":"0a71580a-dda5-4d55-9eba-569c147254c9","local_time":"20210115144434","is_ascension_mode":true,"campfire_choices":[{"data":"Armaments","floor":6,"key":"SMITH"},{"data":"Evolve","floor":10,"key":"SMITH"},{"data":"Shockwave","floor":15,"key":"SMITH"},{"data":"Pommel Strike","floor":23,"key":"SMITH"},{"data":"Flame Barrier","floor":32,"key":"SMITH"}],"circlet_count":0,"master_deck":["AscendersBane","Strike_R","Strike_R","Strike_R","Strike_R","Defend_R","Defend_R","Defend_R","Defend_R","Bash","Immolate","Ghostly Armor","Clothesline","Spot Weakness","Armaments+1","Evolve+1","Shockwave+1","Shrug It Off","Whirlwind","Seeing Red","Fiend Fire","Flame Barrier+1","Battle Trance","Pommel Strike+1","Dropkick","Reaper"],"relics":["Burning Blood","Pen Nib","Bottled Tornado","Lantern","Coffee Dripper","MutagenicStrength","Nloth\u0027s Gift","Strawberry","CeramicFish","Omamori","Bag of Marbles"],"acts_visited":["Exordium","TheCity"],"potions_floor_usage":[5,8,11,13,28,28,31],"damage_taken":[{"damage":8,"enemies":"Small Slimes","floor":1,"turns":3},{"damage":0,"enemies":"2 Louse","floor":2,"turns":1},{"damage":0,"enemies":"Cultist","floor":4,"turns":2},{"damage":21,"enemies":"Large Slime","floor":5,"turns":5},{"damage":0,"enemies":"Exordium Wildlife","floor":7,"turns":2},{"damage":10,"enemies":"3 Sentries","floor":8,"turns":4},{"damage":13,"enemies":"3 Louse","floor":11,"turns":4},{"damage":6,"enemies":"Looter","floor":12,"turns":3},{"damage":11,"enemies":"Lagavulin","floor":13,"turns":7},{"damage":41,"enemies":"The Guardian","floor":16,"turns":12},{"damage":10,"enemies":"2 Thieves","floor":18,"turns":3},{"damage":18,"enemies":"Chosen","floor":21,"turns":5},{"damage":19,"enemies":"Snake Plant","floor":22,"turns":4},{"damage":2,"enemies":"Chosen and Byrds","floor":24,"turns":4},{"damage":8,"enemies":"Gremlin Leader","floor":25,"turns":4},{"damage":29,"enemies":"Slavers","floor":28,"turns":3},{"damage":9,"enemies":"3 Cultists","floor":31,"turns":5},{"damage":68,"enemies":"Collector","floor":33,"turns":8}],"seed_played":"-398543402359013663","potions_obtained":[{"floor":1,"key":"HeartOfIron"},{"floor":2,"key":"Energy Potion"},{"floor":8,"key":"ColorlessPotion"},{"floor":12,"key":"Regen Potion"},{"floor":18,"key":"SteroidPotion"},{"floor":24,"key":"FearPotion"},{"floor":28,"key":"GamblersBrew"}],"is_trial":false,"path_per_floor":["M","M","$","M","M","R","M","E","T","R","M","M","E","$","R","B",null,"M","?","?","M","M","R","M","E","T","?","E","T","?","M","R","B"],"character_chosen":"IRONCLAD","items_purchased":["Lantern","Seeing Red"],"campfire_rested":0,"item_purchase_floors":[14,14],"current_hp_per_floor":[66,68,68,68,53,53,59,55,55,55,48,48,58,58,58,23,57,53,53,53,41,28,28,32,37,37,37,14,14,14,39,39,0,0],"gold":153,"neow_bonus":"THREE_RARE_CARDS","is_daily":false,"chose_seed":false,"campfire_upgraded":5,"win_rate":0.0,"timestamp":1610743474,"path_taken":["M","M","$","M","M","R","M","E","T","R","M","M","E","$","R","BOSS","M","?","?","?","M","R","M","E","T","?","E","?","?","M","R","BOSS"],"items_purchased_type":["Relic","Card"],"build_version":"2020-12-22","purchased_purges":1,"victory":false,"max_hp_per_floor":[68,68,68,68,68,68,68,68,68,68,68,68,68,68,68,68,68,68,68,68,68,68,68,68,75,75,75,75,75,75,75,75,75,75],"relic_stats":{"counters":[18,79],"CeramicFish":18,"Pen Nib":[7],"Nloth\u0027s Gift":3,"obtain_stats":[{"Centennial Puzzle":9,"Lantern":14,"MutagenicStrength":19,"Strawberry":25,"CeramicFish":26,"Pen Nib":8,"Coffee Dripper":17,"Nloth\u0027s Gift":20,"Omamori":28,"Bag of Marbles":29,"Bottled Tornado":13,"Burning Blood":0},{"Centennial Puzzle":6,"Lantern":9,"MutagenicStrength":11,"Strawberry":15,"CeramicFish":15,"Pen Nib":6,"Coffee Dripper":10,"Nloth\u0027s Gift":11,"Omamori":16,"Bag of Marbles":16,"Bottled Tornado":9,"Burning Blood":0},{"Centennial Puzzle":17,"Lantern":31,"MutagenicStrength":46,"Strawberry":63,"CeramicFish":63,"Pen Nib":17,"Coffee Dripper":43,"Nloth\u0027s Gift":46,"Omamori":66,"Bag of Marbles":66,"Bottled Tornado":31,"Burning Blood":0}],"Burning Blood":92},"card_choices":[{"not_picked":["Barricade","Demon Form"],"picked":"Immolate","floor":0},{"not_picked":["Metallicize","Body Slam"],"picked":"Ghostly Armor","floor":1},{"not_picked":["Wild Strike","Reckless Charge"],"picked":"Clothesline","floor":2},{"not_picked":["Fiend Fire","Body Slam"],"picked":"Spot Weakness","floor":4},{"not_picked":["Perfected Strike","Body Slam"],"picked":"Armaments","floor":5},{"not_picked":["Iron Wave","Heavy Blade"],"picked":"Evolve","floor":7},{"not_picked":["Anger","Body Slam"],"picked":"Shockwave","floor":8},{"not_picked":["Warcry","Havoc"],"picked":"Shrug It Off","floor":11},{"not_picked":["Perfected Strike","Inflame"],"picked":"Whirlwind","floor":12},{"not_picked":["Whirlwind","Blood for Blood","Headbutt"],"picked":"SKIP","floor":13},{"not_picked":["Exhume","Immolate"],"picked":"Fiend Fire","floor":16},{"not_picked":["Body Slam+1","Uppercut"],"picked":"Flame Barrier","floor":18},{"not_picked":["Corruption","Sentinel"],"picked":"Battle Trance","floor":21},{"not_picked":["Iron Wave","Wild Strike"],"picked":"Pommel Strike","floor":22},{"not_picked":["Clash","Armaments"],"picked":"Dropkick","floor":24},{"not_picked":["Inflame","Juggernaut","Evolve"],"picked":"SKIP","floor":25},{"not_picked":["Flex","Fire Breathing"],"picked":"Reaper","floor":28},{"not_picked":["Warcry","Wild Strike","Body Slam"],"picked":"SKIP","floor":31}],"player_experience":622685,"relics_obtained":[{"floor":8,"key":"Pen Nib"},{"floor":9,"key":"Centennial Puzzle"},{"floor":13,"key":"Bottled Tornado"},{"floor":25,"key":"Strawberry"},{"floor":26,"key":"CeramicFish"},{"floor":28,"key":"Omamori"},{"floor":29,"key":"Bag of Marbles"}],"event_choices":[{"damage_healed":0,"gold_gain":0,"player_choice":"Inject Mutagens","damage_taken":0,"relics_obtained":["MutagenicStrength"],"max_hp_gain":0,"max_hp_loss":0,"event_name":"Drug Dealer","floor":19,"gold_loss":0},{"damage_healed":0,"gold_gain":0,"player_choice":"Traded Relic","damage_taken":0,"relics_obtained":["Nloth\u0027s Gift"],"max_hp_gain":0,"max_hp_loss":0,"event_name":"N\u0027loth","floor":20,"relics_lost":["Centennial Puzzle"],"gold_loss":0},{"damage_healed":0,"gold_gain":0,"player_choice":"Smashed Altar","damage_taken":0,"max_hp_gain":0,"max_hp_loss":0,"event_name":"Forgotten Altar","floor":27,"gold_loss":0,"cards_obtained":["Decay"]},{"cards_removed":["Decay"],"damage_healed":0,"gold_gain":0,"player_choice":"Gave Gold","damage_taken":0,"max_hp_gain":0,"max_hp_loss":0,"event_name":"Beggar","floor":30,"gold_loss":75}],"is_beta":false,"boss_relics":[{"not_picked":["Tiny House","Runic Cube"],"picked":"Coffee Dripper"}],"items_purged_floors":[3],"is_endless":false,"potions_floor_spawned":[1,2,8,12,18,24,28],"killed_by":"Collector","ascension_level":18}}