{"host":"fdmexzkyss3ff9bv","time":1610728672,"event":{"mods":["BaseMod","Beaked The Cultist","BetterRewards","Downfall","Glutton Mod","Halation","Hubris","Infinite Spire","Minty Spire (QoL Compilation)","Replay The Spire","StSLib","The Blackbeard","The Bug Knight","The Construct","The Mystic","The Servant 0.9.4","The Witch"],"gold_per_floor":[109,123,72,72,84,84,115,115,138,149,167,184,184,217,217,312,312,329,329,349,92,92,92,124,124,124,142,142,142,167,186,186,287,287,304,322,334,346,346,346,346,346,419,419,439,439,450,450,450],"floor_reached":48,"playtime":4246,"items_purged":[],"score":557,"play_id":"ca18252e-d53b-420d-93ff-c14fc2c48697","local_time":"20210115173752","is_ascension_mode":false,"campfire_choices":[{"floor":6.0,"key":"REST"},{"floor":8.0,"key":"REST"},{"floor":15.0,"key":"REST"},{"floor":23.0,"key":"RECALL"},{"floor":25.0,"key":"REST"},{"floor":28.0,"key":"REST"},{"floor":32,"key":"REST"},{"data":"hubris:InfiniteBlow+8","floor":40,"key":"SMITH"},{"floor":41,"key":"REST"},{"floor":46,"key":"REST"}],"circlet_count":0,"master_deck":["Eruption","Vigilance","Protect+1","FollowUp+1","Pray+1","Pray+1","Prostrate+1","Replay:Battleflow","TalkToTheHand+1","Pain","FlyingSleeves","EmptyBody+1","Replay:LoomingThreat+1","Pray+1","Pray","MentalFortress+1","Devotion+1","Vengeance","ForeignInfluence","WaveOfTheHand","WheelKick","FearNoEvil","SignatureMove","BattleHymn","Wallop","Evaluate","Consecrate","Replay:Cycle+1","Apotheosis+1","expansioncontent:LastStand+1","hubris:InfiniteBlow+9","Wallop","FollowUp","Shrug It Off","Worship+1","SpiritShield+1","Protect+1","WindmillStrike","FlurryOfBlows+1","FollowUp","expansioncontent:BronzeBeam","hubris:NaturalOne","FlurryOfBlows","Tantrum+1"],"relics":["PureWater","Golden Egg","hubris:Potato","halation:LettersToHer","WarpedTongs","construct:BoolHorns","WingedGreaves","Pandora\u0027s Box","White Beast Statue","hubris:DisguiseKit","Sundial","Yang","halation:HeavySnake","hubris:Icosahedron","Replay:Accelerometer"],"acts_visited":["Exordium","TheCity","TheBeyond"],"potions_floor_usage":[33,38,45,47,48],"damage_taken":[{"damage":12.0,"enemies":"Jaw Worm","floor":1.0,"turns":4.0},{"damage":0.0,"enemies":"Cultist","floor":2.0,"turns":3.0},{"damage":0.0,"enemies":"2 Louse","floor":5.0,"turns":2.0},{"damage":9.0,"enemies":"Gremlin Nob","floor":7.0,"turns":4.0},{"damage":0.0,"enemies":"Blue Slaver","floor":10.0,"turns":2.0},{"damage":6.0,"enemies":"Exordium Thugs","floor":11.0,"turns":4.0},{"damage":12.0,"enemies":"Lots of Slimes","floor":12.0,"turns":4.0},{"damage":7.0,"enemies":"Lagavulin","floor":14.0,"turns":5.0},{"damage":16.0,"enemies":"Fading Forest","floor":16.0,"turns":11.0},{"damage":14.0,"enemies":"3 Byrds","floor":18.0,"turns":6.0},{"damage":10.0,"enemies":"2 Thieves","floor":20.0,"turns":3.0},{"damage":28.0,"enemies":"Slavers","floor":24.0,"turns":4.0},{"damage":10.0,"enemies":"Centurion and Healer","floor":27.0,"turns":4.0},{"damage":36.0,"enemies":"Gremlin Leader","floor":30.0,"turns":5.0},{"damage":10,"enemies":"Snecko","floor":31,"turns":4},{"damage":18,"enemies":"Automaton","floor":33,"turns":5},{"damage":0,"enemies":"3 Shapes","floor":35,"turns":3},{"damage":27,"enemies":"3 Darklings","floor":36,"turns":8},{"damage":8,"enemies":"Spire Growth","floor":37,"turns":3},{"damage":22,"enemies":"Sphere and 2 Shapes","floor":38,"turns":3},{"damage":29,"enemies":"Jaw Worm Horde","floor":45,"turns":4},{"damage":0,"enemies":"Transient","floor":47,"turns":5},{"damage":36,"enemies":"Writhing Mass","floor":48,"turns":1}],"seed_played":"-4820271362223301121","potions_obtained":[{"floor":2.0,"key":"DuplicationPotion"},{"floor":12.0,"key":"PowerPotion"},{"floor":14.0,"key":"Explosive Potion"},{"floor":24.0,"key":"Swift Potion"},{"floor":27.0,"key":"Doom Potion"},{"floor":30.0,"key":"Reflective Coating"},{"floor":31,"key":"BottledMiracle"},{"floor":33,"key":"Elixir"},{"floor":36,"key":"ColorlessPotion"},{"floor":38,"key":"ColorlessPotion"},{"floor":45,"key":"DistilledChaos"},{"floor":47,"key":"sneckomod:MuddlingPotion"}],"is_trial":false,"path_per_floor":["M","M","$","?","M","R","E","R","T","M","M","M","?","E","R","B",null,"M","?","M","$","AVR","R","E","R","T","M","R","?","E","M","R","B",null,"M","M","M","M","?","R","R","$","T","?","M","R","M","M"],"character_chosen":"WATCHER","items_purchased":["Golden Egg","Protect","FollowUp","halation:LettersToHer","Pray","TalkToTheHand+1","Apotheosis","expansioncontent:LastStand"],"campfire_rested":8,"item_purchase_floors":[0,0,0,0,0,3,21,21],"current_hp_per_floor":[28,28,28,28,28,49,40,61,61,61,55,43,43,36,57,64,72,58,58,48,48,48,48,20,41,41,31,52,72,36,26,47,29,72,72,45,37,15,15,15,36,36,36,36,7,28,28,0,0],"gold":450,"neow_bonus":"","is_daily":false,"chose_seed":false,"campfire_upgraded":1,"win_rate":0.0,"timestamp":1610728672,"path_taken":["M","M","$","?","?","R","E","R","T","M","M","M","?","E","R","BOSS","M","?","M","$","AVR","R","E","R","T","M","R","?","E","M","R","BOSS","M","?","M","M","?","R","R","?","T","?","?","R","M","M"],"items_purchased_type":["Relic","Card","Card","Relic","Card","Card","Card","Card"],"build_version":"2020-12-13","purchased_purges":0,"victory":false,"max_hp_per_floor":[72,72,72,72,72,72,72,72,72,72,72,72,72,72,72,72,72,72,72,72,72,72,72,72,72,72,72,72,72,72,72,72,72,72,72,72,72,72,72,72,72,72,72,72,72,72,72,72,72],"card_choices":[{"not_picked":["BowlingBash","Conclude"],"picked":"Prostrate","floor":1.0},{"not_picked":["Replay:ManipulateFuture","CutThroughFate"],"picked":"Replay:Battleflow","floor":2.0},{"not_picked":["Crescendo","SignatureMove"],"picked":"FlyingSleeves","floor":5.0},{"not_picked":["WheelKick","PathToVictory"],"picked":"EmptyBody","floor":7.0},{"not_picked":["Replay:ManipulateFuture","CrushJoints"],"picked":"Replay:LoomingThreat","floor":10.0},{"not_picked":["Replay:ManipulateFuture","Conclude"],"picked":"Pray","floor":11.0},{"not_picked":["ThirdEye","JustLucky"],"picked":"Pray","floor":12.0},{"not_picked":["Adaptation","Crescendo"],"picked":"MentalFortress","floor":14.0},{"not_picked":["LessonLearned","Replay:AllIn"],"picked":"Devotion","floor":16.0},{"not_picked":["EmptyBody","WaveOfTheHand"],"picked":"Evaluate","floor":18.0},{"not_picked":["ClearTheMind","EmptyMind"],"picked":"Replay:Cycle+1","floor":20.0},{"not_picked":["ThirdEye","InnerPeace+1"],"picked":"Wallop","floor":24.0},{"not_picked":["Crescendo","Sanctity","Perfected Strike"],"picked":"FollowUp","floor":27.0},{"not_picked":["DeceiveReality","CutThroughFate","Study"],"picked":"Shrug It Off","floor":30.0},{"not_picked":["BowlingBash","ClearTheMind","Limit Break"],"picked":"Worship+1","floor":31},{"not_picked":["Replay:AllIn","MasterReality","Demonic Infusion"],"picked":"SpiritShield","floor":33},{"not_picked":["Nirvana","Replay:Cycle","Flex"],"picked":"Protect+1","floor":35},{"not_picked":["ThirdEye","Replay:BluntJabs","Dual Wield"],"picked":"WindmillStrike","floor":36},{"not_picked":["Replay:BluntJabs+1","Replay:Hum+1","Twin Strike"],"picked":"FlurryOfBlows+1","floor":37},{"not_picked":["CrushJoints","EmptyFist","Replay:Undeath\u0027s Touch"],"picked":"FollowUp","floor":38},{"not_picked":["Chrysalis","Mayhem"],"picked":"expansioncontent:BronzeBeam","floor":44},{"not_picked":["ThirdEye","Wireheading","Run Through"],"picked":"FlurryOfBlows","floor":45},{"not_picked":["Replay:BluntJabs","EmptyFist+1","Corruption"],"picked":"Tantrum+1","floor":47}],"player_experience":132525,"relics_obtained":[{"floor":7.0,"key":"construct:BoolHorns"},{"floor":9.0,"key":"halation:LettersToHer"},{"floor":14.0,"key":"WingedGreaves"},{"floor":24.0,"key":"hubris:DisguiseKit"},{"floor":26.0,"key":"halation:LettersToHer"},{"floor":26.0,"key":"Sundial"},{"floor":30.0,"key":"Yang"},{"floor":43,"key":"halation:LettersToHer"},{"floor":43,"key":"Replay:Accelerometer"}],"event_choices":[{"damage_healed":0.0,"max_hp_gain":0.0,"max_hp_loss":0.0,"gold_gain":0.0,"event_name":"Accursed Blacksmith","player_choice":"Rummage","floor":4.0,"gold_loss":0.0,"damage_taken":0.0,"relics_obtained":["WarpedTongs"],"cards_obtained":["Pain"]},{"damage_healed":0.0,"max_hp_gain":0.0,"max_hp_loss":0.0,"gold_gain":0.0,"event_name":"Living Wall","player_choice":"Grow","floor":13.0,"gold_loss":0.0,"damage_taken":0.0,"cards_upgraded":["Pray"]},{"damage_healed":24.0,"max_hp_gain":0.0,"max_hp_loss":0.0,"gold_gain":0.0,"event_name":"The Library","player_choice":"Heal","floor":29.0,"gold_loss":0.0,"damage_taken":0.0},{"damage_healed":0,"gold_gain":0,"player_choice":"Memory 1","damage_taken":0,"max_hp_gain":0,"max_hp_loss":0,"event_name":"SensoryStone","floor":44,"gold_loss":0}],"is_beta":false,"boss_relics":[{"not_picked":["hubris:GrandSneckoEye","Replay:Drink Me"],"picked":"Pandora\u0027s Box"},{"not_picked":["ReplayTheSpireMod:DimensionalGlitch","SacredBark"],"picked":"halation:HeavySnake"}],"items_purged_floors":[],"is_endless":false,"potions_floor_spawned":[2,12,14,24,27,30,31,33,35,36,37,38,45,47],"killed_by":"Writhing Mass","ascension_level":0}}