{"host":"fiyb7gvx7tok3jeh","time":1610730196,"event":{"mods":["BaseMod","Colored Map","Colored Powertips","DeckTracker","Googly Eyes","Highlight Path","Minty Spire (QoL Compilation)"],"gold_per_floor":[110,60,15,28,28,63,63,79,79,79,104,143,157,176,176,302,302,322,322,322,126,142,183,183,183,183,183,227,263,281,281,281],"floor_reached":31,"language":"ENG","playtime":1976,"items_purged":["Strike_P+1"],"score":412,"play_id":"2780b6a5-c769-4fe0-b60a-92ace4c0f7fb","local_time":"20210115190316","is_ascension_mode":true,"campfire_choices":[{"data":"Evaluate","floor":7,"key":"SMITH"},{"data":"Eruption","floor":15,"key":"SMITH"},{"floor":25,"key":"REST"},{"data":"Blasphemy","floor":27,"key":"SMITH"}],"circlet_count":0,"master_deck":["Strike_P+1","Strike_P+1","Strike_P+1","Defend_P+1","Defend_P+1","Defend_P+1","Defend_P+1","Eruption+1","Vigilance","Prostrate","Prostrate","Evaluate+1","FollowUp","Weave","CutThroughFate","Sanctity","FollowUp","Conclude","Blasphemy+1","CrushJoints","Brilliance","JustLucky","JustLucky","ClearTheMind","Writhe","Decay"],"relics":["PureWater","NeowsBlessing","Golden Idol","Kunai","White Beast Statue","Matryoshka","Cursed Key","Boot","Akabeko","Letter Opener","Singing Bowl","Red Mask"],"acts_visited":["Exordium","TheCity"],"potions_floor_usage":[11,12,12,14,14,18,23,23,29,31],"damage_taken":[{"damage":0,"enemies":"Cultist","floor":1,"turns":1},{"damage":0,"enemies":"2 Louse","floor":4,"turns":1},{"damage":0,"enemies":"Gremlin Nob","floor":6,"turns":1},{"damage":0,"enemies":"Jaw Worm","floor":8,"turns":3},{"damage":20,"enemies":"Exordium Thugs","floor":11,"turns":5},{"damage":3,"enemies":"Lagavulin","floor":12,"turns":6},{"damage":0,"enemies":"2 Fungi Beasts","floor":13,"turns":3},{"damage":0,"enemies":"3 Louse","floor":14,"turns":2},{"damage":0,"enemies":"Hexaghost","floor":16,"turns":9},{"damage":11,"enemies":"Spheric Guardian","floor":18,"turns":4},{"damage":4,"enemies":"2 Thieves","floor":22,"turns":3},{"damage":37,"enemies":"Gremlin Leader","floor":23,"turns":9},{"damage":22,"enemies":"Slavers","floor":28,"turns":6},{"damage":12,"enemies":"Masked Bandits","floor":29,"turns":3},{"damage":27,"enemies":"Sentry and Sphere","floor":30,"turns":6},{"damage":21,"enemies":"Cultist and Chosen","floor":31,"turns":4}],"seed_played":"4918000287156389166","potions_obtained":[{"floor":1,"key":"PowerPotion"},{"floor":4,"key":"Regen Potion"},{"floor":10,"key":"PowerPotion"},{"floor":11,"key":"LiquidMemories"},{"floor":12,"key":"Block Potion"},{"floor":13,"key":"BottledMiracle"},{"floor":14,"key":"Energy Potion"},{"floor":16,"key":"FairyPotion"},{"floor":18,"key":"Energy Potion"},{"floor":22,"key":"SteroidPotion"},{"floor":23,"key":"SteroidPotion"},{"floor":28,"key":"Ancient Potion"},{"floor":29,"key":"Explosive Potion"},{"floor":30,"key":"Explosive Potion"}],"is_trial":false,"path_per_floor":["M","$","$","M","?","E","R","M","T","?","M","E","M","M","R","B",null,"M","?","?","$","M","E","?","R","T","R","E","?","M","M"],"character_chosen":"WATCHER","items_purchased":["Prostrate","Evaluate","Brilliance","JustLucky"],"campfire_rested":1,"item_purchase_floors":[2,3,21,21],"current_hp_per_floor":[72,72,72,72,54,54,54,54,54,54,48,45,45,45,45,45,72,61,61,61,61,57,20,20,41,41,41,21,11,10,0,0],"gold":281,"neow_bonus":"THREE_ENEMY_KILL","is_daily":false,"chose_seed":false,"campfire_upgraded":3,"win_rate":0.0,"timestamp":1610730196,"path_taken":["M","?","$","?","?","E","R","M","T","?","?","E","M","M","R","BOSS","M","?","?","$","M","E","?","R","T","R","E","?","M","M"],"items_purchased_type":["Card","Card","Card","Card"],"build_version":"2020-12-22","purchased_purges":1,"victory":false,"max_hp_per_floor":[72,72,72,72,72,72,72,72,72,72,72,72,72,72,72,72,72,72,72,72,72,72,72,72,72,72,72,74,76,78,78,78],"card_choices":[{"not_picked":["SignatureMove","Vengeance"],"picked":"Prostrate","floor":1},{"not_picked":["Wireheading","ThirdEye"],"picked":"FollowUp","floor":4},{"not_picked":["CutThroughFate","Meditate"],"picked":"Weave","floor":6},{"not_picked":["Worship","FollowUp","FearNoEvil"],"picked":"SKIP","floor":8},{"not_picked":["WindmillStrike","Evaluate"],"picked":"CutThroughFate","floor":11},{"not_picked":["Halt","Wallop"],"picked":"Sanctity","floor":12},{"not_picked":["CarveReality","Evaluate"],"picked":"FollowUp","floor":13},{"not_picked":["ThirdEye","MasterReality"],"picked":"Conclude","floor":14},{"not_picked":["Judgement","MasterReality"],"picked":"Blasphemy","floor":16},{"not_picked":["Consecrate","EmptyBody+1"],"picked":"CrushJoints","floor":18},{"not_picked":["Study","PathToVictory"],"picked":"JustLucky","floor":22},{"not_picked":["JustLucky+1","CrushJoints"],"picked":"ClearTheMind","floor":23},{"not_picked":["Evaluate","DeusExMachina","Swivel"],"picked":"Singing Bowl","floor":28},{"not_picked":["ReachHeaven+1","SashWhip","Collect"],"picked":"Singing Bowl","floor":29},{"not_picked":["FollowUp","CrushJoints","Wish"],"picked":"Singing Bowl","floor":30}],"player_experience":248155,"relics_obtained":[{"floor":6,"key":"Kunai"},{"floor":9,"key":"White Beast Statue"},{"floor":12,"key":"Matryoshka"},{"floor":23,"key":"Boot"},{"floor":26,"key":"Letter Opener"},{"floor":28,"key":"Singing Bowl"},{"floor":29,"key":"Red Mask"}],"event_choices":[{"damage_healed":0,"gold_gain":0,"player_choice":"Take Damage","damage_taken":18,"relics_obtained":["Golden Idol"],"max_hp_gain":0,"max_hp_loss":0,"event_name":"Golden Idol","floor":5,"gold_loss":0},{"damage_healed":0,"gold_gain":0,"player_choice":"Got Potions","damage_taken":0,"max_hp_gain":0,"max_hp_loss":0,"event_name":"Lab","floor":10,"gold_loss":0},{"damage_healed":0,"gold_gain":0,"player_choice":"Ignored","damage_taken":0,"max_hp_gain":0,"max_hp_loss":0,"event_name":"Cursed Tome","floor":19,"gold_loss":0},{"damage_healed":0,"gold_gain":0,"player_choice":"Simplicity","damage_taken":0,"max_hp_gain":0,"max_hp_loss":0,"event_name":"Back to Basics","floor":20,"gold_loss":0,"cards_upgraded":["Strike_P","Strike_P","Strike_P","Strike_P","Defend_P","Defend_P","Defend_P","Defend_P"]},{"damage_healed":0,"gold_gain":0,"player_choice":"Opened","damage_taken":0,"relics_obtained":["Akabeko"],"max_hp_gain":0,"max_hp_loss":0,"event_name":"The Mausoleum","floor":24,"gold_loss":0,"cards_obtained":["Writhe"]},{"damage_healed":0,"gold_gain":0,"player_choice":"Fought Bandits","damage_taken":0,"max_hp_gain":0,"max_hp_loss":0,"event_name":"Masked Bandits","floor":29,"gold_loss":0}],"is_beta":false,"boss_relics":[{"not_picked":["Sozu","VioletLotus"],"picked":"Cursed Key"}],"items_purged_floors":[21],"is_endless":false,"potions_floor_spawned":[1,4,11,12,13,14,16,18,22,23,28,29,30],"killed_by":"Cultist and Chosen","ascension_level":3}}