{"host":"38maufg2dcy7va3m","time":1610669883,"event":{"mods":["Act Like it!","BaseMod","Downfall","Hermit","Hubris","Infinite Spire","Minty Spire (QoL Compilation)","Replay The Spire","StSLib"],"gold_per_floor":[209,209,35,53,63,63,79,79,102,114,114,125,135,146,146,246,246,251,251],"floor_reached":18,"language":"ENG","playtime":1574,"items_purged":[],"score":156,"play_id":"706ffb36-01a1-4d68-bd60-8e485aaaafc1","local_time":"20210114161803","is_ascension_mode":false,"campfire_choices":[{"data":"hermit:BodyArmor","floor":6.0,"key":"SMITH"},{"data":"hermit:Snipe","floor":8.0,"key":"SMITH"},{"data":"hermit:Deadeye","floor":11.0,"key":"SMITH"},{"floor":15.0,"key":"REST"}],"circlet_count":0,"master_deck":["hermit:Strike_Hermit","hermit:Strike_Hermit","hermit:Strike_Hermit","hermit:Strike_Hermit","hermit:Defend_Hermit","hermit:Defend_Hermit","hermit:Defend_Hermit","hermit:Defend_Hermit","hermit:Snapshot","hermit:WideOpen","hermit:HoleUp","hermit:TakeCover","hermit:BodyArmor+1","hermit:Snipe+1","hermit:Deadeye+1","hermit:EyeOfTheStorm","hermit:Scavenge","hermit:Ricochet","hermit:Dissolve"],"relics":["hermit:Momento","Blue Doll","infinitespire:Beetle Shell","Snecko Eye"],"acts_visited":["Exordium","TheCity"],"potions_floor_usage":[18],"damage_taken":[{"damage":0.0,"enemies":"Small Slimes","floor":1.0,"turns":3.0},{"damage":0.0,"enemies":"Cultist","floor":4.0,"turns":3.0},{"damage":0.0,"enemies":"2 Louse","floor":5.0,"turns":5.0},{"damage":3.0,"enemies":"Exordium Wildlife","floor":7.0,"turns":5.0},{"damage":3.0,"enemies":"Gremlin Gang","floor":10.0,"turns":6.0},{"damage":8.0,"enemies":"Lots of Slimes","floor":12.0,"turns":4.0},{"damage":8.0,"enemies":"2 Fungi Beasts","floor":13.0,"turns":6.0},{"damage":5.0,"enemies":"Red Slaver","floor":14.0,"turns":5.0},{"damage":52.0,"enemies":"The Guardian","floor":16.0,"turns":22.0},{"damage":8,"enemies":"Chosen","floor":18,"turns":6}],"seed_played":"3761202462543309269","potions_obtained":[{"floor":1.0,"key":"PowerPotion"},{"floor":10.0,"key":"Energy Potion"},{"floor":12.0,"key":"SkillPotion"},{"floor":16.0,"key":"EssenceOfSteel"}],"is_trial":false,"path_per_floor":["M","?","$","M","M","R","M","R","T","M","R","M","M","M","R","B",null,"M"],"character_chosen":"HERMIT","items_purchased":["hermit:HoleUp","Blue Doll"],"campfire_rested":1,"item_purchase_floors":[3,3],"current_hp_per_floor":[75,75,75,75,75,75,72,72,72,69,69,61,53,48,70,18,75,67,67],"gold":251,"neow_bonus":"HUNDRED_GOLD","is_daily":false,"chose_seed":false,"campfire_upgraded":3,"win_rate":0.0,"timestamp":1610669883,"path_taken":["M","?","$","M","M","R","M","R","T","M","R","M","M","?","R","BOSS","M"],"items_purchased_type":["Card","Relic"],"build_version":"2020-12-22","purchased_purges":0,"victory":false,"max_hp_per_floor":[75,75,75,75,75,75,75,75,75,75,75,75,75,75,75,75,75,75,75],"card_choices":[{"not_picked":["hermit:Combo","hermit:Showdown"],"picked":"hermit:WideOpen","floor":1.0},{"not_picked":["hermit:SprayPray","hermit:TrackingShot"],"picked":"hermit:TakeCover","floor":4.0},{"not_picked":["hermit:Dive","hermit:Ricochet"],"picked":"hermit:BodyArmor","floor":5.0},{"not_picked":["hermit:Glare","hermit:DeadMansHand"],"picked":"hermit:Snipe","floor":7.0},{"not_picked":["hermit:Snipe","hermit:Maintenance"],"picked":"hermit:Deadeye","floor":10.0},{"not_picked":["hermit:Scavenge","hermit:Headshot"],"picked":"hermit:EyeOfTheStorm","floor":12.0},{"not_picked":["hermit:Deadeye","hermit:FatalDesire"],"picked":"hermit:Scavenge","floor":13.0},{"not_picked":["hermit:Quickdraw","hermit:Desperado"],"picked":"hermit:Ricochet","floor":14.0},{"not_picked":["hermit:HighNoon","hermit:OverwhelmingPower"],"picked":"hermit:Dissolve","floor":16.0}],"player_experience":242403,"relics_obtained":[{"floor":9.0,"key":"infinitespire:Beetle Shell"}],"event_choices":[{"cards_removed":["hermit:Covet"],"damage_healed":0.0,"max_hp_gain":0.0,"max_hp_loss":0.0,"gold_gain":0.0,"event_name":"Purifier","player_choice":"Purged","floor":2.0,"gold_loss":0.0,"damage_taken":0.0}],"is_beta":false,"boss_relics":[{"not_picked":["ReplayTheSpireMod:DimensionalGlitch","Replay:Grab Bag"],"picked":"Snecko Eye"}],"items_purged_floors":[],"is_endless":false,"potions_floor_spawned":[1,10,12,16],"killed_by":"Chosen","ascension_level":0}}