{"host":"78azdv0oxplymbah","time":1610706143,"event":{"mods":["BaseMod","BetterRewards","Challenge The Spire","DeckTracker","Downfall","Highlight Path","Minty Spire (QoL Compilation)","MostiFishMod","Quick Restart","Relic Stats","Remove Card Discount Mod","Replay The Spire","Spicy Shops","StSLib","The Marked","The Servant 0.9.4","vexMod","°æπ¶ƒ‹Mod°øªÏ„Á÷Æª∑–ﬁ∏¥≤π∂°","°æ“≈ŒÔø®≈∆°øREMEMod"],"gold_per_floor":[119,132,207,217,237,270,283,312,312,312,332,50,83,98,184,281,281,299,309,629,697,764,798,848,848,874,901,917,967,172,198,198,301,301,313,383,539,549,564,592,592,623,623,655,715,765,780,792,792,792],"floor_reached":51,"language":"ZHS","playtime":2988,"items_purged":["Strike_G","Strike_G","Strike_G","Defend_G","Defend_G","Defend_G","Strike_G","Strike_G","Poisoned Stab"],"score":1123,"play_id":"f86cd988-47e7-4ff9-8561-028943738fb6","local_time":"20210115182223","is_ascension_mode":false,"campfire_choices":[{"data":"Noxious Fumes","floor":25,"key":"SMITH"},{"data":"MostiFishMod:PreservedThorns","floor":32,"key":"SMITH"},{"data":"Tools of the Trade","floor":41,"key":"SMITH"},{"data":"Infinite Blades","floor":49,"key":"SMITH"}],"circlet_count":0,"master_deck":["Defend_G","Defend_G","Survivor","Neutralize","Noxious Fumes","Envenom+1","Bane","PiercingWail","MostiFishMod:PreservedThorns+1","Envenom+1","Infinite Blades+1","Noxious Fumes+1","MostiFishMod:PreservedThorns","Blade Dance","Blade Dance","Prepared","Tools of the Trade+1","After Image","Infinite Blades+1","Envenom+1","Prepared","Footwork+1","After Image","Footwork+1","Looming Evil","Sucker Punch+1"],"relics":["DaveBox","REME_ComplimentaryCards","SynthV","RhineCircuit","SynthV:TestCard","vexMod:MemoryStick","Pen Nib","REME_LimitBreaker","SsserpentHead","Gremlin Food","ReplayTheSpireMod:Shallot","Replay:Bottled Eggs","GuanYuAspect","Darkstone Periapt","Toy Ornithopter","Replay:Ringing Soul","Gremlin Horn","Pet Ghost","MostiFishMod:AdaptiveDefenses","ReplayTheSpireMod:Lightbulb","Medical Kit","Bag of Marbles","ReplayTheSpireMod:TigerMarble","Coffee Dripper","Meat on the Bone","PreservedInsect","Replay:Bottled Steam","ArrowTower","Ring of Hypnosis","Ring of Misfortune"],"acts_visited":["Exordium","TheCity","TheBeyond"],"potions_floor_usage":[21,27,31,31,50,50],"damage_taken":[{"damage":0,"enemies":"Cultist","floor":1,"turns":3},{"damage":0,"enemies":"Small Slimes","floor":2,"turns":3},{"damage":4,"enemies":"2 Louse","floor":4,"turns":2},{"damage":7,"enemies":"Exordium Wildlife","floor":5,"turns":4},{"damage":3,"enemies":"Lagavulin","floor":6,"turns":6},{"damage":7,"enemies":"Blue Slaver","floor":7,"turns":4},{"damage":4,"enemies":"3 Sentries","floor":8,"turns":6},{"damage":0,"enemies":"Gremlin Gang","floor":11,"turns":1},{"damage":0,"enemies":"Gremlin Nob","floor":13,"turns":3},{"damage":0,"enemies":"3 Louse","floor":14,"turns":2},{"damage":5,"enemies":"Fading Forest","floor":16,"turns":11},{"damage":0,"enemies":"Shell Parasite","floor":18,"turns":3},{"damage":5,"enemies":"2 Thieves","floor":19,"turns":3},{"damage":10,"enemies":"Snake Plant","floor":21,"turns":3},{"damage":0,"enemies":"Snecko","floor":22,"turns":4},{"damage":0,"enemies":"Gremlin Leader","floor":23,"turns":4},{"damage":0,"enemies":"Book of Stabbing","floor":27,"turns":4},{"damage":0,"enemies":"Shelled Parasite and Fungi","floor":28,"turns":3},{"damage":12,"enemies":"Slavers","floor":31,"turns":3},{"damage":0,"enemies":"Collector","floor":33,"turns":4},{"damage":0,"enemies":"Orb Walker","floor":35,"turns":3},{"damage":17,"enemies":"3 Shapes","floor":36,"turns":2},{"damage":21,"enemies":"Spire Growth","floor":38,"turns":3},{"damage":0,"enemies":"Maw","floor":39,"turns":4},{"damage":0,"enemies":"Reptomancer","floor":40,"turns":3},{"damage":20,"enemies":"Nemesis","floor":42,"turns":5},{"damage":0,"enemies":"Reptomancer","floor":44,"turns":3},{"damage":0,"enemies":"Jaw Worm Horde","floor":45,"turns":3},{"damage":11,"enemies":"3 Darklings","floor":47,"turns":2},{"damage":0,"enemies":"Maw","floor":48,"turns":5},{"damage":9,"enemies":"Donu and Deca","floor":50,"turns":5}],"seed_played":"-1457174408183142179","potions_obtained":[{"floor":1,"key":"champ:CounterPotion"},{"floor":7,"key":"Reflective Coating"},{"floor":8,"key":"EssenceOfSteel"},{"floor":21,"key":"Block Potion"},{"floor":27,"key":"SteroidPotion"},{"floor":33,"key":"Dexterity Potion"},{"floor":40,"key":"Swift Potion"},{"floor":45,"key":"PowerPotion"}],"is_trial":false,"path_per_floor":["M","M","?","M","M","E","M","E","T","?","M","$","E","M","R","B",null,"M","M","?","M","M","E","?","R","T","E","M","T","$","E","R","B",null,"M","M","?","M","M","E","R","E","T","E","M","?","M","M","R","B",null],"character_chosen":"THE_SILENT","items_purchased":["Gremlin Food","ReplayTheSpireMod:Shallot","Pet Ghost","MostiFishMod:AdaptiveDefenses","ReplayTheSpireMod:Lightbulb","Medical Kit","Bag of Marbles","Blade Dance","Prepared","Poisoned Stab"],"campfire_rested":0,"item_purchase_floors":[12,12,30,30,30,30,30,30,30,30],"current_hp_per_floor":[70,70,59,55,48,45,38,38,38,38,38,38,38,38,38,33,35,35,35,8,11,29,35,35,35,35,37,40,40,42,46,46,60,61,61,56,43,53,67,69,69,72,72,73,73,78,84,85,85,85],"gold":792,"neow_bonus":"BOSS_RELIC","is_daily":false,"chose_seed":false,"campfire_upgraded":4,"win_rate":0.0,"timestamp":1610706143,"path_taken":["M","M","?","M","M","E","M","E","T","?","M","$","E","M","R","BOSS","M","M","?","?","?","E","?","R","T","E","M","?","?","E","R","BOSS","M","?","?","M","M","E","R","E","T","E","?","?","M","M","R","BOSS"],"items_purchased_type":["Relic","Relic","Relic","Relic","Relic","Relic","Relic","Card","Card","Card"],"build_version":"2020-12-22","purchased_purges":9,"victory":true,"max_hp_per_floor":[70,70,70,70,70,70,70,70,70,70,70,70,70,70,70,70,35,35,35,35,35,35,35,35,35,35,38,41,41,44,47,47,61,61,61,61,64,67,67,70,70,73,73,73,73,82,85,85,85,85],"relic_stats":{"Darkstone Periapt":6,"SsserpentHead":500,"Gremlin Horn":[16,16],"counters":[31,114],"Pen Nib":[41],"PreservedInsect":59,"Medical Kit":[1],"obtain_stats":[{"Darkstone Periapt":23,"vexMod:MemoryStick":6,"DaveBox":0,"Gremlin Horn":29,"SynthV":0,"MostiFishMod:AdaptiveDefenses":30,"Pet Ghost":30,"SsserpentHead":10,"Replay:Ringing Soul":27,"GuanYuAspect":17,"Replay:Bottled Eggs":13,"Ring of the Snake":0,"Replay:Bottled Steam":43,"Gremlin Food":12,"Ring of Hypnosis":46,"Pen Nib":8,"PreservedInsect":42,"REME_LimitBreaker":9,"Medical Kit":30,"RhineCircuit":0,"SynthV:TestCard":1,"ReplayTheSpireMod:Shallot":12,"Ring of Misfortune":46,"Bag of Marbles":30,"ReplayTheSpireMod:TigerMarble":31,"Coffee Dripper":34,"ReplayTheSpireMod:Lightbulb":30,"ArrowTower":44,"Toy Ornithopter":26,"REME_ComplimentaryCards":0,"Meat on the Bone":40},{"Darkstone Periapt":16,"vexMod:MemoryStick":5,"DaveBox":0,"Gremlin Horn":18,"SynthV":0,"MostiFishMod:AdaptiveDefenses":18,"Pet Ghost":18,"SsserpentHead":7,"Replay:Ringing Soul":17,"GuanYuAspect":11,"Replay:Bottled Eggs":9,"Ring of the Snake":0,"Replay:Bottled Steam":26,"Gremlin Food":8,"Ring of Hypnosis":28,"Pen Nib":7,"PreservedInsect":26,"REME_LimitBreaker":7,"Medical Kit":18,"RhineCircuit":0,"SynthV:TestCard":1,"ReplayTheSpireMod:Shallot":8,"Ring of Misfortune":28,"Bag of Marbles":18,"ReplayTheSpireMod:TigerMarble":19,"Coffee Dripper":20,"ReplayTheSpireMod:Lightbulb":18,"ArrowTower":27,"Toy Ornithopter":16,"REME_ComplimentaryCards":0,"Meat on the Bone":25},{"Darkstone Periapt":62,"vexMod:MemoryStick":18,"DaveBox":0,"Gremlin Horn":69,"SynthV":0,"MostiFishMod:AdaptiveDefenses":69,"Pet Ghost":69,"SsserpentHead":28,"Replay:Ringing Soul":66,"GuanYuAspect":45,"Replay:Bottled Eggs":32,"Ring of the Snake":0,"Replay:Bottled Steam":96,"Gremlin Food":29,"Ring of Hypnosis":102,"Pen Nib":28,"PreservedInsect":96,"REME_LimitBreaker":28,"Medical Kit":69,"RhineCircuit":0,"SynthV:TestCard":3,"ReplayTheSpireMod:Shallot":29,"Ring of Misfortune":102,"Bag of Marbles":69,"ReplayTheSpireMod:TigerMarble":72,"Coffee Dripper":76,"ReplayTheSpireMod:Lightbulb":69,"ArrowTower":99,"Toy Ornithopter":62,"REME_ComplimentaryCards":0,"Meat on the Bone":91}],"Toy Ornithopter":1,"Meat on the Bone":0},"card_choices":[{"not_picked":["ReplayTheSpireMod:Scrap Shanks","Dagger Throw"],"picked":"Noxious Fumes","floor":1},{"not_picked":["Deadly Poison","MostiFishMod:InvigoratingSolution","Dagger Throw","Fluid Movement"],"picked":"Envenom","floor":2},{"not_picked":["Backflip","Slice","Dagger Throw","Terror","MostiFishMod:PerfectParry"],"picked":"SKIP","floor":4},{"not_picked":["Poisoned Stab","Dodge and Roll","ReplayTheSpireMod:Scrap Shanks","Backflip","Deadly Poison"],"picked":"SKIP","floor":5},{"not_picked":["Bouncing Flask","Hidden Blade","ReplayTheSpireMod:Necrosis","Prepared","Slice"],"picked":"SKIP","floor":6},{"not_picked":["Dagger Throw","Bane","ReplayTheSpireMod:The Works","Deadly Poison","Poisoned Stab"],"picked":"SKIP","floor":7},{"not_picked":["Flying Knee","Footwork","ReplayTheSpireMod:Tripwire","Predator"],"picked":"Bane","floor":8},{"not_picked":["Slice","Masterful Stab","Poison Darts","Sucker Punch"],"picked":"PiercingWail","floor":11},{"not_picked":["Blade Dance","Poisoned Stab","Tactician","Backflip","Finisher"],"picked":"SKIP","floor":13},{"not_picked":["Deflect","Deadly Poison","Backstab","Poisoned Stab"],"picked":"MostiFishMod:PreservedThorns","floor":14},{"not_picked":["Replay:Bag of Tricks","MostiFishMod:LethalBlade","MostiFishMod:SpreadingSpore","MostiFishMod:AdrenalineArouse"],"picked":"Envenom","floor":16},{"not_picked":["Backflip","Flying Knee","REME_GreenPollution","ReplayTheSpireMod:Shiv Toss+1","Dagger Throw"],"picked":"SKIP","floor":18},{"not_picked":["Venomology","ReplayTheSpireMod:The Works","Prepared","Quick Slash","Heel Hook"],"picked":"SKIP","floor":19},{"not_picked":["Distraction","Acrobatics+1","MostiFishMod:FrostNova","Quick Slash"],"picked":"Infinite Blades+1","floor":21},{"not_picked":["Flying Knee+1","Deflect+1","Outmaneuver","Malaise"],"picked":"Noxious Fumes","floor":22},{"not_picked":["Backflip","ReplayTheSpireMod:Speed Training","Dagger Spray+1","Night Terror","Replay:Poison Smokescreen+1"],"picked":"SKIP","floor":23},{"not_picked":["ReplayTheSpireMod:Tripwire","Footwork","Sucker Punch","Choke"],"picked":"MostiFishMod:PreservedThorns","floor":27},{"not_picked":["Underhanded Strike","Flying Knee+1","Poisoned Stab","Backstab"],"picked":"Blade Dance","floor":28},{"not_picked":["Sucker Punch","Deadly Poison+1","Crippling Poison+1","Prepared"],"picked":"Tools of the Trade","floor":31},{"not_picked":["REME_LeechingPoison","MostiFishMod:GrandStart","REME_GrazeFinale","Burst"],"picked":"After Image","floor":33},{"not_picked":["Prepared+1","PiercingWail","Deadly Poison+1","Flying Knee+1","Hidden Blade+1"],"picked":"SKIP","floor":35},{"not_picked":["Deflect+1","Dodge and Roll","Hidden Blade+1","Dagger Spray","Flying Knee"],"picked":"SKIP","floor":36},{"not_picked":["Deadly Poison","Blade Dance+1","Sneak Up+1","Flying Knee+1"],"picked":"Infinite Blades","floor":37},{"not_picked":["Dodge and Roll+1","Deflect+1","ReplayTheSpireMod:Exploit Weakness","Flying Knee"],"picked":"Envenom","floor":37},{"not_picked":["Tactician+1","Hidden Blade+1","MostiFishMod:FrostNova","Dodge and Roll"],"picked":"Prepared","floor":37},{"not_picked":["Noxious Fumes","Well Laid Plans+1","Outmaneuver","Dodge and Roll"],"picked":"Footwork+1","floor":38},{"not_picked":["Blur","Masterful Stab","Sucker Punch+1","Blade Dance","Caltrops"],"picked":"SKIP","floor":39},{"not_picked":["Deflect+1","PiercingWail+1","Toxin Wave+1","Outmaneuver"],"picked":"After Image","floor":40},{"not_picked":["Infinite Blades+1","Blur","Backflip","PiercingWail"],"picked":"Footwork+1","floor":42},{"not_picked":["Dagger Throw+1","Predator+1","Caltrops+1","REME_GreenPollution","ReplayTheSpireMod:The Works+1"],"picked":"SKIP","floor":44},{"not_picked":["REME_GreenPollution","Quick Slash+1","Dagger Spray","Acrobatics","Dash"],"picked":"SKIP","floor":45},{"not_picked":["Caltrops+1","MostiFishMod:PerfectParry+1","Underhanded Strike+1","Toxin Wave"],"picked":"Sucker Punch+1","floor":47},{"not_picked":["Bane","Choke","ReplayTheSpireMod:Speed Training","Dagger Spray+1","Deadly Poison"],"picked":"SKIP","floor":48}],"player_experience":26879,"relics_obtained":[{"floor":1,"key":"SynthV:TestCard"},{"floor":6,"key":"vexMod:MemoryStick"},{"floor":8,"key":"Pen Nib"},{"floor":9,"key":"REME_LimitBreaker"},{"floor":13,"key":"Replay:Bottled Eggs"},{"floor":23,"key":"Darkstone Periapt"},{"floor":26,"key":"Toy Ornithopter"},{"floor":27,"key":"Replay:Ringing Soul"},{"floor":29,"key":"Gremlin Horn"},{"floor":31,"key":"ReplayTheSpireMod:TigerMarble"},{"floor":40,"key":"Meat on the Bone"},{"floor":42,"key":"PreservedInsect"},{"floor":43,"key":"Replay:Bottled Steam"},{"floor":44,"key":"ArrowTower"},{"floor":46,"key":"Ring of Hypnosis"},{"floor":46,"key":"Ring of Misfortune"}],"event_choices":[{"damage_healed":0,"gold_gain":75,"player_choice":"Gather Gold","damage_taken":11,"max_hp_gain":0,"max_hp_loss":0,"event_name":"World of Goop","floor":3,"gold_loss":0},{"damage_healed":0,"gold_gain":0,"player_choice":"Trade","damage_taken":0,"relics_obtained":["SsserpentHead"],"max_hp_gain":0,"max_hp_loss":0,"event_name":"FaceTrader","floor":10,"gold_loss":0},{"damage_healed":0,"gold_gain":270,"player_choice":"GOLD GOLD GOLD ","damage_taken":27,"max_hp_gain":0,"max_hp_loss":0,"event_name":"Knowing Skull","floor":20,"potions_obtained":[],"gold_loss":0,"cards_obtained":[]},{"damage_healed":0,"gold_gain":0,"player_choice":"Ignored","damage_taken":0,"max_hp_gain":0,"max_hp_loss":0,"event_name":"Vampires","floor":24,"gold_loss":0}],"is_beta":false,"boss_relics":[{"not_picked":["vexMod:DeviousBotling","Kintsugi"],"picked":"GuanYuAspect"},{"not_picked":["REME_ChargedStone","Replay:Wanted Poster"],"picked":"Coffee Dripper"}],"items_purged_floors":[12,12,12,12,12,12,12,30,30],"is_endless":false,"potions_floor_spawned":[1,7,8,13,18,21,27,33,40,42,45,47],"ascension_level":0}}