{"host":"c6u7e77myxvw4d0m","time":1610686536,"event":{"mods":["AchievementEnabler","BaseMod","Bestiary","Colored Map","Colored Powertips","Minty Spire (QoL Compilation)","Rare Cards Sparkle","Relic Stats","everything is the same but u backflip on backflip"],"gold_per_floor":[118,118,134,146,157,188,200,232,232,232,261,261,275,294,294,373,373,387,11,11,26,36,36,36,36,59,158,158,158,183,193,193,193,193],"floor_reached":33,"language":"ENG","playtime":2116,"items_purged":[],"score":474,"play_id":"07b272ad-098f-4126-91bf-5ed19729915c","local_time":"20210115065536","is_ascension_mode":true,"campfire_choices":[{"floor":10.0,"key":"REST"},{"data":"Poisoned Stab","floor":15,"key":"SMITH"},{"floor":23,"key":"DIG"},{"floor":25,"key":"DIG"},{"floor":28,"key":"DIG"},{"floor":32,"key":"REST"}],"circlet_count":0,"master_deck":["AscendersBane","Strike_G","Strike_G","Strike_G","Strike_G","Strike_G","Defend_G","Defend_G","Defend_G+1","Defend_G+1","Defend_G","Survivor","Neutralize","Quick Slash","Well Laid Plans","Bane","Blade Dance","Leg Sweep","Infinite Blades","Poisoned Stab+1","Caltrops","Dagger Spray","After Image","Footwork","Backstab","Backstab","Accuracy","Calculated Gamble"],"relics":["SlaversCollar","Orichalcum","Incense Burner","Akabeko","Tiny Chest","Sundial","Fusion Hammer","Shovel","Mummified Hand","Blood Vial","Tough Bandages","WingedGreaves","Lantern","InkBottle","War Paint","Omamori"],"acts_visited":["Exordium","TheCity"],"potions_floor_usage":[16,30],"damage_taken":[{"damage":6.0,"enemies":"Small Slimes","floor":1.0,"turns":7.0},{"damage":0.0,"enemies":"Jaw Worm","floor":3.0,"turns":5.0},{"damage":9.0,"enemies":"Cultist","floor":4.0,"turns":5.0},{"damage":9.0,"enemies":"Blue Slaver","floor":5.0,"turns":5.0},{"damage":7.0,"enemies":"Lagavulin","floor":6.0,"turns":7.0},{"damage":7.0,"enemies":"Looter","floor":7.0,"turns":4.0},{"damage":15.0,"enemies":"Gremlin Nob","floor":8.0,"turns":5.0},{"damage":2.0,"enemies":"3 Sentries","floor":11.0,"turns":11.0},{"damage":0.0,"enemies":"3 Louse","floor":13.0,"turns":4.0},{"damage":10.0,"enemies":"Gremlin Gang","floor":14.0,"turns":5.0},{"damage":6,"enemies":"Hexaghost","floor":16,"turns":8},{"damage":16,"enemies":"Shell Parasite","floor":18,"turns":6},{"damage":13,"enemies":"Spheric Guardian","floor":21,"turns":5},{"damage":15,"enemies":"Shelled Parasite and Fungi","floor":22,"turns":6},{"damage":13,"enemies":"Book of Stabbing","floor":30,"turns":5},{"damage":0,"enemies":"Centurion and Healer","floor":31,"turns":5},{"damage":33,"enemies":"Champ","floor":33,"turns":7}],"seed_played":"655800662832689397","potions_obtained":[{"floor":1.0,"key":"DuplicationPotion"},{"floor":3.0,"key":"GhostInAJar"},{"floor":5.0,"key":"CultistPotion"},{"floor":11.0,"key":"SkillPotion"},{"floor":16,"key":"Dexterity Potion"},{"floor":18,"key":"Fire Potion"},{"floor":31,"key":"Explosive Potion"}],"is_trial":false,"path_per_floor":["M","?","M","M","M","E","M","E","T","R","E","T","M","M","R","B",null,"M","$","?","M","M","R","T","R","T","?","R","?","E","M","R","B"],"character_chosen":"THE_SILENT","items_purchased":["Shovel","Footwork"],"campfire_rested":2,"item_purchase_floors":[19,19],"current_hp_per_floor":[57,62,62,53,44,37,30,15,15,37,35,35,35,25,25,19,61,45,45,45,32,17,17,17,17,17,17,17,17,6,8,30,0,0],"gold":193,"neow_bonus":"BOSS_RELIC","is_daily":false,"chose_seed":false,"campfire_upgraded":1,"win_rate":0.0,"timestamp":1610686536,"path_taken":["M","?","M","M","M","E","M","E","T","R","E","?","M","M","R","BOSS","M","$","?","?","M","R","?","R","T","?","R","?","E","M","R","BOSS"],"items_purchased_type":["Relic","Card"],"build_version":"2020-12-22","purchased_purges":0,"victory":false,"max_hp_per_floor":[70,75,75,75,75,75,75,75,75,75,75,75,75,75,75,75,75,75,75,75,75,75,75,75,75,75,75,75,75,75,75,75,75,75],"relic_stats":{"Blood Vial":6,"Tough Bandages":[6],"Shovel":3,"counters":[17,100],"Sundial":[6],"Mummified Hand":[24],"Tiny Chest":1,"Orichalcum":[90],"War Paint":["Defend_G","Defend_G"],"obtain_stats":[{"Lantern":26,"Incense Burner":8,"Omamori":30,"Orichalcum":6,"War Paint":29,"Akabeko":9,"Blood Vial":23,"SlaversCollar":0,"Tough Bandages":24,"Shovel":19,"Sundial":12,"Mummified Hand":20,"Tiny Chest":11,"Fusion Hammer":17,"WingedGreaves":25,"InkBottle":28,"Ring of the Snake":0},{"Lantern":14,"Incense Burner":7,"Omamori":15,"Orichalcum":5,"War Paint":14,"Akabeko":7,"Blood Vial":14,"SlaversCollar":0,"Tough Bandages":14,"Shovel":12,"Sundial":8,"Mummified Hand":12,"Tiny Chest":8,"Fusion Hammer":11,"WingedGreaves":14,"InkBottle":14,"Ring of the Snake":0},{"Lantern":83,"Incense Burner":38,"Omamori":88,"Orichalcum":29,"War Paint":83,"Akabeko":38,"Blood Vial":83,"SlaversCollar":0,"Tough Bandages":83,"Shovel":72,"Sundial":49,"Mummified Hand":72,"Tiny Chest":49,"Fusion Hammer":66,"WingedGreaves":83,"InkBottle":83,"Ring of the Snake":0}],"InkBottle":[10]},"card_choices":[{"not_picked":["Heel Hook","Slice"],"picked":"Quick Slash","floor":1.0},{"not_picked":["Reflex","Deflect"],"picked":"Well Laid Plans","floor":3.0},{"not_picked":["Slice","Escape Plan"],"picked":"Bane","floor":4.0},{"not_picked":["Skewer","Eviscerate"],"picked":"Blade Dance","floor":5.0},{"not_picked":["Flying Knee","Quick Slash"],"picked":"Leg Sweep","floor":6.0},{"not_picked":["Leg Sweep","Quick Slash"],"picked":"Infinite Blades","floor":7.0},{"not_picked":["Outmaneuver","Slice","Bane"],"picked":"SKIP","floor":8.0},{"not_picked":["PiercingWail","Bane"],"picked":"Poisoned Stab","floor":11.0},{"not_picked":["Tools of the Trade","Outmaneuver"],"picked":"Caltrops","floor":13.0},{"not_picked":["Underhanded Strike","Bane"],"picked":"Dagger Spray","floor":14},{"not_picked":["Grand Finale","Envenom"],"picked":"After Image","floor":16},{"not_picked":["Underhanded Strike","Endless Agony","Sucker Punch"],"picked":"SKIP","floor":18},{"not_picked":["Backflip+1","PiercingWail"],"picked":"Backstab","floor":21},{"not_picked":["Well Laid Plans","Blade Dance"],"picked":"Backstab","floor":22},{"not_picked":["Catalyst","Sucker Punch"],"picked":"Accuracy","floor":30},{"not_picked":["Leg Sweep","Unload"],"picked":"Calculated Gamble","floor":31}],"player_experience":363436,"relics_obtained":[{"floor":6.0,"key":"Orichalcum"},{"floor":8.0,"key":"Incense Burner"},{"floor":9.0,"key":"Akabeko"},{"floor":11.0,"key":"Tiny Chest"},{"floor":12.0,"key":"Sundial"},{"floor":20,"key":"Mummified Hand"},{"floor":23,"key":"Blood Vial"},{"floor":24,"key":"Tough Bandages"},{"floor":25,"key":"WingedGreaves"},{"floor":26,"key":"Lantern"},{"floor":28,"key":"InkBottle"},{"floor":30,"key":"Omamori"}],"event_choices":[{"damage_healed":0.0,"max_hp_gain":5.0,"max_hp_loss":0.0,"gold_gain":0.0,"event_name":"Big Fish","player_choice":"Donut","floor":2.0,"gold_loss":0.0,"damage_taken":0.0},{"damage_healed":0,"gold_gain":0,"player_choice":"Relic","damage_taken":0,"max_hp_gain":0,"max_hp_loss":0,"event_name":"Wheel of Change","floor":20,"gold_loss":0},{"damage_healed":0,"gold_gain":99,"player_choice":"Stole From Cult","damage_taken":0,"max_hp_gain":0,"max_hp_loss":0,"event_name":"Nest","floor":27,"gold_loss":0},{"damage_healed":0,"gold_gain":0,"player_choice":"Gave Potion","damage_taken":0,"relics_obtained":["War Paint"],"max_hp_gain":0,"max_hp_loss":0,"event_name":"WeMeetAgain","floor":29,"gold_loss":0}],"is_beta":false,"boss_relics":[{"not_picked":["SacredBark","HoveringKite"],"picked":"Fusion Hammer"}],"items_purged_floors":[],"is_endless":false,"potions_floor_spawned":[1,3,5,11,16,18,21,22,31],"killed_by":"Champ","ascension_level":13}}