{"host":"UwU","time":1610717891,"event":{"mods":["AchievementEnabler","Act Like it!","BaseMod","Better Altar","Better Match","Better Note","Better Sensory Stone","Better Skull","Better Third Choice","BetterRewards","CCEM","Clawfect","Colored Map","Conspire","Downfall","GifTheSpireLib","Googly Eyes","Hermit","Highlight Path","Hubris","Hunter ??","Infinite Spire","Minty Spire (QoL Compilation)","Permanent Neow","Replay The Spire","StSLib","Unceasing Turn Reminder","everything is the same but u backflip on backflip","slay the spire mod where everything is the same but ironclad has a cowboy hat"],"gold_per_floor":[114,130,141,154,254,254,6,6,30,60,73,85,96,61,61,164,164,175,175,186,203,11,11,11,29,29,29,41,64,64,64,64,64,64],"floor_reached":33,"playtime":1750,"items_purged":[],"score":249,"play_id":"0ee963fc-1b0c-453d-a103-25a5c3315311","local_time":"20210115083811","is_ascension_mode":false,"campfire_choices":[{"data":"Run Through","floor":6,"key":"SMITH"},{"floor":8,"key":"REST"},{"floor":23,"key":"REST"},{"floor":27,"key":"REST"},{"floor":30,"key":"REST"},{"floor":32,"key":"REST"}],"circlet_count":0,"master_deck":["Strike_R","Strike_R","Strike_R","Defend_R+1","Defend_R","Defend_R","Defend_R","Bash","Run Through+1","ReplayTheSpireMod:Strike From Hell","Flex+1","Heavy Blade","Shrug It Off+1","Barricade","Thunderclap","Reaper","Juggernaut+1","Apotheosis+1","Juggernaut+1","Seeing Red+1","Warcry+1","infinitespire:OneForAll","infinitespire:OneForAll","Limit Break+1","Run Through","ReplayTheSpireMod:Limb From Limb","Decay"],"relics":["Burning Blood","CCEMRelics:TechnogenicHelmet","CCEMRelics:JestersCrown","Toxic Egg 2","Astrolabe","White Beast Statue","War Paint"],"acts_visited":["Exordium","TheCity"],"potions_floor_usage":[4,10,11,13,25,33],"damage_taken":[{"damage":6,"enemies":"Cultist","floor":1,"turns":3},{"damage":8,"enemies":"2 Louse","floor":2,"turns":3},{"damage":0,"enemies":"Small Slimes","floor":3,"turns":3},{"damage":8,"enemies":"Exordium Wildlife","floor":4,"turns":6},{"damage":30,"enemies":"3 Sentries","floor":10,"turns":8},{"damage":0,"enemies":"Red Slaver","floor":11,"turns":3},{"damage":16,"enemies":"Exordium Thugs","floor":12,"turns":6},{"damage":7,"enemies":"Blue Slaver","floor":13,"turns":3},{"damage":39,"enemies":"Slime Boss","floor":16,"turns":12},{"damage":25,"enemies":"Shell Parasite","floor":18,"turns":6},{"damage":28,"enemies":"conspire:FuzzyDice","floor":20,"turns":7},{"damage":5,"enemies":"conspire:HollyBat","floor":21,"turns":8},{"damage":45,"enemies":"Shelled Parasite and Fungi","floor":25,"turns":10},{"damage":75,"enemies":"Snake Plant","floor":28,"turns":7},{"damage":69,"enemies":"Pondfish","floor":33,"turns":8}],"seed_played":"-8404325293086433459","potions_obtained":[{"floor":1,"key":"Block Potion"},{"floor":2,"key":"SpeedPotion"},{"floor":10,"key":"Fire Potion"},{"floor":12,"key":"ColorlessPotion"},{"floor":21,"key":"BloodPotion"},{"floor":28,"key":"hexamod:EctoCoolerPotion"}],"is_trial":false,"path_per_floor":["M","M","M","M","?","R","$","R","T","E","M","M","M","?","R_BF","B",null,"M","?","M","M","$","R","$","M","T","R","M","T","R","?","R","B"],"character_chosen":"IRONCLAD","items_purchased":["CCEMRelics:TechnogenicHelmet","infinitespire:OneForAll","Limit Break+1"],"campfire_rested":5,"item_purchase_floors":[7,22,22],"current_hp_per_floor":[56,54,60,58,58,58,58,80,80,56,62,52,51,71,71,38,80,61,61,44,48,48,72,72,53,53,77,11,11,35,35,59,0,0],"gold":64,"neow_bonus":"RANDOM_COLORLESS_2","is_daily":false,"chose_seed":false,"campfire_upgraded":1,"win_rate":0.0,"timestamp":1610717891,"path_taken":["M","M","?","M","?","R","$","R","T","E","M","M","?","?","R_BF","BOSS","M","?","M","M","$","R","?","M","T","R","M","?","R","?","R","BOSS"],"items_purchased_type":["Relic","Card","Card"],"build_version":"2020-11-17","purchased_purges":0,"victory":false,"max_hp_per_floor":[80,80,80,80,80,80,80,80,80,80,80,80,80,80,80,80,80,80,80,80,80,80,80,80,80,80,80,80,80,80,80,80,80,80],"card_choices":[{"not_picked":["Metamorphosis","Thinking Ahead"],"picked":"Panache","floor":0},{"not_picked":["True Grit","Dark Embrace"],"picked":"Run Through","floor":1},{"not_picked":["Body Slam","Searing Blow"],"picked":"ReplayTheSpireMod:Strike From Hell","floor":2},{"not_picked":["Body Slam","Massacre"],"picked":"Flex","floor":3},{"not_picked":["hubris:StunningStrike","Headbutt"],"picked":"Heavy Blade","floor":4},{"not_picked":["Bludgeon","Clash"],"picked":"Shrug It Off+1","floor":10},{"not_picked":["Heavy Blade","Perfected Strike","Body Slam"],"picked":"SKIP","floor":11},{"not_picked":["Twin Strike","Clothesline"],"picked":"Barricade","floor":12},{"not_picked":["Power Through+1","Wild Strike"],"picked":"Thunderclap","floor":13},{"not_picked":["Brutality","Offering+1"],"picked":"Reaper","floor":16},{"not_picked":["Iron Wave","Flex+1"],"picked":"Seeing Red+1","floor":18},{"not_picked":["Perfected Strike","ReplayTheSpireMod:Corrosion Curse+1","Second Wind+1"],"picked":"SKIP","floor":20},{"not_picked":["Perfected Strike","ReplayTheSpireMod:Corrosion Curse+1","Second Wind+1"],"picked":"SKIP","floor":20},{"not_picked":["Run Through","Thunderclap"],"picked":"Warcry+1","floor":21},{"not_picked":["ReplayTheSpireMod:Stacked+1","Wild Strike"],"picked":"Run Through","floor":25},{"not_picked":["Replay:Undeath\u0027s Touch","Wild Strike"],"picked":"ReplayTheSpireMod:Limb From Limb","floor":28}],"player_experience":34925,"relics_obtained":[{"floor":9,"key":"CCEMRelics:JestersCrown"},{"floor":10,"key":"Toxic Egg 2"},{"floor":26,"key":"White Beast Statue"},{"floor":29,"key":"War Paint"}],"event_choices":[{"damage_healed":0,"gold_gain":100,"player_choice":"Pray","damage_taken":0,"max_hp_gain":0,"max_hp_loss":0,"event_name":"Golden Shrine","floor":5,"gold_loss":0},{"damage_healed":20,"gold_gain":0,"player_choice":"Healed","damage_taken":0,"max_hp_gain":0,"max_hp_loss":0,"event_name":"The Cleric","floor":14,"gold_loss":35},{"damage_healed":0,"gold_gain":0,"player_choice":"Ignored","damage_taken":0,"max_hp_gain":0,"max_hp_loss":0,"event_name":"betterNote:BetterNote","floor":19,"gold_loss":0,"cards_obtained":["Slimebound:SplitLeeching"]},{"damage_healed":0,"gold_gain":0,"player_choice":"Cursed","damage_taken":0,"max_hp_gain":0,"max_hp_loss":0,"event_name":"Wheel of Change","floor":31,"gold_loss":0,"cards_obtained":["Decay"]}],"is_beta":true,"boss_relics":[{"not_picked":["Ooze Armor","Cursed Key"],"picked":"Astrolabe"}],"items_purged_floors":[],"is_endless":false,"potions_floor_spawned":[1,2,10,12,21,28],"killed_by":"Pondfish","ascension_level":0}}