{"host":"ibckqdmmf9y74ymf","time":1610738189,"event":{"mods":["2.2 Compatiblity","BaseMod","Curses Come First","Minty Spire (QoL Compilation)","Quick Restart","Rare Cards Sparkle","StSLib"],"gold_per_floor":[113,128,203,214,226,226,255,266,266,294,311,326,326,3,3,77,77,96,110,127,140,140,140],"floor_reached":22,"language":"ENG","playtime":1137,"items_purged":[],"score":404,"play_id":"ff88d527-b7b3-40c3-b570-252cf50f105f","local_time":"20210115201629","is_ascension_mode":true,"campfire_choices":[{"data":"Conclude","floor":6.0,"key":"SMITH"},{"data":"Wallop","floor":13,"key":"SMITH"},{"data":"Meditate","floor":15,"key":"SMITH"}],"circlet_count":0,"master_deck":["AscendersBane","Strike_P","Strike_P","Strike_P","Strike_P","Defend_P","Defend_P","Defend_P","Defend_P","Eruption","Vigilance","Conclude+1","Protect","SashWhip","ClearTheMind","Tantrum","Wallop+1","Meditate+1","Wallop+1","Blasphemy","Pray+1"],"relics":["Snecko Eye","White Beast Statue","Gremlin Horn","Art of War","Toy Ornithopter","DollysMirror","Busted Crown"],"acts_visited":["Exordium","TheCity"],"potions_floor_usage":[11,18,19,21],"damage_taken":[{"damage":7.0,"enemies":"Small Slimes","floor":1.0,"turns":4.0},{"damage":0.0,"enemies":"2 Louse","floor":2.0,"turns":1.0},{"damage":0.0,"enemies":"Cultist","floor":4.0,"turns":2.0},{"damage":0.0,"enemies":"Lots of Slimes","floor":5.0,"turns":1.0},{"damage":10,"enemies":"Lagavulin","floor":7,"turns":3},{"damage":0,"enemies":"2 Fungi Beasts","floor":8,"turns":3},{"damage":3,"enemies":"Gremlin Nob","floor":10,"turns":3},{"damage":0,"enemies":"Large Slime","floor":11,"turns":3},{"damage":0,"enemies":"Gremlin Gang","floor":12,"turns":1},{"damage":19,"enemies":"Hexaghost","floor":16,"turns":5},{"damage":36,"enemies":"3 Byrds","floor":18,"turns":6},{"damage":7,"enemies":"Shell Parasite","floor":19,"turns":3},{"damage":15,"enemies":"Centurion and Healer","floor":20,"turns":4},{"damage":0,"enemies":"Cultist and Chosen","floor":21,"turns":3}],"seed_played":"1760836624520720930","potions_obtained":[{"floor":2.0,"key":"Dexterity Potion"},{"floor":5.0,"key":"DistilledChaos"},{"floor":8,"key":"DistilledChaos"},{"floor":11,"key":"Dexterity Potion"},{"floor":18,"key":"StancePotion"},{"floor":19,"key":"Energy Potion"},{"floor":21,"key":"Dexterity Potion"}],"is_trial":false,"path_per_floor":["M","M","?","M","M","R","E","M","T","E","M","M","R","$","R","B",null,"M","M","M","M","?"],"character_chosen":"WATCHER","items_purchased":["Toy Ornithopter","DollysMirror"],"campfire_rested":0,"item_purchase_floors":[14,14],"current_hp_per_floor":[54,54,43,43,43,43,33,33,33,30,30,30,30,30,30,11,54,23,21,6,11,0,0],"gold":140,"neow_bonus":"BOSS_RELIC","is_daily":false,"chose_seed":false,"campfire_upgraded":3,"win_rate":0.0,"timestamp":1610738189,"path_taken":["M","M","?","M","M","R","E","M","T","E","M","M","R","$","R","BOSS","M","M","M","M","?"],"items_purchased_type":["Relic","Relic"],"build_version":"2020-12-22","purchased_purges":0,"victory":false,"max_hp_per_floor":[68,68,68,68,68,68,68,68,68,68,68,68,68,68,68,68,68,68,68,68,68,73,73],"card_choices":[{"not_picked":["EmptyBody","CutThroughFate"],"picked":"Conclude","floor":1.0},{"not_picked":["BowlingBash","CarveReality"],"picked":"Protect","floor":2.0},{"not_picked":["FollowUp","Establishment"],"picked":"SashWhip","floor":4.0},{"not_picked":["EmptyFist","Prostrate"],"picked":"ClearTheMind","floor":5.0},{"not_picked":["Protect","FlyingSleeves"],"picked":"Tantrum","floor":7},{"not_picked":["CrushJoints","Halt"],"picked":"Wallop","floor":8},{"not_picked":["Halt","Consecrate","Fasting2"],"picked":"SKIP","floor":10},{"not_picked":["Conclude","PathToVictory","ConjureBlade"],"picked":"SKIP","floor":11},{"not_picked":["CutThroughFate","FollowUp"],"picked":"Meditate","floor":12},{"not_picked":["Alpha","ConjureBlade"],"picked":"Blasphemy","floor":16},{"not_picked":["Protect"],"picked":"SKIP","floor":18},{"not_picked":["ClearTheMind+1"],"picked":"SKIP","floor":19},{"not_picked":[],"picked":"Pray+1","floor":20},{"not_picked":["SashWhip"],"picked":"SKIP","floor":21}],"player_experience":911698,"relics_obtained":[{"floor":7,"key":"White Beast Statue"},{"floor":9,"key":"Gremlin Horn"},{"floor":10,"key":"Art of War"}],"event_choices":[{"damage_healed":0.0,"max_hp_gain":0.0,"max_hp_loss":0.0,"gold_gain":75.0,"event_name":"World of Goop","player_choice":"Gather Gold","floor":3.0,"gold_loss":0.0,"damage_taken":11.0},{"damage_healed":0,"gold_gain":0,"player_choice":"Shed Blood","damage_taken":24,"max_hp_gain":5,"max_hp_loss":0,"event_name":"Forgotten Altar","floor":22,"gold_loss":0}],"is_beta":false,"boss_relics":[{"not_picked":["Empty Cage","Velvet Choker"],"picked":"Busted Crown"}],"items_purged_floors":[],"is_endless":false,"potions_floor_spawned":[2,5,8,10,11,12,16,18,19,20,21],"ascension_level":20}}