{"host":"8pjvbxl6xo882v42","time":1610731989,"event":{"mods":["AchievementEnabler","BaseMod","Minty Spire (QoL Compilation)","Replay The Spire","StSLib","The Cursed"],"gold_per_floor":[112,60,60,76,1,1,30,30,30,44,62,90,90,90,90,162,162,176,91,105,30,30,30,61,61,61,87,26,26,38,55,55,55,55],"floor_reached":33,"language":"FRA","playtime":1328,"items_purged":["Strike_R"],"score":732,"play_id":"af85a517-1437-4932-9ebf-68fc1fb1ce6e","local_time":"20210115183309","is_ascension_mode":true,"campfire_choices":[{"data":"Bash","floor":6.0,"key":"SMITH"},{"data":"Pommel Strike","floor":13.0,"key":"SMITH"},{"data":"Flex","floor":15.0,"key":"SMITH"},{"data":"Seeing Red","floor":23.0,"key":"SMITH"},{"floor":25.0,"key":"REST"},{"floor":29,"key":"REST"},{"data":"Burning Pact","floor":32,"key":"SMITH"}],"circlet_count":0,"master_deck":["AscendersBane","Strike_R","Strike_R","Strike_R","Defend_R","Defend_R","Defend_R","Defend_R","Bash+1","Seeing Red+1","Pommel Strike+1","Flex+1","Anger+1","Bash+1","Sword Boomerang+1","Shockwave","Replay:Undeath\u0027s Touch+1","Exhume","Cleave+1","Seeing Red","Hemogenesis+1","ReplayTheSpireMod:Limb From Limb+1","Inflame","Inflame","Wild Strike+1","Burning Pact+1"],"relics":["Burning Blood","NeowsBlessing","Molten Egg 2","White Beast Statue","Mercury Hourglass","Replay:Bottled Steam","Ring of Chaos","Ornamental Fan","Replay:WaspNest","Mango","Darkstone Periapt"],"acts_visited":["Exordium","TheCity"],"potions_floor_usage":[27,31,33,33],"damage_taken":[{"damage":0.0,"enemies":"Jaw Worm","floor":1.0,"turns":1.0},{"damage":0.0,"enemies":"2 Louse","floor":4.0,"turns":1.0},{"damage":0.0,"enemies":"3 Sentries","floor":7.0,"turns":1.0},{"damage":0.0,"enemies":"Cultist","floor":10.0,"turns":2.0},{"damage":29.0,"enemies":"Exordium Wildlife","floor":11.0,"turns":4.0},{"damage":8.0,"enemies":"Gremlin Nob","floor":12.0,"turns":3.0},{"damage":0.0,"enemies":"Slime Boss","floor":16.0,"turns":6.0},{"damage":26.0,"enemies":"3 Byrds","floor":18.0,"turns":5.0},{"damage":9.0,"enemies":"Spheric Guardian","floor":20.0,"turns":4.0},{"damage":57.0,"enemies":"Slavers","floor":24.0,"turns":6.0},{"damage":22,"enemies":"Book of Stabbing","floor":27,"turns":4},{"damage":9,"enemies":"Snecko","floor":30,"turns":3},{"damage":26,"enemies":"3 Cultists","floor":31,"turns":4},{"damage":52,"enemies":"Automaton","floor":33,"turns":6}],"seed_played":"8085437708529889820","potions_obtained":[{"floor":1.0,"key":"FearPotion"},{"floor":4.0,"key":"SpeedPotion"},{"floor":7.0,"key":"PowerPotion"},{"floor":10.0,"key":"BloodPotion"},{"floor":16.0,"key":"Block Potion"},{"floor":20.0,"key":"GamblersBrew"},{"floor":24.0,"key":"PowerPotion"},{"floor":27,"key":"DuplicationPotion"},{"floor":30,"key":"ColorlessPotion"},{"floor":31,"key":"Block Potion"}],"is_trial":false,"path_per_floor":["M","$","?","M","$","R","E","?","T","M","M","E","R","T","R","B",null,"M","?","M","?","?","R","E","R","T","E","$","R","M","M","R","B"],"character_chosen":"IRONCLAD","items_purchased":["Pommel Strike","Inflame"],"campfire_rested":2,"item_purchase_floors":[2,28],"current_hp_per_floor":[74,74,74,75,75,75,75,75,75,75,52,50,50,50,50,56,70,50,50,47,47,47,47,11,33,47,39,39,65,70,50,50,0,0],"gold":55,"neow_bonus":"THREE_ENEMY_KILL","is_daily":false,"chose_seed":false,"campfire_upgraded":5,"win_rate":0.0,"timestamp":1610731989,"path_taken":["M","$","?","M","$","R","E","?","T","?","M","E","R","?","R","BOSS","M","?","M","?","?","R","E","R","T","E","$","R","?","M","R","BOSS"],"items_purchased_type":["Card","Card"],"build_version":"2020-12-22","purchased_purges":1,"victory":false,"max_hp_per_floor":[75,75,75,75,75,75,75,75,75,75,75,75,75,75,75,75,75,75,75,75,75,75,75,75,75,89,89,89,89,89,89,89,89,89],"card_choices":[{"not_picked":["Defy Death","Iron Wave"],"picked":"Seeing Red","floor":1.0},{"not_picked":["Sword Boomerang","Feel No Pain"],"picked":"Flex","floor":4.0},{"not_picked":["Armaments","Infernal Blade"],"picked":"Anger+1","floor":7.0},{"not_picked":["Abandon","Entrench"],"picked":"Sword Boomerang+1","floor":10.0},{"not_picked":["Headbutt+1","Rupture"],"picked":"Shockwave","floor":11.0},{"not_picked":["Wild Strike+1","Dark Embrace"],"picked":"Replay:Undeath\u0027s Touch+1","floor":12.0},{"not_picked":["Corruption","Demon Form"],"picked":"Exhume","floor":16.0},{"not_picked":["Clash+1","Flex"],"picked":"Cleave+1","floor":18.0},{"not_picked":["True Grit","Havoc"],"picked":"Seeing Red","floor":20.0},{"not_picked":["Armaments","Heavy Blade+1"],"picked":"Hemogenesis+1","floor":24.0},{"not_picked":["Burning Pact","Heavy Blade+1"],"picked":"ReplayTheSpireMod:Limb From Limb+1","floor":27},{"not_picked":["Iron Wave+1","Thunderclap+1"],"picked":"Wild Strike+1","floor":30},{"not_picked":["Fire Breathing","Reckless Charge+1"],"picked":"Burning Pact","floor":31}],"player_experience":337441,"relics_obtained":[{"floor":7.0,"key":"Molten Egg 2"},{"floor":9.0,"key":"White Beast Statue"},{"floor":12.0,"key":"Mercury Hourglass"},{"floor":14.0,"key":"Replay:Bottled Steam"},{"floor":24.0,"key":"Replay:WaspNest"},{"floor":26.0,"key":"Mango"},{"floor":27,"key":"Darkstone Periapt"}],"event_choices":[{"damage_healed":0.0,"max_hp_gain":0.0,"max_hp_loss":0.0,"gold_gain":0.0,"event_name":"The Cleric","player_choice":"Leave","floor":3.0,"gold_loss":0.0,"damage_taken":0.0},{"damage_healed":0.0,"max_hp_gain":0.0,"max_hp_loss":0.0,"gold_gain":0.0,"event_name":"Match and Keep!","player_choice":"1 cards matched","floor":8.0,"gold_loss":0.0,"damage_taken":0.0,"cards_obtained":["Bash"]},{"damage_healed":0.0,"max_hp_gain":0.0,"max_hp_loss":0.0,"gold_gain":0.0,"event_name":"Addict","player_choice":"Obtained Relic","floor":19.0,"gold_loss":85.0,"damage_taken":0.0,"relics_obtained":["Ornamental Fan"]},{"cards_removed":["Strike_R"],"damage_healed":0.0,"max_hp_gain":0.0,"max_hp_loss":0.0,"gold_gain":0.0,"event_name":"Beggar","player_choice":"Gave Gold","floor":21.0,"gold_loss":75.0,"damage_taken":0.0},{"damage_healed":0.0,"max_hp_gain":0.0,"max_hp_loss":0.0,"gold_gain":0.0,"event_name":"Match and Keep!","player_choice":"0 cards matched","floor":22.0,"gold_loss":0.0,"damage_taken":0.0,"cards_obtained":[]}],"is_beta":false,"boss_relics":[{"not_picked":["Snecko Heart","Replay:Bronze Core"],"picked":"Ring of Chaos"}],"items_purged_floors":[5],"is_endless":false,"potions_floor_spawned":[1,4,7,10,11,12,16,18,20,24,27,30,31],"killed_by":"Automaton","ascension_level":20}}