{"host":"kdt6w7ix8lwe69i9","time":1610725333,"event":{"mods":["100% Spire Juice","Bartender","BaseMod","ChefMod","Downfall","Evolution","Fiend Mod","Jorbs\u0027s Wanderer Trilogy","Minty Spire (QoL Compilation)","Reimu（博丽灵梦）","Robot Space Explorer","Shade Mod","StSLib","The Caster","The Cursed","The Disciple","The Dragon Tamer","The Druid","The Fake Hero","The Forsaken","The Gatherer","The Marked","TheBandit","TheSwordswoman"],"gold_per_floor":[515,532,552,552,552,552,552],"floor_reached":6,"language":"ENG","playtime":222,"items_purged":[],"score":61,"play_id":"e62ebb9b-3fac-4aad-b60a-0fa98da7e347","local_time":"20210115104213","is_ascension_mode":false,"campfire_choices":[],"circlet_count":0,"master_deck":["luka_mod:EarthSlash","luka_mod:EarthSlash","luka_mod:EarthSlash","luka_mod:EarthSlash","luka_mod:StrikeLukaFive","luka_mod:StrikeLukaSix","luka_mod:Salt","luka_mod:Guard","luka_mod:Wait+1","luka_mod:Edging","luka_mod:FlailWildly","luka_mod:Meditation","luka_mod:TouchFluffyTail","luka_mod:BladeOfHowlingWind+1","luka_mod:Struggle"],"relics":["luka_mod:KeepsakeRing","EVO:Axolotl","NeowsBlessing"],"acts_visited":["Exordium"],"potions_floor_usage":[],"damage_taken":[{"damage":0,"enemies":"Jaw Worm","floor":1,"turns":1},{"damage":0,"enemies":"Small Slimes","floor":2,"turns":1},{"damage":0,"enemies":"Cultist","floor":3,"turns":1},{"damage":26,"enemies":"Gremlin Nob","floor":6,"turns":4}],"seed_played":"6746701295572751531","potions_obtained":[],"is_trial":false,"path_per_floor":["M","M","M","?","?","E"],"character_chosen":"LUKA_CLASS","items_purchased":[],"campfire_rested":0,"item_purchase_floors":[],"current_hp_per_floor":[40,40,40,32,32,6,6],"gold":552,"neow_bonus":"THREE_ENEMY_KILL","is_daily":false,"chose_seed":false,"campfire_upgraded":0,"win_rate":0.0,"timestamp":1610725333,"path_taken":["M","M","M","?","?","E"],"items_purchased_type":[],"build_version":"2020-12-22","purchased_purges":0,"victory":false,"max_hp_per_floor":[40,40,40,40,40,40,40],"card_choices":[{"not_picked":["luka_mod:WindSlash","luka_mod:EarthSlash"],"picked":"luka_mod:TouchFluffyTail","floor":1},{"not_picked":["luka_mod:StressRelief","luka_mod:GuardTraining"],"picked":"luka_mod:BladeOfHowlingWind","floor":2},{"not_picked":["luka_mod:DeathSwordChaosStar","luka_mod:BegIlias"],"picked":"luka_mod:Struggle","floor":3}],"player_experience":1826622,"relics_obtained":[],"event_choices":[{"damage_healed":0,"gold_gain":0,"player_choice":"Entered Light","damage_taken":8,"max_hp_gain":0,"max_hp_loss":0,"event_name":"Shining Light","floor":4,"gold_loss":0,"cards_upgraded":["luka_mod:Wait","luka_mod:BladeOfHowlingWind"]},{"cards_removed":["luka_mod:Surrender"],"damage_healed":0,"gold_gain":0,"player_choice":"Forget","damage_taken":0,"max_hp_gain":0,"max_hp_loss":0,"event_name":"Living Wall","floor":5,"gold_loss":0}],"is_beta":false,"boss_relics":[],"items_purged_floors":[],"is_endless":false,"potions_floor_spawned":[],"killed_by":"Gremlin Nob","ascension_level":0}}