{"host":"lww1aq5xm6g9guev","time":1610720745,"event":{"mods":["Act Like it!","BaseMod","Conspire","Minty Spire (QoL Compilation)","Rare Cards Sparkle","Replay The Spire","StSLib","The Hayseed","vexMod"],"gold_per_floor":[112,124,124,199,217,252,252,270,348,362,372,372,41,57,57,154,154,174,187,187,204,216,247,29,0,23,23,49,149,89,37,37,142,142,157,157,253,57,357,371,371,37,113,57,76,91,67,67,67,67,67,67,67,97,97,97],"floor_reached":55,"language":"ZHS","playtime":2855,"items_purged":["TheSimpletonMod:Haymaker","TheSimpletonMod:Fertilaser","Sickly"],"score":730,"play_id":"636b006e-82f3-42ec-b7c0-e0ee2f6a4c24","local_time":"20210115222545","is_ascension_mode":false,"campfire_choices":[{"data":"TheSimpletonMod:CropRotation","floor":7,"key":"SMITH"},{"data":"TheSimpletonMod:ReapAndSow","floor":12,"key":"SMITH"},{"floor":15,"key":"REST"},{"data":"TheSimpletonMod:Spinach","floor":27,"key":"SMITH"},{"floor":32,"key":"RECALL"},{"data":"TheSimpletonMod:Pruning","floor":41,"key":"SMITH"},{"data":"TheSimpletonMod:HitTheSack","floor":52,"key":"SMITH"}],"circlet_count":0,"master_deck":["TheSimpletonMod:Strike_TheSimpleton","TheSimpletonMod:Defend_TheSimpleton","TheSimpletonMod:Defend_TheSimpleton","TheSimpletonMod:Defend_TheSimpleton","TheSimpletonMod:ReapAndSow+1","TheSimpletonMod:OnionBloom","TheSimpletonMod:Sunchoke","TheSimpletonMod:Pruning+1","TheSimpletonMod:HitTheSack+1","TheSimpletonMod:Spinach+1","TheSimpletonMod:Sunseed","TheSimpletonMod:RootDown","TheSimpletonMod:Swelter+1","Finesse","TheSimpletonMod:GoToMarket+1","TheSimpletonMod:Sunseed","Purity+1","TheSimpletonMod:Surplus+1","TheSimpletonMod:ToughenUp+1","TheSimpletonMod:Surplus+1","TheSimpletonMod:Potatoes+1","TheSimpletonMod:Sunseed","TheSimpletonMod:VolatileFumes+1","Dramatic Entrance","TheSimpletonMod:Pruning+1","Madness","Madness","TheSimpletonMod:Rototilling"],"relics":["TheSimpletonMod:SpudOfTheInnocent","TheSimpletonMod:NightSoil","TheSimpletonMod:TheHarvester","NeowsBlessing","Replay:Towering Pillar of Hats","vexMod:BarristanHead","Bottled Flame","Meat on the Bone","Replay:Drink Me","Blue Doll","Juzu Bracelet","Counterbalance","Blue Candle","Astrolabe","Replay:Baseball","Lee\u0027s Waffle","Mummified Hand","conspire:DeflatedDodgeball","ReplayTheSpireMod:CursedCoin","Akabeko"],"acts_visited":["Exordium","TheCity","TheBeyond","TheEnding"],"potions_floor_usage":[6,16,16,23,29,54,55,55],"damage_taken":[{"damage":0,"enemies":"2 Louse","floor":1,"turns":1},{"damage":0,"enemies":"Small Slimes","floor":2,"turns":1},{"damage":0,"enemies":"Cultist","floor":5,"turns":1},{"damage":28,"enemies":"Gremlin Nob","floor":6,"turns":4},{"damage":20,"enemies":"Red Slaver","floor":8,"turns":5},{"damage":11,"enemies":"Exordium Wildlife","floor":10,"turns":3},{"damage":5,"enemies":"Blue Slaver","floor":11,"turns":4},{"damage":1,"enemies":"Looter","floor":14,"turns":3},{"damage":47,"enemies":"Hexaghost","floor":16,"turns":11},{"damage":21,"enemies":"Spheric Guardian","floor":18,"turns":5},{"damage":24,"enemies":"2 Thieves","floor":19,"turns":4},{"damage":12,"enemies":"Shelled Parasite and Fungi","floor":21,"turns":6},{"damage":3,"enemies":"Centurion and Healer","floor":22,"turns":6},{"damage":17,"enemies":"conspire:Head Lice","floor":23,"turns":6},{"damage":0,"enemies":"Book of Stabbing","floor":28,"turns":5},{"damage":0,"enemies":"Colosseum Slavers","floor":29,"turns":5},{"damage":0,"enemies":"Colosseum Nobs","floor":29,"turns":3},{"damage":21,"enemies":"Champ","floor":33,"turns":8},{"damage":7,"enemies":"3 Shapes","floor":35,"turns":5},{"damage":0,"enemies":"Orb Walker","floor":40,"turns":5},{"damage":0,"enemies":"Transient","floor":45,"turns":5},{"damage":0,"enemies":"3 Darklings","floor":46,"turns":4},{"damage":17,"enemies":"Donu and Deca","floor":50,"turns":9},{"damage":63,"enemies":"Shield and Spear","floor":54,"turns":8},{"damage":13,"enemies":"The Heart","floor":55,"turns":2}],"seed_played":"8367955561044173696","potions_obtained":[{"floor":5,"key":"FearPotion"},{"floor":8,"key":"SpeedPotion"},{"floor":11,"key":"Block Potion"},{"floor":22,"key":"ColorlessPotion"},{"floor":23,"key":"Adrenaline Potion"},{"floor":33,"key":"Doom Potion"},{"floor":35,"key":"conspire:TimeTravelPotion"}],"is_trial":false,"path_per_floor":["M","M","?","?","M","E","R","M","T","M","M","R","$","M","R","B",null,"M","M","?","M","M","E","$","?","T","R","E","?","?","$","R","B",null,"M","?","?","$","?","M","R","$","T","$","M","M","$","?","R","B",null,"R","$","E","B"],"character_chosen":"THE_SIMPLETON","items_purchased":["Meat on the Bone","TheSimpletonMod:Swelter+1","Finesse","Purity+1","Lee\u0027s Waffle","SkillPotion","Mummified Hand","TheSimpletonMod:VolatileFumes+1","ReplayTheSpireMod:CursedCoin","Dramatic Entrance","TheSimpletonMod:Pruning+1"],"campfire_rested":1,"item_purchase_floors":[13,24,24,31,38,38,42,42,44,44,47],"current_hp_per_floor":[75,75,72,65,65,41,41,25,25,18,17,17,17,28,50,15,57,36,24,24,24,33,28,28,28,28,28,40,40,40,40,40,31,57,50,50,28,64,64,64,64,64,64,64,64,64,64,56,56,39,64,64,64,34,21,21],"gold":97,"neow_bonus":"THREE_ENEMY_KILL","is_daily":false,"chose_seed":false,"campfire_upgraded":5,"win_rate":0.0,"timestamp":1610720745,"path_taken":["M","M","?","?","?","E","R","M","T","M","M","R","?","M","R","BOSS","M","M","?","M","M","E","$","?","T","R","E","?","?","$","R","BOSS","M","?","?","$","?","M","R","$","T","?","M","M","$","?","R","BOSS","R","$","E","BOSS"],"items_purchased_type":["Relic","Card","Card","Card","Relic","Potion","Relic","Card","Relic","Card","Card"],"build_version":"2020-12-22","purchased_purges":3,"victory":false,"max_hp_per_floor":[75,75,75,75,75,75,75,75,75,75,75,75,75,75,75,75,57,57,57,57,57,57,57,57,57,57,57,57,57,57,57,57,57,57,57,57,57,64,64,64,64,64,64,64,64,64,64,64,64,64,64,64,64,64,64,64],"card_choices":[{"not_picked":["TheSimpletonMod:Swelter","TheSimpletonMod:Aerate"],"picked":"TheSimpletonMod:Fertilaser","floor":1},{"not_picked":["TheSimpletonMod:CloseScrape","TheSimpletonMod:Swelter"],"picked":"TheSimpletonMod:Fertilaser","floor":2},{"not_picked":["TheSimpletonMod:Mulch","TheSimpletonMod:VolatileFumes"],"picked":"TheSimpletonMod:OnionBloom","floor":5},{"not_picked":["TheSimpletonMod:Potatoes","TheSimpletonMod:Pruning"],"picked":"TheSimpletonMod:CropRotation","floor":6},{"not_picked":["TheSimpletonMod:KeenEdge","TheSimpletonMod:CloseScrape"],"picked":"TheSimpletonMod:Sunchoke","floor":8},{"not_picked":["TheSimpletonMod:Swelter","TheSimpletonMod:CullingStrike"],"picked":"TheSimpletonMod:Pruning","floor":10},{"not_picked":["TheSimpletonMod:Fertilaser","TheSimpletonMod:OnionBloom","TheSimpletonMod:Aerate"],"picked":"SKIP","floor":11},{"not_picked":["TheSimpletonMod:Fertilaser","TheSimpletonMod:Sunchoke"],"picked":"TheSimpletonMod:HitTheSack","floor":14},{"not_picked":["TheSimpletonMod:Biorefinement","TheSimpletonMod:ResistantStrain"],"picked":"TheSimpletonMod:Spinach","floor":16},{"not_picked":["TheSimpletonMod:ToughenUp+1","TheSimpletonMod:OnionBloom"],"picked":"TheSimpletonMod:Sunseed","floor":18},{"not_picked":["TheSimpletonMod:Fertilaser","TheSimpletonMod:CullingStrike+1","TheSimpletonMod:Rototilling"],"picked":"SKIP","floor":19},{"not_picked":["TheSimpletonMod:Artichokes","TheSimpletonMod:Thresh+1","TheSimpletonMod:CropRotation"],"picked":"SKIP","floor":21},{"not_picked":["TheSimpletonMod:PestManagement","TheSimpletonMod:Potatoes","TheSimpletonMod:SeedCoat"],"picked":"SKIP","floor":22},{"not_picked":["TheSimpletonMod:Artichokes","TheSimpletonMod:Rake"],"picked":"TheSimpletonMod:RootDown","floor":23},{"not_picked":["TheSimpletonMod:Mulch","TheSimpletonMod:SoilSample"],"picked":"TheSimpletonMod:GoToMarket+1","floor":28},{"not_picked":["TheSimpletonMod:Potatoes","TheSimpletonMod:SlashAndBurn"],"picked":"TheSimpletonMod:Sunseed","floor":29},{"not_picked":["TheSimpletonMod:DoubleBarrel","TheSimpletonMod:ControlledBurn","TheSimpletonMod:SaladShooter"],"picked":"SKIP","floor":35},{"not_picked":["TheSimpletonMod:Aerate+1","TheSimpletonMod:RootDown"],"picked":"TheSimpletonMod:Potatoes+1","floor":37},{"not_picked":["TheSimpletonMod:Potatoes","TheSimpletonMod:VineRipen+1"],"picked":"TheSimpletonMod:Sunseed","floor":40},{"not_picked":["TheSimpletonMod:BumperCrop","TheSimpletonMod:CullingStrike"],"picked":"TheSimpletonMod:DesperatePlunge","floor":45},{"not_picked":["TheSimpletonMod:CullingStrike+1","TheSimpletonMod:Potatoes","TheSimpletonMod:Fertilaser+1"],"picked":"SKIP","floor":46},{"not_picked":["TheSimpletonMod:Rake+1","TheSimpletonMod:SpiceUp","TheSimpletonMod:Germinate+1"],"picked":"SKIP","floor":54}],"player_experience":99626,"relics_obtained":[{"floor":6,"key":"vexMod:BarristanHead"},{"floor":9,"key":"Bottled Flame"},{"floor":23,"key":"Blue Doll"},{"floor":28,"key":"Juzu Bracelet"},{"floor":29,"key":"Counterbalance"},{"floor":29,"key":"Blue Candle"},{"floor":37,"key":"Replay:Baseball"},{"floor":43,"key":"conspire:DeflatedDodgeball"},{"floor":54,"key":"Akabeko"}],"event_choices":[{"damage_healed":0,"gold_gain":0,"player_choice":"Success","damage_taken":3,"relics_obtained":["Replay:Towering Pillar of Hats"],"max_hp_gain":0,"max_hp_loss":0,"event_name":"Scrap Ooze","floor":3,"gold_loss":0},{"damage_healed":0,"gold_gain":75,"player_choice":"Touch","damage_taken":7,"max_hp_gain":0,"max_hp_loss":0,"event_name":"FaceTrader","floor":4,"gold_loss":0},{"damage_healed":0,"gold_gain":0,"player_choice":"Leave","damage_taken":0,"max_hp_gain":0,"max_hp_loss":0,"event_name":"conspire:Investor","floor":20,"gold_loss":0},{"damage_healed":0,"gold_gain":0,"player_choice":"Paid Fearfully","damage_taken":0,"max_hp_gain":0,"max_hp_loss":0,"event_name":"Masked Bandits","floor":25,"gold_loss":29},{"damage_healed":0,"gold_gain":0,"player_choice":"Fight","damage_taken":0,"max_hp_gain":0,"max_hp_loss":0,"event_name":"Colosseum","floor":29,"gold_loss":0},{"damage_healed":0,"gold_gain":0,"player_choice":"Fought Nobs","damage_taken":0,"max_hp_gain":0,"max_hp_loss":0,"event_name":"Colosseum","floor":29,"gold_loss":0},{"damage_healed":0,"gold_gain":0,"player_choice":"Ignored","damage_taken":0,"max_hp_gain":0,"max_hp_loss":0,"event_name":"NoteForYourself","floor":36,"gold_loss":0},{"damage_healed":0,"gold_gain":300,"player_choice":"Gold","damage_taken":0,"max_hp_gain":0,"max_hp_loss":0,"event_name":"Wheel of Change","floor":39,"gold_loss":0},{"damage_healed":0,"gold_gain":0,"player_choice":"Embrace Madness","damage_taken":8,"max_hp_gain":0,"max_hp_loss":0,"event_name":"Winding Halls","floor":48,"gold_loss":0,"cards_obtained":["Madness","Madness"]}],"is_beta":false,"boss_relics":[{"not_picked":["conspire:SeveredTorchhead","Replay:Bronze Core"],"picked":"Replay:Drink Me"},{"not_picked":["Snecko Eye","Black Star"],"picked":"Astrolabe"}],"items_purged_floors":[13,24,44],"is_endless":false,"potions_floor_spawned":[5,8,11,22,23,29,33,35,45,46],"killed_by":"The Heart","ascension_level":0}}