{"host":"15dd7v8o90xso62x","time":1610753693,"event":{"mods":["BaseMod","Minty Spire (QoL Compilation)","Quick Restart","StSLib","SuperFastMode"],"gold_per_floor":[118,129,129,139,151,151,177,177,177,189,200,211,136,164,164,241,241,261,84,101,112,132,132,165,165,165,165,165,175,175,187,187,262,262,274,149,149,161,161,161,193,193,218,251,264,264,264],"floor_reached":46,"language":"KOR","playtime":2302,"items_purged":["Strike_G","Distraction","Glass Knife"],"score":1224,"play_id":"3fcda9d6-662f-418d-8180-5a0414d9a083","local_time":"20210116083453","is_ascension_mode":true,"campfire_choices":[{"data":"A Thousand Cuts","floor":6.0,"key":"SMITH"},{"data":"Cloak And Dagger","floor":8.0,"key":"SMITH"},{"data":"Neutralize","floor":15.0,"key":"SMITH"},{"floor":23.0,"key":"REST"},{"data":"Prepared","floor":25.0,"key":"SMITH"},{"data":"Burst","floor":27.0,"key":"SMITH"},{"data":"Wraith Form v2","floor":30.0,"key":"SMITH"},{"floor":32.0,"key":"REST"},{"data":"Envenom","floor":40.0,"key":"SMITH"},{"floor":42.0,"key":"REST"}],"circlet_count":0,"master_deck":["AscendersBane","Survivor","Neutralize+1","A Thousand Cuts+1","Blade Dance","Blade Dance","Footwork","Cloak And Dagger+1","Blade Dance","Escape Plan","Heel Hook","Cloak And Dagger","Burst+1","Cloak And Dagger","Backstab","Wraith Form v2+1","Doppelganger","Blur","Prepared+1","Envenom+1","Finisher","Well Laid Plans","Accuracy","PiercingWail","Accuracy","Accuracy","Reflex","Calculated Gamble+1","Acrobatics","Madness","Madness","Venomology","Parasite"],"relics":["Ring of the Snake","Pear","Letter Opener","Pantograph","Pandora\u0027s Box","Akabeko","Snake Skull","HoveringKite","Mercury Hourglass","Smiling Mask","Dream Catcher"],"acts_visited":["Exordium","TheCity","TheBeyond"],"potions_floor_usage":[],"damage_taken":[{"damage":0.0,"enemies":"2 Louse","floor":1.0,"turns":4.0},{"damage":3.0,"enemies":"Cultist","floor":2.0,"turns":4.0},{"damage":10.0,"enemies":"Small Slimes","floor":4.0,"turns":2.0},{"damage":1.0,"enemies":"2 Fungi Beasts","floor":5.0,"turns":4.0},{"damage":14.0,"enemies":"3 Sentries","floor":7.0,"turns":6.0},{"damage":17.0,"enemies":"Exordium Wildlife","floor":10.0,"turns":4.0},{"damage":8.0,"enemies":"Large Slime","floor":11.0,"turns":5.0},{"damage":5.0,"enemies":"3 Louse","floor":12.0,"turns":4.0},{"damage":0.0,"enemies":"Lagavulin","floor":14.0,"turns":7.0},{"damage":0.0,"enemies":"Slime Boss","floor":16.0,"turns":5.0},{"damage":3.0,"enemies":"Spheric Guardian","floor":18.0,"turns":5.0},{"damage":0.0,"enemies":"Shell Parasite","floor":20.0,"turns":1.0},{"damage":7.0,"enemies":"Snake Plant","floor":21.0,"turns":5.0},{"damage":33.0,"enemies":"Sentry and Sphere","floor":22.0,"turns":4.0},{"damage":0.0,"enemies":"Gremlin Leader","floor":24.0,"turns":5.0},{"damage":15.0,"enemies":"Shelled Parasite and Fungi","floor":29.0,"turns":2.0},{"damage":6.0,"enemies":"Snake Plant","floor":31.0,"turns":4.0},{"damage":25.0,"enemies":"Collector","floor":33.0,"turns":7.0},{"damage":9.0,"enemies":"3 Shapes","floor":35.0,"turns":7.0},{"damage":4.0,"enemies":"Orb Walker","floor":38.0,"turns":3.0},{"damage":27.0,"enemies":"Giant Head","floor":41.0,"turns":5.0},{"damage":4.0,"enemies":"Reptomancer","floor":44.0,"turns":5.0},{"damage":14.0,"enemies":"Spire Growth","floor":45.0,"turns":3.0},{"damage":20,"enemies":"Writhing Mass","floor":46,"turns":3}],"seed_played":"-8412302352747481619","potions_obtained":[{"floor":2.0,"key":"SkillPotion"},{"floor":10.0,"key":"EssenceOfSteel"},{"floor":11.0,"key":"Fire Potion"},{"floor":16.0,"key":"FearPotion"},{"floor":18.0,"key":"EntropicBrew"},{"floor":21.0,"key":"SpeedPotion"},{"floor":22.0,"key":"Swift Potion"},{"floor":33.0,"key":"CunningPotion"},{"floor":41.0,"key":"Energy Potion"}],"is_trial":false,"path_per_floor":["M","M","?","M","M","R","E","R","T","M","M","M","$","E","R","B",null,"M","$","M","M","M","R","E","R","T","R","?","M","R","M","R","B",null,"M","$","?","M","?","R","E","R","T","E","M","M"],"character_chosen":"THE_SILENT","items_purchased":["Well Laid Plans"],"campfire_rested":3,"item_purchase_floors":[19],"current_hp_per_floor":[59,56,56,46,45,45,41,41,41,24,16,11,11,11,11,36,66,63,63,63,56,23,45,45,45,45,45,45,30,30,24,46,46,69,60,60,60,56,42,42,15,37,37,33,19,0,0],"gold":264,"neow_bonus":"ONE_RANDOM_RARE_CARD","is_daily":false,"chose_seed":false,"campfire_upgraded":7,"win_rate":0.0,"timestamp":1610753693,"path_taken":["M","M","?","M","M","R","E","R","T","M","M","M","$","E","R","BOSS","M","$","M","M","M","R","E","R","T","R","?","M","R","?","R","BOSS","M","$","?","M","?","R","E","R","T","E","M","?"],"items_purchased_type":["Card"],"build_version":"2020-12-22","purchased_purges":3,"victory":false,"max_hp_per_floor":[66,66,66,66,66,66,76,76,76,76,76,76,76,76,76,76,76,76,76,76,76,76,76,76,76,76,76,76,76,76,76,76,76,76,76,76,76,76,76,76,76,76,76,76,76,76,76],"card_choices":[{"not_picked":["Deadly Poison","Dodge and Roll"],"picked":"Blade Dance","floor":1.0},{"not_picked":["Backflip","Infinite Blades"],"picked":"Blade Dance","floor":2.0},{"not_picked":["Escape Plan","Predator"],"picked":"Footwork","floor":4.0},{"not_picked":["Quick Slash","Malaise"],"picked":"Cloak And Dagger","floor":5.0},{"not_picked":["Infinite Blades","Dagger Throw"],"picked":"Blade Dance","floor":7.0},{"not_picked":["Blade Dance","Night Terror"],"picked":"Escape Plan","floor":10.0},{"not_picked":["Poisoned Stab","Deflect"],"picked":"Heel Hook","floor":11.0},{"not_picked":["Dash","Prepared"],"picked":"Cloak And Dagger","floor":12.0},{"not_picked":["Deflect","Deadly Poison","Bane"],"picked":"SKIP","floor":14.0},{"not_picked":["Doppelganger","Unload"],"picked":"Burst","floor":16.0},{"not_picked":["Deadly Poison","Slice+1"],"picked":"Finisher","floor":18.0},{"not_picked":["Backstab+1","Underhanded Strike"],"picked":"Accuracy","floor":20.0},{"not_picked":["Riddle With Holes","Bane","Eviscerate"],"picked":"SKIP","floor":21.0},{"not_picked":["Underhanded Strike+1","Dodge and Roll"],"picked":"PiercingWail","floor":22.0},{"not_picked":["Die Die Die","Blade Dance"],"picked":"Accuracy","floor":24.0},{"not_picked":["Slice","Dodge and Roll"],"picked":"Reflex","floor":29.0},{"not_picked":["Sucker Punch","Dagger Spray"],"picked":"Calculated Gamble+1","floor":31.0},{"not_picked":["Leg Sweep","Poisoned Stab+1"],"picked":"Acrobatics","floor":35.0},{"not_picked":["Skewer+1","Outmaneuver","Deadly Poison"],"picked":"SKIP","floor":38.0},{"not_picked":["Dodge and Roll","Masterful Stab"],"picked":"Venomology","floor":41.0},{"not_picked":["Predator","Caltrops","Leg Sweep"],"picked":"SKIP","floor":44.0},{"not_picked":["Underhanded Strike","Dagger Spray+1","PiercingWail"],"picked":"SKIP","floor":45.0}],"player_experience":1037334,"relics_obtained":[{"floor":7.0,"key":"Pear"},{"floor":9.0,"key":"Letter Opener"},{"floor":14.0,"key":"Pantograph"},{"floor":24.0,"key":"Akabeko"},{"floor":26.0,"key":"Snake Skull"},{"floor":41.0,"key":"Mercury Hourglass"},{"floor":43.0,"key":"Smiling Mask"},{"floor":44.0,"key":"Dream Catcher"}],"event_choices":[{"damage_healed":0.0,"max_hp_gain":0.0,"max_hp_loss":0.0,"gold_gain":0.0,"event_name":"Liars Game","player_choice":"Ignored","floor":3.0,"gold_loss":0.0,"damage_taken":0.0},{"damage_healed":0.0,"max_hp_gain":0.0,"max_hp_loss":0.0,"gold_gain":0.0,"event_name":"Duplicator","player_choice":"Copied","floor":28.0,"gold_loss":0.0,"damage_taken":0.0,"cards_obtained":["Accuracy"]},{"damage_healed":0.0,"max_hp_gain":0.0,"max_hp_loss":0.0,"gold_gain":0.0,"event_name":"Tomb of Lord Red Mask","player_choice":"Ignored","floor":37.0,"gold_loss":0.0,"damage_taken":0.0},{"damage_healed":0.0,"max_hp_gain":0.0,"max_hp_loss":0.0,"gold_gain":0.0,"event_name":"Winding Halls","player_choice":"Embrace Madness","floor":39.0,"gold_loss":0.0,"damage_taken":14.0,"cards_obtained":["Madness","Madness"]}],"is_beta":false,"boss_relics":[{"not_picked":["Empty Cage","Coffee Dripper"],"picked":"Pandora\u0027s Box"},{"not_picked":["Tiny House","SacredBark"],"picked":"HoveringKite"}],"items_purged_floors":[13,19,36],"is_endless":false,"potions_floor_spawned":[2,10,11,16,18,21,22,33,41],"killed_by":"Writhing Mass","ascension_level":20}}