{"host":"5dk97cf2ubw2v967","time":1610676276,"event":{"mods":["BaseMod","Better Altar","Better Vampires","Block Reminder","Colored Powertips","Downfall","Googly Eyes","Highlight Path","Minty Spire (QoL Compilation)","Permanent Neow","Potion Indicator Mod","Quick Restart","Relic Filter","Relic Stats","Say the Spire","Spicy Shops","StSLib","Waifu the Spire","everything is the same but u backflip on backflip"],"gold_per_floor":[113,113,38,61,86,86,130,130,155,189,339,364,364,384,384,384,384],"floor_reached":16,"language":"ENG","playtime":557,"items_purged":["Defend_G"],"score":220,"play_id":"a3208f7a-2ee6-44f8-9f62-20d20ce30046","local_time":"20210115020436","is_ascension_mode":true,"campfire_choices":[{"data":"Riddle With Holes","floor":6,"key":"SMITH"},{"floor":8,"key":"REST"},{"floor":15,"key":"REST"}],"circlet_count":0,"master_deck":["AscendersBane","Strike_G","Strike_G","Strike_G","Strike_G","Strike_G","Defend_G","Defend_G","Defend_G","Defend_G","Survivor","Neutralize","Riddle With Holes+1","Slice","Dash","Distraction","Footwork","All Out Attack"],"relics":["Sozu","Golden Idol","Ancient Tea Set","Akabeko","Matryoshka"],"acts_visited":["Exordium"],"potions_floor_usage":[],"damage_taken":[{"damage":0,"enemies":"Jaw Worm","floor":1,"turns":5},{"damage":0,"enemies":"Small Slimes","floor":4,"turns":2},{"damage":0,"enemies":"2 Louse","floor":5,"turns":2},{"damage":42,"enemies":"Gremlin Nob","floor":7,"turns":5},{"damage":25,"enemies":"Lagavulin","floor":10,"turns":6},{"damage":7,"enemies":"Lots of Slimes","floor":12,"turns":5},{"damage":0,"enemies":"Large Slime","floor":14,"turns":3},{"damage":18,"enemies":"The Guardian","floor":16,"turns":13}],"seed_played":"7297061119425315249","potions_obtained":[],"is_trial":false,"path_per_floor":["M","?","$","M","M","R","E","R","T","E","?","M","?","M","R","B"],"character_chosen":"THE_SILENT","items_purchased":[],"campfire_rested":2,"item_purchase_floors":[],"current_hp_per_floor":[59,59,59,59,59,59,17,35,35,10,10,3,3,3,21,3,3],"gold":384,"neow_bonus":"BOSS_RELIC","is_daily":false,"chose_seed":false,"campfire_upgraded":1,"win_rate":0.0,"timestamp":1610676276,"path_taken":["M","?","$","M","M","R","E","R","T","E","?","M","?","M","R","BOSS"],"items_purchased_type":[],"build_version":"2020-12-22","purchased_purges":1,"victory":false,"max_hp_per_floor":[66,60,60,60,60,60,60,60,60,60,60,60,60,60,60,60,60],"relic_stats":{"Sozu":3,"counters":[8,41],"Golden Idol":35,"obtain_stats":[{"Sozu":0,"Matryoshka":10,"Golden Idol":2,"Ancient Tea Set":7,"Akabeko":9,"Ring of the Snake":0},{"Sozu":0,"Matryoshka":5,"Golden Idol":1,"Ancient Tea Set":4,"Akabeko":4,"Ring of the Snake":0},{"Sozu":0,"Matryoshka":20,"Golden Idol":5,"Ancient Tea Set":14,"Akabeko":14,"Ring of the Snake":0}]},"card_choices":[{"not_picked":["Flechettes","Blur"],"picked":"Riddle With Holes","floor":1},{"not_picked":["Flying Knee","Noxious Fumes"],"picked":"Slice","floor":4},{"not_picked":["Acrobatics","Poisoned Stab"],"picked":"Dash","floor":5},{"not_picked":["Expertise","Flechettes"],"picked":"Distraction","floor":7},{"not_picked":["Blur","PiercingWail"],"picked":"Footwork","floor":10},{"not_picked":["Poisoned Stab","Caltrops","Bouncing Flask"],"picked":"SKIP","floor":12},{"not_picked":["Deflect","Noxious Fumes"],"picked":"All Out Attack","floor":14}],"player_experience":1161131,"relics_obtained":[{"floor":7,"key":"Ancient Tea Set"},{"floor":9,"key":"Akabeko"},{"floor":10,"key":"Matryoshka"}],"event_choices":[{"damage_healed":0,"gold_gain":0,"player_choice":"Lose Max HP","damage_taken":0,"relics_obtained":["Golden Idol"],"max_hp_gain":0,"max_hp_loss":6,"event_name":"Golden Idol","floor":2,"gold_loss":0},{"damage_healed":0,"gold_gain":150,"player_choice":"AGREE","damage_taken":0,"max_hp_gain":0,"max_hp_loss":0,"event_name":"Liars Game","floor":11,"gold_loss":0,"cards_obtained":["Doubt"]},{"cards_removed":["Doubt"],"damage_healed":0,"gold_gain":0,"player_choice":"Removed Curses","damage_taken":0,"max_hp_gain":0,"max_hp_loss":0,"event_name":"Fountain of Cleansing","floor":13,"gold_loss":0}],"is_beta":false,"boss_relics":[],"items_purged_floors":[3],"is_endless":false,"potions_floor_spawned":[1,7,10],"killed_by":"The Guardian","ascension_level":20}}