{"host":"g1wmg2w41xhsnw8g","time":1610680489,"event":{"mods":["2.2 Compatiblity","Act Like it!","BaseMod","Better Altar","Better Match","Better Note","Better Sensory Stone","Better Skull","Better Third Choice","BetterRewards","Booster Modes","CapriCore","Colored Map","Colored Powertips","Defuse TimeMaze Blight","Displayed Cursed Tome","Evolution","Fox Events","Friendly Minions","GifTheSpireLib","Good Game Mod","Googly Eyes","Hubris","Infinite Spire","Minty Spire (QoL Compilation)","Red Circlet Mod","Relic Sorter","SCP261 Mod","Shop Mod","Spicy Shops","StSLib","The Cursed","The Dragon Tamer","The Sage","Transform Curses","Wandering Minibosses","????"],"gold_per_floor":[112,112,0,0,19,48,48,48,98,112,138,148,44,48,48,153,153,172,172,250,267,267,294,26,46,46,46,46,121,131,146,47,145,145,155,155,200,216,286,363,425,459,459,477,487,5,9,34,34,34],"floor_reached":51,"language":"ENG","playtime":4232,"items_purged":[],"score":1184,"play_id":"047f695b-ce3a-4652-9f5f-30dd3d1ca45f","local_time":"20210114221449","is_ascension_mode":true,"metric_token":2387,"campfire_choices":[{"data":"Enlightenment","floor":7,"key":"SMITH"},{"data":"DTMod:CrossStep","floor":15,"key":"SMITH"},{"data":"DTMod:ComboAttack","floor":28,"key":"SMITH"},{"data":"hubris:DuctTapeCard","floor":49,"key":"SMITH"}],"dtmod_dragon_data":[50,50,3,3,6,7],"circlet_count":0,"master_deck":["DTMod:Strike","DTMod:Strike","DTMod:Strike","DTMod:DoubleHit","DTMod:TargetDefense","DTMod:TargetDefense","DTMod:TargetDefense","DTMod:SwitchingTactic","DTMod:CrossStep+1","DTMod:Training","DTMod:BlueScale","DTMod:ComboAttack+1","Double Tap","DTMod:Threaten","hubris:Fate","Enlightenment+1","DTMod:HeadStart","DTMod:MagicField","DTMod:ShadowImage","DTMod:CleansingStrike+1","DTMod:Harmonize","Corpse Explosion+1","DTMod:TagTeam","DTMod:LightShield","DTMod:Shift+1","DTMod:Adaptation","DTMod:HeatWave","wanderingMiniBosses:FinaleOfPromise","DTMod:QuickFly+1","DTMod:MasterPlan","DTMod:BreakAttack","DTMod:PurifyingFlame+1","Parasite","hubris:DuctTapeCard+2"],"relics":["DTMod:MagicStone","REME:ComplimentaryCards","EVO:Axolotl","MerchantsRug","Mummified Hand","Akabeko","Oddly Smooth Stone","Ornamental Fan","The Courier","hubris:ToyBattleship","Membership Card","DTMod:DragonFood","Blood Vial","hubris:MobiusCoin","Vajra","Bottled Flame","DTMod:TacticalNote","infinitespire:Bottled Soul","Coffee Dripper","Torii","wanderingMiniBosses:Blackblade","PreservedInsect","hubris:GlazedTorus","Letter Opener","DTMod:BasicTextbook","Orichalcum","infinitespire:Midas Blood","hubris:DuctTape","StrikeDummy","infinitespire:Beetle Shell","Happy Flower","Darkstone Periapt","Question Card","Boot"],"acts_visited":["Exordium","TheCity","TheBeyond"],"potions_floor_usage":[11,11,16,23,31,42,44,46],"damage_taken":[{"damage":0,"enemies":"Jaw Worm","floor":1,"turns":4},{"damage":0,"enemies":"Cultist","floor":5,"turns":3},{"damage":5,"enemies":"Gremlin Nob","floor":6,"turns":3},{"damage":0,"enemies":"2 Louse","floor":10,"turns":2},{"damage":0,"enemies":"3 Sentries","floor":11,"turns":7},{"damage":1,"enemies":"Gremlin Gang","floor":12,"turns":5},{"damage":0,"enemies":"Looter","floor":14,"turns":2},{"damage":0,"enemies":"The Guardian","floor":16,"turns":2},{"damage":0,"enemies":"3 Byrds","floor":18,"turns":5},{"damage":1,"enemies":"Chosen","floor":21,"turns":4},{"damage":0,"enemies":"Book of Stabbing","floor":23,"turns":4},{"damage":0,"enemies":"Snecko","floor":25,"turns":2},{"damage":0,"enemies":"Slavers","floor":29,"turns":4},{"damage":0,"enemies":"Snake Plant","floor":30,"turns":6},{"damage":0,"enemies":"Shelled Parasite and Fungi","floor":31,"turns":5},{"damage":56,"enemies":"Collector","floor":33,"turns":6},{"damage":25,"enemies":"3 Shapes","floor":35,"turns":6},{"damage":0,"enemies":"2 Orb Walkers","floor":37,"turns":3},{"damage":0,"enemies":"3 Darklings","floor":38,"turns":4},{"damage":0,"enemies":"4 Shapes","floor":39,"turns":4},{"damage":35,"enemies":"Reptomancer","floor":40,"turns":8},{"damage":6,"enemies":"Transient","floor":41,"turns":5},{"damage":0,"enemies":"Giant Head","floor":42,"turns":1},{"damage":0,"enemies":"Writhing Mass","floor":44,"turns":6},{"damage":0,"enemies":"Sphere and 2 Shapes","floor":45,"turns":4},{"damage":0,"enemies":"Reptomancer","floor":48,"turns":2},{"damage":0,"enemies":"infinitespire:MassOfShapes","floor":50,"turns":7}],"seed_played":"-6539645045976498134","potions_obtained":[{"floor":6,"key":"SCP261:BarrettColaPotion"},{"floor":14,"key":"SCP261:SweetSwarmPotion"},{"floor":18,"key":"Explosive Potion"},{"floor":23,"key":"SneckoOil"},{"floor":30,"key":"Energy Potion"},{"floor":35,"key":"sagemod:Wine"},{"floor":38,"key":"SpeedPotion"},{"floor":41,"key":"SCP261:GirlTearsPotion"},{"floor":42,"key":"SCP261:BlastolaColaPotion"},{"floor":45,"key":"LiquidBronze"}],"is_trial":false,"path_per_floor":["M","?","?","$","M","E","R","?","T","M","E","M","$","M","R","B",null,"M","?","T","M","?","E","R","M","T","T","R","E","M","M","R","B",null,"M","?","?","M","M","E","M","E","T","M","M","$","?","E","R","B",null],"character_chosen":"THE_DT","items_purchased":["MerchantsRug","Pear","DTMod:CrossStep","DTMod:Training","Energy Potion","Ornamental Fan","Membership Card","DTMod:DragonFood","Blood Vial","hubris:MobiusCoin","infinitespire:Bottled Soul","DTMod:BasicTextbook","Orichalcum","SCP261:BarrettColaPotion","Swift Potion","AttackPotion","LiquidBronze","infinitespire:Midas Blood","hubris:DuctTape","StrikeDummy","infinitespire:Beetle Shell","Happy Flower","Darkstone Periapt","Question Card"],"campfire_rested":0,"item_purchase_floors":[0,0,0,0,0,13,24,24,24,24,32,46,46,46,46,46,46,46,46,46,46,46,46,46],"current_hp_per_floor":[55,42,48,48,48,43,43,43,43,43,43,42,42,42,42,42,61,61,61,61,60,60,61,61,61,61,61,61,61,61,61,61,5,61,36,36,45,61,61,26,29,53,53,61,61,61,51,60,60,61],"gold":34,"neow_bonus":"","is_daily":false,"chose_seed":false,"campfire_upgraded":4,"win_rate":0.0,"timestamp":1610680489,"path_taken":["M","?","?","?","?","E","R","?","T","?","E","M","$","M","R","BOSS","M","?","?","M","?","E","R","?","T","?","R","E","M","M","R","BOSS","M","?","?","M","M","E","M","E","T","M","M","$","?","E","R","BOSS"],"items_purchased_type":["Relic","Relic","Card","Card","Potion","Relic","Relic","Relic","Relic","Relic","Relic","Relic","Relic","Potion","Potion","Potion","Potion","Relic","Relic","Relic","Relic","Relic","Relic","Relic"],"build_version":"2020-12-22","purchased_purges":0,"victory":true,"max_hp_per_floor":[55,55,61,61,61,61,61,61,61,61,61,61,61,61,61,61,61,61,61,61,61,61,61,61,61,61,61,61,61,61,61,61,61,61,61,61,61,61,61,61,61,61,61,61,61,61,61,61,61,61],"card_choices":[{"not_picked":["DTMod:Feint","DTMod:ComboAttack"],"picked":"DTMod:Threaten","floor":1},{"not_picked":["infinitespire:Punishment","infinitespire:FutureSight"],"picked":"hubris:Fate","floor":2},{"not_picked":["DTMod:Weaken","DTMod:Training","DTMod:ComboAttack"],"picked":"SKIP","floor":5},{"not_picked":["DTMod:DarkBreath","DTMod:Cover"],"picked":"DTMod:HeadStart","floor":6},{"not_picked":["DTMod:BuildUp","DTMod:RecklessFlurry"],"picked":"DTMod:MagicField","floor":10},{"not_picked":["DTMod:MasterPlan","DTMod:InvisibleFlame"],"picked":"DTMod:ShadowImage","floor":11},{"not_picked":["DTMod:Observe","DTMod:Hide","DTMod:MaximumCharge"],"picked":"SKIP","floor":12},{"not_picked":["DTMod:HeatWave","DTMod:ShieldDrain"],"picked":"DTMod:CleansingStrike","floor":14},{"not_picked":["DTMod:LightShield","DTMod:ShadowImage"],"picked":"DTMod:Harmonize","floor":16},{"not_picked":["DTMod:Coolant","DTMod:Punisher","DTMod:BurningEnergy"],"picked":"SKIP","floor":18},{"not_picked":["DTMod:Shift","DTMod:ComboAttack"],"picked":"DTMod:TagTeam","floor":21},{"not_picked":["DTMod:Hide","DTMod:MasterPlan"],"picked":"DTMod:LightShield","floor":23},{"not_picked":["DTMod:CleansingStrike","DTMod:Feint"],"picked":"DTMod:BalancedStrike","floor":25},{"not_picked":["DTMod:Threaten","DTMod:MagicField","DTMod:Cover"],"picked":"SKIP","floor":29},{"not_picked":["DTMod:Weaken","DTMod:BurningEnergy"],"picked":"DTMod:Shift+1","floor":30},{"not_picked":["DTMod:BlazingStrike","DTMod:MasterPlan+1","DTMod:BurningEnergy"],"picked":"SKIP","floor":31},{"not_picked":["DTMod:Outburst","DTMod:ShadowImage"],"picked":"DTMod:ResonanceForm","floor":33},{"not_picked":["DTMod:HeatWave+1","DTMod:MasterPlan+1"],"picked":"DTMod:Adaptation","floor":35},{"not_picked":["DTMod:Feint","DTMod:Adaptation"],"picked":"DTMod:HeatWave","floor":37},{"not_picked":[],"picked":"wanderingMiniBosses:FinaleOfPromise","floor":38},{"not_picked":["DTMod:Threaten","DTMod:GhostSkin"],"picked":"DTMod:QuickFly+1","floor":38},{"not_picked":["DTMod:BizarreTactic","DTMod:BreakAttack"],"picked":"DTMod:MasterPlan","floor":39},{"not_picked":["DTMod:DragonDance+1","DTMod:StunTrap"],"picked":"DTMod:BreakAttack","floor":40},{"not_picked":["DTMod:BuildUp+1","DTMod:Threaten","DTMod:SneakAttack"],"picked":"SKIP","floor":41},{"not_picked":["DTMod:BuildUp+1","DTMod:Threaten","DTMod:SneakAttack"],"picked":"SKIP","floor":41},{"not_picked":["DTMod:QuickFly","DTMod:Hide"],"picked":"DTMod:PurifyingFlame+1","floor":42},{"not_picked":["DTMod:CleansingStrike","DTMod:RunningTactic+1","DTMod:HeatWave"],"picked":"SKIP","floor":44},{"not_picked":["DTMod:Training+1","DTMod:BreakAttack","DTMod:CleansingStrike+1"],"picked":"SKIP","floor":45},{"not_picked":["DTMod:Training","DTMod:Shift+1","DTMod:Multitask","DTMod:Astonish"],"picked":"SKIP","floor":48}],"player_experience":1059320,"relics_obtained":[{"floor":6,"key":"Mummified Hand"},{"floor":9,"key":"Akabeko"},{"floor":11,"key":"Oddly Smooth Stone"},{"floor":20,"key":"The Courier"},{"floor":23,"key":"hubris:ToyBattleship"},{"floor":26,"key":"Vajra"},{"floor":27,"key":"Bottled Flame"},{"floor":29,"key":"DTMod:TacticalNote"},{"floor":37,"key":"Torii"},{"floor":38,"key":"wanderingMiniBosses:Blackblade"},{"floor":40,"key":"PreservedInsect"},{"floor":42,"key":"hubris:GlazedTorus"},{"floor":43,"key":"Letter Opener"},{"floor":48,"key":"Boot"}],"event_choices":[{"damage_healed":0,"gold_gain":0,"player_choice":"RENOUNCE","damage_taken":112,"max_hp_gain":0,"max_hp_loss":0,"event_name":"betterThird:BetterSerpent","floor":3,"gold_loss":112,"cards_obtained":["Enlightenment"]},{"cards_removed":["DTMod:TargetDefense"],"damage_healed":0,"gold_gain":0,"player_choice":"Purged","damage_taken":0,"max_hp_gain":0,"max_hp_loss":0,"event_name":"Purifier","floor":8,"gold_loss":0},{"cards_removed":["DTMod:HeadStart"],"damage_healed":0,"gold_gain":0,"player_choice":"Take \u0026 Give","damage_taken":0,"max_hp_gain":0,"max_hp_loss":0,"event_name":"betterNote:BetterNote","floor":19,"gold_loss":0,"cards_obtained":["Corpse Explosion"]},{"cards_removed":["DTMod:Strike"],"damage_healed":0,"gold_gain":0,"player_choice":"Removed Attack","damage_taken":0,"max_hp_gain":0,"max_hp_loss":0,"event_name":"Falling","floor":36,"gold_loss":0},{"damage_healed":0,"gold_gain":0,"player_choice":"Fight","damage_taken":0,"max_hp_gain":0,"max_hp_loss":0,"event_name":"Mysterious Sphere","floor":37,"gold_loss":0},{"damage_healed":0,"gold_gain":0,"player_choice":"UP ","damage_taken":12,"relics_obtained":[],"max_hp_gain":0,"max_hp_loss":0,"event_name":"betterSkull:BetterSkull","floor":47,"gold_loss":0,"cards_upgraded":["DTMod:CleansingStrike"]}],"is_beta":false,"boss_relics":[{"not_picked":["hubris:BlackHole","Sozu"],"picked":"DTMod:MagicStone"},{"not_picked":["hubris:VirtuousBlindfold","hubris:GrandSneckoEye"],"picked":"Coffee Dripper"}],"items_purged_floors":[],"is_endless":false,"potions_floor_spawned":[6,14,18,23,30,35,38,41,42,45],"ascension_level":1}}