{"host":"v1m5rkjj38qutr02","time":1610679777,"event":{"mods":["Act Like it!","BaseMod","Challenge The Spire","Conspire","Gensokyo","GungeonMod","Hallownest","Minty Spire (QoL Compilation)","Replay The Spire","StSLib","The Bug Knight","Youmu£®ªÍ∆«—˝√Œ£©"],"gold_per_floor":[116,66,66,79,10,10,37,37,62,81,36,55,55,55,55,55,55],"floor_reached":16,"language":"ZHS","playtime":177,"items_purged":[],"score":185,"play_id":"5827f3ce-c15b-42cb-a231-b2d8ed80c6c7","local_time":"20210115110257","is_ascension_mode":true,"campfire_choices":[{"data":"Zap","floor":6.0,"key":"SMITH"},{"data":"Heatsinks","floor":8.0,"key":"SMITH"},{"data":"Creative AI","floor":13.0,"key":"SMITH"},{"data":"Redo","floor":15.0,"key":"SMITH"}],"circlet_count":0,"master_deck":["AscendersBane","Strike_B","Strike_B","Strike_B","Defend_B","Defend_B","Defend_B","Defend_B","Zap+1","Dualcast","Heatsinks+1","Redo+1","Turbo+1","Creative AI+1"],"relics":["Cracked Core","NeowsBlessing","Happy Flower","ReplayFunnel"],"acts_visited":["Exordium"],"potions_floor_usage":[],"damage_taken":[{"damage":0.0,"enemies":"Jaw Worm","floor":1.0,"turns":1.0},{"damage":0.0,"enemies":"2 Louse","floor":4.0,"turns":1.0},{"damage":0.0,"enemies":"Lagavulin","floor":7.0,"turns":2.0},{"damage":0.0,"enemies":"Cultist","floor":10.0,"turns":3.0},{"damage":6.0,"enemies":"Red Slaver","floor":12.0,"turns":4.0},{"damage":21,"enemies":"Hexaghost","floor":16,"turns":4}],"seed_played":"-8941645663640859938","potions_obtained":[{"floor":4.0,"key":"Elixir"},{"floor":12.0,"key":"LifebloodPotion"}],"is_trial":false,"path_per_floor":["M","?","?","M","$","R","E","R","T","M","$","M","R","?","R","B"],"character_chosen":"DEFECT","items_purchased":["Heatsinks","Turbo"],"campfire_rested":0,"item_purchase_floors":[5,11],"current_hp_per_floor":[68,68,68,68,68,68,68,68,68,68,68,62,62,62,62,41,41],"gold":55,"neow_bonus":"THREE_ENEMY_KILL","is_daily":false,"chose_seed":false,"campfire_upgraded":4,"win_rate":0.0,"timestamp":1610679777,"path_taken":["M","?","?","?","$","R","E","R","T","M","?","?","R","?","R","BOSS"],"items_purchased_type":["Card","Card"],"build_version":"2020-12-22","purchased_purges":0,"victory":false,"max_hp_per_floor":[75,75,75,75,75,75,75,75,75,75,75,75,75,75,75,75,75],"card_choices":[{"not_picked":["Go for the Eyes","Panic Button","Sunder"],"picked":"SKIP","floor":1.0},{"not_picked":["Reinforced Body","Auto Shields","Gash"],"picked":"SKIP","floor":4.0},{"not_picked":["BasicCrystalCard","ReplaySolidLightProjector"],"picked":"Redo","floor":7.0},{"not_picked":["Streamline","Redo","Reinforced Body"],"picked":"SKIP","floor":10.0},{"not_picked":["Steam","Beam Cell"],"picked":"Creative AI","floor":12.0}],"player_experience":408405,"relics_obtained":[{"floor":7.0,"key":"Happy Flower"},{"floor":9.0,"key":"ReplayFunnel"}],"event_choices":[{"cards_removed":["Strike_B"],"damage_healed":0.0,"max_hp_gain":0.0,"max_hp_loss":0.0,"gold_gain":0.0,"event_name":"The Cleric","player_choice":"Card Removal","floor":2.0,"gold_loss":50.0,"damage_taken":0.0},{"damage_healed":0.0,"max_hp_gain":0.0,"max_hp_loss":0.0,"gold_gain":0.0,"event_name":"Scrap Ooze","player_choice":"Fled","floor":3.0,"gold_loss":0.0,"damage_taken":0.0},{"damage_healed":0.0,"max_hp_gain":0.0,"max_hp_loss":0.0,"gold_gain":0.0,"event_name":"Upgrade Shrine","player_choice":"Upgraded","floor":14.0,"gold_loss":0.0,"damage_taken":0.0,"cards_upgraded":["Turbo"]}],"is_beta":false,"boss_relics":[],"items_purged_floors":[],"is_endless":false,"potions_floor_spawned":[4,12],"killed_by":"Hexaghost","ascension_level":10}}