{"host":"1a3cjta80tad0aqj","time":1610704193,"event":{"mods":["2.2 Compatiblity","AchievementEnabler","BaseMod","Colored Map","DeckTracker","KOR Keyword Fix","Keyboard Shortcuts","Minty Spire (QoL Compilation)","Permanent Neow","Quick Restart","Random Character Button","StSLib","SuperFastMode","everything is the same but u backflip on backflip"],"gold_per_floor":[109,109,127,127,127,2,22,50,50,69,69,97,125,144,144,241,241,258,258,270,141,160,189,16,16,16,27,47,47,47,80,80,179,179,199,199,213,223,239,239,239,259,259,259,259,259],"floor_reached":45,"language":"KOR","playtime":2064,"items_purged":["Strike_R","Defend_R"],"score":465,"play_id":"bf9b7c0c-e5f7-469d-bdec-d5a84c7a44fe","local_time":"20210115184953","is_ascension_mode":false,"campfire_choices":[{"data":"Rampage","floor":11.0,"key":"SMITH"},{"data":"True Grit","floor":15.0,"key":"SMITH"},{"data":"Offering","floor":25.0,"key":"SMITH"},{"floor":32.0,"key":"REST"},{"floor":40,"key":"REST"}],"circlet_count":0,"master_deck":["Strike_R","Strike_R","Strike_R","Defend_R","Defend_R","Bash","Dual Wield","Rampage+1","Headbutt+1","Offering+1","Writhe","Shockwave","Burning Pact","Offering","True Grit+1","Madness","Madness","Shrug It Off+1","Exhume","Ghostly Armor+1","Armaments+1","Clumsy","Panacea"],"relics":["Burning Blood","Molten Egg 2","Paper Frog","Mercury Hourglass","Odd Mushroom","Black Star","Bag of Marbles","Gambling Chip","Question Card","CaptainsWheel","Red Mask","Cursed Key","StrikeDummy"],"acts_visited":["Exordium","TheCity","TheBeyond"],"potions_floor_usage":[33,33],"damage_taken":[{"damage":0.0,"enemies":"Small Slimes","floor":1.0,"turns":3.0},{"damage":2.0,"enemies":"2 Louse","floor":3.0,"turns":3.0},{"damage":1.0,"enemies":"Jaw Worm","floor":7.0,"turns":4.0},{"damage":27.0,"enemies":"Lagavulin","floor":8.0,"turns":7.0},{"damage":5.0,"enemies":"Looter","floor":10.0,"turns":3.0},{"damage":26.0,"enemies":"3 Sentries","floor":12.0,"turns":7.0},{"damage":2.0,"enemies":"The Mushroom Lair","floor":13.0,"turns":2.0},{"damage":4.0,"enemies":"Red Slaver","floor":14.0,"turns":3.0},{"damage":37.0,"enemies":"The Guardian","floor":16.0,"turns":8.0},{"damage":11.0,"enemies":"Shell Parasite","floor":18.0,"turns":7.0},{"damage":26.0,"enemies":"3 Byrds","floor":20.0,"turns":5.0},{"damage":6.0,"enemies":"Centurion and Healer","floor":22.0,"turns":3.0},{"damage":17.0,"enemies":"Book of Stabbing","floor":23.0,"turns":5.0},{"damage":7.0,"enemies":"Cultist and Chosen","floor":27.0,"turns":5.0},{"damage":6.0,"enemies":"Shelled Parasite and Fungi","floor":28.0,"turns":4.0},{"damage":6.0,"enemies":"Gremlin Leader","floor":29.0,"turns":2.0},{"damage":9.0,"enemies":"Masked Bandits","floor":31.0,"turns":4.0},{"damage":63,"enemies":"Champ","floor":33,"turns":10},{"damage":18,"enemies":"Orb Walker","floor":35,"turns":2},{"damage":25,"enemies":"3 Darklings","floor":37,"turns":3},{"damage":12,"enemies":"4 Shapes","floor":38,"turns":3},{"damage":12,"enemies":"Sphere and 2 Shapes","floor":39,"turns":4},{"damage":50,"enemies":"Maw","floor":42,"turns":8},{"damage":12,"enemies":"3 Darklings","floor":45,"turns":1}],"seed_played":"-1225306172296667682","potions_obtained":[{"floor":1.0,"key":"Explosive Potion"},{"floor":3.0,"key":"SkillPotion"},{"floor":8.0,"key":"BlessingOfTheForge"},{"floor":14.0,"key":"SmokeBomb"},{"floor":18.0,"key":"HeartOfIron"},{"floor":31.0,"key":"Fire Potion"},{"floor":37,"key":"Swift Potion"},{"floor":38,"key":"BloodPotion"},{"floor":42,"key":"Dexterity Potion"}],"is_trial":false,"path_per_floor":["M","$","M","?","?","$","M","E","T","M","R","E","?","M","R","B",null,"M","?","M","?","M","E","$","R","T","M","M","E","$","?","R","B",null,"M","?","M","M","M","R","?","M","T","?","M"],"character_chosen":"IRONCLAD","items_purchased":["True Grit","DuplicationPotion"],"campfire_rested":2,"item_purchase_floors":[6,24],"current_hp_per_floor":[80,80,80,73,73,73,78,57,57,58,58,38,42,44,44,13,80,75,75,55,55,55,44,44,44,44,43,43,43,43,40,64,7,80,68,58,39,33,27,51,51,7,7,7,0,0],"gold":259,"neow_bonus":"REMOVE_CARD","is_daily":false,"chose_seed":false,"campfire_upgraded":3,"win_rate":0.0,"timestamp":1610704193,"path_taken":["M","$","M","?","?","$","M","E","T","M","R","E","?","M","R","BOSS","M","?","M","?","M","E","$","R","T","M","?","E","?","?","R","BOSS","M","?","M","M","M","R","?","M","T","?","M"],"items_purchased_type":["Card","Potion"],"build_version":"2020-12-22","purchased_purges":2,"victory":false,"max_hp_per_floor":[80,80,80,80,80,80,80,80,80,80,80,80,80,80,80,80,80,80,80,80,80,80,80,80,80,80,80,80,80,80,80,80,80,80,80,80,80,80,80,80,80,80,80,80,80,80],"card_choices":[{"not_picked":["Wild Strike","Pommel Strike"],"picked":"Dual Wield","floor":1.0},{"not_picked":["Twin Strike","Sword Boomerang"],"picked":"Rampage","floor":3.0},{"not_picked":["Flex","Uppercut","Infernal Blade"],"picked":"SKIP","floor":7.0},{"not_picked":["Power Through","Clothesline+1"],"picked":"Headbutt+1","floor":8.0},{"not_picked":["Iron Wave+1","Body Slam+1","Pummel+1"],"picked":"SKIP","floor":10.0},{"not_picked":["Immolate+1","Demon Form","Body Slam+1"],"picked":"SKIP","floor":12.0},{"not_picked":["Clothesline+1","Flex","Inflame"],"picked":"SKIP","floor":14.0},{"not_picked":["Brutality","Demon Form"],"picked":"Offering","floor":16.0},{"not_picked":["Sword Boomerang+1","Perfected Strike+1","Evolve"],"picked":"SKIP","floor":18.0},{"not_picked":["Iron Wave+1","Rupture","Flex"],"picked":"SKIP","floor":20.0},{"not_picked":["Rampage+1","Iron Wave+1","Dual Wield"],"picked":"SKIP","floor":22.0},{"not_picked":["Clothesline+1","Heavy Blade+1"],"picked":"Shockwave","floor":23.0},{"not_picked":["Clothesline+1","Perfected Strike+1","Warcry+1"],"picked":"Burning Pact","floor":27.0},{"not_picked":["Rampage+1","Intimidate","Iron Wave+1","Reckless Charge+1"],"picked":"SKIP","floor":28.0},{"not_picked":["Feed+1","Limit Break","Demon Form"],"picked":"Offering","floor":33},{"not_picked":["Disarm+1","Dual Wield","Body Slam+1"],"picked":"True Grit+1","floor":35},{"not_picked":["Clash+1","Cleave+1","Inflame+1"],"picked":"Shrug It Off+1","floor":37},{"not_picked":["Evolve","Metallicize+1","Intimidate+1"],"picked":"Exhume","floor":38},{"not_picked":["Twin Strike+1","Sentinel+1","Cleave+1"],"picked":"Ghostly Armor+1","floor":39},{"not_picked":["Hemokinesis+1","Iron Wave+1","Wild Strike+1"],"picked":"Armaments+1","floor":42},{"not_picked":["Madness","Mind Blast+1","HandOfGreed+1"],"picked":"Panacea","floor":44}],"player_experience":646355,"relics_obtained":[{"floor":8.0,"key":"Molten Egg 2"},{"floor":9.0,"key":"Paper Frog"},{"floor":12.0,"key":"Mercury Hourglass"},{"floor":13.0,"key":"Odd Mushroom"},{"floor":23.0,"key":"Question Card"},{"floor":23.0,"key":"CaptainsWheel"},{"floor":31.0,"key":"Red Mask"},{"floor":43,"key":"StrikeDummy"}],"event_choices":[{"cards_removed":["Strike_R"],"damage_healed":0.0,"max_hp_gain":0.0,"max_hp_loss":0.0,"gold_gain":0.0,"event_name":"Golden Wing","player_choice":"Card Removal","floor":4.0,"gold_loss":0.0,"damage_taken":7.0},{"damage_healed":0.0,"max_hp_gain":0.0,"max_hp_loss":0.0,"gold_gain":0.0,"event_name":"Liars Game","player_choice":"Ignored","floor":5.0,"gold_loss":0.0,"damage_taken":0.0},{"damage_healed":0.0,"max_hp_gain":0.0,"max_hp_loss":0.0,"gold_gain":0.0,"event_name":"Mushrooms","player_choice":"Fought Mushrooms","floor":13.0,"gold_loss":0.0,"damage_taken":0.0},{"damage_healed":0.0,"max_hp_gain":0.0,"max_hp_loss":0.0,"gold_gain":0.0,"event_name":"The Mausoleum","player_choice":"Opened","floor":19.0,"gold_loss":0.0,"damage_taken":0.0,"relics_obtained":["Bag of Marbles"],"cards_obtained":["Writhe"]},{"damage_healed":0.0,"max_hp_gain":0.0,"max_hp_loss":0.0,"gold_gain":0.0,"event_name":"WeMeetAgain","player_choice":"Paid Gold","floor":21.0,"gold_loss":129.0,"damage_taken":0.0,"relics_obtained":["Gambling Chip"]},{"damage_healed":0.0,"max_hp_gain":0.0,"max_hp_loss":0.0,"gold_gain":0.0,"event_name":"Masked Bandits","player_choice":"Fought Bandits","floor":31.0,"gold_loss":0.0,"damage_taken":0.0},{"damage_healed":0,"gold_gain":0,"player_choice":"Embrace Madness","damage_taken":10,"max_hp_gain":0,"max_hp_loss":0,"event_name":"Winding Halls","floor":36,"gold_loss":0,"cards_obtained":["Madness","Madness"]},{"cards_removed":["True Grit"],"damage_healed":0,"gold_gain":0,"player_choice":"Removed Skill","damage_taken":0,"max_hp_gain":0,"max_hp_loss":0,"event_name":"Falling","floor":41,"gold_loss":0},{"damage_healed":0,"gold_gain":0,"player_choice":"Memory 1","damage_taken":0,"max_hp_gain":0,"max_hp_loss":0,"event_name":"SensoryStone","floor":44,"gold_loss":0}],"is_beta":false,"boss_relics":[{"not_picked":["Velvet Choker","Sozu"],"picked":"Black Star"},{"not_picked":["Runic Cube","Runic Dome"],"picked":"Cursed Key"}],"items_purged_floors":[6,24],"is_endless":false,"potions_floor_spawned":[1,3,8,12,14,18,22,31,37,38,42],"killed_by":"3 Darklings","ascension_level":0}}