{"host":"vzkpoqyw8ea6g4k2","time":1610721146,"event":{"mods":["AchievementEnabler","BaseMod","Colored Map","Colored Powertips","Lobotomy","Minty Spire (QoL Compilation)","Permanent Neow","Quick Restart","StSLib"],"gold_per_floor":[115,128,139,139,89,89,14,14,14,26,26,46,64,64,64,161,161,177,177,177,190,204,204,229,229,256,355,104,104,123,137,137,137,137],"floor_reached":33,"language":"KOR","playtime":1009,"items_purged":["Defend_P"],"score":257,"play_id":"54efe34a-6204-4d2e-962d-de51ad5a49b4","local_time":"20210115233226","is_ascension_mode":false,"campfire_choices":[{"data":"Crescendo","floor":6.0,"key":"SMITH"},{"data":"Vigilance","floor":8.0,"key":"SMITH"},{"floor":15.0,"key":"REST"},{"floor":23.0,"key":"REST"},{"floor":25.0,"key":"REST"},{"data":"MentalFortress","floor":29.0,"key":"SMITH"},{"data":"Ragnarok","floor":32,"key":"SMITH"}],"circlet_count":0,"master_deck":["Strike_P","Strike_P","Strike_P","Strike_P","Defend_P","Defend_P","Eruption","Vigilance+1","OSAHOGD","FlyingSleeves","OldLady","Crescendo+1","FlurryOfBlows","MeatLantern","CrumblingArmor","MentalFortress+1","Scorched","Ragnarok+1","PunishingBird","FlurryOfBlows","GalaxyChild","CutThroughFate","LittleHelper","Adaptation","NothingThere","SashWhip","Alriune","Consecrate+1","Wellcheers","EmptyFist"],"relics":["PureWater","CogitoBucket","Centennial Puzzle","Potion Belt","BackwardClock","SacredBark","Damaru","Lantern","TeardropLocket","SkinProphecy"],"acts_visited":["Exordium","TheCity"],"potions_floor_usage":[30,30,33],"damage_taken":[{"damage":0.0,"enemies":"Cultist","floor":1.0,"turns":2.0},{"damage":0.0,"enemies":"Small Slimes","floor":2.0,"turns":3.0},{"damage":7.0,"enemies":"Jaw Worm","floor":3.0,"turns":4.0},{"damage":0.0,"enemies":"Large Slime","floor":10.0,"turns":2.0},{"damage":0.0,"enemies":"3 Louse","floor":12.0,"turns":2.0},{"damage":42.0,"enemies":"Looter","floor":13.0,"turns":7.0},{"damage":5.0,"enemies":"Slime Boss","floor":16.0,"turns":6.0},{"damage":15.0,"enemies":"2 Thieves","floor":18.0,"turns":2.0},{"damage":1.0,"enemies":"Spheric Guardian","floor":21.0,"turns":2.0},{"damage":17.0,"enemies":"Snake Plant","floor":22.0,"turns":3.0},{"damage":26.0,"enemies":"Slavers","floor":24.0,"turns":2.0},{"damage":102,"enemies":"Cultist and Chosen","floor":30,"turns":5},{"damage":0,"enemies":"Centurion and Healer","floor":31,"turns":1},{"damage":98,"enemies":"Collector","floor":33,"turns":5}],"seed_played":"-2011549447726622709","potions_obtained":[{"floor":1.0,"key":"Ambrosia"},{"floor":2.0,"key":"Block Potion"},{"floor":13.0,"key":"StancePotion"},{"floor":22.0,"key":"SkillPotion"},{"floor":30,"key":"Fire Potion"}],"is_trial":false,"path_per_floor":["M","M","M","?","?","R","$","R","T","M","$","M","M","$","R","B",null,"M","?","?","M","M","R","E","R","T","?","$","R","M","M","R","B"],"character_chosen":"WATCHER","items_purchased":["TeardropLocket"],"campfire_rested":3,"item_purchase_floors":[28],"current_hp_per_floor":[72,72,65,53,53,53,53,53,53,53,53,53,11,11,32,27,72,57,44,44,43,28,51,25,48,48,48,48,48,26,50,50,0,0],"gold":137,"neow_bonus":"","is_daily":false,"chose_seed":false,"campfire_upgraded":4,"win_rate":0.0,"timestamp":1610721146,"path_taken":["M","M","M","?","?","R","?","R","T","M","$","M","M","$","R","BOSS","M","?","?","M","M","R","E","R","T","?","$","R","M","M","R","BOSS"],"items_purchased_type":["Relic"],"build_version":"2020-12-22","purchased_purges":1,"victory":false,"max_hp_per_floor":[72,72,72,72,72,72,72,72,72,72,72,72,72,72,72,72,72,72,77,77,77,77,77,77,77,77,77,77,77,77,79,79,81,81],"card_choices":[{"not_picked":["MHz","QueenOfHatred"],"picked":"OSAHOGD","floor":1.0},{"not_picked":["Consecrate","Perseverance"],"picked":"FlyingSleeves","floor":1.0},{"not_picked":["CherryBlossoms","Woodsman"],"picked":"OldLady","floor":2.0},{"not_picked":["EmptyBody","ForeignInfluence","SashWhip"],"picked":"SKIP","floor":2.0},{"not_picked":["MHz","ShyLook","DreamingCurrent"],"picked":"Singing Bowl","floor":3.0},{"not_picked":["Fasting2","CutThroughFate"],"picked":"Crescendo","floor":3.0},{"not_picked":["Sanctity","Indignation"],"picked":"FlurryOfBlows","floor":10.0},{"not_picked":["ShyLook","QueenBee"],"picked":"MeatLantern","floor":12.0},{"not_picked":["Evaluate","BowlingBash","MasterReality"],"picked":"SKIP","floor":12.0},{"not_picked":["HappyTeddy","Wellcheers"],"picked":"CrumblingArmor","floor":13.0},{"not_picked":["JustLucky","Prostrate"],"picked":"MentalFortress","floor":13.0},{"not_picked":["WhitesApple","QueenOfHatred"],"picked":"Scorched","floor":16.0},{"not_picked":["ConjureBlade","Vault"],"picked":"Ragnarok","floor":16.0},{"not_picked":["FairyFestival","MHz"],"picked":"PunishingBird","floor":18.0},{"not_picked":["Protect","Crescendo"],"picked":"FlurryOfBlows","floor":18.0},{"not_picked":["DespairKnight","Bloodbath"],"picked":"GalaxyChild","floor":21.0},{"not_picked":["LikeWater","ForeignInfluence"],"picked":"CutThroughFate","floor":21.0},{"not_picked":["Scarecrow","BeautyBeast"],"picked":"LittleHelper","floor":22.0},{"not_picked":["Collect+1","EmptyBody+1"],"picked":"Adaptation","floor":22.0},{"not_picked":["UniverseFragment","Woodsman"],"picked":"NothingThere","floor":24.0},{"not_picked":["Scrawl","DeceiveReality"],"picked":"SashWhip","floor":24.0},{"not_picked":["SpiderBud","Variant"],"picked":"Alriune","floor":30},{"not_picked":["ForeignInfluence+1","JustLucky"],"picked":"Consecrate+1","floor":30},{"not_picked":["UniverseFragment","Porccubus"],"picked":"Wellcheers","floor":31},{"not_picked":["SashWhip","FollowUp"],"picked":"EmptyFist","floor":31}],"player_experience":21328,"relics_obtained":[{"floor":9.0,"key":"Potion Belt"},{"floor":24.0,"key":"Damaru"},{"floor":26.0,"key":"Lantern"}],"event_choices":[{"damage_healed":0.0,"max_hp_gain":0.0,"max_hp_loss":0.0,"gold_gain":0.0,"event_name":"Scrap Ooze","player_choice":"Success","floor":4.0,"gold_loss":0.0,"damage_taken":12.0,"relics_obtained":["Centennial Puzzle"]},{"cards_removed":["Defend_P"],"damage_healed":0.0,"max_hp_gain":0.0,"max_hp_loss":0.0,"gold_gain":0.0,"event_name":"The Cleric","player_choice":"Card Removal","floor":5.0,"gold_loss":50.0,"damage_taken":0.0},{"damage_healed":0.0,"max_hp_gain":5.0,"max_hp_loss":0.0,"gold_gain":0.0,"event_name":"Forgotten Altar","player_choice":"Shed Blood","floor":19.0,"gold_loss":0.0,"damage_taken":18.0},{"damage_healed":0.0,"max_hp_gain":0.0,"max_hp_loss":0.0,"gold_gain":0.0,"event_name":"Vampires","player_choice":"Ignored","floor":20.0,"gold_loss":0.0,"damage_taken":0.0},{"damage_healed":0.0,"max_hp_gain":0.0,"max_hp_loss":0.0,"gold_gain":99.0,"event_name":"Nest","player_choice":"Stole From Cult","floor":27.0,"gold_loss":0.0,"damage_taken":0.0}],"is_beta":false,"boss_relics":[{"not_picked":["Runic Pyramid","Calling Bell"],"picked":"SacredBark"}],"items_purged_floors":[7],"is_endless":false,"potions_floor_spawned":[1,2,13,22,30],"killed_by":"Collector","ascension_level":0}}