{"host":"y4sghvfd0ewtcchd","time":1610718570,"event":{"mods":["Aspiration","BaseMod","Better Debug","Better Note","Better Third Choice","BetterRewards","Block Reminder","Colored Map","Colored Powertips","Downfall","Highlight Path","Hubris","Infinite Spire","Minty Spire (QoL Compilation)","Relic Sorter","Relic Stats","Replay The Spire","Shop Mod","StSLib","The Jungle","The Saiyan"],"gold_per_floor":[114,114,114,127,140,140,158,168,168,183,183,218,218,218,218,318,318,334,350,360,360,376,402,402,433,483,483,20,295,339,378,378,497,497,518,554,324,350,350,350,395,6,6,40,69,69,114,114,114,142,142,142,452,512,530],"floor_reached":56,"language":"ENG","playtime":4054,"items_purged":["Regret","hubris:Envy"],"score":2108,"play_id":"d7d28136-0975-4a06-a057-c791cbbf33b8","local_time":"20210115164930","is_ascension_mode":true,"campfire_choices":[{"data":"Noxious Fumes","floor":6.0,"key":"SMITH"},{"floor":11.0,"key":"REST"},{"floor":13.0,"key":"REST"},{"data":"Cloak And Dagger","floor":15.0,"key":"SMITH"},{"data":"Envenom","floor":24.0,"key":"SMITH"},{"floor":27.0,"key":"RECALL"},{"data":"Sneak Up","floor":32.0,"key":"SMITH"},{"data":"ReplayTheSpireMod:Chaos Vortex","floor":40.0,"key":"SMITH"},{"data":"Infinite Blades","floor":46.0,"key":"SMITH"},{"data":"Burst","floor":49.0,"key":"SMITH"},{"data":"Catalyst","floor":52.0,"key":"SMITH"}],"circlet_count":0,"master_deck":["hubris:PowerSurge+1","Strike_G","Strike_G","Strike_G","Strike_G","Strike_G","Defend_G","Defend_G","Defend_G","Defend_G","Defend_G","Survivor","Neutralize","Accuracy","Choke+1","Masterful Stab","Footwork","Footwork","Master of Strategy","Noxious Fumes+1","Blur","Blur","Dodge and Roll","ReplayTheSpireMod:Scrap Shanks","Dagger Spray","Hidden Blade","Dash","Cloak And Dagger+1","Dash","Corpse Explosion","Bane","Catalyst+1","Storm of Steel+1","hubris:Despair","hexamod:Sear","Bullet Time+1","Madness","ReplayTheSpireMod:Chaos Vortex+1","Cloak And Dagger","Envenom+1","Replay:Bag of Tricks+1","Sneak Up+1","Bullet Time+1","Burst+1","ReplayTheSpireMod:Faulty Equipment","Deadly Poison+1","Outmaneuver","Infinite Blades+1","Poison Darts","Trip","Blade Dance","Crippling Poison","Caltrops","Master of Strategy","Well Laid Plans"],"relics":["Ring of the Snake","Byrd Skull","aspiration:HummingbirdHeart","MealTicket","aspiration:SeaSaltIceCream","hubris:Potato","Bottled Tornado","Happy Flower","PreservedInsect","Orrery","Replay:WaspNest","infinitespire:WardingShard","Replay:Grab Bag","Replay:Bronze Core","Sozu","ReplayTheSpireMod:SealedPack","infinitespire:Eraser","Ginger","hubris:CuriousFeather","Replay:Bandana","infinitespire:PuzzleCube","Replay:Ancient Bell","Oddly Smooth Stone","Ornamental Fan","Vampiric Spirits","Bag of Preparation","aspiration:VileToxins","Guide Book","Replay:Ringing Soul","hubris:NiceRug","infinitespire:Bottled Soul","Eternal Feather","Strange Spoon","Replay:Bottled Eggs"],"acts_visited":["Exordium","TheCity","TheBeyond","TheEnding"],"potions_floor_usage":[55,55],"damage_taken":[{"damage":2.0,"enemies":"Small Slimes","floor":1.0,"turns":3.0},{"damage":0.0,"enemies":"2 Louse","floor":4.0,"turns":2.0},{"damage":0.0,"enemies":"Cultist","floor":5.0,"turns":4.0},{"damage":0.0,"enemies":"3 Louse","floor":7.0,"turns":3.0},{"damage":5.0,"enemies":"2 Fungi Beasts","floor":8.0,"turns":2.0},{"damage":18.0,"enemies":"Exordium Thugs","floor":10.0,"turns":4.0},{"damage":0.0,"enemies":"3 Sentries","floor":12.0,"turns":4.0},{"damage":12.0,"enemies":"Hexaghost","floor":16.0,"turns":7.0},{"damage":0.0,"enemies":"2 Thieves","floor":18.0,"turns":4.0},{"damage":0.0,"enemies":"Shell Parasite","floor":19.0,"turns":5.0},{"damage":0.0,"enemies":"Snake Plant","floor":20.0,"turns":4.0},{"damage":9.0,"enemies":"3 Cultists","floor":22.0,"turns":5.0},{"damage":5.0,"enemies":"Book of Stabbing","floor":23.0,"turns":5.0},{"damage":0.0,"enemies":"Slavers","floor":25.0,"turns":5.0},{"damage":0.0,"enemies":"Chosen and Byrds","floor":30.0,"turns":4.0},{"damage":11.0,"enemies":"Replay:Snechameleon","floor":31.0,"turns":4.0},{"damage":16.0,"enemies":"Collector","floor":33.0,"turns":6.0},{"damage":0.0,"enemies":"3 Shapes","floor":35.0,"turns":3.0},{"damage":1.0,"enemies":"Orb Walker","floor":36.0,"turns":4.0},{"damage":13.0,"enemies":"Sphere and 2 Shapes","floor":38.0,"turns":5.0},{"damage":0.0,"enemies":"R_Hoarder","floor":41.0,"turns":5.0},{"damage":0.0,"enemies":"4 Shapes","floor":44.0,"turns":4.0},{"damage":0.0,"enemies":"Spire Growth","floor":45.0,"turns":4.0},{"damage":0.0,"enemies":"Maw","floor":47.0,"turns":5.0},{"damage":0.0,"enemies":"Donu and Deca","floor":50.0,"turns":7.0},{"damage":21.0,"enemies":"hubris:Merchant","floor":53.0,"turns":7.0},{"damage":6,"enemies":"Shield and Spear","floor":54,"turns":4},{"damage":24,"enemies":"The Heart","floor":55,"turns":8}],"seed_played":"891907678306672918","potions_obtained":[{"floor":3.0,"key":"Strength Potion"},{"floor":3.0,"key":"BlessingOfTheForge"},{"floor":3.0,"key":"Poison Potion"},{"floor":5.0,"key":"Doom Potion"}],"is_trial":false,"path_per_floor":["M","?","?","M","M","R","M","M","T","M","R","E","R","$","R","B",null,"M","M","M","?","M","E","R","E","T","R","$","?","M","E","R","B",null,"M","M","$","M","?","R","E","$","T","M","M","R","M","?","R","B",null,"R","$","E","B",null],"character_chosen":"THE_SILENT","items_purchased":["aspiration:HummingbirdHeart","MealTicket","Accuracy","Choke+1","aspiration:SeaSaltIceCream","Masterful Stab","Footwork","Master of Strategy","Noxious Fumes","Blur","Bottled Tornado","Happy Flower","PreservedInsect","Orrery","Dash","hubris:CuriousFeather","Replay:Bandana","Bag of Preparation","aspiration:VileToxins","Guide Book"],"campfire_rested":2,"item_purchase_floors":[0,0,0,0,0,0,0,0,0,0,0,0,0,0,0,28,28,37,42,42],"current_hp_per_floor":[19,40,40,40,40,40,40,35,35,17,38,38,59,70,70,58,67,67,67,67,67,58,53,53,53,53,53,68,68,68,57,57,41,63,63,62,70,57,57,57,59,70,70,73,73,73,76,79,79,79,79,79,61,60,56],"gold":530,"neow_bonus":"","is_daily":false,"chose_seed":false,"campfire_upgraded":8,"win_rate":0.0,"timestamp":1610718570,"path_taken":["M","?","?","M","M","R","M","?","T","M","R","E","R","$","R","BOSS","M","M","M","?","M","E","R","E","T","R","?","?","M","E","R","BOSS","M","?","$","M","?","R","E","?","T","M","M","R","M","?","R","BOSS","R","$","E","BOSS"],"items_purchased_type":["Relic","Relic","Card","Card","Relic","Card","Card","Card","Card","Card","Relic","Relic","Relic","Relic","Card","Relic","Relic","Relic","Relic","Relic"],"build_version":"2020-12-22","purchased_purges":2,"victory":true,"max_hp_per_floor":[70,70,70,70,70,70,70,70,70,70,70,70,70,70,70,70,70,70,70,70,70,70,70,70,70,70,70,70,70,70,70,70,70,70,70,70,70,70,70,70,70,70,70,73,73,73,76,79,79,79,79,79,82,85,85],"relic_stats":{"Sozu":8,"Strange Spoon":[15],"Happy Flower":[42],"counters":[264,1248],"Ornamental Fan":[120],"MealTicket":45,"Eternal Feather":0,"PreservedInsect":586,"Bag of Preparation":[18],"Ginger":[10],"obtain_stats":[{"TwistedFunnel":0,"infinitespire:BottledMercury":46,"Vampiric Spirits":46,"downfall:HeartBlessingGreen":10,"aspiration:PoetsPen_weak":17,"Ginger":25,"hubris:MysteriousPyramids":9,"Bottled Tornado":0,"Boot":52,"Sling":55,"Ring of Searing":38,"Blood Vial":43,"Replay:Wanted Poster":34,"Replay:Ringing Soul":43,"infinitespire:ShieldingShard":13,"hubris:HerbalPaste":0,"hubris:AstralHammer":40,"Replay:Bronze Core":34,"MealTicket":48,"hubris:DeckOfHolding":28,"infinitespire:Golems Mask":48,"Fusion Hammer":34,"Replay:Bottled Flurry":46,"Kunai":47,"Replay:Wax Seal":18,"hubris:MobiusCoin":6,"MerchantsRug":53,"Pear":20,"Counterbalance":38,"ReplayTheSpireMod:Ring of Addiction":46,"hubris:SphereOfDissonance":0,"Eternal Feather":53,"Pen Nib":25,"ReplayTheSpireMod:SealedPack":17,"Replay:Ancient Bell":34,"infinitespire:Magic Flask":9,"aspiration:IroncladSkillbook":17,"aspiration:FrozenJewel":9,"infinitespire:EvilPickle":33,"SlaversCollar":17,"infinitespire:Broken Mirror":54,"Bird Faced Urn":39,"Pandora\u0027s Box":34,"hubris:TenFootPole":2,"infinitespire:PuzzleCube":24,"Unceasing Top":14,"hubris:Reverence":23,"Regal Pillow":29,"aspiration:Lifesprig":0,"Lantern":40,"hubris:Metronome":41,"Torii":7,"Blue Doll":52,"Bag of Preparation":42,"hubris:EmptyBottle":29,"Ancient Tea Set":5,"Cursed Key":34,"Pet Ghost":41,"Replay:Rubber Ducky":36,"Shovel":3,"Ring of Fangs":46,"hubris:Backtick":34,"infinitespire:Bottled Soul":43,"Ring of Peace":38,"aspiration:AnachronicSnailShell":41,"hubris:CuriousFeather":38,"WingedGreaves":36,"Replay:Bottled Eggs":53,"Ring of Panic":10,"infinitespire:Eraser":23,"InkBottle":25,"aspiration:ChemicalBlood":24,"hubris:GlazedTorus":46,"Ring of the Snake":0,"Potion Belt":44,"aspiration:VileToxins":42,"Lee\u0027s Waffle":53,"downfall:HeartBlessingRed":10,"Replay:Fungal Core":29,"Basket Of Snakes":31,"Damaru":6,"PreservedInsect":26,"The Courier":41,"Omamori":45,"hubris:Towel":30,"Busted Crown":17,"Ornamental Fan":6,"Orrery":0,"Art of War":37,"Garlic":11,"ReplayTheSpireMod:Onyx Gauntlets":34,"Toy Ornithopter":46,"infinitespire:Midas Blood":0,"hubris:BottledRain":17,"Ice Cream":44,"Calipers":23,"hubris:CrystalStatue":41,"Vajra":12,"hubris:TerracottaHorce":48,"Sozu":17,"Centennial Puzzle":48,"Lizard Tail":13,"DollysMirror":20,"Strawberry":49,"aspiration:ArtOfWarUpgrade":49,"Iron Hammer":54,"Byrd Skull":41,"Happy Flower":43,"hubris:DuctTape":34,"ReplayTheSpireMod:CursedCoin":53,"Replay:Grab Bag":34,"Oddly Smooth Stone":10,"Ring of Chaos":34,"infinitespire:Beetle Shell":53,"SaiyanHeart":0,"aspiration:SeaSaltIceCream":41,"War Paint":9,"aspiration:HiddenCompartment":29,"Question Card":25,"Replay:Baseball":29,"Bottled Flame":8,"ReplayTheSpireMod:Shallot":36,"Bronze Scales":54,"Molten Egg 2":23,"hubris:PeanutButter":9,"ReplayTheSpireMod:TigerMarble":43,"Black Star":17,"Grinning Jar":17,"aspiration:HatOfInfinitePower":37,"Mirror":9,"Meat on the Bone":4,"Pocketwatch":36,"ReplayFunnel":36,"SacredBark":46,"Mango":20,"aspiration:TomeofQuesting":38,"Snake Skull":7,"hubris:SlimyHat":36,"ClockworkSouvenir":53,"aspiration:StickyExplosives_weak":24,"Replay:Bandana":0,"hubris:Icosahedron":47,"aspiration:DefectSkillbook":34,"downfall:HeartBlessingBlue":18,"Mummified Hand":19,"Gambling Chip":0,"Runic Pyramid":21,"hubris:KleinBottle":37,"Gremlin Food":21,"BargainBundle":0,"ReplayTheSpireMod:Ninjato":41,"Quantum Egg":43,"ReplayTheSpireMod:Ring of Sloth":10,"Guide Book":0,"Replay:WaspNest":53,"aspiration:HummingbirdHeart":0,"Orichalcum":47,"Odd Mushroom":13,"Calling Bell":47,"Strange Spoon":53,"Pondfish Scales":29,"Anchor":37,"CaptainsWheel":17,"infinitespire:WardingShard":12,"infinitespire:Satchel":31,"SaiyanSoul":0,"Bag of Marbles":6,"Snack Pack":0,"Membership Card":20,"PureWater":0,"TungstenRod":29,"hubris:AncientText":36,"FossilizedHelix":36,"hubris:Potato":0,"hubris:NiceRug":53},{"TwistedFunnel":121,"infinitespire:BottledMercury":58,"Vampiric Spirits":144,"downfall:HeartBlessingGreen":6,"aspiration:PoetsPen_weak":187,"Ginger":250,"hubris:MysteriousPyramids":97,"Bottled Tornado":236,"Boot":32,"Sling":207,"Ring of Searing":83,"Blood Vial":85,"Replay:Wanted Poster":168,"Replay:Ringing Soul":257,"infinitespire:ShieldingShard":70,"hubris:HerbalPaste":92,"hubris:AstralHammer":24,"Replay:Bronze Core":51,"MealTicket":59,"hubris:DeckOfHolding":77,"infinitespire:Golems Mask":144,"Fusion Hammer":196,"Replay:Bottled Flurry":116,"Kunai":88,"Replay:Wax Seal":11,"hubris:MobiusCoin":4,"MerchantsRug":32,"Pear":189,"Counterbalance":24,"ReplayTheSpireMod:Ring of Addiction":27,"hubris:SphereOfDissonance":121,"Eternal Feather":262,"Pen Nib":16,"ReplayTheSpireMod:SealedPack":244,"Replay:Ancient Bell":253,"infinitespire:Magic Flask":37,"aspiration:IroncladSkillbook":42,"aspiration:FrozenJewel":67,"infinitespire:EvilPickle":51,"SlaversCollar":11,"infinitespire:Broken Mirror":120,"Bird Faced Urn":113,"Pandora\u0027s Box":137,"hubris:TenFootPole":180,"infinitespire:PuzzleCube":45,"Unceasing Top":186,"hubris:Reverence":223,"Regal Pillow":18,"aspiration:Lifesprig":62,"Lantern":171,"hubris:Metronome":200,"Torii":4,"Blue Doll":32,"Bag of Preparation":85,"hubris:EmptyBottle":18,"Ancient Tea Set":4,"Cursed Key":111,"Pet Ghost":24,"Replay:Rubber Ducky":23,"Shovel":2,"Ring of Fangs":27,"hubris:Backtick":196,"infinitespire:Bottled Soul":26,"Ring of Peace":83,"aspiration:AnachronicSnailShell":114,"hubris:CuriousFeather":54,"WingedGreaves":140,"Replay:Bottled Eggs":32,"Ring of Panic":97,"infinitespire:Eraser":249,"InkBottle":107,"aspiration:ChemicalBlood":15,"hubris:GlazedTorus":88,"Ring of the Snake":0,"Potion Belt":86,"aspiration:VileToxins":257,"Lee\u0027s Waffle":177,"downfall:HeartBlessingRed":6,"Replay:Fungal Core":165,"Basket Of Snakes":224,"Damaru":67,"PreservedInsect":223,"The Courier":229,"Omamori":27,"hubris:Towel":136,"Busted Crown":131,"Ornamental Fan":151,"Orrery":236,"Art of War":23,"Garlic":98,"ReplayTheSpireMod:Onyx Gauntlets":196,"Toy Ornithopter":27,"infinitespire:Midas Blood":92,"hubris:BottledRain":158,"Ice Cream":144,"Calipers":105,"hubris:CrystalStatue":114,"Vajra":155,"hubris:TerracottaHorce":232,"Sozu":244,"Centennial Puzzle":29,"Lizard Tail":216,"DollysMirror":13,"Strawberry":30,"aspiration:ArtOfWarUpgrade":175,"Iron Hammer":146,"Byrd Skull":257,"Happy Flower":114,"hubris:DuctTape":196,"ReplayTheSpireMod:CursedCoin":60,"Replay:Grab Bag":196,"Oddly Smooth Stone":6,"Ring of Chaos":22,"infinitespire:Beetle Shell":32,"SaiyanHeart":0,"aspiration:SeaSaltIceCream":24,"War Paint":6,"aspiration:HiddenCompartment":78,"Question Card":107,"Replay:Baseball":18,"Bottled Flame":127,"ReplayTheSpireMod:Shallot":112,"Bronze Scales":120,"Molten Egg 2":105,"hubris:PeanutButter":153,"ReplayTheSpireMod:TigerMarble":26,"Black Star":100,"Grinning Jar":158,"aspiration:HatOfInfinitePower":23,"Mirror":127,"Meat on the Bone":94,"Pocketwatch":112,"ReplayFunnel":169,"SacredBark":27,"Mango":13,"aspiration:TomeofQuesting":24,"Snake Skull":184,"hubris:SlimyHat":23,"ClockworkSouvenir":32,"aspiration:StickyExplosives_weak":191,"Replay:Bandana":147,"hubris:Icosahedron":144,"aspiration:DefectSkillbook":225,"downfall:HeartBlessingBlue":11,"Mummified Hand":43,"Gambling Chip":33,"Runic Pyramid":74,"hubris:KleinBottle":23,"Gremlin Food":74,"BargainBundle":62,"ReplayTheSpireMod:Ninjato":143,"Quantum Egg":56,"ReplayTheSpireMod:Ring of Sloth":97,"Guide Book":147,"Replay:WaspNest":60,"aspiration:HummingbirdHeart":236,"Orichalcum":88,"Odd Mushroom":156,"Calling Bell":88,"Strange Spoon":262,"Pondfish Scales":18,"Anchor":83,"CaptainsWheel":158,"infinitespire:WardingShard":243,"infinitespire:Satchel":80,"SaiyanSoul":0,"Bag of Marbles":36,"Snack Pack":62,"Membership Card":13,"PureWater":0,"TungstenRod":109,"hubris:AncientText":112,"FossilizedHelix":169,"hubris:Potato":179,"hubris:NiceRug":177},{"TwistedFunnel":591,"infinitespire:BottledMercury":304,"Vampiric Spirits":705,"downfall:HeartBlessingGreen":31,"aspiration:PoetsPen_weak":930,"Ginger":1178,"hubris:MysteriousPyramids":480,"Bottled Tornado":1121,"Boot":214,"Sling":992,"Ring of Searing":418,"Blood Vial":426,"Replay:Wanted Poster":818,"Replay:Ringing Soul":1209,"infinitespire:ShieldingShard":356,"hubris:HerbalPaste":462,"hubris:AstralHammer":137,"Replay:Bronze Core":277,"MealTicket":307,"hubris:DeckOfHolding":389,"infinitespire:Golems Mask":705,"Fusion Hammer":971,"Replay:Bottled Flurry":563,"Kunai":441,"Replay:Wax Seal":49,"hubris:MobiusCoin":22,"MerchantsRug":214,"Pear":941,"Counterbalance":137,"ReplayTheSpireMod:Ring of Addiction":167,"hubris:SphereOfDissonance":591,"Eternal Feather":1236,"Pen Nib":78,"ReplayTheSpireMod:SealedPack":1150,"Replay:Ancient Bell":1192,"infinitespire:Magic Flask":235,"aspiration:IroncladSkillbook":246,"aspiration:FrozenJewel":343,"infinitespire:EvilPickle":277,"SlaversCollar":49,"infinitespire:Broken Mirror":585,"Bird Faced Urn":547,"Pandora\u0027s Box":666,"hubris:TenFootPole":883,"infinitespire:PuzzleCube":255,"Unceasing Top":919,"hubris:Reverence":1056,"Regal Pillow":94,"aspiration:Lifesprig":323,"Lantern":832,"hubris:Metronome":978,"Torii":22,"Blue Doll":214,"Bag of Preparation":426,"hubris:EmptyBottle":94,"Ancient Tea Set":22,"Cursed Key":542,"Pet Ghost":137,"Replay:Rubber Ducky":126,"Shovel":12,"Ring of Fangs":167,"hubris:Backtick":971,"infinitespire:Bottled Soul":154,"Ring of Peace":418,"aspiration:AnachronicSnailShell":555,"hubris:CuriousFeather":289,"WingedGreaves":683,"Replay:Bottled Eggs":214,"Ring of Panic":480,"infinitespire:Eraser":1173,"InkBottle":523,"aspiration:ChemicalBlood":72,"hubris:GlazedTorus":441,"Ring of the Snake":0,"Potion Belt":431,"aspiration:VileToxins":1209,"Lee\u0027s Waffle":867,"downfall:HeartBlessingRed":31,"Replay:Fungal Core":804,"Basket Of Snakes":1060,"Damaru":343,"PreservedInsect":1056,"The Courier":1082,"Omamori":167,"hubris:Towel":656,"Busted Crown":632,"Ornamental Fan":742,"Orrery":1121,"Art of War":126,"Garlic":487,"ReplayTheSpireMod:Onyx Gauntlets":971,"Toy Ornithopter":167,"infinitespire:Midas Blood":462,"hubris:BottledRain":773,"Ice Cream":705,"Calipers":517,"hubris:CrystalStatue":555,"Vajra":761,"hubris:TerracottaHorce":1095,"Sozu":1150,"Centennial Puzzle":181,"Lizard Tail":1021,"DollysMirror":56,"Strawberry":193,"aspiration:ArtOfWarUpgrade":853,"Iron Hammer":718,"Byrd Skull":1209,"Happy Flower":555,"hubris:DuctTape":971,"ReplayTheSpireMod:CursedCoin":314,"Replay:Grab Bag":971,"Oddly Smooth Stone":31,"Ring of Chaos":116,"infinitespire:Beetle Shell":214,"SaiyanHeart":0,"aspiration:SeaSaltIceCream":137,"War Paint":31,"aspiration:HiddenCompartment":394,"Question Card":523,"Replay:Baseball":94,"Bottled Flame":610,"ReplayTheSpireMod:Shallot":545,"Bronze Scales":585,"Molten Egg 2":517,"hubris:PeanutButter":749,"ReplayTheSpireMod:TigerMarble":154,"Black Star":500,"Grinning Jar":773,"aspiration:HatOfInfinitePower":126,"Mirror":610,"Meat on the Bone":467,"Pocketwatch":545,"ReplayFunnel":823,"SacredBark":167,"Mango":56,"aspiration:TomeofQuesting":137,"Snake Skull":909,"hubris:SlimyHat":126,"ClockworkSouvenir":214,"aspiration:StickyExplosives_weak":948,"Replay:Bandana":725,"hubris:Icosahedron":705,"aspiration:DefectSkillbook":1067,"downfall:HeartBlessingBlue":49,"Mummified Hand":249,"Gambling Chip":226,"Runic Pyramid":381,"hubris:KleinBottle":126,"Gremlin Food":381,"BargainBundle":323,"ReplayTheSpireMod:Ninjato":699,"Quantum Egg":297,"ReplayTheSpireMod:Ring of Sloth":480,"Guide Book":725,"Replay:WaspNest":314,"aspiration:HummingbirdHeart":1121,"Orichalcum":441,"Odd Mushroom":763,"Calling Bell":441,"Strange Spoon":1236,"Pondfish Scales":94,"Anchor":418,"CaptainsWheel":773,"infinitespire:WardingShard":1143,"infinitespire:Satchel":402,"SaiyanSoul":0,"Bag of Marbles":233,"Snack Pack":323,"Membership Card":56,"PureWater":0,"TungstenRod":530,"hubris:AncientText":545,"FossilizedHelix":823,"hubris:Potato":879,"hubris:NiceRug":867}],"Ring of the Snake":[290]},"card_choices":[{"not_picked":["Backstab","Cloak And Dagger"],"picked":"Blur","floor":0.0},{"not_picked":["Hidden Blade","Sucker Punch"],"picked":"Dodge and Roll","floor":0.0},{"not_picked":["ReplayTheSpireMod:Shiv Toss","ReplayTheSpireMod:From All Sides"],"picked":"ReplayTheSpireMod:Scrap Shanks","floor":0.0},{"not_picked":["Outmaneuver","Underhanded Strike"],"picked":"Dagger Spray","floor":0.0},{"not_picked":["hubris:SlightOfHand","ReplayTheSpireMod:Exploit Weakness"],"picked":"Hidden Blade","floor":0.0},{"not_picked":["Deflect","Prepared"],"picked":"Cloak And Dagger","floor":1.0},{"not_picked":["Endless Agony","Flying Knee","Backflip"],"picked":"SKIP","floor":4.0},{"not_picked":["All Out Attack","Underhanded Strike"],"picked":"Dash","floor":5.0},{"not_picked":["Blade Dance","Sneak Up"],"picked":"Corpse Explosion","floor":7.0},{"not_picked":["Masterful Stab","ReplayTheSpireMod:The Works","hubris:SlightOfHand"],"picked":"SKIP","floor":8.0},{"not_picked":["Heel Hook","Acrobatics"],"picked":"Bane","floor":10.0},{"not_picked":["Reflex","Flying Knee"],"picked":"Catalyst","floor":12.0},{"not_picked":["Unload","ReplayTheSpireMod:From All Sides"],"picked":"Storm of Steel","floor":16.0},{"not_picked":["Saiyan:KaioKen","Zap"],"picked":"hexamod:Sear","floor":17.0},{"not_picked":["Die Die Die","Corpse Explosion"],"picked":"Bullet Time","floor":17.0},{"not_picked":["Replay:SS_fish_1","Replay:SS_fish_2"],"picked":"Madness","floor":17.0},{"not_picked":["infinitespire:TheBestDefense","hubris:Fate"],"picked":"ReplayTheSpireMod:Chaos Vortex","floor":17.0},{"not_picked":["Deflect","Underhanded Strike"],"picked":"Cloak And Dagger","floor":18.0},{"not_picked":["hubris:SlightOfHand","Bouncing Flask"],"picked":"Envenom","floor":19.0},{"not_picked":["Quick Slash+1","Hidden Blade","Acrobatics"],"picked":"SKIP","floor":20.0},{"not_picked":["Setup","ReplayTheSpireMod:The Works","PiercingWail+1"],"picked":"SKIP","floor":22.0},{"not_picked":["ReplayTheSpireMod:Speed Training+1","Finisher","Acrobatics"],"picked":"SKIP","floor":23.0},{"not_picked":["Poisoned Stab","Outmaneuver+1","Quick Slash+1"],"picked":"SKIP","floor":25.0},{"not_picked":["Noxious Fumes+1","Draining Mist"],"picked":"Sneak Up","floor":30.0},{"not_picked":["Dagger Spray","Deadly Poison"],"picked":"Bullet Time","floor":31.0},{"not_picked":["Grand Finale","Doppelganger"],"picked":"Burst","floor":33.0},{"not_picked":["ReplayTheSpireMod:Doomed","hubris:Lust"],"picked":"hubris:Envy","floor":34.0},{"not_picked":["Pain","ReplayTheSpireMod:Doomed"],"picked":"ReplayTheSpireMod:Faulty Equipment","floor":34.0},{"not_picked":["ReplayTheSpireMod:Doomed","Guardian:Aged"],"picked":"Replay:UnknownCurse","floor":34.0},{"not_picked":["ReplayTheSpireMod:Shiv Toss","Hidden Blade"],"picked":"Deadly Poison+1","floor":35.0},{"not_picked":["Choke","infinitespire:Neurotoxin","Flying Knee+1"],"picked":"SKIP","floor":36.0},{"not_picked":["Flying Knee","ReplayTheSpireMod:Scrap Shanks+1"],"picked":"Outmaneuver","floor":38.0},{"not_picked":["Finisher","Sneak Up+1","hubris:TrickCloak"],"picked":"SKIP","floor":41.0},{"not_picked":["Draining Mist+1","Bane"],"picked":"Infinite Blades","floor":44.0},{"not_picked":["Quick Slash","Leg Sweep","Dagger Throw+1"],"picked":"SKIP","floor":45.0},{"not_picked":["ReplayTheSpireMod:Shiv Toss","Backflip+1"],"picked":"Poison Darts","floor":47.0},{"not_picked":["Good Instincts","Swift Strike"],"picked":"Trip","floor":48.0},{"not_picked":[],"picked":"Blade Dance","floor":53.0},{"not_picked":[],"picked":"Crippling Poison","floor":53.0},{"not_picked":[],"picked":"Caltrops","floor":53.0},{"not_picked":[],"picked":"Master of Strategy","floor":53.0},{"not_picked":["Backstab"],"picked":"SKIP","floor":53.0},{"not_picked":["Masterful Stab"],"picked":"SKIP","floor":53.0},{"not_picked":["expansioncontent:AwakenDeath"],"picked":"SKIP","floor":53.0},{"not_picked":["Dagger Throw","Choke+1"],"picked":"Well Laid Plans","floor":54}],"player_experience":582369,"relics_obtained":[{"floor":9.0,"key":"Replay:WaspNest"},{"floor":12.0,"key":"infinitespire:WardingShard"},{"floor":23.0,"key":"infinitespire:Eraser"},{"floor":25.0,"key":"Ginger"},{"floor":31.0,"key":"infinitespire:PuzzleCube"},{"floor":41.0,"key":"Byrd Skull"},{"floor":43.0,"key":"Replay:Ringing Soul"},{"floor":53.0,"key":"infinitespire:Bottled Soul"},{"floor":53.0,"key":"Eternal Feather"},{"floor":53.0,"key":"Strange Spoon"},{"floor":54,"key":"Replay:Bottled Eggs"}],"event_choices":[{"damage_healed":0.0,"max_hp_gain":0.0,"max_hp_loss":0.0,"gold_gain":0.0,"event_name":"Lab","player_choice":"Got Potions","floor":3.0,"gold_loss":0.0,"damage_taken":0.0},{"damage_healed":0.0,"max_hp_gain":0.0,"max_hp_loss":0.0,"gold_gain":0.0,"event_name":"The Library","player_choice":"Read","floor":21.0,"gold_loss":0.0,"damage_taken":0.0,"cards_obtained":["Replay:Bag of Tricks"]},{"damage_healed":0.0,"max_hp_gain":0.0,"max_hp_loss":0.0,"gold_gain":275.0,"event_name":"Golden Shrine","player_choice":"Desecrate","floor":29.0,"gold_loss":0.0,"damage_taken":0.0,"cards_obtained":["Regret"]},{"cards_removed":["Replay:UnknownCurse","ReplayTheSpireMod:Faulty Equipment","hubris:Despair"],"damage_healed":0.0,"max_hp_gain":0.0,"max_hp_loss":0.0,"gold_gain":0.0,"event_name":"Fountain of Cleansing","player_choice":"Removed Curses","floor":39.0,"gold_loss":0.0,"damage_taken":0.0},{"damage_healed":0.0,"max_hp_gain":0.0,"max_hp_loss":0.0,"gold_gain":0.0,"event_name":"SensoryStone","player_choice":"Memory 1","floor":48.0,"gold_loss":0.0,"damage_taken":0.0}],"is_beta":false,"boss_relics":[{"not_picked":["Tiny House","Empty Cage"],"picked":"Replay:Grab Bag"},{"not_picked":["hubris:GrandSneckoEye","hubris:RunicObelisk"],"picked":"Replay:Bronze Core"},{"not_picked":["Painkiller Herb","infinitespire:Cupcake"],"picked":"Sozu"},{"not_picked":["Black Star","Runic Pyramid"],"picked":"ReplayTheSpireMod:SealedPack"},{"not_picked":["hubris:ScarierMask","Replay:Drink Me"],"picked":"Replay:Ancient Bell"},{"not_picked":["hubris:TenFootPole","Regal Pillow"],"picked":"Oddly Smooth Stone"},{"not_picked":["infinitespire:Broken Mirror","hubris:SphereOfDissonance"],"picked":"Ornamental Fan"},{"not_picked":["Shovel","aspiration:HatOfInfinitePower"],"picked":"Vampiric Spirits"}],"items_purged_floors":[37,42],"is_endless":false,"potions_floor_spawned":[5,7,10,18,23,30,35,38],"ascension_level":6}}