{"host":"vyjryxuuuxkt43k4","time":1610721958,"event":{"mods":["AchievementEnabler","BaseMod","Colored Map","DeckTracker","Minty Spire (QoL Compilation)","Permanent Neow","Quick Restart","StSLib","SuperFastMode","everything is the same but u backflip on backflip"],"gold_per_floor":[10,27,27,48,69,69,113,213,213,233,257,257,278,318,318,443,443,462,70,40,40,84,84,109,109],"floor_reached":24,"language":"KOR","playtime":1258,"items_purged":[],"score":231,"play_id":"d4e21ffc-a566-4a1b-9c7a-83959844ac31","local_time":"20210115234558","is_ascension_mode":true,"campfire_choices":[{"data":"Eruption","floor":6.0,"key":"SMITH"},{"floor":12.0,"key":"REST"},{"data":"MentalFortress","floor":15.0,"key":"SMITH"},{"data":"FearNoEvil","floor":23,"key":"SMITH"}],"circlet_count":0,"master_deck":["Strike_P","Strike_P","Strike_P","Defend_P","Defend_P","Defend_P","Eruption+1","Vigilance+1","MentalFortress+1","EmptyBody+1","InnerPeace","Wish","Halt","FearNoEvil+1"],"relics":["PureWater","Golden Idol","Omamori","War Paint","Gremlin Horn","Philosopher\u0027s Stone","Bag of Preparation","Mummified Hand"],"acts_visited":["Exordium","TheCity"],"potions_floor_usage":[],"damage_taken":[{"damage":4.0,"enemies":"Small Slimes","floor":1.0,"turns":5.0},{"damage":0.0,"enemies":"Jaw Worm","floor":2.0,"turns":3.0},{"damage":0.0,"enemies":"Cultist","floor":4.0,"turns":5.0},{"damage":23.0,"enemies":"Lots of Slimes","floor":5.0,"turns":4.0},{"damage":17.0,"enemies":"Lagavulin","floor":7.0,"turns":7.0},{"damage":0.0,"enemies":"Large Slime","floor":10.0,"turns":6.0},{"damage":4.0,"enemies":"Red Slaver","floor":11.0,"turns":4.0},{"damage":0.0,"enemies":"Lots of Slimes","floor":13.0,"turns":4.0},{"damage":1.0,"enemies":"Gremlin Nob","floor":14.0,"turns":5.0},{"damage":8.0,"enemies":"The Guardian","floor":16.0,"turns":22.0},{"damage":0.0,"enemies":"Chosen","floor":18.0,"turns":6.0},{"damage":1.0,"enemies":"2 Thieves","floor":20.0,"turns":2.0},{"damage":20,"enemies":"Centurion and Healer","floor":22,"turns":9},{"damage":51,"enemies":"Gremlin Leader","floor":24,"turns":5}],"seed_played":"5038853678813426781","potions_obtained":[{"floor":1.0,"key":"SmokeBomb"},{"floor":7.0,"key":"BottledMiracle"},{"floor":10.0,"key":"LiquidMemories"},{"floor":13.0,"key":"FearPotion"},{"floor":18.0,"key":"Dexterity Potion"}],"is_trial":false,"path_per_floor":["M","M","?","M","M","R","E","?","T","M","M","R","M","E","R","B",null,"M","$","M","$","M","R","E"],"character_chosen":"WATCHER","items_purchased":["Bag of Preparation","Mummified Hand"],"campfire_rested":1,"item_purchase_floors":[19,19],"current_hp_per_floor":[68,68,50,50,27,27,10,10,10,10,6,27,27,26,26,18,72,72,72,71,71,51,51,0,0],"gold":109,"neow_bonus":"REMOVE_TWO","is_daily":false,"chose_seed":false,"campfire_upgraded":3,"win_rate":0.0,"timestamp":1610721958,"path_taken":["M","M","?","M","M","R","E","?","T","?","M","R","M","E","R","BOSS","M","$","M","?","M","R","E"],"items_purchased_type":["Relic","Relic"],"build_version":"2020-12-22","purchased_purges":0,"victory":false,"max_hp_per_floor":[72,72,72,72,72,72,72,72,72,72,72,72,72,72,72,72,72,72,72,72,72,72,72,72,72],"card_choices":[{"not_picked":["Indignation","BattleHymn"],"picked":"MentalFortress","floor":1.0},{"not_picked":["SignatureMove","JustLucky","Evaluate"],"picked":"SKIP","floor":2.0},{"not_picked":["FollowUp","WreathOfFlame","Evaluate"],"picked":"SKIP","floor":4.0},{"not_picked":["CrushJoints","ReachHeaven"],"picked":"EmptyBody","floor":5.0},{"not_picked":["Wallop","CutThroughFate","JustLucky"],"picked":"SKIP","floor":7.0},{"not_picked":["WheelKick","ForeignInfluence"],"picked":"InnerPeace","floor":10.0},{"not_picked":["Conclude","Prostrate","Crescendo"],"picked":"SKIP","floor":11.0},{"not_picked":["Worship","ClearTheMind","PathToVictory"],"picked":"SKIP","floor":13.0},{"not_picked":["CarveReality","Wallop","Protect"],"picked":"SKIP","floor":14.0},{"not_picked":["SpiritShield","Omniscience"],"picked":"Wish","floor":16.0},{"not_picked":["Evaluate","CutThroughFate"],"picked":"Halt","floor":18.0},{"not_picked":["SignatureMove","Fasting2"],"picked":"FearNoEvil","floor":22}],"player_experience":336948,"relics_obtained":[{"floor":7.0,"key":"Omamori"},{"floor":9.0,"key":"War Paint"},{"floor":14.0,"key":"Gremlin Horn"}],"event_choices":[{"damage_healed":0.0,"max_hp_gain":0.0,"max_hp_loss":0.0,"gold_gain":0.0,"event_name":"Golden Idol","player_choice":"Take Damage","floor":3.0,"gold_loss":0.0,"damage_taken":18.0,"relics_obtained":["Golden Idol"]},{"damage_healed":0.0,"max_hp_gain":0.0,"max_hp_loss":0.0,"gold_gain":100.0,"event_name":"Golden Shrine","player_choice":"Pray","floor":8.0,"gold_loss":0.0,"damage_taken":0.0}],"is_beta":false,"boss_relics":[{"not_picked":["Fusion Hammer","SlaversCollar"],"picked":"Philosopher\u0027s Stone"}],"items_purged_floors":[],"is_endless":false,"potions_floor_spawned":[1,7,10,13,18],"killed_by":"Gremlin Leader","ascension_level":2}}