{"host":"7tvb1em0d2fx72q7","time":1610672997,"event":{"mods":["BaseMod","Challenge The Spire","Minty Spire (QoL Compilation)","StSLib","everything is the same but u backflip on backflip"],"gold_per_floor":[116,135,146,146,156,181,181,209,279,279,299,330,330,255,255,327,327,338,358,283,283,32,62,82,82,106,137,151,151,151,183,183,183,183],"floor_reached":33,"language":"ENG","playtime":3411,"items_purged":[],"score":696,"play_id":"07737fb7-53dc-4054-b5f2-8f0fbded133a","local_time":"20210114200957","is_ascension_mode":true,"campfire_choices":[{"data":"Carnage","floor":7.0,"key":"SMITH"},{"data":"Bash","floor":10.0,"key":"SMITH"},{"data":"Offering","floor":13.0,"key":"SMITH"},{"data":"Pommel Strike","floor":15.0,"key":"SMITH"},{"data":"Corruption","floor":25,"key":"SMITH"},{"data":"Berserk","floor":30,"key":"SMITH"},{"floor":32,"key":"REST"}],"circlet_count":0,"master_deck":["AscendersBane","Strike_R","Defend_R","Defend_R","Defend_R","Defend_R","Bash+1","Pommel Strike+1","Carnage+1","Headbutt","Carnage+1","Offering+1","Second Wind","Sentinel+1","Corruption+1","Sentinel+1","Battle Trance+1","Exhume+1","Berserk+1","Intimidate+1","Feed","Warcry+1","Ghostly Armor+1","True Grit+1","True Grit+1"],"relics":["Burning Blood","Regal Pillow","Thread and Needle","Toxic Egg 2","Akabeko","Black Star","Oddly Smooth Stone","Bag of Preparation","Juzu Bracelet","Blood Vial","Orichalcum","Ginger","Bronze Scales"],"acts_visited":["Exordium","TheCity"],"potions_floor_usage":[19,19,33],"damage_taken":[{"damage":1.0,"enemies":"Small Slimes","floor":1.0,"turns":4.0},{"damage":4.0,"enemies":"Jaw Worm","floor":2.0,"turns":5.0},{"damage":0.0,"enemies":"2 Louse","floor":3.0,"turns":3.0},{"damage":2.0,"enemies":"Large Slime","floor":5.0,"turns":3.0},{"damage":0.0,"enemies":"Gremlin Nob","floor":6.0,"turns":2.0},{"damage":10.0,"enemies":"3 Sentries","floor":8.0,"turns":7.0},{"damage":2.0,"enemies":"3 Louse","floor":11.0,"turns":4.0},{"damage":22.0,"enemies":"Lagavulin","floor":12.0,"turns":4.0},{"damage":33.0,"enemies":"Slime Boss","floor":16.0,"turns":9.0},{"damage":6,"enemies":"Spheric Guardian","floor":18,"turns":1},{"damage":6,"enemies":"3 Byrds","floor":19,"turns":5},{"damage":31,"enemies":"Book of Stabbing","floor":23,"turns":5},{"damage":12,"enemies":"Sentry and Sphere","floor":24,"turns":4},{"damage":8,"enemies":"Slavers","floor":27,"turns":4},{"damage":8,"enemies":"Snake Plant","floor":28,"turns":2},{"damage":30,"enemies":"Gremlin Leader","floor":31,"turns":3},{"damage":86,"enemies":"Automaton","floor":33,"turns":10}],"seed_played":"-3965216921868914329","potions_obtained":[{"floor":2.0,"key":"FearPotion"},{"floor":5.0,"key":"HeartOfIron"},{"floor":6.0,"key":"AttackPotion"},{"floor":11.0,"key":"SmokeBomb"},{"floor":16.0,"key":"ColorlessPotion"},{"floor":18,"key":"Block Potion"},{"floor":28,"key":"Fire Potion"}],"is_trial":false,"path_per_floor":["M","M","M","?","M","E","R","E","T","R","M","E","R","?","R","B",null,"M","M","?","?","$","E","M","R","T","E","M","?","R","E","R","B"],"character_chosen":"IRONCLAD","items_purchased":["Intimidate+1","Oddly Smooth Stone"],"campfire_rested":1,"item_purchase_floors":[22,22],"current_hp_per_floor":[80,82,82,82,82,82,82,78,78,78,82,66,66,66,66,39,71,71,71,71,71,71,46,46,46,46,44,44,44,44,25,67,0,0],"gold":183,"neow_bonus":"TEN_PERCENT_HP_BONUS","is_daily":false,"chose_seed":false,"campfire_upgraded":6,"win_rate":0.0,"timestamp":1610672997,"path_taken":["M","M","M","?","M","E","R","E","T","R","M","E","R","?","R","BOSS","M","M","?","?","$","E","M","R","T","E","M","?","R","E","R","BOSS"],"items_purchased_type":["Card","Relic"],"build_version":"2020-12-22","purchased_purges":0,"victory":false,"max_hp_per_floor":[82,82,82,82,82,82,82,82,82,82,82,82,82,82,82,82,82,82,82,82,82,82,82,88,88,88,88,88,88,88,91,91,91,91],"card_choices":[{"not_picked":["Flex","Entrench"],"picked":"Pommel Strike","floor":1.0},{"not_picked":["Feel No Pain","Rampage"],"picked":"Carnage","floor":2.0},{"not_picked":["Disarm","Armaments"],"picked":"Headbutt","floor":3.0},{"not_picked":["Thunderclap","Blood for Blood"],"picked":"Carnage","floor":5.0},{"not_picked":["Dropkick","Body Slam"],"picked":"Offering","floor":6.0},{"not_picked":["Pommel Strike","Dropkick"],"picked":"Second Wind","floor":8.0},{"not_picked":["Warcry+1","Iron Wave"],"picked":"Sentinel+1","floor":11.0},{"not_picked":["Infernal Blade+1","Heavy Blade","Dual Wield+1"],"picked":"SKIP","floor":12.0},{"not_picked":["Bludgeon","Barricade"],"picked":"Corruption","floor":16.0},{"not_picked":["Flex+1","Entrench+1"],"picked":"Sentinel+1","floor":18},{"not_picked":["Clothesline","Twin Strike"],"picked":"Battle Trance+1","floor":19},{"not_picked":["Pommel Strike","Armaments+1"],"picked":"Feed","floor":23},{"not_picked":["Clothesline+1","Second Wind+1"],"picked":"Warcry+1","floor":24},{"not_picked":["Flex+1","Wild Strike+1"],"picked":"Ghostly Armor+1","floor":27},{"not_picked":["Twin Strike","Clothesline"],"picked":"True Grit+1","floor":28},{"not_picked":["Pommel Strike","Anger+1"],"picked":"True Grit+1","floor":31}],"player_experience":1916785,"relics_obtained":[{"floor":6.0,"key":"Regal Pillow"},{"floor":8.0,"key":"Thread and Needle"},{"floor":9.0,"key":"Toxic Egg 2"},{"floor":12.0,"key":"Akabeko"},{"floor":23,"key":"Bag of Preparation"},{"floor":23,"key":"Juzu Bracelet"},{"floor":27,"key":"Blood Vial"},{"floor":27,"key":"Orichalcum"},{"floor":31,"key":"Ginger"},{"floor":31,"key":"Bronze Scales"}],"event_choices":[{"damage_healed":0.0,"max_hp_gain":0.0,"max_hp_loss":0.0,"gold_gain":0.0,"event_name":"Living Wall","player_choice":"Grow","floor":4.0,"gold_loss":0.0,"damage_taken":0.0,"cards_upgraded":["Carnage"]},{"cards_removed":["Strike_R"],"damage_healed":0.0,"max_hp_gain":0.0,"max_hp_loss":0.0,"gold_gain":0.0,"event_name":"The Cleric","player_choice":"Card Removal","floor":14.0,"gold_loss":75.0,"damage_taken":0.0},{"cards_removed":["Strike_R"],"damage_healed":0,"gold_gain":0,"player_choice":"Gave Gold","damage_taken":0,"max_hp_gain":0,"max_hp_loss":0,"event_name":"Beggar","floor":20,"gold_loss":75},{"damage_healed":0,"gold_gain":0,"cards_transformed":["Strike_R","Strike_R"],"player_choice":"Became Test Subject","damage_taken":0,"max_hp_gain":0,"max_hp_loss":0,"event_name":"Drug Dealer","floor":21,"gold_loss":0,"cards_obtained":["Exhume","Berserk"]},{"damage_healed":0,"gold_gain":0,"player_choice":"Ignored","damage_taken":0,"max_hp_gain":0,"max_hp_loss":0,"event_name":"Vampires","floor":29,"gold_loss":0}],"is_beta":false,"boss_relics":[{"not_picked":["SacredBark","Velvet Choker"],"picked":"Black Star"}],"items_purged_floors":[],"is_endless":false,"potions_floor_spawned":[2,5,6,11,16,18,28],"killed_by":"Automaton","ascension_level":20}}