{"host":"kgfs5ebhusfk1t4t","time":1610718520,"event":{"mods":["BaseMod","Colored Map","DeckTracker","Highlight Path","KOR Keyword Fix","Keyboard Shortcuts","Minty Spire (QoL Compilation)","Permanent Neow","Quick Restart","StSLib","SuperFastMode","everything is the same but u backflip on backflip"],"gold_per_floor":[363,363,384,28,44,44,65,85,136,11,42,62,87,120,120,249,249,249,249,249,249,249,249,249,249,249,249,249],"floor_reached":27,"language":"KOR","playtime":1422,"items_purged":["Normality","Injury"],"score":373,"play_id":"a071483b-a9b6-4f42-80f8-b69f787ba287","local_time":"20210115224840","is_ascension_mode":true,"campfire_choices":[{"data":"Bash","floor":6.0,"key":"SMITH"},{"floor":15,"key":"REST"},{"floor":23,"key":"RECALL"}],"circlet_count":0,"master_deck":["AscendersBane","Strike_R","Strike_R","Strike_R","Strike_R","Strike_R","Defend_R","Defend_R","Defend_R","Defend_R","Bash+1","Shrug It Off","Clothesline","Uppercut","Shrug It Off","Wild Strike","Sever Soul","Cleave","Battle Trance","Spot Weakness","Shrug It Off","Dropkick","Reaper","Headbutt","Battle Trance","Thunderclap+1","Power Through","Fire Breathing","Inflame","Sword Boomerang"],"relics":["Burning Blood","Golden Idol","Paper Frog","Regal Pillow","Bottled Lightning","Strawberry","Ectoplasm"],"acts_visited":["Exordium","TheCity"],"potions_floor_usage":[14,14,19,19,20,25,27],"damage_taken":[{"damage":2.0,"enemies":"Small Slimes","floor":1.0,"turns":4.0},{"damage":7.0,"enemies":"Jaw Worm","floor":3.0,"turns":5.0},{"damage":5.0,"enemies":"Cultist","floor":5.0,"turns":4.0},{"damage":14.0,"enemies":"Exordium Wildlife","floor":7.0,"turns":5.0},{"damage":10.0,"enemies":"Looter","floor":8.0,"turns":4.0},{"damage":20.0,"enemies":"3 Sentries","floor":11.0,"turns":8.0},{"damage":9.0,"enemies":"Blue Slaver","floor":12.0,"turns":4.0},{"damage":0.0,"enemies":"Exordium Wildlife","floor":13.0,"turns":2.0},{"damage":29,"enemies":"Gremlin Nob","floor":14,"turns":4},{"damage":65,"enemies":"The Guardian","floor":16,"turns":11},{"damage":0,"enemies":"Chosen","floor":18,"turns":3},{"damage":18,"enemies":"3 Byrds","floor":19,"turns":5},{"damage":0,"enemies":"Snecko","floor":20,"turns":3},{"damage":24,"enemies":"Cultist and Chosen","floor":21,"turns":5},{"damage":4,"enemies":"Chosen and Byrds","floor":22,"turns":5},{"damage":26,"enemies":"Snecko","floor":24,"turns":6},{"damage":16,"enemies":"Shelled Parasite and Fungi","floor":25,"turns":5},{"damage":60,"enemies":"Slavers","floor":27,"turns":4}],"seed_played":"6595037774469480690","potions_obtained":[{"floor":3.0,"key":"BlessingOfTheForge"},{"floor":11.0,"key":"SteroidPotion"},{"floor":13.0,"key":"Strength Potion"},{"floor":18,"key":"Regen Potion"},{"floor":19,"key":"EntropicBrew"},{"floor":24,"key":"BlessingOfTheForge"}],"is_trial":false,"path_per_floor":["M","?","M","$","M","R","M","M","T","$","E","M","M","E","R","B",null,"M","M","M","M","M","R","M","M","T","E"],"character_chosen":"IRONCLAD","items_purchased":["Paper Frog","Uppercut","Cleave"],"campfire_rested":1,"item_purchase_floors":[4,4,10],"current_hp_per_floor":[76,76,75,75,76,76,68,64,64,64,50,47,53,37,78,19,70,76,84,87,69,71,71,63,53,53,0,0],"gold":249,"neow_bonus":"TWO_FIFTY_GOLD","is_daily":false,"chose_seed":false,"campfire_upgraded":1,"win_rate":0.0,"timestamp":1610718520,"path_taken":["M","?","M","$","M","R","M","M","T","?","E","M","M","E","R","BOSS","M","M","M","M","M","R","M","M","T","E"],"items_purchased_type":["Relic","Card","Card"],"build_version":"2020-12-22","purchased_purges":2,"victory":false,"max_hp_per_floor":[80,80,80,80,80,80,80,80,80,80,80,80,80,87,87,87,87,87,87,87,87,87,87,87,87,87,87,87],"card_choices":[{"not_picked":["Power Through","Body Slam"],"picked":"Shrug It Off","floor":1.0},{"not_picked":["Evolve","Thunderclap"],"picked":"Clothesline","floor":3.0},{"not_picked":["Pommel Strike","Clash"],"picked":"Shrug It Off","floor":5.0},{"not_picked":["Demon Form","Searing Blow"],"picked":"Wild Strike","floor":7.0},{"not_picked":["Shrug It Off","Twin Strike"],"picked":"Sever Soul","floor":8.0},{"not_picked":["Shrug It Off","Heavy Blade"],"picked":"Battle Trance","floor":11.0},{"not_picked":["Dark Embrace","Searing Blow"],"picked":"Spot Weakness","floor":12.0},{"not_picked":["Pommel Strike","Sword Boomerang"],"picked":"Shrug It Off","floor":13.0},{"not_picked":["Shockwave","Second Wind"],"picked":"Dropkick","floor":14},{"not_picked":["Offering","Fiend Fire"],"picked":"Reaper","floor":16},{"not_picked":["Anger+1","Intimidate"],"picked":"Headbutt","floor":18},{"not_picked":["Heavy Blade","Havoc"],"picked":"Battle Trance","floor":19},{"not_picked":["Armaments","Heavy Blade"],"picked":"Thunderclap+1","floor":20},{"not_picked":["Clash","Body Slam"],"picked":"Power Through","floor":21},{"not_picked":["Havoc","Shrug It Off"],"picked":"Fire Breathing","floor":22},{"not_picked":["Flex","Reckless Charge"],"picked":"Inflame","floor":24},{"not_picked":["Flex","Perfected Strike"],"picked":"Sword Boomerang","floor":25}],"player_experience":490640,"relics_obtained":[{"floor":9.0,"key":"Regal Pillow"},{"floor":11.0,"key":"Bottled Lightning"},{"floor":14,"key":"Strawberry"}],"event_choices":[{"damage_healed":0.0,"max_hp_gain":0.0,"max_hp_loss":0.0,"gold_gain":0.0,"event_name":"Golden Idol","player_choice":"Take Wound","floor":2.0,"gold_loss":0.0,"damage_taken":0.0,"relics_obtained":["Golden Idol"],"cards_obtained":["Injury"]}],"is_beta":false,"boss_relics":[{"not_picked":["Black Star","Runic Cube"],"picked":"Ectoplasm"}],"items_purged_floors":[4,10],"is_endless":false,"potions_floor_spawned":[3,11,13,18,19,24],"killed_by":"Slavers","ascension_level":12}}