{"host":"e2ju6k0wppswbhbd","time":1610749305,"event":{"mods":["BaseMod","Minty Spire (QoL Compilation)","Rare Cards Sparkle","StSLib"],"gold_per_floor":[113,131,143,143,160,192,210,210,210,210,253,273,309,333,333,447,456,483,483,503,26,50,50,70,70,70],"floor_reached":25,"language":"FRA","playtime":3503,"items_purged":["Strike_P"],"score":252,"play_id":"58f13c55-7176-41ad-b6d1-57f3b0ca9366","local_time":"20210115232145","is_ascension_mode":false,"campfire_choices":[{"floor":8,"key":"RECALL"},{"data":"Eruption","floor":10,"key":"SMITH"},{"data":"Wallop","floor":15,"key":"SMITH"},{"floor":23,"key":"REST"}],"circlet_count":0,"master_deck":["Strike_P","Strike_P","Strike_P","Defend_P","Defend_P","Defend_P+1","Eruption+1","Vigilance+1","Prostrate","ThirdEye","Evaluate","Wallop+1","ClearTheMind","LikeWater","PathToVictory","Consecrate","SandsOfTime","PathToVictory","EmptyBody","Brilliance","CurseOfTheBell","WaveOfTheHand","BattleHymn","FearNoEvil","Protect"],"relics":["PureWater","Regal Pillow","War Paint","CeramicFish","Blue Candle","Calling Bell","Pen Nib","Question Card","FossilizedHelix","Frozen Egg 2","Bag of Preparation"],"acts_visited":["Exordium","TheCity"],"potions_floor_usage":[6,6,13,20,22,22],"damage_taken":[{"damage":0,"enemies":"2 Louse","floor":1,"turns":3},{"damage":0,"enemies":"Cultist","floor":2,"turns":3},{"damage":0,"enemies":"Jaw Worm","floor":3,"turns":4},{"damage":0,"enemies":"Exordium Wildlife","floor":5,"turns":3},{"damage":5,"enemies":"3 Sentries","floor":6,"turns":6},{"damage":0,"enemies":"3 Louse","floor":7,"turns":4},{"damage":0,"enemies":"Lagavulin","floor":11,"turns":8},{"damage":1,"enemies":"Blue Slaver","floor":12,"turns":3},{"damage":1,"enemies":"3 Sentries","floor":13,"turns":13},{"damage":11,"enemies":"Exordium Thugs","floor":14,"turns":6},{"damage":26,"enemies":"Slime Boss","floor":16,"turns":10},{"damage":19,"enemies":"Spheric Guardian","floor":18,"turns":9},{"damage":10,"enemies":"2 Thieves","floor":20,"turns":3},{"damage":9,"enemies":"Snake Plant","floor":22,"turns":4},{"damage":20,"enemies":"3 Cultists","floor":24,"turns":5},{"damage":58,"enemies":"Book of Stabbing","floor":25,"turns":9}],"seed_played":"5209062564563622499","potions_obtained":[{"floor":2,"key":"Fire Potion"},{"floor":5,"key":"AttackPotion"},{"floor":6,"key":"EssenceOfSteel"},{"floor":13,"key":"CultistPotion"},{"floor":14,"key":"PowerPotion"},{"floor":20,"key":"Explosive Potion"}],"is_trial":false,"path_per_floor":["M","M","M","?","M","E","M","R","T","R","E","M","E","M","R","B",null,"M","?","M","$","M","R","M","E"],"character_chosen":"WATCHER","items_purchased":["Frozen Egg 2","Bag of Preparation"],"campfire_rested":1,"item_purchase_floors":[21,21],"current_hp_per_floor":[72,72,72,77,77,72,72,72,72,72,72,71,70,59,59,33,77,58,58,48,48,39,77,57,0,0],"gold":70,"neow_bonus":"THREE_CARDS","is_daily":false,"chose_seed":false,"campfire_upgraded":2,"win_rate":0.0,"timestamp":1610749305,"path_taken":["M","M","M","?","M","E","M","R","T","R","E","M","E","M","R","BOSS","M","?","?","$","M","R","?","E"],"items_purchased_type":["Relic","Relic"],"build_version":"2020-12-22","purchased_purges":1,"victory":false,"max_hp_per_floor":[72,72,72,77,77,77,77,77,77,77,77,77,77,77,77,77,77,77,77,77,77,77,77,77,77,77],"card_choices":[{"not_picked":["ThirdEye","Swivel"],"picked":"Prostrate","floor":0},{"not_picked":["SashWhip","BowlingBash"],"picked":"ThirdEye","floor":1},{"not_picked":["JustLucky","ThirdEye"],"picked":"Evaluate","floor":2},{"not_picked":["EmptyMind","SandsOfTime"],"picked":"Wallop","floor":3},{"not_picked":["ConjureBlade","CutThroughFate"],"picked":"ClearTheMind","floor":5},{"not_picked":["Halt","SignatureMove"],"picked":"LikeWater","floor":6},{"not_picked":["FlurryOfBlows","Crescendo"],"picked":"PathToVictory","floor":7},{"not_picked":["Worship","SandsOfTime"],"picked":"Consecrate","floor":11},{"not_picked":["Fasting2","CrushJoints"],"picked":"SandsOfTime","floor":12},{"not_picked":["Tantrum","Crescendo"],"picked":"PathToVictory","floor":13},{"not_picked":["SashWhip","Indignation"],"picked":"EmptyBody","floor":14},{"not_picked":["Omniscience","DevaForm"],"picked":"Brilliance","floor":16},{"not_picked":["Tantrum","BowlingBash","Swivel"],"picked":"WaveOfTheHand","floor":18},{"not_picked":["ForeignInfluence","DevaForm","FlurryOfBlows+1"],"picked":"BattleHymn","floor":20},{"not_picked":["Weave+1","SignatureMove","Meditate"],"picked":"FearNoEvil","floor":22},{"not_picked":["FlurryOfBlows","CarveReality+1","CrushJoints"],"picked":"Protect","floor":24}],"player_experience":2678103,"relics_obtained":[{"floor":6,"key":"Regal Pillow"},{"floor":9,"key":"War Paint"},{"floor":11,"key":"CeramicFish"},{"floor":13,"key":"Blue Candle"},{"floor":17,"key":"Pen Nib"},{"floor":17,"key":"Question Card"},{"floor":17,"key":"FossilizedHelix"}],"event_choices":[{"damage_healed":0,"gold_gain":0,"player_choice":"Donut","damage_taken":0,"max_hp_gain":5,"max_hp_loss":0,"event_name":"Big Fish","floor":4,"gold_loss":0},{"cards_removed":["Defend_P"],"damage_healed":0,"gold_gain":0,"player_choice":"Offered Basic","damage_taken":0,"max_hp_gain":0,"max_hp_loss":0,"event_name":"Bonfire Elementals","floor":19,"gold_loss":0}],"is_beta":false,"boss_relics":[{"not_picked":["Velvet Choker","Astrolabe"],"picked":"Calling Bell"}],"items_purged_floors":[21],"is_endless":false,"potions_floor_spawned":[2,5,6,13,14,20],"killed_by":"Book of Stabbing","ascension_level":0}}