{"host":"heot42mtselsoupx","time":1610714499,"event":{"mods":["ATMod(°¢èªMod)","BaseMod","Minty Spire (QoL Compilation)","Quick Restart","StSLib","¡¾ÒÅÎï¿¨ÅÆ¡¿REMEMod"],"gold_per_floor":[109,119,41,41,41,41,41,41,41,80,5,18,18,38,38,162,162,176,197,97,117,42,42,42,42,42,80,94,113,62,80,80,80,80],"floor_reached":33,"language":"ZHS","playtime":1209,"items_purged":["Defend_R","Strike_R"],"score":315,"play_id":"d623bab1-14fc-44bd-a117-a02b76f9df9b","local_time":"20210115204139","is_ascension_mode":false,"campfire_choices":[{"data":"REME_Scribble","floor":6,"key":"SMITH"},{"data":"Offering","floor":13,"key":"SMITH"},{"data":"Spot Weakness","floor":15,"key":"SMITH"},{"data":"AT_EmpoweredMortalDraw","floor":23,"key":"SMITH"},{"data":"Seeing Red","floor":25,"key":"SMITH"},{"data":"AT_SoftenMuscles","floor":32,"key":"SMITH"}],"circlet_count":0,"master_deck":["Strike_R+1","Strike_R+1","Strike_R","Defend_R","Defend_R","Defend_R","Bash","Offering+1","AT_SoftenMuscles+1","Iron Wave","REME_Scribble+1","Combust","Strike_R","Seeing Red+1","Cleave","Spot Weakness+1","Feed","AT_EmpoweredMortalDraw+1","AT_IchimonjiDouble","Hemokinesis","AT_Dispersion","Pain","Blood for Blood"],"relics":["Burning Blood","REME_ComplimentaryCards","AT_ATBox","Golden Idol","AT_ArchangelStaff","Boot","AT_MortalBlade","WarpedTongs","AT_BellDemon"],"acts_visited":["Exordium","TheCity"],"potions_floor_usage":[10,16,16,30,33,33],"damage_taken":[{"damage":9,"enemies":"Cultist","floor":1,"turns":5},{"damage":13,"enemies":"2 Louse","floor":2,"turns":4},{"damage":21,"enemies":"Gremlin Nob","floor":10,"turns":4},{"damage":12,"enemies":"Small Slimes","floor":12,"turns":2},{"damage":10,"enemies":"Exordium Thugs","floor":14,"turns":3},{"damage":36,"enemies":"Hexaghost","floor":16,"turns":6},{"damage":0,"enemies":"Spheric Guardian","floor":18,"turns":1},{"damage":18,"enemies":"Shell Parasite","floor":19,"turns":3},{"damage":21,"enemies":"Cultist and Chosen","floor":21,"turns":3},{"damage":9,"enemies":"Gremlin Leader","floor":27,"turns":2},{"damage":2,"enemies":"Sentry and Sphere","floor":28,"turns":2},{"damage":43,"enemies":"Snecko","floor":29,"turns":4},{"damage":3,"enemies":"Snake Plant","floor":31,"turns":1},{"damage":68,"enemies":"Champ","floor":33,"turns":6}],"seed_played":"2013074576492606487","potions_obtained":[{"floor":1,"key":"Weak Potion"},{"floor":2,"key":"BloodPotion"},{"floor":12,"key":"SteroidPotion"},{"floor":16,"key":"EssenceOfSteel"},{"floor":18,"key":"SkillPotion"},{"floor":21,"key":"FearPotion"}],"is_trial":false,"path_per_floor":["M","M","$","?","$","R","?","?","T","E","$","M","R","M","R","B",null,"M","M","$","M","?","R","?","R","T","E","M","M","$","M","R","B"],"character_chosen":"IRONCLAD","items_purchased":["Combust","BloodPotion"],"campfire_rested":0,"item_purchase_floors":[3,30],"current_hp_per_floor":[77,70,70,70,70,70,70,55,55,58,58,55,55,54,54,27,86,86,77,77,65,65,65,65,65,65,65,72,38,58,64,64,0,0],"gold":80,"neow_bonus":"ONE_RANDOM_RARE_CARD","is_daily":false,"chose_seed":false,"campfire_upgraded":6,"win_rate":0.0,"timestamp":1610714499,"path_taken":["M","M","$","?","$","R","?","?","T","E","$","M","R","?","R","BOSS","M","M","$","M","?","R","?","R","T","E","M","M","$","M","R","BOSS"],"items_purchased_type":["Card","Potion"],"build_version":"2020-12-22","purchased_purges":2,"victory":false,"max_hp_per_floor":[80,80,80,74,74,74,74,74,74,77,77,80,80,83,83,86,86,86,89,89,92,92,92,92,92,92,95,98,101,101,104,104,107,107],"card_choices":[{"not_picked":["Sword Boomerang","Uppercut"],"picked":"Iron Wave","floor":1},{"not_picked":["Flex","Havoc"],"picked":"REME_Scribble","floor":2},{"not_picked":["Dual Wield","Sentinel"],"picked":"Seeing Red","floor":10},{"not_picked":["Iron Wave","Pommel Strike"],"picked":"Cleave","floor":12},{"not_picked":["Thunderclap","True Grit"],"picked":"Spot Weakness","floor":14},{"not_picked":["Immolate","Offering"],"picked":"Feed","floor":16},{"not_picked":["Rampage+1","Clash"],"picked":"AT_IchimonjiDouble","floor":18},{"not_picked":["Headbutt","AT_IchimonjiDouble"],"picked":"Hemokinesis","floor":19},{"not_picked":["Heavy Blade","Anger"],"picked":"AT_Dispersion","floor":21},{"not_picked":["Clothesline+1","Reckless Charge"],"picked":"Blood for Blood","floor":27},{"not_picked":["Heavy Blade","Shrug It Off","Pommel Strike"],"picked":"SKIP","floor":28},{"not_picked":["Burning Pact+1","Warcry","Evolve"],"picked":"SKIP","floor":29},{"not_picked":["Clash+1","Heavy Blade","AT_ManFootWork+1"],"picked":"SKIP","floor":31}],"player_experience":210395,"relics_obtained":[{"floor":9,"key":"AT_ArchangelStaff"},{"floor":10,"key":"Boot"},{"floor":27,"key":"AT_BellDemon"}],"event_choices":[{"damage_healed":0,"gold_gain":0,"player_choice":"Lose Max HP","damage_taken":0,"relics_obtained":["Golden Idol"],"max_hp_gain":0,"max_hp_loss":6,"event_name":"Golden Idol","floor":4,"gold_loss":0},{"damage_healed":0,"gold_gain":0,"player_choice":"Entered Light","damage_taken":15,"max_hp_gain":0,"max_hp_loss":0,"event_name":"Shining Light","floor":8,"gold_loss":0,"cards_upgraded":["Strike_R","Strike_R"]},{"cards_removed":["Strike_R"],"damage_healed":0,"gold_gain":0,"player_choice":"Gave Gold","damage_taken":0,"max_hp_gain":0,"max_hp_loss":0,"event_name":"Beggar","floor":22,"gold_loss":75},{"damage_healed":0,"gold_gain":0,"player_choice":"Rummage","damage_taken":0,"relics_obtained":["WarpedTongs"],"max_hp_gain":0,"max_hp_loss":0,"event_name":"Accursed Blacksmith","floor":24,"gold_loss":0,"cards_obtained":["Pain"]}],"is_beta":false,"boss_relics":[{"not_picked":["Runic Pyramid","REME_DemonsWealth"],"picked":"AT_MortalBlade"}],"items_purged_floors":[11,20],"is_endless":false,"potions_floor_spawned":[1,2,12,16,18,21],"killed_by":"Champ","ascension_level":0}}