{"host":"kgfs5ebhusfk1t4t","time":1610719000,"event":{"mods":["BaseMod","Colored Map","DeckTracker","Highlight Path","KOR Keyword Fix","Keyboard Shortcuts","Minty Spire (QoL Compilation)","Permanent Neow","Quick Restart","StSLib","SuperFastMode","everything is the same but u backflip on backflip"],"gold_per_floor":[119,194,210,223,188,188,208,240,266,266,280,13,13,13,13],"floor_reached":14,"language":"KOR","playtime":404,"items_purged":["Strike_R"],"score":144,"play_id":"2159b78e-043c-47a7-927e-48a79c12965e","local_time":"20210115225640","is_ascension_mode":true,"campfire_choices":[{"data":"Uppercut","floor":6.0,"key":"SMITH"}],"circlet_count":0,"master_deck":["AscendersBane","Strike_R","Strike_R+1","Strike_R","Strike_R","Defend_R","Defend_R","Defend_R","Defend_R","Bash","Writhe","Battle Trance+1","Feel No Pain","Uppercut+1","Whirlwind","Body Slam","Shrug It Off","Evolve"],"relics":["Burning Blood","Calipers","Vajra","Pen Nib","Boot","Red Skull"],"acts_visited":["Exordium"],"potions_floor_usage":[14],"damage_taken":[{"damage":11.0,"enemies":"Jaw Worm","floor":1.0,"turns":5.0},{"damage":8.0,"enemies":"2 Louse","floor":3.0,"turns":3.0},{"damage":5.0,"enemies":"Small Slimes","floor":4.0,"turns":4.0},{"damage":12.0,"enemies":"2 Fungi Beasts","floor":7.0,"turns":5.0},{"damage":40.0,"enemies":"Gremlin Nob","floor":8.0,"turns":5.0},{"damage":6.0,"enemies":"Exordium Thugs","floor":11.0,"turns":2.0},{"damage":10,"enemies":"Lagavulin","floor":14,"turns":4}],"seed_played":"4169282324582965946","potions_obtained":[{"floor":1.0,"key":"DistilledChaos"},{"floor":3.0,"key":"Swift Potion"},{"floor":11.0,"key":"SteroidPotion"}],"is_trial":false,"path_per_floor":["M","?","M","M","?","R","M","E","T","?","M","$","?","E"],"character_chosen":"IRONCLAD","items_purchased":["Evolve","Red Skull"],"campfire_rested":0,"item_purchase_floors":[12,12],"current_hp_per_floor":[67,56,54,55,75,75,69,35,35,23,23,23,7,0,0],"gold":13,"neow_bonus":"ONE_RARE_RELIC","is_daily":false,"chose_seed":false,"campfire_upgraded":1,"win_rate":0.0,"timestamp":1610719000,"path_taken":["M","?","M","M","?","R","M","E","T","?","M","$","?","E"],"items_purchased_type":["Card","Relic"],"build_version":"2020-12-22","purchased_purges":1,"victory":false,"max_hp_per_floor":[80,80,80,80,80,80,80,80,80,80,80,80,80,80,80],"card_choices":[{"not_picked":["Pommel Strike","Dual Wield"],"picked":"Battle Trance","floor":1.0},{"not_picked":["Pommel Strike","Battle Trance"],"picked":"Feel No Pain","floor":3.0},{"not_picked":["Clash","Bloodletting"],"picked":"Uppercut","floor":4.0},{"not_picked":["Flex","Disarm"],"picked":"Whirlwind","floor":7.0},{"not_picked":["Heavy Blade","Dark Embrace"],"picked":"Body Slam","floor":8.0},{"not_picked":["Pommel Strike","Twin Strike"],"picked":"Shrug It Off","floor":11.0}],"player_experience":492072,"relics_obtained":[{"floor":8.0,"key":"Vajra"},{"floor":9.0,"key":"Pen Nib"}],"event_choices":[{"damage_healed":0.0,"max_hp_gain":0.0,"max_hp_loss":0.0,"gold_gain":75.0,"event_name":"World of Goop","player_choice":"Gather Gold","floor":2.0,"gold_loss":0.0,"damage_taken":11.0},{"damage_healed":20.0,"max_hp_gain":0.0,"max_hp_loss":0.0,"gold_gain":0.0,"event_name":"The Cleric","player_choice":"Healed","floor":5.0,"gold_loss":35.0,"damage_taken":0.0},{"damage_healed":0.0,"max_hp_gain":0.0,"max_hp_loss":0.0,"gold_gain":0.0,"event_name":"Scrap Ooze","player_choice":"Success","floor":10.0,"gold_loss":0.0,"damage_taken":12.0,"relics_obtained":["Boot"]},{"damage_healed":0.0,"max_hp_gain":0.0,"max_hp_loss":0.0,"gold_gain":0.0,"event_name":"Shining Light","player_choice":"Entered Light","floor":13.0,"gold_loss":0.0,"damage_taken":16.0,"cards_upgraded":["Battle Trance","Strike_R"]}],"is_beta":false,"boss_relics":[],"items_purged_floors":[12],"is_endless":false,"potions_floor_spawned":[1,3,11],"killed_by":"Lagavulin","ascension_level":12}}