{"host":"cv77zuuuekizn3ic","time":1610694439,"event":{"mods":["AchievementEnabler","Act Like it!","BaseMod","Gensokyo","Marisa£®ÏF”Í°°ƒß¿Ì…≥£©","Minty Spire (QoL Compilation)","StSLib","Waifu the Spire","everything is the same but u backflip on backflip","slay the spire mod where everything is the same but ironclad has a cowboy hat"],"gold_per_floor":[112,131,206,82,82,117,137,137,137,172,188,208,208,208],"floor_reached":13,"language":"ZHS","playtime":488,"items_purged":["Defend_MRS"],"score":166,"play_id":"9ada30e2-97dc-49e9-ac40-dbabdda4a15a","local_time":"20210115150719","is_ascension_mode":true,"campfire_choices":[{"data":"MilkyWay","floor":8,"key":"SMITH"}],"circlet_count":0,"master_deck":["AscendersBane","Strike_MRS","Strike_MRS","Strike_MRS","Strike_MRS","Defend_MRS","Defend_MRS","MasterSpark","UpSweep","Master of Strategy","LuminesStrike","DC","MilkyWay+1","ShootingEcho","BinaryStars"],"relics":["MiniHakkero","Pocketwatch","Ice Cream","Juzu Bracelet"],"acts_visited":["Exordium"],"potions_floor_usage":[6,10,13],"damage_taken":[{"damage":1,"enemies":"Cultist","floor":1,"turns":3},{"damage":7,"enemies":"Small Slimes","floor":2,"turns":3},{"damage":12,"enemies":"Gremlin Nob","floor":6,"turns":3},{"damage":7,"enemies":"Jaw Worm","floor":7,"turns":2},{"damage":13,"enemies":"3 Sentries","floor":10,"turns":6},{"damage":1,"enemies":"Blue Slaver","floor":11,"turns":2},{"damage":0,"enemies":"Exordium Wildlife","floor":12,"turns":2},{"damage":20,"enemies":"Lagavulin","floor":13,"turns":3}],"seed_played":"4406489120518412028","potions_obtained":[{"floor":2,"key":"SkillPotion"},{"floor":6,"key":"BlessingOfTheForge"},{"floor":10,"key":"Explosive Potion"},{"floor":11,"key":"BlessingOfTheForge"}],"is_trial":false,"path_per_floor":["M","M","?","$","?","E","M","R","T","E","M","M","E"],"character_chosen":"MARISA","items_purchased":["MilkyWay"],"campfire_rested":0,"item_purchase_floors":[4],"current_hp_per_floor":[62,55,44,44,37,25,18,18,18,5,4,4,0,0],"gold":208,"neow_bonus":"RANDOM_COLORLESS_2","is_daily":false,"chose_seed":false,"campfire_upgraded":1,"win_rate":0.0,"timestamp":1610694439,"path_taken":["M","M","?","$","?","E","?","R","T","E","M","M","E"],"items_purchased_type":["Card"],"build_version":"2020-12-22","purchased_purges":1,"victory":false,"max_hp_per_floor":[63,63,63,63,63,63,63,63,63,63,63,63,63,63],"card_choices":[{"not_picked":["Secret Technique","Magnetism"],"picked":"Master of Strategy","floor":0},{"not_picked":["WitchLeyline","Robbery"],"picked":"LuminesStrike","floor":1},{"not_picked":["NonDirectionalLaser","AsteroidBelt"],"picked":"DC","floor":2},{"not_picked":["MagicAbsorber","BlazeAway"],"picked":"ShootingEcho","floor":6},{"not_picked":["Occultation","StarBarrage","NonDirectionalLaser"],"picked":"SKIP","floor":7},{"not_picked":["NonDirectionalLaser","ShootingEcho"],"picked":"BinaryStars","floor":10},{"not_picked":["DoubleSpark","AsteroidBelt","MagicAbsorber"],"picked":"SKIP","floor":11},{"not_picked":["PropBag","ShootingEcho","WitchLeyline"],"picked":"SKIP","floor":12}],"player_experience":903380,"relics_obtained":[{"floor":6,"key":"Pocketwatch"},{"floor":9,"key":"Ice Cream"},{"floor":10,"key":"Juzu Bracelet"}],"event_choices":[{"damage_healed":0,"gold_gain":75,"player_choice":"Gather Gold","damage_taken":11,"max_hp_gain":0,"max_hp_loss":0,"event_name":"World of Goop","floor":3,"gold_loss":0},{"cards_removed":["Defend_MRS"],"damage_healed":0,"gold_gain":0,"player_choice":"Card Removal","damage_taken":7,"max_hp_gain":0,"max_hp_loss":0,"event_name":"Golden Wing","floor":5,"gold_loss":0}],"is_beta":false,"boss_relics":[],"items_purged_floors":[4],"is_endless":false,"potions_floor_spawned":[2,6,10,11],"killed_by":"Lagavulin","ascension_level":15}}