{"host":"ye2yc4zsa4mr9ewr","time":1610683122,"event":{"mods":["BaseMod","Downfall","Minty Spire (QoL Compilation)","Relic Stats","StSLib"],"gold_per_floor":[99,99,99,99,99,119,143,140,171,183,213,251,263,305,336,446,458,470,498,524,554,586,14,14,28,28,63,79,98,98,98,116,212,212,62,77,62,77,62,73,73,84,84,27,27,27,27,27,27],"floor_reached":47,"language":"ENG","playtime":18154,"items_purged":["champ:Defend"],"score":482,"play_id":"9dc7d697-65d9-4ff7-b204-00f11ca433af","local_time":"20210114215842","is_ascension_mode":false,"campfire_choices":[{"data":"champ:Execute","floor":1,"key":"SMITH"},{"data":"champ:Lariat","floor":10,"key":"SMITH"},{"data":"champ:TornadoPunch","floor":13,"key":"SMITH"},{"floor":18,"key":"RECALL"},{"data":"champ:PerfectForm","floor":26,"key":"SMITH"},{"data":"champ:Taunt","floor":35,"key":"SMITH"},{"data":"expansioncontent:CaCaw","floor":46,"key":"SMITH"}],"circlet_count":0,"master_deck":["champ:Defend+1","champ:Defend","champ:Defend+1","champ:Execute+1","champ:Taunt+1","champ:FocusedDefense","champ:Lariat+1","champ:TornadoPunch+1","champ:VampiricStrike+1","champ:BringItOn","champ:ArenaPreparation","champ:RecklessLeap+1","champ:FocusedDefense","champ:PerfectForm+1","champ:DeathBlow","champ:ShieldWall","expansioncontent:CaCaw+1","champ:BringItOn","champ:Circumvent+1","champ:BerserkersShout"],"relics":["champ:ChampionCrown","downfall:HeartsMalice","Whetstone","Ancient Tea Set","Coffee Dripper","HandDrill","Torii","Pantograph","downfall:RedIOU","Empty Cage","downfall:HeartBlessingRed","downfall:HeartBlessingGreen","The Courier","War Paint","MealTicket","champ:DefensiveTrainingManual"],"acts_visited":["Exordium","TheCity","TheBeyond"],"potions_floor_usage":[14,16,22,22,32,38,38,38,39,44],"damage_taken":[{"damage":0,"enemies":"Small Slimes","floor":2,"turns":1},{"damage":0,"enemies":"Cultist","floor":3,"turns":1},{"damage":0,"enemies":"Jaw Worm","floor":4,"turns":1},{"damage":5,"enemies":"3 Louse","floor":6,"turns":4},{"damage":5,"enemies":"downfall:FleeingMerchant","floor":8,"turns":4},{"damage":52,"enemies":"Exordium Thugs","floor":9,"turns":7},{"damage":26,"enemies":"Exordium Wildlife","floor":11,"turns":4},{"damage":36,"enemies":"Lagavulin","floor":12,"turns":10},{"damage":46,"enemies":"3 Sentries","floor":14,"turns":6},{"damage":4,"enemies":"Gremlin Gang","floor":15,"turns":3},{"damage":41,"enemies":"downfall:Ironclad","floor":16,"turns":7},{"damage":5,"enemies":"Shell Parasite","floor":19,"turns":3},{"damage":17,"enemies":"Chosen","floor":20,"turns":5},{"damage":10,"enemies":"Snecko","floor":21,"turns":4},{"damage":79,"enemies":"Centurion and Healer","floor":22,"turns":6},{"damage":40,"enemies":"downfall:FleeingMerchant","floor":23,"turns":4},{"damage":39,"enemies":"Snake Plant","floor":25,"turns":3},{"damage":56,"enemies":"Book of Stabbing","floor":27,"turns":4},{"damage":16,"enemies":"Snecko","floor":28,"turns":4},{"damage":65,"enemies":"Sentry and Sphere","floor":29,"turns":4},{"damage":27,"enemies":"Centurion and Healer","floor":32,"turns":3},{"damage":88,"enemies":"downfall:Silent","floor":33,"turns":7},{"damage":35,"enemies":"3 Shapes","floor":36,"turns":4},{"damage":40,"enemies":"downfall:FleeingMerchant","floor":37,"turns":4},{"damage":43,"enemies":"3 Darklings","floor":38,"turns":7},{"damage":44,"enemies":"downfall:FleeingMerchant","floor":39,"turns":4},{"damage":119,"enemies":"Writhing Mass","floor":40,"turns":7},{"damage":36,"enemies":"Sphere and 2 Shapes","floor":42,"turns":4},{"damage":43,"enemies":"downfall:FleeingMerchant","floor":44,"turns":4},{"damage":82,"enemies":"3 Darklings","floor":47,"turns":3}],"seed_played":"4362265415952918974","potions_obtained":[{"floor":6,"key":"SpeedPotion"},{"floor":9,"key":"champ:TechniquePotion"},{"floor":14,"key":"FearPotion"},{"floor":15,"key":"Explosive Potion"},{"floor":19,"key":"Block Potion"},{"floor":21,"key":"EssenceOfSteel"},{"floor":25,"key":"Fruit Juice"},{"floor":28,"key":"EntropicBrew"},{"floor":29,"key":"champ:CounterPotion"},{"floor":38,"key":"LiquidMemories"},{"floor":40,"key":"FearPotion"}],"is_trial":false,"path_per_floor":["R","M","M","M","?","M","T","$","M","R","M","E","R","E","M","B",null,"R","M","M","M","M","$","T","M","R","E","M","M","?","?","M","B",null,"R","M","$","M","$","M","T","M","?","$","?","R","M"],"character_chosen":"THE_CHAMP","items_purchased":["HandDrill","Torii","expansioncontent:CaCaw","champ:BringItOn","War Paint","MealTicket","champ:DefensiveTrainingManual"],"campfire_rested":0,"item_purchase_floors":[23,23,23,23,44,44,44],"current_hp_per_floor":[90,90,90,90,90,90,90,90,88,88,82,71,71,50,46,30,90,90,90,81,90,90,90,90,90,90,75,87,79,79,79,72,90,90,90,90,90,95,95,82,82,89,89,82,82,82,0,0,0],"gold":27,"neow_bonus":"THREE_ENEMY_KILL","is_daily":false,"chose_seed":false,"campfire_upgraded":6,"win_rate":0.0,"timestamp":1610683122,"path_taken":["R","M","M","M","?","M","T","$","?","R","M","E","R","E","M","BOSS","R","M","M","M","M","$","T","?","R","E","M","M","?","?","M","BOSS","R","M","$","M","$","M","T","M","?","$","?","R","?"],"items_purchased_type":["Relic","Relic","Card","Card","Relic","Relic","Relic"],"build_version":"2020-12-22","purchased_purges":1,"victory":false,"max_hp_per_floor":[90,90,90,90,90,90,90,90,90,90,90,90,90,90,90,90,90,90,90,90,90,90,90,90,90,90,90,90,90,90,90,90,90,90,90,90,90,95,95,95,95,95,95,95,95,95,95,95,95],"relic_stats":{"Torii":33,"counters":[30,129],"Pantograph":18,"MealTicket":0,"HandDrill":[32],"Whetstone":["champ:RecklessLeap","champ:VampiricStrike"],"War Paint":["champ:Defend","champ:Defend"],"obtain_stats":[{"Torii":23,"downfall:HeartBlessingRed":35,"champ:ChampionCrown":0,"downfall:HeartsMalice":0,"downfall:HeartBlessingGreen":35,"The Courier":41,"Whetstone":12,"War Paint":44,"MawBank":7,"Ancient Tea Set":14,"Empty Cage":34,"champ:DefensiveTrainingManual":44,"Pantograph":27,"MealTicket":44,"downfall:RedIOU":30,"Coffee Dripper":17,"HandDrill":23},{"Torii":16,"downfall:HeartBlessingRed":22,"champ:ChampionCrown":0,"downfall:HeartsMalice":0,"downfall:HeartBlessingGreen":22,"The Courier":27,"Whetstone":8,"War Paint":29,"MawBank":4,"Ancient Tea Set":9,"Empty Cage":22,"champ:DefensiveTrainingManual":29,"Pantograph":18,"MealTicket":29,"downfall:RedIOU":20,"Coffee Dripper":11,"HandDrill":16},{"Torii":67,"downfall:HeartBlessingRed":92,"champ:ChampionCrown":0,"downfall:HeartsMalice":0,"downfall:HeartBlessingGreen":92,"The Courier":118,"Whetstone":29,"War Paint":126,"MawBank":4,"Ancient Tea Set":35,"Empty Cage":92,"champ:DefensiveTrainingManual":126,"Pantograph":74,"MealTicket":126,"downfall:RedIOU":82,"Coffee Dripper":45,"HandDrill":67}]},"card_choices":[{"not_picked":["champ:FalseCounter","champ:PerfectedStrike"],"picked":"champ:FocusedDefense","floor":2},{"not_picked":["champ:IronFortress","champ:FlashCut"],"picked":"champ:Lariat","floor":3},{"not_picked":["champ:PerfectedStrike","champ:Backstep"],"picked":"champ:TornadoPunch","floor":4},{"not_picked":["champ:Circumvent","champ:GutPunch"],"picked":"champ:BringItOn","floor":6},{"not_picked":["champ:AdrenalArmor","champ:FocusedBerserking"],"picked":"champ:ArenaPreparation","floor":8},{"not_picked":["champ:FanOfKnives","champ:BringItOn"],"picked":"champ:RecklessLeap","floor":9},{"not_picked":["champ:FightOn","champ:FlashCut"],"picked":"champ:DefensiveShout","floor":11},{"not_picked":["champ:Circumvent","champ:SteelEdge"],"picked":"champ:FocusedDefense","floor":12},{"not_picked":["champ:GutPunch","champ:Riposte","champ:FightOn"],"picked":"SKIP","floor":14},{"not_picked":["champ:Circumvent","champ:HeartStrike","champ:FaceSlap"],"picked":"SKIP","floor":15},{"not_picked":["champ:Devastate","champ:HeavySlash"],"picked":"champ:PerfectForm","floor":16},{"not_picked":["champ:CalledShot","champ:GladiatorsShout","champ:Riposte+1"],"picked":"SKIP","floor":19},{"not_picked":["champ:Circumvent","champ:Haymaker"],"picked":"champ:DeathBlow","floor":20},{"not_picked":["champ:EnragedBash","champ:PreciseThrust","champ:SwordThrow"],"picked":"SKIP","floor":21},{"not_picked":["champ:BladeFlurry","champ:GladiatorsShout"],"picked":"champ:ShieldWall","floor":22},{"not_picked":["champ:EndlessRage","champ:RecklessLeap","champ:BladeFlurry+1"],"picked":"SKIP","floor":23},{"not_picked":["champ:Shatter","champ:BladeFlurry","champ:BringItOn"],"picked":"SKIP","floor":25},{"not_picked":["champ:AdrenalArmor","champ:Shatter","champ:TornadoPunch+1"],"picked":"SKIP","floor":27},{"not_picked":["champ:EnragedBash+1","champ:TornadoPunch+1"],"picked":"champ:Circumvent+1","floor":28},{"not_picked":["champ:FightOn","champ:RisingSlash","champ:EnGarde+1"],"picked":"SKIP","floor":29},{"not_picked":["champ:BringItOn","champ:CrownThrow","champ:ViciousMockery"],"picked":"SKIP","floor":32},{"not_picked":["champ:CrookedStrike","champ:GutPunch","champ:BerserkersShout"],"picked":"SKIP","floor":36},{"not_picked":["champ:EndlessRage","champ:CrookedStrike","champ:Haymaker+1"],"picked":"SKIP","floor":37},{"not_picked":["champ:Backstep+1","champ:TornadoPunch+1","champ:PerfectedStrike+1"],"picked":"SKIP","floor":38},{"not_picked":["champ:CrookedStrike","champ:PreciseThrust+1","champ:EndlessRage"],"picked":"SKIP","floor":39},{"not_picked":["champ:CrookedStrike","champ:PerfectedStrike+1","champ:FanOfKnives"],"picked":"SKIP","floor":40},{"not_picked":["champ:FanOfKnives+1","champ:FaceSlap+1","champ:ShieldWall"],"picked":"SKIP","floor":42},{"not_picked":["champ:BladeFlurry","champ:DeathBlow+1","champ:GutPunch+1"],"picked":"SKIP","floor":44}],"player_experience":889106,"relics_obtained":[{"floor":7,"key":"MawBank"},{"floor":12,"key":"Whetstone"},{"floor":14,"key":"Ancient Tea Set"},{"floor":27,"key":"Pantograph"},{"floor":41,"key":"The Courier"}],"event_choices":[{"damage_healed":0,"gold_gain":0,"cards_transformed":["champ:Strike"],"player_choice":"Transformed","damage_taken":0,"max_hp_gain":0,"max_hp_loss":0,"event_name":"Transmorgrifier","floor":5,"gold_loss":0,"cards_obtained":["champ:VampiricStrike"]},{"cards_removed":["champ:DefensiveShout"],"damage_healed":0,"gold_gain":0,"player_choice":"Removed Skill","damage_taken":0,"max_hp_gain":0,"max_hp_loss":0,"event_name":"Falling","floor":43,"gold_loss":0},{"damage_healed":0,"gold_gain":0,"cards_transformed":["champ:Strike"],"player_choice":"Transformed","damage_taken":0,"max_hp_gain":0,"max_hp_loss":0,"event_name":"Transmorgrifier","floor":45,"gold_loss":0,"cards_obtained":["champ:BerserkersShout"]}],"is_beta":false,"boss_relics":[{"not_picked":["Astrolabe","Sozu"],"picked":"Coffee Dripper"},{"not_picked":["Tiny House","Runic Dome"],"picked":"Empty Cage"}],"items_purged_floors":[44],"is_endless":false,"potions_floor_spawned":[6,9,14,15,19,21,25,28,29,38,40],"killed_by":"3 Darklings","ascension_level":0}}