{"host":"a331l7x7bue2m35h","time":1610697351,"event":{"mods":["BaseMod","Lobotomy","Minty Spire (QoL Compilation)","Replay The Spire","StSLib","The Cursed"],"gold_per_floor":[111,111,121,46,46,79,79,93,93,104,130,80,80,80],"floor_reached":13,"language":"KOR","playtime":539,"items_purged":["Strike_B"],"score":98,"play_id":"c145cd04-c6ea-44a0-9942-e0f31a64ffb8","local_time":"20210115165551","is_ascension_mode":true,"campfire_choices":[{"data":"Zap","floor":7,"key":"SMITH"}],"circlet_count":0,"master_deck":["Strike_B","Strike_B","Strike_B","Defend_B","Defend_B","Defend_B","Zap+1","Dualcast+1","WallGazer","Streamline","LittlePrince","Chill","VoidDream","Scrape","UniverseFragment","Steam Power","BeautyBeast","BootSequence","Scorched","Aggregate"],"relics":["Cracked Core","CogitoBucket","Replay:Mystery Machine","Gremlin Horn","Blue Doll"],"acts_visited":["Exordium"],"potions_floor_usage":[],"damage_taken":[{"damage":2,"enemies":"2 Louse","floor":1,"turns":2},{"damage":8,"enemies":"Cultist","floor":3,"turns":3},{"damage":39,"enemies":"Lagavulin","floor":6,"turns":7},{"damage":2,"enemies":"Small Slimes","floor":8,"turns":3},{"damage":17,"enemies":"Blue Slaver","floor":10,"turns":4},{"damage":19,"enemies":"Gremlin Nob","floor":11,"turns":4},{"damage":32,"enemies":"Replay:BlueRogue","floor":13,"turns":3}],"seed_played":"-6347009190340603747","potions_obtained":[{"floor":8,"key":"PotionOfCapacity"},{"floor":10,"key":"FairyPotion"},{"floor":11,"key":"DuplicationPotion"}],"is_trial":false,"path_per_floor":["M","?","M","$","?","E","R","M","T","M","E","?","E"],"character_chosen":"DEFECT","items_purchased":[],"campfire_rested":0,"item_purchase_floors":[],"current_hp_per_floor":[73,73,65,65,65,26,26,24,24,7,19,19,0,0],"gold":80,"neow_bonus":"","is_daily":false,"chose_seed":false,"campfire_upgraded":1,"win_rate":0.0,"timestamp":1610697351,"path_taken":["M","?","?","?","?","E","R","M","T","M","E","?","E"],"items_purchased_type":[],"build_version":"2020-12-22","purchased_purges":1,"victory":false,"max_hp_per_floor":[75,75,75,75,75,75,75,75,75,75,75,75,75,75],"card_choices":[{"not_picked":["Scorched","MeatLantern"],"picked":"WallGazer","floor":1},{"not_picked":["Genetic Algorithm","Redo"],"picked":"Streamline","floor":1},{"not_picked":["BeautyBeast","NakedNest"],"picked":"LittlePrince","floor":3},{"not_picked":["Reinforced Body","Cold Snap"],"picked":"Chill","floor":3},{"not_picked":["Variant","Bloodbath"],"picked":"VoidDream","floor":6},{"not_picked":["FTL","Undo"],"picked":"Scrape","floor":6},{"not_picked":["CherryBlossoms","ShyLook"],"picked":"UniverseFragment","floor":8},{"not_picked":["ReplayTheSpireMod:Reroute Power","Barrage"],"picked":"Steam Power","floor":8},{"not_picked":["NakedNest","ShyLook"],"picked":"BeautyBeast","floor":10},{"not_picked":["Ball Lightning","Turbo"],"picked":"BootSequence","floor":10},{"not_picked":["ShyLook","Murderer"],"picked":"Scorched","floor":11},{"not_picked":["Steam","Fusion"],"picked":"Aggregate","floor":11}],"player_experience":165148,"relics_obtained":[{"floor":6,"key":"Replay:Mystery Machine"},{"floor":9,"key":"Gremlin Horn"},{"floor":11,"key":"Blue Doll"}],"event_choices":[{"damage_healed":0,"gold_gain":0,"player_choice":"0 cards matched","damage_taken":0,"max_hp_gain":0,"max_hp_loss":0,"event_name":"Match and Keep!","floor":2,"gold_loss":0,"cards_obtained":[]},{"damage_healed":0,"gold_gain":0,"player_choice":"Grow","damage_taken":0,"max_hp_gain":0,"max_hp_loss":0,"event_name":"Living Wall","floor":5,"gold_loss":0,"cards_upgraded":["Dualcast"]},{"cards_removed":["Defend_B"],"damage_healed":0,"gold_gain":0,"player_choice":"Card Removal","damage_taken":0,"max_hp_gain":0,"max_hp_loss":0,"event_name":"The Cleric","floor":12,"gold_loss":50}],"is_beta":false,"boss_relics":[],"items_purged_floors":[4],"is_endless":false,"potions_floor_spawned":[8,10,11],"killed_by":"Replay:BlueRogue","ascension_level":1}}