{"host":"y13egnm4gu4imyrg","time":1610727355,"event":{"mods":["AchievementEnabler","Act Like it!","Aspiration","Astrologer","BaseMod","Beaked The Cultist","Chen","Clockwork Mod","Downfall","Elementarium","Gensokyo","GifTheSpireLib","Hermit","Hubris","Infinite Spire","Jorbs\u0027s Wanderer Trilogy","Koishi","LagranYue(???·?)","Luminous","Marisa????????","Minty Spire (QoL Compilation)","Rare Cards Sparkle","Replay The Spire","Somnambulant","StSLib","Stuff the Spire","Td1madao Mod","The Administrix","The Bladedancer","The Construct","The Disciple","The Hierophant","The Jungle","The Marked","The Mystic","The Necromancer","The Runesmith","The Senshi","The Servant 0.9.4","The Wild Card","Transform Curses"],"gold_per_floor":[117,117,117,117,131,162,162,177,177,177,195,195,47,64,64,64,64],"floor_reached":16,"language":"ENG","playtime":782,"items_purged":[],"score":100,"play_id":"0a62eb74-d919-4d7e-af8b-93a6003112a2","local_time":"20210115081555","is_ascension_mode":false,"campfire_choices":[{"floor":7,"key":"REST"},{"floor":10,"key":"REST"},{"floor":15,"key":"REST"}],"circlet_count":0,"master_deck":["LagranYue:BaseAttackCard+1","LagranYue:BaseAttackCard","LagranYue:BaseAttackCard+1","LagranYue:BaseDefendCard","LagranYue:BaseDefendCard","LagranYue:BaseDefendCard","LagranYue:AttackTopazCard","LagranYue:SkillBrokenSwordCard","LagranYue:BaseAttackCard","LagranYue:BaseDefendCard","LagranYue:AttackEngravingRoseCard","theWildCard:Alice","LagranYue:FantasyCard","LagranYue:SkillCocoonEvolutionCard","LagranYue:SkillDevilKissCard","LagranYue:SkillGaeBolgCard","LagranYue:ForgingCard"],"relics":["LagranYue:ArmsProficiencyRelics","LagranYue:RandomDrawCardRelic","infinitespire:Joker Card","Tiny Chest","StuffTheSpire:PointBlank","StuffTheSpire:TintedRock"],"acts_visited":["Exordium"],"potions_floor_usage":[],"damage_taken":[{"damage":0,"enemies":"2 Louse","floor":1,"turns":2},{"damage":5,"enemies":"Small Slimes","floor":5,"turns":3},{"damage":31,"enemies":"Lagavulin","floor":6,"turns":9},{"damage":8,"enemies":"Jaw Worm","floor":8,"turns":4},{"damage":10,"enemies":"Exordium Thugs","floor":11,"turns":5},{"damage":10,"enemies":"2 Fungi Beasts","floor":14,"turns":3},{"damage":69,"enemies":"Slime Boss","floor":16,"turns":9}],"seed_played":"-2607269663332608931","potions_obtained":[{"floor":5,"key":"Doom Potion"},{"floor":8,"key":"SpeedPotion"},{"floor":11,"key":"DuplicationPotion"}],"is_trial":false,"path_per_floor":["M","?","?","?","M","E","R","M","T","R","M","?","$","M","R","B"],"character_chosen":"LagranYueCharacter","items_purchased":["StuffTheSpire:TintedRock"],"campfire_rested":3,"item_purchase_floors":[13],"current_hp_per_floor":[82,66,66,54,49,18,42,34,34,58,48,53,53,43,69,0,0],"gold":64,"neow_bonus":"TEN_PERCENT_HP_BONUS","is_daily":false,"chose_seed":false,"campfire_upgraded":0,"win_rate":0.0,"timestamp":1610727355,"path_taken":["M","?","?","?","M","E","R","M","T","R","M","?","?","M","R","BOSS"],"items_purchased_type":["Relic"],"build_version":"2020-12-22","purchased_purges":0,"victory":false,"max_hp_per_floor":[82,82,82,82,82,82,82,82,82,82,82,87,87,87,87,87,87],"card_choices":[{"not_picked":["LagranYue:SkillBrokenSwordCard","LagranYue:SkillDeadlyBloomCard"],"picked":"LagranYue:AttackEngravingRoseCard","floor":1},{"not_picked":["LagranYue:SkillWoodSpearCard","LagranYue:AttackBetterCard"],"picked":"LagranYue:FantasyCard","floor":5},{"not_picked":["LagranYue:AttackGoldCard","LagranYue:PowerKingTreasureCard"],"picked":"LagranYue:SkillCocoonEvolutionCard","floor":6},{"not_picked":["LagranYue:PowerKingTreasureCard","LagranYue:SkillTestamentCard"],"picked":"LagranYue:SkillDevilKissCard","floor":8},{"not_picked":["LagranYue:AttackIceCard","LagranYue:RubyDefendCard"],"picked":"LagranYue:SkillGaeBolgCard","floor":11},{"not_picked":["LagranYue:AttackFlintCard","LagranYue:AttackEngravingRoseCard"],"picked":"LagranYue:ForgingCard","floor":14}],"player_experience":421372,"relics_obtained":[{"floor":6,"key":"Tiny Chest"},{"floor":9,"key":"StuffTheSpire:PointBlank"}],"event_choices":[{"damage_healed":0,"gold_gain":0,"player_choice":"Entered Light","damage_taken":16,"max_hp_gain":0,"max_hp_loss":0,"event_name":"Shining Light","floor":2,"gold_loss":0,"cards_upgraded":["LagranYue:BaseAttackCard","LagranYue:BaseAttackCard"]},{"damage_healed":0,"gold_gain":0,"player_choice":"Success","damage_taken":12,"relics_obtained":["infinitespire:Joker Card"],"max_hp_gain":0,"max_hp_loss":0,"event_name":"Scrap Ooze","floor":4,"gold_loss":0},{"damage_healed":0,"gold_gain":0,"player_choice":"Donut","damage_taken":0,"max_hp_gain":5,"max_hp_loss":0,"event_name":"Big Fish","floor":12,"gold_loss":0}],"is_beta":false,"boss_relics":[],"items_purged_floors":[],"is_endless":false,"potions_floor_spawned":[5,8,11],"killed_by":"Slime Boss","ascension_level":0}}