{"host":"s5i48q09v0un9rqc","time":1610719649,"event":{"mods":["BaseMod","BetterRewards","Highlight Path","Minty Spire (QoL Compilation)","Rare Cards Sparkle","Shop Mod"],"gold_per_floor":[118,134,147,91,105,105,133,148,148,223,251,262,262,262,262],"floor_reached":14,"language":"ZHS","playtime":1119,"items_purged":["Strike_R"],"score":107,"play_id":"2eb90a34-31b6-4a20-98fd-16c61e9e4abd","local_time":"20210115220729","is_ascension_mode":true,"campfire_choices":[{"data":"Battle Trance","floor":6.0,"key":"SMITH"},{"data":"Burning Pact","floor":13,"key":"SMITH"}],"circlet_count":0,"master_deck":["Strike_R","Strike_R","Strike_R","Strike_R","Defend_R","Defend_R","Defend_R","Bash","Power Through","Battle Trance+1","Burning Pact+1"],"relics":["Burning Blood","Medical Kit","Orichalcum","Ginger","Happy Flower","Oddly Smooth Stone","Blue Candle","Molten Egg 2","Omamori"],"acts_visited":["Exordium"],"potions_floor_usage":[],"damage_taken":[{"damage":3.0,"enemies":"Cultist","floor":1.0,"turns":4.0},{"damage":0.0,"enemies":"Small Slimes","floor":2.0,"turns":3.0},{"damage":0.0,"enemies":"2 Louse","floor":3.0,"turns":2.0},{"damage":20.0,"enemies":"Exordium Wildlife","floor":5.0,"turns":5.0},{"damage":8.0,"enemies":"3 Sentries","floor":7.0,"turns":11.0},{"damage":0.0,"enemies":"Blue Slaver","floor":8.0,"turns":4.0},{"damage":7,"enemies":"Lagavulin","floor":11,"turns":7},{"damage":4,"enemies":"Looter","floor":12,"turns":3},{"damage":15,"enemies":"3 Sentries","floor":14,"turns":12}],"seed_played":"-4481788195288456139","potions_obtained":[{"floor":5.0,"key":"EssenceOfSteel"},{"floor":7.0,"key":"AttackPotion"},{"floor":11,"key":"LiquidMemories"},{"floor":12,"key":"Weak Potion"}],"is_trial":false,"path_per_floor":["M","M","M","?","M","R","E","M","T","?","E","M","R","E"],"character_chosen":"IRONCLAD","items_purchased":["Power Through","Medical Kit","Orichalcum"],"campfire_rested":0,"item_purchase_floors":[0,0,0],"current_hp_per_floor":[47,53,59,59,45,45,43,49,49,38,37,39,39,24,24],"gold":262,"neow_bonus":"","is_daily":false,"chose_seed":false,"campfire_upgraded":2,"win_rate":0.0,"timestamp":1610719649,"path_taken":["M","M","?","?","M","R","E","?","T","?","E","M","R","E"],"items_purchased_type":["Card","Relic","Relic"],"build_version":"2020-12-22","purchased_purges":1,"victory":false,"max_hp_per_floor":[80,80,80,80,80,80,80,80,80,80,80,80,80,80,80],"card_choices":[{"not_picked":["Rupture","Clash","Reckless Charge"],"picked":"SKIP","floor":1.0},{"not_picked":["Dropkick","Infernal Blade","Havoc"],"picked":"SKIP","floor":2.0},{"not_picked":["Blood for Blood","Cleave","Thunderclap"],"picked":"SKIP","floor":3.0},{"not_picked":["Flex","Sword Boomerang"],"picked":"Battle Trance","floor":5.0},{"not_picked":["Flame Barrier","Pommel Strike","Combust"],"picked":"SKIP","floor":7.0},{"not_picked":["Perfected Strike","Cleave"],"picked":"Burning Pact","floor":8.0},{"not_picked":["Heavy Blade+1","Rage","Corruption"],"picked":"SKIP","floor":11},{"not_picked":["Intimidate","Havoc","Clash+1"],"picked":"SKIP","floor":12}],"player_experience":776730,"relics_obtained":[{"floor":7.0,"key":"Blue Candle"},{"floor":9.0,"key":"Molten Egg 2"},{"floor":11,"key":"Omamori"}],"event_choices":[{"damage_healed":0.0,"max_hp_gain":0.0,"max_hp_loss":0.0,"gold_gain":0.0,"event_name":"WeMeetAgain","player_choice":"Paid Gold","floor":4.0,"gold_loss":56.0,"damage_taken":0.0,"relics_obtained":["Oddly Smooth Stone"]},{"damage_healed":0.0,"max_hp_gain":0.0,"max_hp_loss":0.0,"gold_gain":75.0,"event_name":"World of Goop","player_choice":"Gather Gold","floor":10.0,"gold_loss":0.0,"damage_taken":11.0}],"is_beta":false,"boss_relics":[],"items_purged_floors":[0],"is_endless":false,"potions_floor_spawned":[5,7,11,12],"killed_by":"3 Sentries","ascension_level":1}}