{"host":"c2zlmc1hlq0427cl","time":1610699277,"event":{"mods":["100% Spire Juice","BaseMod","Hermit","Minty Spire (QoL Compilation)","Replay The Spire","StSLib","The Hayseed","The Senshi"],"gold_per_floor":[112,125,125,140,157,157,189,199,224,259,291,313,345,357,369,484,496,519,531,483,420,449,495,526,538,550,562,562],"floor_reached":27,"language":"ENG","playtime":16123,"items_purged":[],"score":247,"play_id":"2f9b3871-c70f-4e32-9204-1a4ad57cb9d1","local_time":"20210115022757","is_ascension_mode":false,"campfire_choices":[{"data":"theSenshi:MoonPrismPowerMakeUp","floor":6,"key":"SMITH"}],"circlet_count":0,"master_deck":["theSenshi:SailorKick","theSenshi:SailorKick","theSenshi:SailorBlock","theSenshi:SailorBlock","theSenshi:SailorBlock","theSenshi:SailorBlock","theSenshi:RoseThrow","theSenshi:MoonPrismPowerMakeUp+1","theSenshi:RoseThrow","theSenshi:MoonGorgeousMeditation","theSenshi:MoonHealingEscalation","theSenshi:SailorV","theSenshi:MoonPunch","theSenshi:MoonTiaraMagic","theSenshi:VenusGlamour","theSenshi:TuxedoMaskAssists","theSenshi:MoonHealingEscalation","theSenshi:MoonPrincessHalation","theSenshi:LunasBite","theSenshi:MoonGorgeousMeditation","theSenshi:SailorPlanetAttack","J.A.X.","theSenshi:SailorUranusAssists+1"],"relics":["theSenshi:TransformationBroochRelic","Replay:Multitool","Strawberry","MawBank","Black Star","Juzu Bracelet","Replay:Mystery Machine","Nunchaku","ReplayTheSpireMod:Lightbulb"],"acts_visited":["Exordium","TheCity"],"potions_floor_usage":[5,7,16,18,23],"damage_taken":[{"damage":1,"enemies":"Jaw Worm","floor":1,"turns":4},{"damage":0,"enemies":"Cultist","floor":2,"turns":4},{"damage":4,"enemies":"2 Louse","floor":4,"turns":4},{"damage":11,"enemies":"Large Slime","floor":5,"turns":9},{"damage":22,"enemies":"3 Sentries","floor":7,"turns":9},{"damage":7,"enemies":"Looter","floor":8,"turns":3},{"damage":14,"enemies":"Lagavulin","floor":10,"turns":7},{"damage":2,"enemies":"Blue Slaver","floor":11,"turns":5},{"damage":1,"enemies":"3 Louse","floor":12,"turns":3},{"damage":4,"enemies":"Exordium Thugs","floor":13,"turns":4},{"damage":12,"enemies":"Slime Boss","floor":16,"turns":10},{"damage":11,"enemies":"2 Thieves","floor":18,"turns":3},{"damage":26,"enemies":"Shell Parasite","floor":22,"turns":5},{"damage":34,"enemies":"Book of Stabbing","floor":23,"turns":6},{"damage":16,"enemies":"Cultist and Chosen","floor":24,"turns":6},{"damage":25,"enemies":"Shelled Parasite and Fungi","floor":27,"turns":4}],"seed_played":"-1618829688543566834","potions_obtained":[{"floor":1,"key":"SkillPotion"},{"floor":5,"key":"Energy Potion"},{"floor":7,"key":"Fire Potion"},{"floor":8,"key":"Strength Potion"},{"floor":11,"key":"Doom Potion"},{"floor":22,"key":"Swift Potion"}],"is_trial":false,"path_per_floor":["M","M","?","M","M","R","E","M","T","E","M","M","M","?","R","B",null,"M","?","?","?","M","E","M","T","T","M"],"character_chosen":"THE_SENSHI","items_purchased":[],"campfire_rested":0,"item_purchase_floors":[],"current_hp_per_floor":[74,74,74,70,64,64,52,50,57,48,56,60,61,61,61,49,82,71,71,71,71,55,26,15,15,15,0,0],"gold":562,"neow_bonus":"THREE_RARE_CARDS","is_daily":false,"chose_seed":false,"campfire_upgraded":1,"win_rate":0.0,"timestamp":1610699277,"path_taken":["M","M","?","M","M","R","E","M","T","E","M","?","M","?","R","BOSS","M","?","?","?","M","E","M","?","T","M"],"items_purchased_type":[],"build_version":"2020-12-22","purchased_purges":0,"victory":false,"max_hp_per_floor":[75,75,75,75,75,75,75,75,82,82,82,82,82,82,82,82,82,82,82,82,82,82,82,82,82,82,82,82],"card_choices":[{"not_picked":["theSenshi:InTheNameOfTheMoon","theSenshi:JupitersPower"],"picked":"theSenshi:MoonGorgeousMeditation","floor":0},{"not_picked":["theSenshi:MoonlightKnight","theSenshi:MoonPower"],"picked":"theSenshi:MoonHealingEscalation","floor":1},{"not_picked":["theSenshi:LunasBite","theSenshi:OdangoHead"],"picked":"theSenshi:SailorV","floor":2},{"not_picked":["theSenshi:LateForSchool","theSenshi:TuxedoSmokingBomber"],"picked":"theSenshi:MoonPunch","floor":4},{"not_picked":["theSenshi:LateForSchool","theSenshi:LunasBite"],"picked":"theSenshi:MoonTiaraMagic","floor":5},{"not_picked":["theSenshi:MoonTwilightFlash","theSenshi:MoonPunch"],"picked":"theSenshi:VenusGlamour","floor":7},{"not_picked":["theSenshi:SailorPlutoAssists","theSenshi:TuxedoSmokingBomber"],"picked":"theSenshi:TuxedoMaskAssists","floor":8},{"not_picked":["theSenshi:TuxedoMaskAssists","theSenshi:MoonPower"],"picked":"theSenshi:MoonHealingEscalation","floor":10},{"not_picked":["theSenshi:SailorVenusAssists","theSenshi:LateForSchool"],"picked":"theSenshi:MoonPrincessHalation","floor":11},{"not_picked":["theSenshi:MoonPunch","theSenshi:MoonPower","theSenshi:SailorNeptuneAssists"],"picked":"SKIP","floor":12},{"not_picked":["theSenshi:MoonPunch","theSenshi:MoonPower","theSenshi:MoonlightKnight"],"picked":"SKIP","floor":13},{"not_picked":["theSenshi:JupitersPower","theSenshi:ChibiMoonsLove"],"picked":"theSenshi:MoonGorgeousMeditation","floor":16},{"not_picked":["theSenshi:SailorChibiMoonAssists","theSenshi:SailorPlanetPower"],"picked":"theSenshi:SailorPlanetAttack","floor":18},{"not_picked":["theSenshi:MoonKick","theSenshi:MoonsReflection","theSenshi:MoonTiaraMagic"],"picked":"SKIP","floor":22},{"not_picked":["theSenshi:JupitersPower","theSenshi:PlutosSolemnity"],"picked":"theSenshi:SailorUranusAssists+1","floor":23},{"not_picked":["theSenshi:TuxedoMaskAssists","theSenshi:SupersonicWaves","theSenshi:PlutosSolemnity"],"picked":"SKIP","floor":24}],"player_experience":38205,"relics_obtained":[{"floor":7,"key":"Replay:Multitool"},{"floor":9,"key":"Strawberry"},{"floor":10,"key":"MawBank"},{"floor":23,"key":"Juzu Bracelet"},{"floor":23,"key":"Replay:Mystery Machine"},{"floor":25,"key":"Nunchaku"},{"floor":26,"key":"ReplayTheSpireMod:Lightbulb"}],"event_choices":[{"cards_removed":["Strike_B"],"damage_healed":0,"gold_gain":0,"player_choice":"Offered Basic","damage_taken":0,"max_hp_gain":0,"max_hp_loss":0,"event_name":"Bonfire Elementals","floor":3,"gold_loss":0},{"damage_healed":0,"gold_gain":0,"player_choice":"Obtain J.A.X.","damage_taken":0,"max_hp_gain":0,"max_hp_loss":0,"event_name":"Drug Dealer","floor":19,"gold_loss":0,"cards_obtained":["J.A.X."]},{"cards_removed":["theSenshi:SailorKick"],"damage_healed":0,"gold_gain":0,"player_choice":"Gave Gold","damage_taken":0,"max_hp_gain":0,"max_hp_loss":0,"event_name":"Beggar","floor":21,"gold_loss":75}],"is_beta":false,"boss_relics":[{"not_picked":["Sozu","SlaversCollar"],"picked":"Black Star"}],"items_purged_floors":[],"is_endless":false,"potions_floor_spawned":[1,5,7,8,11,13,22],"killed_by":"Shelled Parasite and Fungi","ascension_level":0}}