{"host":"60l258qxpyrtzhoo","time":1610738328,"event":{"mods":["AchievementEnabler","Act Like it!","BaseMod","BetterRewards","Colored Map","Colored Powertips","Custom Start","Downfall","GungeonMod","Minty Spire (QoL Compilation)","Quick Restart","Remove Card Discount Mod","Replay The Spire","Shop Mod","Spicy Shops","StSLib","Synergy Search","UnlockEverythingMod","vexMod"],"gold_per_floor":[114,133,149,166,23,57,71,71,96,109,126,136,162,177,177,276,276,287,304,2,14,14,41,51,82,82,95,114,133,149,149,149,246,246,262,115,125,135,152,152,183,183,183,217,236,246,281,294,294,294],"floor_reached":51,"language":"ENG","playtime":6725,"items_purged":[],"score":893,"play_id":"14131e52-646d-4d08-b1bf-22fb721c454d","local_time":"20210115201848","is_ascension_mode":false,"campfire_choices":[{"data":"hexamod:StepThrough","floor":8,"key":"SMITH"},{"data":"hexamod:Again","floor":15,"key":"SMITH"},{"floor":32,"key":"REST"},{"data":"hexamod:GhostflameInferno","floor":40,"key":"SMITH"},{"data":"Pot Of Greed","floor":42,"key":"SMITH"},{"floor":49,"key":"REST"}],"circlet_count":0,"master_deck":["hexamod:BacktrackSmack+1","hexamod:CrushingStance+1","hexamod:Float+1","hexamod:Sear+1","hexamod:AdvancingGuard+1","hexamod:BurningTouch+1","hexamod:ShieldOfDarkness+1","hexamod:NightmareGuise+1","hexamod:Rewind+1","hexamod:VolcanoVisage+1","hexamod:WildfireWeapon+1","hexamod:EmpoweringStance+1","hexamod:Firestarter+1","hexamod:Firestarter+1","hexamod:StepThrough+1","hexamod:Again+1","hexamod:SwordOfDarkness+1","hexamod:Hexaguard+1","hexamod:SpectersWail+1","hexamod:FastForward+1","hexamod:SpectersWail+1","hexamod:Hexaguard+1","hexamod:AdvancingGuard+1","hexamod:GhostShield+1","hexamod:GhostflameInferno+1","hexamod:NightmareStrike+1","Pot Of Greed","Pot Of Greed+1","Pot Of Greed","hexamod:FastForward+1","hexamod:Hexaguard+1","hexamod:Firestarter+1","hexamod:BacktrackSmack+1"],"relics":["hexamod:SpiritBrand","vexMod:BigBerry","vexMod:Dragonfruit","CaptainsWheel","Anchor","Akabeko","Potion Belt","Dream Catcher","Replay:Baseball","Odd Mushroom","vexMod:ImprovementManual","hexamod:TheBrokenSeal","Bird Faced Urn","Matryoshka","DemoMod:MeltedRock","Pet Ghost","vexMod:MemoryStick","Sozu","Sling","Grinning Jar","Happy Flower","Replay:Bottled Eggs","DemoMod:ClearGuonStone","Bronze Scales"],"acts_visited":["Exordium","TheCity","TheBeyond"],"potions_floor_usage":[23,35,39,41,41],"damage_taken":[{"damage":0,"enemies":"Small Slimes","floor":1,"turns":4},{"damage":0,"enemies":"Cultist","floor":2,"turns":3},{"damage":0,"enemies":"Jaw Worm","floor":3,"turns":3},{"damage":0,"enemies":"Blue Slaver","floor":4,"turns":2},{"damage":0,"enemies":"Replay:BlueRogue","floor":6,"turns":4},{"damage":0,"enemies":"Lots of Slimes","floor":7,"turns":4},{"damage":0,"enemies":"Looter","floor":10,"turns":3},{"damage":0,"enemies":"3 Louse","floor":11,"turns":2},{"damage":0,"enemies":"Gremlin Gang","floor":12,"turns":4},{"damage":0,"enemies":"The Mushroom Lair","floor":13,"turns":3},{"damage":0,"enemies":"Looter","floor":14,"turns":2},{"damage":1,"enemies":"Slime Boss","floor":16,"turns":7},{"damage":0,"enemies":"Spheric Guardian","floor":18,"turns":3},{"damage":0,"enemies":"Chosen","floor":19,"turns":3},{"damage":10,"enemies":"Snecko","floor":21,"turns":3},{"damage":3,"enemies":"Slavers","floor":23,"turns":4},{"damage":0,"enemies":"Snake Plant","floor":24,"turns":4},{"damage":0,"enemies":"Book of Stabbing","floor":25,"turns":4},{"damage":0,"enemies":"Sentry and Sphere","floor":27,"turns":6},{"damage":0,"enemies":"Shelled Parasite and Fungi","floor":28,"turns":4},{"damage":0,"enemies":"Snecko","floor":29,"turns":3},{"damage":0,"enemies":"Sentry and Sphere","floor":30,"turns":4},{"damage":4,"enemies":"Collector","floor":33,"turns":9},{"damage":0,"enemies":"3 Darklings","floor":35,"turns":3},{"damage":0,"enemies":"3 Shapes","floor":37,"turns":1},{"damage":0,"enemies":"3 Darklings","floor":38,"turns":3},{"damage":2,"enemies":"Writhing Mass","floor":39,"turns":4},{"damage":30,"enemies":"Nemesis","floor":41,"turns":5},{"damage":36,"enemies":"Reptomancer","floor":44,"turns":3},{"damage":0,"enemies":"Maw","floor":45,"turns":6},{"damage":0,"enemies":"3 Darklings","floor":46,"turns":3},{"damage":0,"enemies":"R_Hoarder","floor":47,"turns":7},{"damage":0,"enemies":"Sphere and 2 Shapes","floor":48,"turns":4},{"damage":79,"enemies":"Time Eater","floor":50,"turns":11}],"seed_played":"-1877788010664086192","potions_obtained":[{"floor":1,"key":"Dexterity Potion"},{"floor":6,"key":"SkillPotion"},{"floor":7,"key":"Energy Potion"},{"floor":11,"key":"sneckomod:MuddlingPotion"},{"floor":14,"key":"sneckomod:MuddlingPotion"},{"floor":24,"key":"Ancient Potion"},{"floor":25,"key":"SteroidPotion"},{"floor":28,"key":"SpeedPotion"},{"floor":29,"key":"Energy Potion"}],"is_trial":true,"path_per_floor":["M","M","M","M","$","E","M","R","T","M","M","M","?","M","R","B",null,"M","M","$","M","?","E","M","E","T","M","M","M","M","$","R","B",null,"M","$","M","M","M","R","E","R","T","E","M","M","E","M","R","B",null],"character_chosen":"THE_SPIRIT","items_purchased":["Potion Belt","Bird Faced Urn","Sling"],"campfire_rested":2,"item_purchase_floors":[5,20,36],"current_hp_per_floor":[105,105,105,105,105,105,105,105,105,105,105,105,105,105,105,115,115,115,115,115,105,105,102,104,108,108,114,115,115,115,115,115,115,115,115,115,115,115,115,115,89,89,89,57,63,65,75,79,113,98],"gold":294,"neow_bonus":"","is_daily":false,"chose_seed":false,"campfire_upgraded":4,"win_rate":0.0,"timestamp":1610738328,"path_taken":["M","M","M","M","$","E","M","R","T","M","M","M","?","M","R","BOSS","M","M","$","M","?","E","M","E","T","M","M","M","?","$","R","BOSS","M","$","M","M","M","R","E","R","T","E","M","?","E","M","R","BOSS"],"items_purchased_type":["Relic","Relic","Relic"],"build_version":"2020-12-22","purchased_purges":0,"victory":true,"max_hp_per_floor":[105,105,105,105,105,105,105,105,105,105,105,105,105,105,105,115,115,115,115,115,115,115,115,115,115,115,115,115,115,115,115,115,115,115,115,115,115,115,115,115,115,115,115,115,115,115,115,115,115,115],"card_choices":[{"not_picked":["hexamod:RetreatToShadows","hexamod:Firestarter","hexamod:EtherealExpedition"],"picked":"SKIP","floor":1},{"not_picked":["hexamod:BacktrackSmack","hexamod:InspiringFlames","hexamod:RainOfEmbers"],"picked":"SKIP","floor":2},{"not_picked":["hexamod:InspiringFlames","hexamod:HauntingEcho","hexamod:GhostShield"],"picked":"SKIP","floor":3},{"not_picked":["hexamod:ShieldOfDarkness","hexamod:Firestarter","hexamod:GhostflameBarrier"],"picked":"SKIP","floor":4},{"not_picked":["hexamod:RainOfEmbers","hexamod:ShieldOfDarkness","hexamod:HauntingEcho"],"picked":"SKIP","floor":6},{"not_picked":["hexamod:ThermalTransfer","hexamod:NightmareStrike"],"picked":"hexamod:StepThrough","floor":7},{"not_picked":["hexamod:NightmareStrike","hexamod:GhostShield"],"picked":"hexamod:Again","floor":10},{"not_picked":["hexamod:GhostShield","hexamod:SecondSeal"],"picked":"hexamod:SwordOfDarkness","floor":11},{"not_picked":["hexamod:Again","hexamod:SwordOfDarkness","hexamod:SecondSeal"],"picked":"SKIP","floor":12},{"not_picked":["hexamod:HauntingEcho","hexamod:ShieldOfDarkness"],"picked":"hexamod:Hexaguard","floor":13},{"not_picked":["hexamod:TurnItUp","hexamod:NightmareStrike"],"picked":"hexamod:SpectersWail","floor":14},{"not_picked":["hexamod:StepThrough","hexamod:GhostLash"],"picked":"hexamod:FastForward+1","floor":18},{"not_picked":["hexamod:EtherealExpedition","hexamod:InspiringFlames"],"picked":"hexamod:SpectersWail+1","floor":19},{"not_picked":["hexamod:FastForward","hexamod:NightmareStrike"],"picked":"hexamod:Hexaguard+1","floor":21},{"not_picked":["hexamod:AdvancingGuard","hexamod:BacktrackSmack","hexamod:PhantomFireball"],"picked":"SKIP","floor":23},{"not_picked":["hexamod:SpectersWail","hexamod:FastForward","hexamod:GhostOfSpirePast"],"picked":"SKIP","floor":24},{"not_picked":["hexamod:TimeWarp","hexamod:GhostflameBarrier"],"picked":"hexamod:AdvancingGuard+1","floor":25},{"not_picked":["hexamod:GhostOfSpirePresent","hexamod:ExtraCrispy","hexamod:Again"],"picked":"SKIP","floor":27},{"not_picked":["hexamod:NightmareGuise","hexamod:SpectralAdrenaline","hexamod:HauntingEcho"],"picked":"SKIP","floor":28},{"not_picked":["hexamod:ThermalTransfer","hexamod:NecessarySacrifice","hexamod:SpectersWail"],"picked":"SKIP","floor":29},{"not_picked":["hexamod:GhostLash","hexamod:NightmareStrike","hexamod:HeatMetal"],"picked":"SKIP","floor":30},{"not_picked":["hexamod:NecessarySacrifice","hexamod:ChargedBarrage"],"picked":"hexamod:GhostShield+1","floor":32},{"not_picked":["hexamod:HexaLevel","hexamod:VolcanoVisage"],"picked":"hexamod:GhostflameInferno","floor":33},{"not_picked":["hexamod:RainOfEmbers","hexamod:NightmareGuise+1"],"picked":"hexamod:NightmareStrike+1","floor":35},{"not_picked":["hexamod:SpectersWail","hexamod:BurningTouch","hexamod:FastForward"],"picked":"SKIP","floor":37},{"not_picked":["hexamod:ThirdSeal","hexamod:RainOfEmbers+1","hexamod:VolcanoVisage"],"picked":"SKIP","floor":38},{"not_picked":["hexamod:SpectersWail","hexamod:AdvancingGuard","hexamod:BurningTouch+1"],"picked":"SKIP","floor":39},{"not_picked":["hexamod:FourthSeal","hexamod:AdvancingGuard","hexamod:NecessarySacrifice"],"picked":"SKIP","floor":41},{"not_picked":["hexamod:CrushingStance","hexamod:PhantomCloak+1"],"picked":"hexamod:FastForward+1","floor":44},{"not_picked":["hexamod:ChargedBarrage","hexamod:FastForward","hexamod:ThirdSeal"],"picked":"SKIP","floor":45},{"not_picked":["hexamod:HauntingEcho","hexamod:NightmareStrike","hexamod:RainOfEmbers+1"],"picked":"SKIP","floor":46},{"not_picked":["hexamod:SixthSeal","hexamod:NightmareGuise"],"picked":"hexamod:Hexaguard+1","floor":47},{"not_picked":["hexamod:SpectersWail+1","hexamod:NightmareGuise"],"picked":"hexamod:Firestarter+1","floor":48},{"not_picked":["hexamod:InspiringFlames","hexamod:PhantomCloak+1"],"picked":"hexamod:BacktrackSmack+1","floor":49}],"player_experience":22996,"relics_obtained":[{"floor":6,"key":"Dream Catcher"},{"floor":9,"key":"Replay:Baseball"},{"floor":13,"key":"Odd Mushroom"},{"floor":23,"key":"Matryoshka"},{"floor":25,"key":"DemoMod:MeltedRock"},{"floor":26,"key":"Pet Ghost"},{"floor":26,"key":"vexMod:MemoryStick"},{"floor":41,"key":"Grinning Jar"},{"floor":43,"key":"Happy Flower"},{"floor":43,"key":"Replay:Bottled Eggs"},{"floor":44,"key":"DemoMod:ClearGuonStone"},{"floor":47,"key":"Bronze Scales"}],"event_choices":[{"damage_healed":0,"gold_gain":0,"player_choice":"Fought Mushrooms","damage_taken":0,"max_hp_gain":0,"max_hp_loss":0,"event_name":"Mushrooms","floor":13,"gold_loss":0},{"damage_healed":0,"gold_gain":0,"player_choice":"Ignored","damage_taken":0,"max_hp_gain":0,"max_hp_loss":0,"event_name":"NoteForYourself","floor":22,"gold_loss":0}],"is_beta":false,"boss_relics":[{"not_picked":["vexMod:EndlessSickness","Runic Dome","Snecko Heart"]},{"not_picked":["Cursed Key","Abe\u0027s Treasure"],"picked":"Sozu"}],"items_purged_floors":[],"is_endless":false,"potions_floor_spawned":[1,3,6,7,11,14,21,24,25,28,29,35,39,44,47,48],"ascension_level":0}}