{"host":"oeotdbd679q6m6vu","time":1610711144,"event":{"mods":["Act Like it!","BaseMod","Colored Map","Decade(Õı–°√˜)","Downfall","Friendly Minions","Gensokyo","GifTheSpireLib","Highlight Path","Marisa£®ÏF”Í°°ƒß¿Ì…≥£©","Minty Spire (QoL Compilation)","Rare Cards Sparkle","Reimu£®≤©¿ˆ¡È√Œ£©","StSLib","The Animator","Youmu£®ªÍ∆«—˝√Œ£©"],"gold_per_floor":[99,112,127,127,37,54,132,57,69,98,83,102,202,221,245,353,353,353,370,370,381,381,481,507,507,507,518,210,210,235,235,249,344,344,194,194,241,241,265,293,293,293,293,293],"floor_reached":42,"language":"ZHS","playtime":2584,"items_purged":["hexamod:Defend"],"score":541,"play_id":"6f8e5504-671e-4788-9e6d-6ddceea53b59","local_time":"20210115064544","is_ascension_mode":false,"campfire_choices":[{"floor":1,"key":"RECALL"},{"data":"hexamod:Float","floor":8,"key":"SMITH"},{"data":"hexamod:SearingWound","floor":18,"key":"SMITH"},{"data":"hexamod:HexaLevel","floor":29,"key":"SMITH"},{"floor":35,"key":"REST"}],"circlet_count":0,"master_deck":["hexamod:Sear+1","hexamod:Float+1","hexamod:FastForward+1","hexamod:Hexaguard+1","hexamod:Hexaguard","hexamod:SearingWound+1","hexamod:FastForward","hexamod:BurningTouch","hexamod:HexaLevel+1","hexamod:StepThrough+1","Bite","Bite","Bite","Bite","Bite","hexamod:EmpoweredFlame","J.A.X.+1","hexamod:UnleashSpirits","hexamod:HeatShield+1","hexamod:GhostLash+1","hexamod:DynamicBlow","hexamod:RadiantFlame+1","Deep Breath","Scrawl","expansioncontent:ChargeUp","expansioncontent:YouAreMine","expansioncontent:SlimeTackle","PropBag+1"],"relics":["hexamod:SpiritBrand","CaptainsWheel","Spirit Poop","downfall:HeartBlessingBlue","Pen Nib","Toy Ornithopter","Black Star","hexamod:TheBrokenSeal","MutagenicStrength","Tiny Chest","Thread and Needle","PrismaticShard","War Paint","Mango","Oddly Smooth Stone","Darkstone Periapt","Fusion Hammer","downfall:HeartBlessingGreen","downfall:HeartBlessingRed","Gambling Chip","RuthlessExorcism:ReiMu","hexamod:MatchstickCase","Omamori","Bag of Marbles","Sundial"],"acts_visited":["Exordium","TheCity","TheBeyond"],"potions_floor_usage":[9,9,10,10,10,13,13,16,16,30,32,33,33],"damage_taken":[{"damage":2,"enemies":"Small Slimes","floor":2,"turns":3},{"damage":4,"enemies":"Cultist","floor":3,"turns":3},{"damage":0,"enemies":"downfall:FleeingMerchant","floor":5,"turns":4},{"damage":4,"enemies":"2 Louse","floor":6,"turns":3},{"damage":1,"enemies":"Gremlin Gang","floor":9,"turns":6},{"damage":9,"enemies":"Gremlin Nob","floor":10,"turns":3},{"damage":4,"enemies":"downfall:FleeingMerchant","floor":11,"turns":4},{"damage":7,"enemies":"Exordium Wildlife","floor":12,"turns":6},{"damage":0,"enemies":"downfall:LadyInBlue","floor":13,"turns":8},{"damage":16,"enemies":"Large Slime","floor":14,"turns":6},{"damage":25,"enemies":"3 Louse","floor":15,"turns":6},{"damage":38,"enemies":"downfall:Ironclad","floor":16,"turns":7},{"damage":45,"enemies":"3 Byrds","floor":19,"turns":7},{"damage":0,"enemies":"Spheric Guardian","floor":21,"turns":5},{"damage":23,"enemies":"downfall:Augmenter","floor":23,"turns":6},{"damage":3,"enemies":"Snecko","floor":27,"turns":5},{"damage":13,"enemies":"downfall:FleeingMerchant","floor":28,"turns":4},{"damage":31,"enemies":"Book of Stabbing","floor":30,"turns":5},{"damage":18,"enemies":"Snake Plant","floor":32,"turns":3},{"damage":26,"enemies":"downfall:Watcher","floor":33,"turns":6},{"damage":41,"enemies":"2 Orb Walkers","floor":37,"turns":5},{"damage":26,"enemies":"Giant Head","floor":40,"turns":7},{"damage":23,"enemies":"Nemesis","floor":42,"turns":2}],"seed_played":"8015582906303982857","potions_obtained":[{"floor":2,"key":"EntropicBrew"},{"floor":5,"key":"Block Potion"},{"floor":6,"key":"GamblersBrew"},{"floor":6,"key":"Block Potion"},{"floor":9,"key":"GrandPatriotsElixir:ReiMu"},{"floor":10,"key":"LiquidBronze"},{"floor":12,"key":"FairyPotion"},{"floor":13,"key":"AttackPotion"},{"floor":13,"key":"Dexterity Potion"},{"floor":16,"key":"GamblersBrew"},{"floor":21,"key":"Fire Potion"},{"floor":23,"key":"EssenceOfSteel"},{"floor":32,"key":"Fire Potion"}],"is_trial":false,"path_per_floor":["R","M","M","?","$","M","T","R","M","E","$","M","?","M","M","B",null,"R","M","?","M","?","?","T","?","?","M","$","R","E","T","M","B",null,"R","?","?","?","T","E","T","E"],"character_chosen":"THE_SPIRIT","items_purchased":["PrismaticShard","War Paint"],"campfire_rested":1,"item_purchase_floors":[28,28],"current_hp_per_floor":[70,68,64,64,64,60,60,70,69,60,56,49,49,33,8,8,80,80,73,62,62,62,43,43,43,35,42,35,35,27,27,20,14,76,76,66,35,35,35,15,15,0,0,0],"gold":293,"neow_bonus":"ONE_RARE_RELIC","is_daily":false,"chose_seed":false,"campfire_upgraded":3,"win_rate":0.0,"timestamp":1610711144,"path_taken":["R","M","M","?","$","M","T","R","M","E","?","M","?","?","M","BOSS","R","M","?","M","?","?","T","?","?","?","$","R","E","?","M","BOSS","R","?","?","?","?","E","T","E"],"items_purchased_type":["Relic","Relic"],"build_version":"2020-12-22","purchased_purges":1,"victory":false,"max_hp_per_floor":[70,70,70,70,70,70,70,80,80,80,80,80,80,80,80,80,80,80,90,62,62,62,62,62,62,62,62,62,62,76,76,76,76,76,76,76,76,76,76,76,76,76,76,76],"card_choices":[{"not_picked":["hexamod:HauntingEcho","hexamod:HeatShield"],"picked":"hexamod:FastForward","floor":2},{"not_picked":["hexamod:ThermalTransfer","hexamod:NightmareStrike"],"picked":"hexamod:FourthSeal","floor":3},{"not_picked":["hexamod:PhantomFireball","hexamod:GhostShield","hexamod:RetreatToShadows"],"picked":"SKIP","floor":5},{"not_picked":["hexamod:NightmareStrike","hexamod:RainOfEmbers"],"picked":"hexamod:Hexaguard","floor":6},{"not_picked":["hexamod:ShieldOfDarkness","hexamod:SwordOfDarkness"],"picked":"hexamod:Hexaguard","floor":9},{"not_picked":["hexamod:ShieldOfDarkness","hexamod:FastForward"],"picked":"hexamod:SearingWound","floor":10},{"not_picked":["hexamod:BacktrackSmack","hexamod:ShieldOfDarkness"],"picked":"hexamod:FifthSeal","floor":11},{"not_picked":["hexamod:BurningTouch","hexamod:GhostLash"],"picked":"hexamod:FastForward","floor":12},{"not_picked":["hexamod:FirstSeal","hexamod:SecondSeal"],"picked":"hexamod:SixthSeal","floor":13},{"not_picked":["hexamod:ShieldOfDarkness","hexamod:HeatCrush"],"picked":"hexamod:BurningTouch","floor":13},{"not_picked":["hexamod:FourthSeal","hexamod:SixthSeal"],"picked":"hexamod:SecondSeal","floor":14},{"not_picked":["hexamod:Hexaguard","hexamod:SkipABeat","hexamod:GhostOfSpirePast"],"picked":"SKIP","floor":14},{"not_picked":["hexamod:FourthSeal","hexamod:FirstSeal"],"picked":"hexamod:ThirdSeal","floor":15},{"not_picked":["hexamod:NightmareGuise","hexamod:FourthSeal","hexamod:SwordOfDarkness"],"picked":"SKIP","floor":15},{"not_picked":["hexamod:ThirdSeal","hexamod:SixthSeal"],"picked":"hexamod:FirstSeal","floor":16},{"not_picked":["hexamod:SixthSeal","hexamod:TimeOfNeed"],"picked":"hexamod:HexaLevel","floor":16},{"not_picked":["hexamod:RecurringNightmare","hexamod:ShieldOfDarkness"],"picked":"hexamod:StepThrough+1","floor":19},{"not_picked":["hexamod:RainOfEmbers","hexamod:RecurringNightmare"],"picked":"hexamod:EmpoweredFlame","floor":21},{"not_picked":[],"picked":"J.A.X.","floor":23},{"not_picked":["hexamod:FourthSeal","hexamod:NightmareGuise"],"picked":"hexamod:GhostLash+1","floor":23},{"not_picked":["hexamod:Haunt+1","hexamod:SecondSeal","hexamod:TimeOfNeed"],"picked":"SKIP","floor":27},{"not_picked":["hexamod:NightmareGuise+1","hexamod:ThirdSeal"],"picked":"hexamod:DynamicBlow","floor":28},{"not_picked":["animator:Tatsumaki+1","SlashOfMeditation"],"picked":"hexamod:RadiantFlame+1","floor":30},{"not_picked":["Conquer:ReiMu+1","Tactician"],"picked":"Deep Breath","floor":32},{"not_picked":["Creative AI","Transmutation"],"picked":"Scrawl","floor":33},{"not_picked":["expansioncontent:Torchfire","expansioncontent:PolyBeam"],"picked":"expansioncontent:ChargeUp","floor":36},{"not_picked":["expansioncontent:PrepareCrush","expansioncontent:TimeRipple"],"picked":"expansioncontent:YouAreMine","floor":36},{"not_picked":["expansioncontent:DarkVoid","expansioncontent:Flail"],"picked":"expansioncontent:SlimeTackle","floor":36},{"not_picked":["Gensokyo:BrilliantDragonBullet","animator:Ciel+1"],"picked":"PropBag+1","floor":37},{"not_picked":["champ:GladiatorsShout","Slimebound:SelfFormingGoo","hexamod:SwordOfDarkness+1"],"picked":"SKIP","floor":40}],"player_experience":316939,"relics_obtained":[{"floor":10,"key":"Pen Nib"},{"floor":13,"key":"Toy Ornithopter"},{"floor":23,"key":"MutagenicStrength"},{"floor":24,"key":"Tiny Chest"},{"floor":30,"key":"Mango"},{"floor":30,"key":"Oddly Smooth Stone"},{"floor":31,"key":"Darkstone Periapt"},{"floor":37,"key":"Gambling Chip"},{"floor":39,"key":"RuthlessExorcism:ReiMu"},{"floor":40,"key":"hexamod:MatchstickCase"},{"floor":40,"key":"Omamori"},{"floor":41,"key":"Bag of Marbles"}],"event_choices":[{"cards_removed":["Regret"],"damage_healed":0,"gold_gain":0,"player_choice":"Offered Curse","damage_taken":0,"relics_obtained":["Spirit Poop"],"max_hp_gain":0,"max_hp_loss":0,"event_name":"Bonfire Elementals","floor":4,"gold_loss":0},{"damage_healed":0,"gold_gain":0,"player_choice":"Became a vampire","damage_taken":0,"max_hp_gain":0,"max_hp_loss":28,"event_name":"Vampires","floor":20,"gold_loss":0,"cards_obtained":["Bite","Bite","Bite","Bite","Bite"]},{"cards_removed":["hexamod:Defend"],"damage_healed":0,"gold_gain":0,"player_choice":"Elegance","damage_taken":0,"max_hp_gain":0,"max_hp_loss":0,"event_name":"Back to Basics","floor":22,"gold_loss":0},{"damage_healed":0,"gold_gain":0,"player_choice":"Fight","damage_taken":0,"max_hp_gain":0,"max_hp_loss":0,"event_name":"Mysterious Sphere","floor":37,"gold_loss":0}],"is_beta":false,"boss_relics":[{"not_picked":["Astrolabe","Calling Bell"],"picked":"Black Star"},{"not_picked":["Sozu","Velvet Choker"],"picked":"Fusion Hammer"}],"items_purged_floors":[5],"is_endless":false,"potions_floor_spawned":[2,6,10,12,13,21,23,32],"killed_by":"Nemesis","ascension_level":0}}