{"host":"ohuqxemsk44kggmp","time":1610704636,"event":{"mods":["Act Like it!","BaseMod","Better Third Choice","CatGirl Mod","Colored Powertips","Conspire","Marked Mod","Minty Spire (QoL Compilation)","Pale of the Ancients","Railgun Mod","Replay The Spire","StSLib","The Alterego","Waifu the Spire"],"gold_per_floor":[111,111,124,139,139,178,178,196,250,274,349,369,395,409,409,532,532,551,608,608,139,139,157,157],"floor_reached":23,"language":"ENG","playtime":1864,"items_purged":[],"score":216,"play_id":"282ebc16-d23c-4274-8f71-d4dbeb02482f","local_time":"20210115105716","is_ascension_mode":false,"campfire_choices":[{"floor":7.0,"key":"REST"},{"floor":15.0,"key":"REST"}],"circlet_count":0,"master_deck":["alterego_mod:Strike","alterego_mod:Strike","alterego_mod:Strike","alterego_mod:Strike","alterego_mod:Defend","alterego_mod:Defend","alterego_mod:Defend","alterego_mod:Defend","alterego_mod:Impale","alterego_mod:BigMeatyClaws","alterego_mod:BrynhildrsRune","alterego_mod:Undulate","alterego_mod:Rip","alterego_mod:Nekomimi","Injury","alterego_mod:Vow","alterego_mod:Clones","alterego_mod:Mirror","alterego_mod:TrashNCrash","alterego_mod:Rip","alterego_mod:Rake","alterego_mod:SakuraLabyrinth","alterego_mod:Bunnysuit","alterego_mod:Valentines"],"relics":["alterego_mod:MasochisticConstitution","Golden Idol","conspire:BottledYoYo","Potion Belt","Vajra","ChewingGum","Nunchaku","alterego_mod:FleetingLove","Kunai","Replay:Bandana","betterThird:NestCultRelic"],"acts_visited":["Exordium","TheCity"],"potions_floor_usage":[],"damage_taken":[{"damage":3.0,"enemies":"Cultist","floor":1.0,"turns":5.0},{"damage":5.0,"enemies":"Jaw Worm","floor":3.0,"turns":10.0},{"damage":2.0,"enemies":"Small Slimes","floor":4.0,"turns":6.0},{"damage":65.0,"enemies":"Gremlin Nob","floor":6.0,"turns":9.0},{"damage":22.0,"enemies":"Gremlin Gang","floor":8.0,"turns":10.0},{"damage":19.0,"enemies":"Exordium Thugs","floor":10.0,"turns":4.0},{"damage":13.0,"enemies":"Exordium Wildlife","floor":12.0,"turns":3.0},{"damage":9.0,"enemies":"2 Fungi Beasts","floor":14.0,"turns":7.0},{"damage":21.0,"enemies":"Hexaghost","floor":16.0,"turns":16.0},{"damage":21.0,"enemies":"Chosen","floor":18.0,"turns":10.0},{"damage":60.0,"enemies":"conspire:MimicChest","floor":19.0,"turns":9.0},{"damage":31,"enemies":"Book of Stabbing","floor":23,"turns":3}],"seed_played":"-8185059991784873646","potions_obtained":[{"floor":3.0,"key":"PowerPotion"},{"floor":4.0,"key":"Languid Potion"},{"floor":6.0,"key":"LifebloodPotion"},{"floor":8.0,"key":"LiquidBronze"},{"floor":12.0,"key":"SkillPotion"},{"floor":14.0,"key":"Block Potion"},{"floor":18.0,"key":"Adrenaline Potion"}],"is_trial":false,"path_per_floor":["M","$","M","M","?","E","R","M","T","M","?","M","T","M","R","B",null,"M","?","?","$","?","E"],"character_chosen":"The_Alterego","items_purchased":["Kunai","Replay:Bandana","alterego_mod:Valentines"],"campfire_rested":2,"item_purchase_floors":[21,21,21],"current_hp_per_floor":[75,75,78,80,80,23,47,54,54,36,28,16,16,15,40,27,86,73,21,21,21,21,0,0],"gold":157,"neow_bonus":"TEN_PERCENT_HP_BONUS","is_daily":false,"chose_seed":false,"campfire_upgraded":0,"win_rate":0.0,"timestamp":1610704636,"path_taken":["M","?","M","M","?","E","R","M","T","M","?","?","?","M","R","BOSS","M","?","?","?","?","E"],"items_purchased_type":["Relic","Relic","Card"],"build_version":"2020-12-22","purchased_purges":0,"victory":false,"max_hp_per_floor":[78,78,79,80,80,81,81,82,82,83,83,84,84,85,85,86,86,87,88,88,88,88,88,88],"card_choices":[{"not_picked":["alterego_mod:Punishment","alterego_mod:Exercise"],"picked":"alterego_mod:Undulate","floor":1.0},{"not_picked":["alterego_mod:Birthday","alterego_mod:BiFurious"],"picked":"alterego_mod:Rip","floor":3.0},{"not_picked":["alterego_mod:Mirror","alterego_mod:PurpleHair"],"picked":"alterego_mod:Nekomimi","floor":4.0},{"not_picked":["alterego_mod:SakuraPetals","alterego_mod:BustOut"],"picked":"alterego_mod:Vow","floor":6.0},{"not_picked":["alterego_mod:ChallengeComplete","alterego_mod:Pet"],"picked":"alterego_mod:Clones","floor":8.0},{"not_picked":["alterego_mod:SakuraFive","alterego_mod:Santa"],"picked":"alterego_mod:Mirror","floor":10.0},{"not_picked":["alterego_mod:Crossover","alterego_mod:Clones"],"picked":"alterego_mod:TrashNCrash","floor":12.0},{"not_picked":["alterego_mod:GoddessCore","alterego_mod:Cycle"],"picked":"alterego_mod:Rip","floor":14.0},{"not_picked":["alterego_mod:BrynhildrRomantia","alterego_mod:Valkyrie"],"picked":"alterego_mod:Rake","floor":16.0},{"not_picked":["alterego_mod:TrashNCrash","alterego_mod:HighServant+1"],"picked":"alterego_mod:SakuraLabyrinth","floor":18.0},{"not_picked":["alterego_mod:TrashNCrash+1","alterego_mod:Undulate+1"],"picked":"alterego_mod:Bunnysuit","floor":19.0}],"player_experience":499373,"relics_obtained":[{"floor":6.0,"key":"conspire:BottledYoYo"},{"floor":9.0,"key":"Potion Belt"},{"floor":13.0,"key":"Vajra"},{"floor":19.0,"key":"Nunchaku"}],"event_choices":[{"damage_healed":0.0,"max_hp_gain":0.0,"max_hp_loss":0.0,"gold_gain":0.0,"event_name":"Golden Idol","player_choice":"Take Wound","floor":5.0,"gold_loss":0.0,"damage_taken":0.0,"relics_obtained":["Golden Idol"],"cards_obtained":["Injury"]},{"damage_healed":0.0,"max_hp_gain":0.0,"max_hp_loss":0.0,"gold_gain":75.0,"event_name":"FaceTrader","player_choice":"Touch","floor":11.0,"gold_loss":0.0,"damage_taken":8.0},{"damage_healed":0.0,"max_hp_gain":0.0,"max_hp_loss":0.0,"gold_gain":0.0,"event_name":"Secret Garden","player_choice":"Choice 1","floor":20.0,"gold_loss":0.0,"damage_taken":0.0,"relics_obtained":["alterego_mod:FleetingLove"]},{"damage_healed":0.0,"max_hp_gain":0.0,"max_hp_loss":0.0,"gold_gain":0.0,"event_name":"betterThird:BetterNest","player_choice":"Madness","floor":22.0,"gold_loss":0.0,"damage_taken":0.0,"relics_obtained":["betterThird:NestCultRelic"]}],"is_beta":false,"boss_relics":[{"not_picked":["conspire:SpecialSausage","Runic Dome"],"picked":"ChewingGum"}],"items_purged_floors":[],"is_endless":false,"potions_floor_spawned":[3,4,6,8,12,14,18],"killed_by":"Book of Stabbing","ascension_level":0}}