{"host":"tnsigirk6wurdark","time":1610718811,"event":{"mods":["BaseMod","Bestiary","Colored Map","Colored Powertips","Curses Come First","DeckTracker","Highlight Path","Minty Spire (QoL Compilation)","Quick Restart","Relic Sorter","StSLib","Synergy Search"],"gold_per_floor":[112,132,132,132,149,149,184,72,123,142,142,167,176,138,138,225,252,272,281,281,306,306,340,340,132,184,184,184,212,233,273,273,273,273],"floor_reached":33,"language":"ENG","playtime":2480,"items_purged":["Parasite"],"score":509,"play_id":"75f4ed70-4a9b-4e31-8d1b-faf1d21f956a","local_time":"20210115135331","is_ascension_mode":true,"campfire_choices":[{"data":"Quick Slash","floor":6.0,"key":"SMITH"},{"floor":15.0,"key":"REST"},{"data":"Phantasmal Killer","floor":24.0,"key":"SMITH"},{"floor":28.0,"key":"REST"},{"floor":32.0,"key":"REST"}],"circlet_count":0,"master_deck":["AscendersBane","Strike_G","Defend_G","Defend_G","Defend_G","Defend_G","Defend_G","Survivor","Neutralize","Quick Slash+1","Underhanded Strike","Slice","Dagger Throw","Acrobatics","Adrenaline","Finisher","Tactician","Underhanded Strike","Skewer+1","Backflip","Phantasmal Killer+1","Tactician+1","Masterful Stab+1","Dagger Spray+1","Slice+1","Die Die Die","Backstab","Backstab","Dagger Throw","Infinite Blades","Eviscerate","Skewer+1"],"relics":["Ring of the Snake","Astrolabe","Lizard Tail","Orrery","NeowsBlessing","CeramicFish","Toy Ornithopter","Thread and Needle","Akabeko","Du-Vu Doll"],"acts_visited":["Exordium","TheCity"],"potions_floor_usage":[33],"damage_taken":[{"damage":0.0,"enemies":"Cultist","floor":1.0,"turns":1.0},{"damage":0.0,"enemies":"Jaw Worm","floor":2.0,"turns":1.0},{"damage":0.0,"enemies":"Small Slimes","floor":5.0,"turns":1.0},{"damage":17.0,"enemies":"3 Sentries","floor":7.0,"turns":11.0},{"damage":5.0,"enemies":"Gremlin Gang","floor":10.0,"turns":4.0},{"damage":9.0,"enemies":"Looter","floor":12.0,"turns":3.0},{"damage":26.0,"enemies":"Slime Boss","floor":16.0,"turns":10.0},{"damage":21.0,"enemies":"3 Byrds","floor":18.0,"turns":4.0},{"damage":0.0,"enemies":"Spheric Guardian","floor":21.0,"turns":2.0},{"damage":57.0,"enemies":"Gremlin Leader","floor":23.0,"turns":5.0},{"damage":2.0,"enemies":"Cultist and Chosen","floor":29.0,"turns":2.0},{"damage":0.0,"enemies":"Centurion and Healer","floor":30.0,"turns":2.0},{"damage":20.0,"enemies":"Book of Stabbing","floor":31.0,"turns":3.0},{"damage":86,"enemies":"Automaton","floor":33,"turns":6}],"seed_played":"-8710121172635948708","potions_obtained":[{"floor":5.0,"key":"Energy Potion"},{"floor":7.0,"key":"Fruit Juice"},{"floor":12.0,"key":"Ancient Potion"},{"floor":18.0,"key":"EssenceOfSteel"},{"floor":23.0,"key":"SkillPotion"},{"floor":29.0,"key":"FearPotion"},{"floor":30.0,"key":"EntropicBrew"}],"is_trial":false,"path_per_floor":["M","M","?","?","M","R","E","$","T","M","?","M","?","?","R","B",null,"M","?","?","M","?","E","R","$","T","?","R","M","M","E","R","B"],"character_chosen":"THE_SILENT","items_purchased":["Orrery","Backstab","Dagger Throw","AttackPotion"],"campfire_rested":3,"item_purchase_floors":[8,25,25,25],"current_hp_per_floor":[59,59,52,52,52,52,40,40,40,35,35,26,43,43,64,43,64,43,43,43,43,43,35,35,35,35,35,55,58,63,48,68,0,0],"gold":273,"neow_bonus":"THREE_ENEMY_KILL","is_daily":false,"chose_seed":false,"campfire_upgraded":2,"win_rate":0.0,"timestamp":1610718811,"path_taken":["M","?","?","?","M","R","E","$","T","M","?","?","?","?","R","BOSS","M","?","?","M","?","E","R","$","T","?","R","M","M","E","R","BOSS"],"items_purchased_type":["Relic","Card","Card","Potion"],"build_version":"2020-12-22","purchased_purges":1,"victory":false,"max_hp_per_floor":[66,66,66,66,66,66,71,71,71,71,71,71,71,71,71,71,71,71,71,71,71,71,71,71,68,68,68,68,68,68,68,68,68,68],"card_choices":[{"not_picked":["Calculated Gamble","Outmaneuver"],"picked":"Quick Slash","floor":1.0},{"not_picked":["Accuracy","Blur"],"picked":"Underhanded Strike","floor":2.0},{"not_picked":["PiercingWail","Heel Hook"],"picked":"Slice","floor":5.0},{"not_picked":["Prepared","Slice"],"picked":"Dagger Throw","floor":7.0},{"not_picked":["Terror","Predator"],"picked":"Acrobatics","floor":8.0},{"not_picked":["Crippling Poison","Deflect"],"picked":"Adrenaline","floor":8.0},{"not_picked":["Malaise","Backflip"],"picked":"Finisher","floor":8.0},{"not_picked":["Backflip","Crippling Poison"],"picked":"Tactician","floor":8.0},{"not_picked":["Wraith Form v2","Cloak And Dagger"],"picked":"Underhanded Strike","floor":8.0},{"not_picked":["Deflect","Calculated Gamble"],"picked":"Skewer","floor":10.0},{"not_picked":["Heel Hook","Outmaneuver"],"picked":"Backflip","floor":12.0},{"not_picked":["Unload","After Image"],"picked":"Phantasmal Killer","floor":16.0},{"not_picked":["Prepared","Poisoned Stab"],"picked":"Slice+1","floor":18.0},{"not_picked":["Deflect","Heel Hook"],"picked":"Die Die Die","floor":21.0},{"not_picked":["Predator","Bouncing Flask"],"picked":"Backstab","floor":23.0},{"not_picked":["PiercingWail","Poisoned Stab"],"picked":"Infinite Blades","floor":29.0},{"not_picked":["Riddle With Holes","Masterful Stab"],"picked":"Eviscerate","floor":30.0},{"not_picked":["Infinite Blades","Bouncing Flask"],"picked":"Skewer+1","floor":31.0}],"player_experience":771257,"relics_obtained":[{"floor":7.0,"key":"CeramicFish"},{"floor":9.0,"key":"Toy Ornithopter"},{"floor":23.0,"key":"Thread and Needle"},{"floor":26.0,"key":"Akabeko"},{"floor":31.0,"key":"Du-Vu Doll"}],"event_choices":[{"cards_removed":["Strike_G"],"damage_healed":0.0,"max_hp_gain":0.0,"max_hp_loss":0.0,"gold_gain":0.0,"event_name":"Golden Wing","player_choice":"Card Removal","floor":3.0,"gold_loss":0.0,"damage_taken":7.0},{"damage_healed":0.0,"max_hp_gain":0.0,"max_hp_loss":0.0,"gold_gain":0.0,"event_name":"Shining Light","player_choice":"Ignored","floor":4.0,"gold_loss":0.0,"damage_taken":0.0},{"damage_healed":0.0,"max_hp_gain":0.0,"max_hp_loss":0.0,"gold_gain":0.0,"event_name":"Accursed Blacksmith","player_choice":"Forge","floor":11.0,"gold_loss":0.0,"damage_taken":0.0,"cards_upgraded":["Skewer"]},{"damage_healed":17.0,"max_hp_gain":0.0,"max_hp_loss":0.0,"gold_gain":0.0,"event_name":"Mushrooms","player_choice":"Healed and dodged fight","floor":13.0,"gold_loss":0.0,"damage_taken":0.0,"cards_obtained":["Parasite"]},{"damage_healed":0.0,"max_hp_gain":0.0,"max_hp_loss":0.0,"gold_gain":0.0,"event_name":"World of Goop","player_choice":"Left Gold","floor":14.0,"gold_loss":38.0,"damage_taken":0.0},{"damage_healed":0.0,"max_hp_gain":0.0,"max_hp_loss":0.0,"gold_gain":0.0,"event_name":"The Mausoleum","player_choice":"Opened","floor":19.0,"gold_loss":0.0,"damage_taken":0.0,"relics_obtained":["Lizard Tail"],"cards_obtained":["Writhe"]},{"damage_healed":0.0,"max_hp_gain":0.0,"max_hp_loss":0.0,"gold_gain":0.0,"event_name":"Ghosts","player_choice":"Ignored","floor":20.0,"gold_loss":0.0,"damage_taken":0.0},{"cards_removed":["Writhe"],"damage_healed":0.0,"max_hp_gain":0.0,"max_hp_loss":0.0,"gold_gain":0.0,"event_name":"Back to Basics","player_choice":"Elegance","floor":22.0,"gold_loss":0.0,"damage_taken":0.0},{"damage_healed":0.0,"max_hp_gain":0.0,"max_hp_loss":0.0,"gold_gain":0.0,"event_name":"Vampires","player_choice":"Ignored","floor":27.0,"gold_loss":0.0,"damage_taken":0.0}],"is_beta":false,"boss_relics":[{"not_picked":["Runic Dome","WristBlade"],"picked":"Astrolabe"}],"items_purged_floors":[25],"is_endless":false,"potions_floor_spawned":[5,7,12,18,23,29,30],"killed_by":"Automaton","ascension_level":16}}