{"host":"ig7tc0uedzltt2sr","time":1610736853,"event":{"mods":["BaseMod","Better Twitch Integration","Block Reminder","Colored Map","Colored Powertips","Communication Mod","Current Relic Mod","GifTheSpireLib","HexUI Lib","Minty Spire (QoL Compilation)","Quick Restart","Random Character Button","Rare Cards Sparkle","Relic Sorter","Relic Stats","Slay the Relics Exporter","StSLib","SuperFastMode","Synergy Search","Twitch Decklist","Twitch Utils","everything is the same but u backflip on backflip","slay the spire mod where everything is the same but ironclad has a cowboy hat"],"gold_per_floor":[117,135,152,152,152,179,179,179,179],"floor_reached":8,"language":"ENG","playtime":41,"items_purged":[],"score":56,"play_id":"e5930ab1-9029-454a-a131-3803fce9f0ad","local_time":"20210115105413","is_ascension_mode":false,"campfire_choices":[{"data":"Strike_R","floor":7,"key":"SMITH"}],"circlet_count":0,"master_deck":["Strike_R+1","Strike_R","Strike_R","Strike_R","Strike_R","Defend_R","Defend_R","Defend_R","Defend_R","Bash"],"relics":["Burning Blood","Centennial Puzzle"],"acts_visited":["Exordium"],"potions_floor_usage":[],"damage_taken":[{"damage":8,"enemies":"Small Slimes","floor":1,"turns":4},{"damage":15,"enemies":"2 Louse","floor":2,"turns":3},{"damage":21,"enemies":"Jaw Worm","floor":3,"turns":4},{"damage":84,"enemies":"Gremlin Nob","floor":6,"turns":8},{"damage":18,"enemies":"Lagavulin","floor":8,"turns":2}],"seed_played":"446340135747143428","potions_obtained":[{"floor":1,"key":"Fire Potion"},{"floor":2,"key":"Energy Potion"}],"is_trial":false,"path_per_floor":["M","M","M","?","?","E","R","E"],"character_chosen":"IRONCLAD","items_purchased":[],"campfire_rested":0,"item_purchase_floors":[],"current_hp_per_floor":[86,77,62,62,88,10,10,0,0],"gold":179,"neow_bonus":"TEN_PERCENT_HP_BONUS","is_daily":false,"chose_seed":false,"campfire_upgraded":1,"win_rate":0.0,"timestamp":1610736853,"path_taken":["M","M","M","?","?","E","R","E"],"items_purchased_type":[],"build_version":"2020-12-22","purchased_purges":0,"victory":false,"max_hp_per_floor":[88,88,88,88,88,88,88,88,88],"relic_stats":{"Centennial Puzzle":[0],"counters":[5,21],"obtain_stats":[{"Centennial Puzzle":6,"Burning Blood":0},{"Centennial Puzzle":4,"Burning Blood":0},{"Centennial Puzzle":19,"Burning Blood":0}],"Burning Blood":24},"card_choices":[{"not_picked":["True Grit","Whirlwind","Entrench"],"picked":"SKIP","floor":1},{"not_picked":["Sever Soul","Iron Wave","Fire Breathing"],"picked":"SKIP","floor":2},{"not_picked":["Power Through","Second Wind","Reckless Charge"],"picked":"SKIP","floor":3},{"not_picked":["Havoc","Twin Strike","Hemokinesis"],"picked":"SKIP","floor":6}],"player_experience":1501519,"relics_obtained":[{"floor":6,"key":"Centennial Puzzle"}],"event_choices":[{"damage_healed":0,"gold_gain":0,"player_choice":"Fled","damage_taken":0,"max_hp_gain":0,"max_hp_loss":0,"event_name":"Scrap Ooze","floor":4,"gold_loss":0},{"damage_healed":29,"gold_gain":0,"player_choice":"Banana","damage_taken":0,"max_hp_gain":0,"max_hp_loss":0,"event_name":"Big Fish","floor":5,"gold_loss":0}],"is_beta":false,"boss_relics":[],"items_purged_floors":[],"is_endless":false,"potions_floor_spawned":[1,2],"killed_by":"Lagavulin","ascension_level":0}}