{"host":"5s7sm4h73jkd9266","time":1610587494,"event":{"mods":["AchievementEnabler","Bartender","BaseMod","Better Match","Better Vampires","BetterRewards","Colored Map","Colored Powertips","Conspire","Downfall","Energized Spire","GifTheSpireLib","Hermit","Hubris","Magitek Elite","Marisa????????","Melee Mod","Minty Spire (QoL Compilation)","Potion Indicator Mod","Rare Cards Sparkle","Relic Stats","Replay The Spire","Robot Space Explorer","Shop Mod","StSLib","Stuff the Spire","The Bladedancer","The Blue Laboratory","The Cursed","The Disciple","The Dragon Tamer","The Forsaken","The Necromancer","The Wild Card","The Witch","Virulent Crown","everything is the same but u backflip on backflip","slay the spire mod where everything is the same but ironclad has a cowboy hat","vexMod"],"gold_per_floor":[113,131,131,131,150,150,201,217,267,267,267,267,267,17,17,17],"floor_reached":15,"language":"ENG","playtime":574,"items_purged":[],"score":108,"play_id":"fbdb4ef7-4ffa-4143-9402-142eceb5b0e6","local_time":"20210113202454","is_ascension_mode":true,"campfire_choices":[{"floor":6.0,"key":"REST"},{"floor":11.0,"key":"REST"}],"circlet_count":0,"master_deck":["Strike_P+1","Strike_P","Strike_P","Defend_P","Defend_P","Defend_P","Defend_P","Eruption","Vigilance","Adaptation+1","Replay:AtTheReady","SashWhip+1","Adaptation","SandsOfTime","Indignation","WaveOfTheHand","Injury","EmptyFist","EmptyFist","Replay:BluntJabs"],"relics":["PureWater","Vajra","vexMod:BerryBomb","Toy Ornithopter","Gremlin Food","Golden Idol","CeramicFish","White Beast Statue","Anchor"],"acts_visited":["Exordium"],"potions_floor_usage":[15,15],"damage_taken":[{"damage":6.0,"enemies":"Cultist","floor":1.0,"turns":5.0},{"damage":4.0,"enemies":"Small Slimes","floor":2.0,"turns":4.0},{"damage":15.0,"enemies":"2 Louse","floor":5.0,"turns":3.0},{"damage":22.0,"enemies":"Looter","floor":8.0,"turns":3.0},{"damage":47,"enemies":"Gremlin Nob","floor":15,"turns":4}],"seed_played":"-3416963389300712704","potions_obtained":[{"floor":2.0,"key":"blueLaboratory:LouseDecoction"},{"floor":5.0,"key":"Adrenaline Potion"}],"is_trial":false,"path_per_floor":["M","M","?","?","M","R","?","M","T","T","R","PTL","PTL","$","E"],"character_chosen":"WATCHER","items_purchased":["Adaptation+1","Vajra","vexMod:BerryBomb","Toy Ornithopter","Replay:AtTheReady","SandsOfTime","Anchor","SteroidPotion","Replay:BluntJabs"],"campfire_rested":2,"item_purchase_floors":[0,0,0,0,0,0,14,14,14],"current_hp_per_floor":[33,29,17,17,2,25,25,3,3,3,26,26,26,26,0,0],"gold":17,"neow_bonus":"","is_daily":false,"chose_seed":false,"campfire_upgraded":0,"win_rate":0.0,"timestamp":1610587494,"path_taken":["M","?","?","?","M","R","?","M","T","?","R","PTL","PTL","$","E"],"items_purchased_type":["Card","Relic","Relic","Relic","Card","Card","Relic","Potion","Card"],"build_version":"2020-12-22","purchased_purges":0,"victory":false,"max_hp_per_floor":[78,78,78,78,78,78,78,78,78,78,78,78,78,78,78,78],"relic_stats":{"counters":[5,19],"Golden Idol":7,"CeramicFish":9,"obtain_stats":[{"Gremlin Food":3,"Anchor":14,"Golden Idol":4,"CeramicFish":9,"Vajra":0,"vexMod:BerryBomb":0,"PureWater":0,"Toy Ornithopter":0,"White Beast Statue":10},{"Gremlin Food":2,"Anchor":4,"Golden Idol":2,"CeramicFish":4,"Vajra":0,"vexMod:BerryBomb":0,"PureWater":0,"Toy Ornithopter":0,"White Beast Statue":4},{"Gremlin Food":9,"Anchor":15,"Golden Idol":9,"CeramicFish":15,"Vajra":0,"vexMod:BerryBomb":0,"PureWater":0,"Toy Ornithopter":0,"White Beast Statue":15}],"Toy Ornithopter":10},"card_choices":[{"not_picked":["Replay:BluntJabs","Crescendo"],"picked":"Indignation","floor":1.0},{"not_picked":["FollowUp","Nirvana"],"picked":"WaveOfTheHand","floor":2.0},{"not_picked":["FollowUp","Adaptation"],"picked":"EmptyFist","floor":5.0},{"not_picked":["JustLucky","Consecrate"],"picked":"EmptyFist","floor":8.0}],"player_experience":5500429,"relics_obtained":[{"floor":9.0,"key":"CeramicFish"},{"floor":10.0,"key":"White Beast Statue"}],"event_choices":[{"damage_healed":0.0,"max_hp_gain":0.0,"max_hp_loss":0.0,"gold_gain":0.0,"event_name":"Scrap Ooze","player_choice":"Success","floor":3.0,"gold_loss":0.0,"damage_taken":12.0,"relics_obtained":["Gremlin Food"]},{"damage_healed":0.0,"max_hp_gain":0.0,"max_hp_loss":0.0,"gold_gain":0.0,"event_name":"Golden Idol","player_choice":"Take Wound","floor":4.0,"gold_loss":0.0,"damage_taken":0.0,"relics_obtained":["Golden Idol"],"cards_obtained":["Injury"]},{"damage_healed":0.0,"max_hp_gain":0.0,"max_hp_loss":0.0,"gold_gain":51.0,"event_name":"Golden Wing","player_choice":"Gained Gold","floor":7.0,"gold_loss":0.0,"damage_taken":0.0}],"is_beta":false,"boss_relics":[],"items_purged_floors":[],"is_endless":false,"potions_floor_spawned":[2,5],"killed_by":"Gremlin Nob","ascension_level":6}}