{"host":"5f3w3xqo483bhjcu","time":1610697649,"event":{"mods":["Act Like it!","BaseMod","KinomotoSakuraMod(ƒæ÷Æ±æ”£)","Koishi","Marisa£®ÏF”Í°°ƒß¿Ì…≥£©","Minty Spire (QoL Compilation)","Reimu£®≤©¿ˆ¡È√Œ£©","Remilia£®¿Ÿ√◊¿Ú—«£©","StSLib","The Servant 0.9.4","Waifu the Spire","WarShipGirlsR/’ΩΩ¢…Ÿ≈ÆR mod","Yakumo Yukari mod","Youmu£®ªÍ∆«—˝√Œ£©","Yuyuko","[IsaacMod]“‘»ˆº‚À˛","°æ“≈ŒÔø®≈∆°øREMEMod"],"gold_per_floor":[113,113,38,3,3,3,50,50,50,225,225,225,248,281,281,400,400,419,457,476,376,376,417,417,436,489,489,532,545,588,652,652,824,824,848,321,346,374,474,518,518,518,599,599,117,182,182,168,168,221],"floor_reached":51,"language":"ZHS","playtime":1962,"items_purged":["Defend_RM","Doubt","Defend_RM","Strike_RM"],"score":1110,"play_id":"b36e2f5d-a02a-4119-a53f-73c284da956a","local_time":"20210115160049","is_ascension_mode":true,"campfire_choices":[{"data":"HeartBreak","floor":6,"key":"SMITH"},{"data":"HunterOfTheNight","floor":8,"key":"SMITH"},{"data":"VampireFantasy","floor":11,"key":"SMITH"},{"data":"EternalNight","floor":15,"key":"SMITH"},{"data":"BettingIsNotGood","floor":24,"key":"SMITH"},{"data":"MiserableFate","floor":27,"key":"SMITH"},{"floor":32,"key":"RECALL"},{"data":"QueenOfMidnight","floor":41,"key":"SMITH"},{"data":"MastersStateliness","floor":44,"key":"SMITH"},{"data":"ScarletShoot","floor":47,"key":"SMITH"},{"data":"KillingBlow","floor":49,"key":"SMITH"}],"circlet_count":0,"master_deck":["Strike_RM","Strike_RM","Strike_RM","Defend_RM","Defend_RM","RedMoon","ScarletShoot+1","BettingIsNotGood+1","HeartBreak+1","VampireFantasy+1","HunterOfTheNight+1","EternalNight+1","KillingBlow+1","NightDance+1","MastersStateliness+1","MiserableFate+1","QueenOfMidnight+1","VampirishNight+1","Thinking Ahead+1"],"relics":["ScarletHat","REME_ComplimentaryCards","HushsDoor","HowToJump","ScarletHat","Orichalcum","Mercury Hourglass","Golden Idol","Torii","MagicMushroom","Red Mask","PreservedInsect","Boot","Toxic Egg 2","SalivaCoin","Runic Pyramid","HandDrill","Gremlin Horn","Bag of Preparation","AntiCross","Akabeko","Ancient Tea Set"],"acts_visited":["Exordium","TheCity","TheBeyond"],"potions_floor_usage":[],"damage_taken":[{"damage":0,"enemies":"Jaw Worm","floor":1,"turns":3},{"damage":3,"enemies":"Lagavulin","floor":7,"turns":5},{"damage":0,"enemies":"Small Slimes","floor":13,"turns":3},{"damage":3,"enemies":"Gremlin Nob","floor":14,"turns":3},{"damage":4,"enemies":"The Guardian","floor":16,"turns":11},{"damage":0,"enemies":"Shell Parasite","floor":18,"turns":4},{"damage":0,"enemies":"Masked Bandits","floor":19,"turns":2},{"damage":3,"enemies":"3 Byrds","floor":20,"turns":3},{"damage":0,"enemies":"Gremlin Leader","floor":23,"turns":4},{"damage":0,"enemies":"Centurion and Healer","floor":25,"turns":3},{"damage":0,"enemies":"REME_1_Revenger","floor":28,"turns":2},{"damage":6,"enemies":"3 Cultists","floor":29,"turns":4},{"damage":10,"enemies":"Gremlin Leader","floor":31,"turns":4},{"damage":20,"enemies":"Champ","floor":33,"turns":8},{"damage":0,"enemies":"Orb Walker","floor":35,"turns":3},{"damage":24,"enemies":"3 Darklings","floor":37,"turns":3},{"damage":27,"enemies":"Transient","floor":38,"turns":5},{"damage":0,"enemies":"Reptomancer","floor":40,"turns":2},{"damage":10,"enemies":"Nemesis","floor":46,"turns":4},{"damage":26,"enemies":"Maw","floor":48,"turns":4},{"damage":44,"enemies":"Donu and Deca","floor":50,"turns":5}],"seed_played":"-1159215407110224648","potions_obtained":[{"floor":13,"key":"SkillPotion"},{"floor":14,"key":"BlessingOfTheForge"},{"floor":16,"key":"SteroidPotion"}],"is_trial":false,"path_per_floor":["M","?","$","?","$","R","E","R","T","?","R","?","M","E","R","B",null,"M","?","M","$","?","E","R","M","T","R","E","M","?","E","R","B",null,"M","$","M","M","?","E","R","?","T","R","$","E","R","M","R","B",null],"character_chosen":"REMILIA","items_purchased":["HandDrill","Gremlin Horn","Thinking Ahead+1","Akabeko"],"campfire_rested":0,"item_purchase_floors":[36,36,45,45],"current_hp_per_floor":[75,68,68,75,75,75,75,75,75,75,75,57,62,59,59,61,82,82,82,79,79,79,82,82,82,82,82,82,76,61,57,57,67,82,82,82,82,82,82,82,82,82,82,82,82,73,73,82,82,82],"gold":221,"neow_bonus":"ONE_RANDOM_RARE_CARD","is_daily":false,"chose_seed":false,"campfire_upgraded":10,"win_rate":0.0,"timestamp":1610697649,"path_taken":["M","?","$","?","$","R","E","R","T","?","R","?","M","E","R","BOSS","M","?","M","$","?","E","R","M","T","R","E","M","?","E","R","BOSS","M","?","?","M","?","E","R","?","T","R","$","E","R","M","R","BOSS"],"items_purchased_type":["Relic","Relic","Card","Relic"],"build_version":"2020-12-22","purchased_purges":4,"victory":true,"max_hp_per_floor":[75,75,75,75,75,75,75,75,75,75,75,75,75,75,75,75,82,82,82,82,82,82,82,82,82,82,82,82,82,82,82,82,82,82,82,82,82,82,82,82,82,82,82,82,82,82,82,82,82,82],"card_choices":[{"not_picked":[],"picked":"BettingIsNotGood","floor":0},{"not_picked":["ScarletDevilSign","SuperhumanBloodyKnife"],"picked":"VampireFantasy","floor":1},{"not_picked":["MastersStateliness","EndlessAdversity"],"picked":"HunterOfTheNight","floor":7},{"not_picked":["ScarletGensokyo","RedNightlessCastle"],"picked":"EternalNight","floor":13},{"not_picked":["BloodyTrap","StarOfDavid","GlobalNightmare"],"picked":"SKIP","floor":14},{"not_picked":["BatForm","BloodyCatastrophe"],"picked":"KillingBlow","floor":16},{"not_picked":["BlasphemousPunishment","Stigmanizer"],"picked":"NightDance+1","floor":18},{"not_picked":["DiffusionOfMisfortune","BombardNight"],"picked":"MastersStateliness","floor":19},{"not_picked":["ScarletDevil","DiffusionOfMisfortune","BombardNight"],"picked":"SKIP","floor":20},{"not_picked":["BloodyTrap","MillenniumVampire+1","NightDance"],"picked":"SKIP","floor":23},{"not_picked":["UnderTheZenith+1","BlasphemousPunishment+1"],"picked":"MiserableFate","floor":25},{"not_picked":["RedNightlessCastle","RedMagic+1","BlasphemousPunishment+1"],"picked":"SKIP","floor":28},{"not_picked":["BombardNight","BloodHunter+1","VampireSweep+1"],"picked":"SKIP","floor":29},{"not_picked":["HunterOfTheNight","VampireSweep+1","VampirishNight+1"],"picked":"SKIP","floor":31},{"not_picked":["TransientEternity","HeartBreak"],"picked":"QueenOfMidnight","floor":33},{"not_picked":["UnstableMagic+1","VampireKiss+1","MastersStateliness+1"],"picked":"SKIP","floor":35},{"not_picked":["BloodHunter+1","BlasphemousPunishment+1","GlobalNightmare+1"],"picked":"SKIP","floor":37},{"not_picked":["BloodHunter+1","EndlessAdversity+1","FitfulNightmare"],"picked":"SKIP","floor":38},{"not_picked":["UnderTheZenith+1","RedNightlessCastle+1"],"picked":"VampirishNight+1","floor":40},{"not_picked":["ScarletImprint","UnderTheZenith+1","Stigmanizer"],"picked":"SKIP","floor":46},{"not_picked":["FavorOfDestiny+1","ScarletDevil","StarOfDavid+1"],"picked":"SKIP","floor":48}],"player_experience":392561,"relics_obtained":[{"floor":7,"key":"Orichalcum"},{"floor":9,"key":"Mercury Hourglass"},{"floor":14,"key":"Torii"},{"floor":19,"key":"Red Mask"},{"floor":23,"key":"PreservedInsect"},{"floor":26,"key":"Boot"},{"floor":28,"key":"Toxic Egg 2"},{"floor":31,"key":"SalivaCoin"},{"floor":40,"key":"Bag of Preparation"},{"floor":43,"key":"AntiCross"},{"floor":46,"key":"Ancient Tea Set"}],"event_choices":[{"damage_healed":0,"gold_gain":0,"player_choice":"Success","damage_taken":7,"relics_obtained":["Diplopia"],"max_hp_gain":0,"max_hp_loss":0,"event_name":"Scrap Ooze","floor":2,"gold_loss":0},{"damage_healed":18,"gold_gain":0,"player_choice":"Healed","damage_taken":0,"max_hp_gain":0,"max_hp_loss":0,"event_name":"The Cleric","floor":4,"gold_loss":35},{"damage_healed":0,"gold_gain":175,"player_choice":"AGREE","damage_taken":0,"max_hp_gain":0,"max_hp_loss":0,"event_name":"Liars Game","floor":10,"gold_loss":0,"cards_obtained":["Doubt"]},{"damage_healed":0,"gold_gain":0,"player_choice":"Take Damage","damage_taken":18,"relics_obtained":["Golden Idol"],"max_hp_gain":0,"max_hp_loss":0,"event_name":"Golden Idol","floor":12,"gold_loss":0},{"damage_healed":0,"gold_gain":0,"player_choice":"Fought Bandits","damage_taken":0,"max_hp_gain":0,"max_hp_loss":0,"event_name":"Masked Bandits","floor":19,"gold_loss":0},{"damage_healed":0,"gold_gain":0,"player_choice":"Ignored","damage_taken":0,"max_hp_gain":0,"max_hp_loss":0,"event_name":"Ghosts","floor":22,"gold_loss":0},{"damage_healed":0,"gold_gain":100,"player_choice":"Pray","damage_taken":0,"max_hp_gain":0,"max_hp_loss":0,"event_name":"Golden Shrine","floor":39,"gold_loss":0},{"damage_healed":0,"gold_gain":0,"player_choice":"Memory 1","damage_taken":0,"max_hp_gain":0,"max_hp_loss":0,"event_name":"SensoryStone","floor":42,"gold_loss":0}],"is_beta":false,"boss_relics":[{"not_picked":["Busted Crown","Snecko Eye"],"picked":"MagicMushroom"},{"not_picked":[]},{"not_picked":["Calling Bell","SlaversCollar"],"picked":"Runic Pyramid"},{"not_picked":[]}],"items_purged_floors":[3,21,36,45],"is_endless":false,"potions_floor_spawned":[13,14,16,18,29,33,35,38,46],"ascension_level":1}}