{"host":"nlbr7nnijupf3yfg","time":1610670902,"event":{"mods":["AchievementEnabler","BaseMod","Colored Powertips","DeckTracker","Downfall","Hubris","Marisa????????","Minty Spire (QoL Compilation)","Replay The Spire","StSLib","SuperFastMode"],"gold_per_floor":[109,109,34,34,45,45,91,105,105,280,180,180,55,87,87,209,209,228,228,228,282,103,103,129,129,129,54,54,4,41,89,89,191,191,207,306,53,71,71,71,103,103,103,13,45,60,76,76,76,76,76],"floor_reached":50,"language":"ENG","playtime":1852,"items_purged":["Strike_MRS","Doubt","Regret","Pain"],"score":836,"play_id":"9da23f0f-3cea-43f2-b153-ea5a9b72b256","local_time":"20210114193502","is_ascension_mode":false,"campfire_choices":[{"data":"Robbery","floor":6,"key":"SMITH"},{"floor":12,"key":"REST"},{"floor":15,"key":"REST"},{"data":"JA","floor":23,"key":"SMITH"},{"data":"MasterSpark","floor":25,"key":"SMITH"},{"data":"MillisecondPulsars","floor":28,"key":"SMITH"},{"data":"OortCloud","floor":32,"key":"SMITH"},{"data":"MaximisePower","floor":40,"key":"SMITH"},{"data":"Singularity","floor":42,"key":"SMITH"},{"floor":49,"key":"RECALL"}],"circlet_count":0,"master_deck":["MasterSpark+1","UpSweep+1","GalacticHalo+1","Robbery+1","WitchLeyline+1","WitchLeyline+1","EnergyRecoil+1","6A+1","JA+1","PowerUp+1","GalacticHalo+1","Acceleration+1","BigCrunch+1","MillisecondPulsars+1","OortCloud+1","MaximisePower+1","GasGiant+1","EnergyFlow+1","DeepEcoloBomb+1","WitchLeyline+1","Singularity+1"],"relics":["MiniHakkero","Letter Opener","Replay:PocketPolymizer","Bottled Flame","hubris:GrandSneckoEye","hubris:BottledHeart","Lee\u0027s Waffle","Replay:Wax Seal","BreadOfAWashokuLover","CatCart","ReplayTheSpireMod:CursedCoin","ReplayTheSpireMod:Shallot","Singing Bowl","hubris:TenFootPole","Mark of the Bloom"],"acts_visited":["Exordium","TheCity","TheBeyond"],"potions_floor_usage":[16,16,24,50,50,50],"damage_taken":[{"damage":1,"enemies":"Jaw Worm","floor":1,"turns":3},{"damage":2,"enemies":"Small Slimes","floor":5,"turns":4},{"damage":22,"enemies":"Replay:BlueRogue","floor":7,"turns":6},{"damage":0,"enemies":"2 Louse","floor":8,"turns":2},{"damage":12,"enemies":"2 Fungi Beasts","floor":14,"turns":3},{"damage":21,"enemies":"Hexaghost","floor":16,"turns":7},{"damage":6,"enemies":"Spheric Guardian","floor":18,"turns":3},{"damage":0,"enemies":"3 Byrds","floor":21,"turns":6},{"damage":0,"enemies":"Slavers","floor":24,"turns":5},{"damage":0,"enemies":"Cultist and Chosen","floor":30,"turns":4},{"damage":0,"enemies":"Snecko","floor":31,"turns":6},{"damage":0,"enemies":"Pondfish","floor":33,"turns":9},{"damage":0,"enemies":"Orb Walker","floor":35,"turns":3},{"damage":0,"enemies":"Orin","floor":36,"turns":13},{"damage":0,"enemies":"3 Shapes","floor":38,"turns":2},{"damage":0,"enemies":"R_Hoarder","floor":41,"turns":6},{"damage":0,"enemies":"Spire Growth","floor":45,"turns":3},{"damage":0,"enemies":"4 Shapes","floor":46,"turns":7},{"damage":0,"enemies":"Writhing Mass","floor":47,"turns":6},{"damage":1,"enemies":"hubris:GrandSnecko","floor":50,"turns":9}],"seed_played":"-1795412129925149681","potions_obtained":[{"floor":7,"key":"Block Potion"},{"floor":8,"key":"PowerPotion"},{"floor":21,"key":"sneckomod:MuddlingPotion"},{"floor":24,"key":"Cursed Concoction"},{"floor":30,"key":"BlessingOfTheForge"},{"floor":31,"key":"Dexterity Potion"},{"floor":41,"key":"SkillPotion"}],"is_trial":false,"path_per_floor":["M","?","$","?","M","R","E","M","T","?","$","R","$","M","R","B",null,"M","?","?","M","$","R","E","R","T","?","R","?","M","M","R","B",null,"M","?","$","M","?","R","E","R","T","?","M","M","M","?","R","B"],"character_chosen":"MARISA","items_purchased":["Lee\u0027s Waffle","GalacticHalo+1","ReplayTheSpireMod:CursedCoin","ReplayTheSpireMod:Shallot"],"campfire_rested":2,"item_purchase_floors":[22,22,37,37],"current_hp_per_floor":[74,74,74,74,72,72,50,50,50,50,50,72,72,60,75,54,75,69,1,1,1,1,1,1,1,1,1,1,1,1,1,1,1,1,1,1,1,1,1,1,1,1,1,1,1,1,1,1,1,0,0],"gold":76,"neow_bonus":"ONE_RANDOM_RARE_CARD","is_daily":false,"chose_seed":false,"campfire_upgraded":7,"win_rate":0.0,"timestamp":1610670902,"path_taken":["M","?","$","?","M","R","E","M","T","?","$","R","$","M","R","BOSS","M","?","?","M","$","R","E","R","T","?","R","?","M","M","R","BOSS","M","?","$","M","?","R","E","R","T","?","?","M","M","?","R","BOSS"],"items_purchased_type":["Relic","Card","Relic","Relic"],"build_version":"2020-12-22","purchased_purges":4,"victory":false,"max_hp_per_floor":[75,75,75,75,75,75,75,75,75,75,75,75,75,75,75,75,75,75,1,1,1,1,1,1,1,1,1,1,1,1,1,1,1,1,1,1,1,1,1,1,1,1,1,1,1,1,1,1,1,1,1],"card_choices":[{"not_picked":["UnstableBomb","BlazeAway"],"picked":"GalacticHalo","floor":1},{"not_picked":["GasGiant","Occultation"],"picked":"Robbery","floor":5},{"not_picked":["MilkyWay","WitchOfGreed"],"picked":"WitchLeyline","floor":7},{"not_picked":["DC","UnstableBomb"],"picked":"WitchLeyline","floor":8},{"not_picked":["GrandCross","SporeBomb"],"picked":"SuperPerseids","floor":14},{"not_picked":["AbsoluteMagnitude","BinaryStars"],"picked":"JA","floor":16},{"not_picked":["UnstableBomb","DC"],"picked":"PowerUp","floor":18},{"not_picked":["DoubleSpark","GalacticHalo","SprinkleStarSeal"],"picked":"SKIP","floor":21},{"not_picked":["MagicChant","BigCrunch"],"picked":"FinalSpark","floor":24},{"not_picked":["UnstableBomb","StarBarrage+1","DoubleSpark"],"picked":"SKIP","floor":30},{"not_picked":["GrandCross","NonDirectionalLaser"],"picked":"OortCloud","floor":31},{"not_picked":["SuperNova","BinaryStars"],"picked":"MaximisePower","floor":33},{"not_picked":["PulseMagic","NonDirectionalLaser"],"picked":"GasGiant+1","floor":35},{"not_picked":["MilkyWay+1","DC+1"],"picked":"EnergyFlow","floor":36},{"not_picked":["AlicesGift+1","GalacticHalo"],"picked":"DeepEcoloBomb+1","floor":38},{"not_picked":["CollectingQuirk","BinaryStars","StarlightTyphoon"],"picked":"Singing Bowl","floor":41},{"not_picked":["ShootingEcho+1","MilkyWay+1","DoubleSpark"],"picked":"Singing Bowl","floor":45},{"not_picked":["Acceleration+1","WitchOfGreed+1","ShootTheMoon"],"picked":"Singing Bowl","floor":46},{"not_picked":["LuminesStrike","ManaConvection+1","SporeBomb"],"picked":"Singing Bowl","floor":47}],"player_experience":43045,"relics_obtained":[{"floor":7,"key":"Replay:PocketPolymizer"},{"floor":9,"key":"Bottled Flame"},{"floor":24,"key":"Replay:Wax Seal"},{"floor":26,"key":"BreadOfAWashokuLover"},{"floor":36,"key":"CatCart"},{"floor":41,"key":"Singing Bowl"},{"floor":43,"key":"hubris:TenFootPole"}],"event_choices":[{"damage_healed":0,"gold_gain":0,"player_choice":"Box","damage_taken":0,"relics_obtained":["Letter Opener"],"max_hp_gain":0,"max_hp_loss":0,"event_name":"Big Fish","floor":4,"gold_loss":0,"cards_obtained":["Regret"]},{"damage_healed":0,"gold_gain":175,"player_choice":"AGREE","damage_taken":0,"max_hp_gain":0,"max_hp_loss":0,"event_name":"Liars Game","floor":10,"gold_loss":0,"cards_obtained":["Doubt"]},{"cards_removed":["Strike_MRS"],"damage_healed":0,"gold_gain":0,"player_choice":"Elegance","damage_taken":0,"max_hp_gain":0,"max_hp_loss":0,"event_name":"Back to Basics","floor":20,"gold_loss":0},{"cards_removed":["Defend_MRS"],"damage_healed":0,"gold_gain":0,"player_choice":"Gave Gold","damage_taken":0,"max_hp_gain":0,"max_hp_loss":0,"event_name":"Beggar","floor":27,"gold_loss":75},{"damage_healed":0,"gold_gain":0,"player_choice":"Bet on Owner","damage_taken":0,"max_hp_gain":0,"max_hp_loss":0,"event_name":"The Joust","floor":29,"gold_loss":50},{"damage_healed":0,"gold_gain":0,"player_choice":"Fight","damage_taken":0,"max_hp_gain":0,"max_hp_loss":0,"event_name":"OrinTheCat","floor":36,"gold_loss":0},{"cards_removed":["OneTimeOff"],"damage_healed":0,"gold_gain":0,"player_choice":"Upgrade and Remove","damage_taken":0,"max_hp_gain":0,"max_hp_loss":0,"event_name":"Designer","floor":44,"gold_loss":90,"cards_upgraded":["WitchLeyline"]},{"damage_healed":0,"gold_gain":0,"player_choice":"Upgrade","damage_taken":0,"relics_obtained":["Mark of the Bloom"],"max_hp_gain":0,"max_hp_loss":0,"event_name":"MindBloom","floor":48,"gold_loss":0,"cards_upgraded":["GalacticHalo","WitchLeyline","EnergyRecoil","6A","PowerUp","Acceleration","BigCrunch","EnergyFlow","WitchLeyline"]}],"is_beta":false,"boss_relics":[{"not_picked":["hubris:VirtuousBlindfold","hubris:RunicObelisk"],"picked":"hubris:GrandSneckoEye"},{"not_picked":["Runic Pyramid","Replay:Drink Me","Runic Dome"]}],"items_purged_floors":[3,11,13,37],"is_endless":false,"potions_floor_spawned":[7,8,24,30,31,38,41,45,46],"killed_by":"hubris:GrandSnecko","ascension_level":0}}