{"host":"f6f8cjhjgha9mpdq","time":1610705144,"event":{"mods":["BaseMod","Minty Spire (QoL Compilation)","Permanent Neow","StSLib","SuperFastMode"],"gold_per_floor":[109,109,124,142,161,161,190,190,190,203,238,238,265,284,284,357,357,373,131,145,162,62,87,87,87,87,112,37,37,56,85,85,162,162,179,54,354,367,377,377,412,412,412,424,424,439,466,153,153,153,153,153,39,64,64,64],"floor_reached":55,"language":"KOR","playtime":3523,"items_purged":["Defend_P","Defend_P","Strike_P","Strike_P"],"score":2132,"play_id":"a552bb38-5614-4118-8453-94c2a21eba48","local_time":"20210115190544","is_ascension_mode":true,"campfire_choices":[{"data":"Eruption","floor":6.0,"key":"SMITH"},{"data":"Vault","floor":12.0,"key":"SMITH"},{"data":"Vigilance","floor":15.0,"key":"SMITH"},{"data":"ConjureBlade","floor":24.0,"key":"SMITH"},{"data":"Vengeance","floor":32.0,"key":"SMITH"},{"floor":40.0,"key":"RECALL"},{"floor":49.0,"key":"REST"},{"floor":52.0,"key":"REST"}],"circlet_count":0,"master_deck":["AscendersBane","Eruption+1","Vigilance+1","CutThroughFate","JustLucky","FollowUp","Vault+1","Halt","Halt","ThirdEye","ConjureBlade+1","Vengeance+1","Nirvana","Vault+1","Secret Weapon+1","Vault+1","Meditate+1"],"relics":["HolyWater","Singing Bowl","FossilizedHelix","Calipers","Torii","Chemical X","Vajra","Toxic Egg 2","Meat on the Bone","Blood Vial","Fusion Hammer","PreservedInsect","Centennial Puzzle","Orrery","Shuriken"],"acts_visited":["Exordium","TheCity","TheBeyond","TheEnding"],"potions_floor_usage":[55,55,55,55],"damage_taken":[{"damage":1.0,"enemies":"2 Louse","floor":1.0,"turns":3.0},{"damage":0.0,"enemies":"Cultist","floor":3.0,"turns":2.0},{"damage":4.0,"enemies":"Jaw Worm","floor":4.0,"turns":3.0},{"damage":0.0,"enemies":"2 Fungi Beasts","floor":5.0,"turns":3.0},{"damage":13.0,"enemies":"Lagavulin","floor":7.0,"turns":6.0},{"damage":0.0,"enemies":"Looter","floor":10.0,"turns":2.0},{"damage":15.0,"enemies":"3 Sentries","floor":11.0,"turns":7.0},{"damage":0.0,"enemies":"Lagavulin","floor":13.0,"turns":6.0},{"damage":0.0,"enemies":"Blue Slaver","floor":14.0,"turns":3.0},{"damage":18.0,"enemies":"The Guardian","floor":16.0,"turns":18.0},{"damage":1.0,"enemies":"2 Thieves","floor":18.0,"turns":4.0},{"damage":6.0,"enemies":"3 Byrds","floor":20.0,"turns":5.0},{"damage":0.0,"enemies":"Centurion and Healer","floor":21.0,"turns":4.0},{"damage":11.0,"enemies":"Gremlin Leader","floor":23.0,"turns":7.0},{"damage":0.0,"enemies":"Slavers","floor":27.0,"turns":5.0},{"damage":0.0,"enemies":"Snake Plant","floor":30.0,"turns":3.0},{"damage":1.0,"enemies":"Gremlin Leader","floor":31.0,"turns":3.0},{"damage":36.0,"enemies":"Automaton","floor":33.0,"turns":6.0},{"damage":0.0,"enemies":"3 Shapes","floor":35.0,"turns":4.0},{"damage":9.0,"enemies":"3 Darklings","floor":38.0,"turns":5.0},{"damage":0.0,"enemies":"Transient","floor":39.0,"turns":8.0},{"damage":0.0,"enemies":"Reptomancer","floor":41.0,"turns":2.0},{"damage":18.0,"enemies":"Writhing Mass","floor":44.0,"turns":4.0},{"damage":0.0,"enemies":"4 Shapes","floor":46.0,"turns":5.0},{"damage":0.0,"enemies":"Nemesis","floor":47.0,"turns":2.0},{"damage":22.0,"enemies":"Time Eater","floor":50.0,"turns":7.0},{"damage":16.0,"enemies":"Shield and Spear","floor":54.0,"turns":4.0},{"damage":109,"enemies":"The Heart","floor":55,"turns":12}],"seed_played":"-7102838152916447831","potions_obtained":[{"floor":3.0,"key":"Swift Potion"},{"floor":11.0,"key":"LiquidMemories"},{"floor":13.0,"key":"SpeedPotion"},{"floor":16.0,"key":"ColorlessPotion"},{"floor":21.0,"key":"BlessingOfTheForge"},{"floor":27.0,"key":"Energy Potion"}],"is_trial":false,"path_per_floor":["M","?","M","M","M","R","E","?","T","M","E","R","E","M","R","B",null,"M","$","M","M","$","E","R","?","T","E","?","?","M","E","R","B",null,"M","$","?","M","M","R","E","?","T","M","?","M","E","$","R","B",null,"R","$","E","B"],"character_chosen":"WATCHER","items_purchased":["Chemical X","Orrery","EntropicBrew"],"campfire_rested":2,"item_purchase_floors":[19,48,53],"current_hp_per_floor":[42,78,78,74,74,74,61,54,54,56,41,41,43,43,43,25,68,67,67,63,63,63,54,54,54,54,56,56,56,58,59,59,37,78,82,82,82,77,81,81,85,79,79,65,65,69,71,81,116,96,113,118,118,102,0,0],"gold":64,"neow_bonus":"TRANSFORM_TWO_CARDS","is_daily":false,"chose_seed":false,"campfire_upgraded":5,"win_rate":0.0,"timestamp":1610705144,"path_taken":["M","?","M","M","?","R","E","?","T","M","E","R","E","M","R","BOSS","M","$","M","M","$","E","R","?","T","E","?","?","?","E","R","BOSS","M","$","?","M","?","R","E","?","T","M","?","M","E","$","R","BOSS","R","$","E","BOSS"],"items_purchased_type":["Relic","Relic","Potion"],"build_version":"2020-12-22","purchased_purges":4,"victory":false,"max_hp_per_floor":[68,78,78,78,78,78,78,78,78,80,80,80,82,82,82,82,82,82,82,84,84,84,86,86,86,86,88,88,88,90,92,92,92,92,94,94,94,96,98,98,100,104,104,106,106,108,108,118,118,118,118,118,118,118,118,118],"card_choices":[{"not_picked":["FlurryOfBlows","FollowUp"],"picked":"JustLucky","floor":1.0},{"not_picked":["Consecrate","Sanctity","FollowUp"],"picked":"SKIP","floor":3.0},{"not_picked":["Consecrate","Sanctity","FollowUp"],"picked":"SKIP","floor":3.0},{"not_picked":["Consecrate","Sanctity"],"picked":"FollowUp","floor":3.0},{"not_picked":["CrushJoints","PathToVictory"],"picked":"Vault","floor":4.0},{"not_picked":["CarveReality","FlurryOfBlows","BowlingBash"],"picked":"SKIP","floor":5.0},{"not_picked":["BowlingBash","Protect"],"picked":"Halt","floor":7.0},{"not_picked":["Pray","ClearTheMind","BattleHymn"],"picked":"Singing Bowl","floor":10.0},{"not_picked":["EmptyBody","Evaluate"],"picked":"Halt","floor":11.0},{"not_picked":["PathToVictory","FlyingSleeves","TalkToTheHand"],"picked":"Singing Bowl","floor":13.0},{"not_picked":["Study","Evaluate"],"picked":"ThirdEye","floor":14.0},{"not_picked":["Devotion","Wish"],"picked":"ConjureBlade","floor":16.0},{"not_picked":["Halt","Worship"],"picked":"Vengeance","floor":18.0},{"not_picked":["Wireheading","BowlingBash+1","Vengeance"],"picked":"Singing Bowl","floor":20.0},{"not_picked":["ClearTheMind","Halt"],"picked":"Nirvana","floor":21.0},{"not_picked":["Study","CrushJoints","FollowUp"],"picked":"Singing Bowl","floor":23.0},{"not_picked":["Protect+1","SashWhip","Indignation+1"],"picked":"Singing Bowl","floor":27.0},{"not_picked":["FlyingSleeves","Halt+1","FollowUp"],"picked":"Singing Bowl","floor":30.0},{"not_picked":["Fasting2","EmptyBody+1","ReachHeaven+1"],"picked":"Singing Bowl","floor":31.0},{"not_picked":["Judgement+1","DevaForm"],"picked":"Vault+1","floor":33.0},{"not_picked":["Perseverance+1","EmptyFist+1","Protect+1"],"picked":"Singing Bowl","floor":35.0},{"not_picked":["FlyingSleeves","ThirdEye+1","Halt+1"],"picked":"Singing Bowl","floor":38.0},{"not_picked":["JustLucky","EmptyBody+1","ConjureBlade+1"],"picked":"Singing Bowl","floor":39.0},{"not_picked":["DevaForm","Evaluate+1","InnerPeace+1"],"picked":"Singing Bowl","floor":41.0},{"not_picked":["Mind Blast","Dramatic Entrance","Transmutation+1"],"picked":"Singing Bowl","floor":42.0},{"not_picked":["Trip+1","Transmutation+1","Mayhem"],"picked":"Singing Bowl","floor":42.0},{"not_picked":["Bandage Up+1","Dramatic Entrance"],"picked":"Secret Weapon+1","floor":42.0},{"not_picked":["Conclude+1","Halt+1","Evaluate+1"],"picked":"Singing Bowl","floor":44.0},{"not_picked":["Conclude","BowlingBash","Evaluate+1"],"picked":"Singing Bowl","floor":46.0},{"not_picked":["Halt+1","ReachHeaven"],"picked":"Vault+1","floor":47.0},{"not_picked":["BowlingBash","CrushJoints","SashWhip"],"picked":"Singing Bowl","floor":48.0},{"not_picked":["BowlingBash","FlyingSleeves","EmptyBody+1"],"picked":"Singing Bowl","floor":48.0},{"not_picked":["BowlingBash","ConjureBlade+1","PathToVictory+1"],"picked":"Singing Bowl","floor":48.0},{"not_picked":["CrushJoints","WindmillStrike+1","Pray+1"],"picked":"Singing Bowl","floor":48.0},{"not_picked":["WheelKick","Halt+1","Protect+1"],"picked":"Singing Bowl","floor":48.0},{"not_picked":["Protect+1","ThirdEye+1"],"picked":"Meditate+1","floor":54.0}],"player_experience":568088,"relics_obtained":[{"floor":7.0,"key":"Singing Bowl"},{"floor":9.0,"key":"FossilizedHelix"},{"floor":11.0,"key":"Calipers"},{"floor":13.0,"key":"Torii"},{"floor":23.0,"key":"Vajra"},{"floor":26.0,"key":"Toxic Egg 2"},{"floor":27.0,"key":"Meat on the Bone"},{"floor":31.0,"key":"Blood Vial"},{"floor":41.0,"key":"PreservedInsect"},{"floor":47.0,"key":"Centennial Puzzle"},{"floor":54.0,"key":"Shuriken"}],"event_choices":[{"cards_removed":["MasterReality"],"damage_healed":26.0,"max_hp_gain":10.0,"max_hp_loss":0.0,"gold_gain":0.0,"event_name":"Bonfire Elementals","player_choice":"Offered Rare","floor":2.0,"gold_loss":0.0,"damage_taken":0.0},{"cards_removed":["Strike_P"],"damage_healed":0.0,"max_hp_gain":0.0,"max_hp_loss":0.0,"gold_gain":0.0,"event_name":"Golden Wing","player_choice":"Card Removal","floor":8.0,"gold_loss":0.0,"damage_taken":7.0},{"damage_healed":0.0,"max_hp_gain":0.0,"max_hp_loss":0.0,"gold_gain":0.0,"event_name":"Vampires","player_choice":"Ignored","floor":25.0,"gold_loss":0.0,"damage_taken":0.0},{"cards_removed":["Defend_P"],"damage_healed":0.0,"max_hp_gain":0.0,"max_hp_loss":0.0,"gold_gain":0.0,"event_name":"Beggar","player_choice":"Gave Gold","floor":28.0,"gold_loss":75.0,"damage_taken":0.0},{"damage_healed":0.0,"max_hp_gain":0.0,"max_hp_loss":0.0,"gold_gain":0.0,"event_name":"Cursed Tome","player_choice":"Ignored","floor":29.0,"gold_loss":0.0,"damage_taken":0.0},{"damage_healed":0.0,"max_hp_gain":0.0,"max_hp_loss":0.0,"gold_gain":300.0,"event_name":"Wheel of Change","player_choice":"Gold","floor":37.0,"gold_loss":0.0,"damage_taken":0.0},{"damage_healed":0.0,"max_hp_gain":0.0,"max_hp_loss":0.0,"gold_gain":0.0,"event_name":"SensoryStone","player_choice":"Memory 3","floor":42.0,"gold_loss":0.0,"damage_taken":10.0},{"damage_healed":0.0,"max_hp_gain":0.0,"max_hp_loss":0.0,"gold_gain":0.0,"event_name":"Tomb of Lord Red Mask","player_choice":"Ignored","floor":45.0,"gold_loss":0.0,"damage_taken":0.0}],"is_beta":false,"boss_relics":[{"not_picked":["Philosopher\u0027s Stone","Snecko Eye"],"picked":"HolyWater"},{"not_picked":["SlaversCollar","VioletLotus"],"picked":"Fusion Hammer"}],"items_purged_floors":[19,22,36,48],"is_endless":false,"potions_floor_spawned":[3,11,13,16,21,23,27,31,38,46,47,54],"killed_by":"The Heart","ascension_level":19}}