{"host":"y3h3n3f7seyagppx","time":1610687695,"event":{"mods":["AlwaysNeverKeys","BaseMod","Better Vampires","Colored Powertips","DeckTracker","Emptier Cage","Minty Spire (QoL Compilation)","Permanent Neow","Quick Restart","Rare Cards Sparkle","Relic Sorter","Relic Stats","StSLib","Transform Curses"],"gold_per_floor":[117,117,128,128,140,2,2,33,33,63,63,83,103,138,138,214,214,226,63,74,86,86,111,111,145,145,180,180,180,212,228,228,303,303,314,329,92,92,103,128,144,144,144,144,144,175,175,200,200,200,200,200,200,10,38,38],"floor_reached":57,"language":"ENG","playtime":12106,"items_purged":["Strike_R"],"score":2872,"play_id":"9b1abf0f-9ee4-4261-a0e3-38b55ecb9548","local_time":"20210115001455","is_ascension_mode":true,"campfire_choices":[{"data":"Armaments","floor":7.0,"key":"SMITH"},{"data":"Twin Strike","floor":11.0,"key":"SMITH"},{"data":"Hemokinesis","floor":15.0,"key":"SMITH"},{"floor":24.0,"key":"REST"},{"floor":29.0,"key":"REST"},{"floor":32.0,"key":"REST"}],"circlet_count":0,"master_deck":["AscendersBane","Strike_R","Strike_R","Strike_R","Strike_R+1","Defend_R+1","Defend_R","Defend_R","Defend_R","Twin Strike+1","Armaments+1","Iron Wave","Hemokinesis+1","Reaper","Metallicize","Brutality","Pommel Strike+1","Battle Trance","Demon Form","Shockwave","Barricade","Body Slam","Burning Pact+1","Entrench","Heavy Blade+1","Burning Pact+1","Evolve+1","Exhume+1","Entrench+1","Shrug It Off+1"],"relics":["Burning Blood","StrikeDummy","Mummified Hand","Paper Frog","Question Card","Fusion Hammer","Sling","Regal Pillow","Bag of Preparation","Pantograph","Lizard Tail","Potion Belt","Coffee Dripper","ClockworkSouvenir","Calipers","Gambling Chip","Toxic Egg 2","Meat on the Bone","Akabeko","DollysMirror","Blue Candle"],"acts_visited":["Exordium","TheCity","TheBeyond","TheEnding"],"potions_floor_usage":[],"damage_taken":[{"damage":7.0,"enemies":"Jaw Worm","floor":1.0,"turns":3.0},{"damage":10.0,"enemies":"Small Slimes","floor":3.0,"turns":4.0},{"damage":1.0,"enemies":"Cultist","floor":5.0,"turns":3.0},{"damage":5.0,"enemies":"Gremlin Nob","floor":8.0,"turns":3.0},{"damage":19.0,"enemies":"Lagavulin","floor":10.0,"turns":6.0},{"damage":16.0,"enemies":"Red Slaver","floor":12.0,"turns":2.0},{"damage":6.0,"enemies":"2 Fungi Beasts","floor":13.0,"turns":3.0},{"damage":16.0,"enemies":"3 Sentries","floor":14.0,"turns":8.0},{"damage":23.0,"enemies":"The Guardian","floor":16.0,"turns":12.0},{"damage":17.0,"enemies":"3 Byrds","floor":18.0,"turns":5.0},{"damage":19.0,"enemies":"Spheric Guardian","floor":20.0,"turns":4.0},{"damage":17.0,"enemies":"Centurion and Healer","floor":21.0,"turns":4.0},{"damage":10.0,"enemies":"Book of Stabbing","floor":23.0,"turns":3.0},{"damage":17.0,"enemies":"Gremlin Leader","floor":25.0,"turns":6.0},{"damage":23.0,"enemies":"Slavers","floor":27.0,"turns":4.0},{"damage":31.0,"enemies":"Book of Stabbing","floor":30.0,"turns":5.0},{"damage":23.0,"enemies":"Sentry and Sphere","floor":31.0,"turns":4.0},{"damage":46.0,"enemies":"Champ","floor":33.0,"turns":12.0},{"damage":22.0,"enemies":"3 Darklings","floor":35.0,"turns":4.0},{"damage":2.0,"enemies":"3 Shapes","floor":36.0,"turns":6.0},{"damage":11.0,"enemies":"Spire Growth","floor":39.0,"turns":3.0},{"damage":15.0,"enemies":"Giant Head","floor":40.0,"turns":5.0},{"damage":31.0,"enemies":"Maw","floor":41.0,"turns":6.0},{"damage":39.0,"enemies":"Reptomancer","floor":46.0,"turns":4.0},{"damage":6.0,"enemies":"Giant Head","floor":48.0,"turns":7.0},{"damage":77.0,"enemies":"Awakened One","floor":50.0,"turns":14.0},{"damage":99.0,"enemies":"Donu and Deca","floor":51.0,"turns":16.0},{"damage":136.0,"enemies":"Shield and Spear","floor":55.0,"turns":11.0},{"damage":82,"enemies":"The Heart","floor":56,"turns":11}],"seed_played":"-3971431966241732806","potions_obtained":[{"floor":1.0,"key":"Explosive Potion"},{"floor":8.0,"key":"FairyPotion"},{"floor":12.0,"key":"Block Potion"},{"floor":14.0,"key":"FearPotion"},{"floor":23.0,"key":"EssenceOfSteel"},{"floor":27.0,"key":"PowerPotion"},{"floor":31.0,"key":"ColorlessPotion"},{"floor":36.0,"key":"ElixirPotion"},{"floor":40.0,"key":"SteroidPotion"},{"floor":41.0,"key":"PowerPotion"},{"floor":46.0,"key":"Weak Potion"}],"is_trial":false,"path_per_floor":["M","?","M","?","M","$","R","E","T","E","R","M","M","E","R","B",null,"M","$","M","M","?","E","R","E","T","E","?","R","E","M","R","B",null,"M","M","$","?","M","E","M","R","T","R","?","E","T","E","R","B","B",null,"R","$","E","B",null],"character_chosen":"IRONCLAD","items_purchased":["Hemokinesis","Swift Potion","Sling","ClockworkSouvenir","DollysMirror","Shrug It Off+1"],"campfire_rested":3,"item_purchase_floors":[6,6,19,37,54,54],"current_hp_per_floor":[67,72,68,44,49,49,49,50,50,37,37,31,39,41,41,26,67,63,63,50,39,39,43,80,79,79,72,72,80,64,47,80,62,76,80,80,80,80,80,71,60,60,60,60,60,60,60,80,80,80,57,74,74,74,72,30],"gold":38,"neow_bonus":"UPGRADE_CARD","is_daily":false,"chose_seed":false,"campfire_upgraded":3,"win_rate":0.0,"timestamp":1610687695,"path_taken":["M","?","M","?","M","?","R","E","T","E","R","M","M","E","R","BOSS","M","$","M","M","?","E","R","E","T","E","?","R","E","?","R","BOSS","M","M","$","?","M","E","M","R","T","R","?","E","?","E","R","BOSS","BOSS","R","$","E","BOSS"],"items_purchased_type":["Card","Potion","Relic","Relic","Relic","Card"],"build_version":"2020-12-22","purchased_purges":1,"victory":true,"max_hp_per_floor":[75,80,80,80,80,80,80,80,80,80,80,80,80,80,80,80,80,80,80,80,80,80,80,80,80,80,80,80,80,80,80,80,80,80,80,80,80,80,80,80,80,80,80,80,80,80,80,80,80,80,80,80,80,80,80,80],"relic_stats":{"Regal Pillow":22,"Lizard Tail":40,"counters":[29,178],"Mummified Hand":[86],"Pantograph":8,"Gambling Chip":[30],"Blue Candle":[0],"Bag of Preparation":[30],"Question Card":18,"obtain_stats":[{"Potion Belt":30,"Regal Pillow":23,"Calipers":40,"Blue Candle":55,"Bag of Preparation":25,"Question Card":14,"Sling":19,"Burning Blood":0,"Akabeko":48,"ClockworkSouvenir":37,"Lizard Tail":27,"Mummified Hand":9,"DollysMirror":54,"Pantograph":26,"Gambling Chip":43,"Fusion Hammer":17,"Coffee Dripper":34,"Toxic Egg 2":46,"StrikeDummy":8,"Paper Frog":10,"Meat on the Bone":47},{"Potion Belt":16,"Regal Pillow":13,"Calipers":22,"Blue Candle":28,"Bag of Preparation":14,"Question Card":8,"Sling":10,"Burning Blood":0,"Akabeko":25,"ClockworkSouvenir":20,"Lizard Tail":15,"Mummified Hand":4,"DollysMirror":27,"Pantograph":14,"Gambling Chip":23,"Fusion Hammer":9,"Coffee Dripper":18,"Toxic Egg 2":24,"StrikeDummy":4,"Paper Frog":5,"Meat on the Bone":24},{"Potion Belt":75,"Regal Pillow":60,"Calipers":109,"Blue Candle":167,"Bag of Preparation":66,"Question Card":32,"Sling":49,"Burning Blood":0,"Akabeko":126,"ClockworkSouvenir":101,"Lizard Tail":70,"Mummified Hand":13,"DollysMirror":156,"Pantograph":66,"Gambling Chip":115,"Fusion Hammer":44,"Coffee Dripper":91,"Toxic Egg 2":119,"StrikeDummy":13,"Paper Frog":19,"Meat on the Bone":119}],"Burning Blood":152,"Meat on the Bone":12},"card_choices":[{"not_picked":["Dark Embrace","Flex"],"picked":"Twin Strike","floor":1.0},{"not_picked":["Clash","Warcry"],"picked":"Armaments","floor":3.0},{"not_picked":["Heavy Blade","Rampage"],"picked":"Iron Wave","floor":5.0},{"not_picked":["Body Slam","Dark Embrace","Hemokinesis"],"picked":"SKIP","floor":8.0},{"not_picked":["Body Slam","Dark Embrace","Hemokinesis"],"picked":"SKIP","floor":8.0},{"not_picked":["Sword Boomerang","Cleave"],"picked":"Reaper","floor":10.0},{"not_picked":["Blood for Blood","Warcry","Rampage"],"picked":"SKIP","floor":12.0},{"not_picked":["Body Slam","Cleave","Pommel Strike"],"picked":"SKIP","floor":13.0},{"not_picked":["Disarm","Thunderclap"],"picked":"Metallicize","floor":14.0},{"not_picked":["Fiend Fire","Bludgeon","Reaper"],"picked":"Brutality","floor":16.0},{"not_picked":["Thunderclap","Headbutt","Seeing Red+1","Clothesline"],"picked":"SKIP","floor":18.0},{"not_picked":["Battle Trance","Seeing Red","Body Slam"],"picked":"Pommel Strike+1","floor":20.0},{"not_picked":["Pommel Strike","Heavy Blade","Blood for Blood","Rupture"],"picked":"SKIP","floor":21.0},{"not_picked":["Disarm","Flex+1","Limit Break"],"picked":"Battle Trance","floor":23.0},{"not_picked":["Twin Strike","Wild Strike","Flex","Havoc"],"picked":"SKIP","floor":25.0},{"not_picked":["Body Slam","Warcry","Iron Wave","Pommel Strike"],"picked":"SKIP","floor":27.0},{"not_picked":["Cleave","Clothesline","Dropkick"],"picked":"Shockwave","floor":30.0},{"not_picked":["Havoc","Entrench","Sword Boomerang","Sentinel"],"picked":"SKIP","floor":31.0},{"not_picked":["Exhume","Fiend Fire","Demon Form"],"picked":"Barricade","floor":33.0},{"not_picked":["Headbutt","Iron Wave","Heavy Blade"],"picked":"Body Slam","floor":35.0},{"not_picked":["Body Slam","Rage","Warcry"],"picked":"Burning Pact+1","floor":36.0},{"not_picked":["Shrug It Off","Reaper","Anger"],"picked":"Entrench","floor":39.0},{"not_picked":["Iron Wave","Wild Strike","Second Wind"],"picked":"Heavy Blade+1","floor":40.0},{"not_picked":["Whirlwind","Wild Strike+1","Heavy Blade"],"picked":"Burning Pact+1","floor":41.0},{"not_picked":["Ghostly Armor+1","Power Through+1","Heavy Blade"],"picked":"Evolve+1","floor":46.0},{"not_picked":["Sever Soul","Armaments+1","Havoc+1"],"picked":"Exhume+1","floor":48.0},{"not_picked":["Pummel+1","Pommel Strike","Dropkick+1","Hemokinesis+1"],"picked":"SKIP","floor":55.0}],"player_experience":20947789,"relics_obtained":[{"floor":8.0,"key":"StrikeDummy"},{"floor":9.0,"key":"Mummified Hand"},{"floor":10.0,"key":"Paper Frog"},{"floor":14.0,"key":"Question Card"},{"floor":23.0,"key":"Regal Pillow"},{"floor":25.0,"key":"Bag of Preparation"},{"floor":26.0,"key":"Pantograph"},{"floor":27.0,"key":"Lizard Tail"},{"floor":30.0,"key":"Potion Belt"},{"floor":40.0,"key":"Calipers"},{"floor":43.0,"key":"Gambling Chip"},{"floor":46.0,"key":"Toxic Egg 2"},{"floor":47.0,"key":"Meat on the Bone"},{"floor":48.0,"key":"Akabeko"},{"floor":55.0,"key":"Blue Candle"}],"event_choices":[{"damage_healed":0.0,"max_hp_gain":5.0,"max_hp_loss":0.0,"gold_gain":0.0,"event_name":"Big Fish","player_choice":"Donut","floor":2.0,"gold_loss":0.0,"damage_taken":0.0},{"damage_healed":0.0,"max_hp_gain":0.0,"max_hp_loss":0.0,"gold_gain":0.0,"event_name":"Shining Light","player_choice":"Entered Light","floor":4.0,"gold_loss":0.0,"damage_taken":24.0,"cards_upgraded":["Defend_R","Strike_R"]},{"damage_healed":0.0,"max_hp_gain":0.0,"max_hp_loss":0.0,"gold_gain":0.0,"event_name":"Vampires","player_choice":"Ignored","floor":22.0,"gold_loss":0.0,"damage_taken":0.0},{"damage_healed":0.0,"max_hp_gain":0.0,"max_hp_loss":0.0,"gold_gain":0.0,"event_name":"Match and Keep!","player_choice":"1 cards matched","floor":28.0,"gold_loss":0.0,"damage_taken":0.0,"cards_obtained":["Demon Form"]},{"cards_removed":["Bash"],"damage_healed":0.0,"max_hp_gain":0.0,"max_hp_loss":0.0,"gold_gain":0.0,"event_name":"Falling","player_choice":"Removed Attack","floor":38.0,"gold_loss":0.0,"damage_taken":0.0},{"damage_healed":0.0,"max_hp_gain":0.0,"max_hp_loss":0.0,"gold_gain":0.0,"event_name":"Tomb of Lord Red Mask","player_choice":"Ignored","floor":45.0,"gold_loss":0.0,"damage_taken":0.0}],"is_beta":false,"boss_relics":[{"not_picked":["Tiny House","SacredBark"],"picked":"Fusion Hammer"},{"not_picked":["Mark of Pain","Sozu"],"picked":"Coffee Dripper"}],"items_purged_floors":[37],"is_endless":false,"potions_floor_spawned":[1,8,12,14,18,23,27,31,36,40,41,46],"ascension_level":20}}