{"host":"37dk0reb6x0du8wx","time":1610694172,"event":{"mods":["BaseMod","Colored Map","DeckTracker","Minty Spire (QoL Compilation)","Quick Restart","StSLib"],"gold_per_floor":[111,111,127,127,52,82,82,109,109,109,184,195,225,238,238,336,336,346,366,6,6,23,23,51,51,51],"floor_reached":25,"language":"KOR","playtime":971,"items_purged":["Strike_B"],"score":342,"play_id":"3487153a-2a6f-4957-aa49-9654f51c955c","local_time":"20210115160252","is_ascension_mode":true,"campfire_choices":[{"data":"Zap","floor":7,"key":"SMITH"},{"floor":10,"key":"REST"},{"floor":15,"key":"REST"},{"floor":23,"key":"REST"}],"circlet_count":0,"master_deck":["Strike_B","Strike_B","Defend_B","Defend_B","Defend_B","Defend_B","Zap+1","Dualcast","Conserve Battery","Electrodynamics","Self Repair","Reboot","Auto Shields","Conserve Battery","Capacitor","Conserve Battery"],"relics":["Cracked Core","NeowsBlessing","Du-Vu Doll","Bag of Preparation","Sundial","WingedGreaves","Symbiotic Virus","Philosopher\u0027s Stone","Membership Card","Mango","Regal Pillow"],"acts_visited":["Exordium","TheCity"],"potions_floor_usage":[8,16,16,16,16,16,16,21,22,24,25],"damage_taken":[{"damage":0,"enemies":"2 Louse","floor":1,"turns":1},{"damage":0,"enemies":"Small Slimes","floor":3,"turns":1},{"damage":0,"enemies":"Lagavulin","floor":6,"turns":1},{"damage":7,"enemies":"Gremlin Nob","floor":8,"turns":3},{"damage":2,"enemies":"Jaw Worm","floor":12,"turns":3},{"damage":16,"enemies":"Lagavulin","floor":13,"turns":6},{"damage":0,"enemies":"Large Slime","floor":14,"turns":5},{"damage":29,"enemies":"Hexaghost","floor":16,"turns":10},{"damage":16,"enemies":"Shell Parasite","floor":18,"turns":6},{"damage":32,"enemies":"Chosen","floor":19,"turns":7},{"damage":29,"enemies":"Snake Plant","floor":22,"turns":5},{"damage":63,"enemies":"Book of Stabbing","floor":24,"turns":7},{"damage":0,"enemies":"Centurion and Healer","floor":25,"turns":2}],"seed_played":"470647368577642923","potions_obtained":[{"floor":6,"key":"DistilledChaos"},{"floor":8,"key":"FearPotion"},{"floor":13,"key":"EntropicBrew"},{"floor":19,"key":"Fire Potion"},{"floor":21,"key":"Fruit Juice"},{"floor":24,"key":"Explosive Potion"}],"is_trial":false,"path_per_floor":["M","?","M","?","$","E","R","E","T","R","?","M","E","M","R","B",null,"M","M","$","?","M","R","E","M"],"character_chosen":"DEFECT","items_purchased":["Membership Card","Auto Shields","Mango","Conserve Battery"],"campfire_rested":3,"item_purchase_floors":[20,20,20,20],"current_hp_per_floor":[75,68,68,61,61,61,61,54,54,75,64,62,46,53,75,46,75,66,41,55,60,38,66,10,10,10],"gold":51,"neow_bonus":"THREE_ENEMY_KILL","is_daily":false,"chose_seed":false,"campfire_upgraded":1,"win_rate":0.0,"timestamp":1610694172,"path_taken":["M","?","M","?","?","E","R","E","T","R","?","M","E","M","R","BOSS","M","M","$","?","?","R","E","M"],"items_purchased_type":["Relic","Card","Relic","Card"],"build_version":"2020-12-22","purchased_purges":1,"victory":false,"max_hp_per_floor":[75,75,75,75,75,75,75,75,75,75,75,75,75,75,75,75,75,75,75,89,94,94,94,94,94,94],"card_choices":[{"not_picked":["Beam Cell","Compile Driver"],"picked":"Conserve Battery","floor":1},{"not_picked":["Rebound","Coolheaded","Go for the Eyes"],"picked":"SKIP","floor":3},{"not_picked":["Leap","Lockon"],"picked":"Electrodynamics","floor":6},{"not_picked":["Recycle","Streamline","Compile Driver"],"picked":"SKIP","floor":8},{"not_picked":["Rebound","Stack","Ball Lightning"],"picked":"SKIP","floor":12},{"not_picked":["Genetic Algorithm","Buffer"],"picked":"Self Repair","floor":13},{"not_picked":["Stack","Skim","Steam"],"picked":"SKIP","floor":14},{"not_picked":["Electrodynamics","Fission"],"picked":"Reboot","floor":16},{"not_picked":["Barrage","Compile Driver","Streamline+1"],"picked":"SKIP","floor":18},{"not_picked":["Sweeping Beam","Chill","Gash"],"picked":"SKIP","floor":19},{"not_picked":["Beam Cell+1","Gash"],"picked":"Capacitor","floor":22},{"not_picked":["Skim","Hologram+1"],"picked":"Conserve Battery","floor":24}],"player_experience":164871,"relics_obtained":[{"floor":6,"key":"Bag of Preparation"},{"floor":8,"key":"Sundial"},{"floor":9,"key":"WingedGreaves"},{"floor":13,"key":"Symbiotic Virus"},{"floor":24,"key":"Regal Pillow"}],"event_choices":[{"cards_removed":["Strike_B"],"damage_healed":0,"gold_gain":0,"player_choice":"Card Removal","damage_taken":7,"max_hp_gain":0,"max_hp_loss":0,"event_name":"Golden Wing","floor":2,"gold_loss":0},{"damage_healed":0,"gold_gain":0,"player_choice":"Success","damage_taken":7,"relics_obtained":["Du-Vu Doll"],"max_hp_gain":0,"max_hp_loss":0,"event_name":"Scrap Ooze","floor":4,"gold_loss":0},{"damage_healed":0,"gold_gain":75,"player_choice":"Gather Gold","damage_taken":11,"max_hp_gain":0,"max_hp_loss":0,"event_name":"World of Goop","floor":11,"gold_loss":0},{"damage_healed":0,"gold_gain":0,"player_choice":"Got Potions","damage_taken":0,"max_hp_gain":0,"max_hp_loss":0,"event_name":"Lab","floor":21,"gold_loss":0}],"is_beta":false,"boss_relics":[{"not_picked":["Astrolabe","Tiny House"],"picked":"Philosopher\u0027s Stone"}],"items_purged_floors":[5],"is_endless":false,"potions_floor_spawned":[6,8,13,19,24],"killed_by":"Centurion and Healer","ascension_level":4}}