{"host":"6a06qhlf17v5rcww","time":1610696055,"event":{"mods":["Act Like it!","Aspiration","BaseMod","Beaked The Cultist","Better Altar","Better Match","Better Note","Better Sensory Stone","Better Skull","Better Third Choice","Better Vampires","BetterRewards","Block Reminder","Colored Powertips","Downfall","Gensokyo","Infinite Spire","Minty Spire (QoL Compilation)","Pale of the Ancients","Poor People Problems","Rare Cards Sparkle","Replay The Spire","Shade Mod","StSLib","The Bug Knight","The Jungle","The Marked"],"gold_per_floor":[109,109,127,127,143,143,143,143,143,143,143,175,175,195,195,295,295,311,133,147,174,174,174,192,192,192,205,230,230,230,258,258,356,356,374,374,391,391,411,443,455,467,479,506,550,562,592,152,152,152,162,182,182,146,146,165,165,15,15,15,15],"floor_reached":60,"language":"ENG","playtime":5394,"items_purged":["Regret"],"score":973,"play_id":"81488dc2-fc02-43f3-96c9-4db24112e24d","local_time":"20210115023415","is_ascension_mode":true,"campfire_choices":[{"data":"Replay:Dark Deal","floor":6.0,"key":"SMITH"},{"data":"theMarked:SoldierOfQuellstein","floor":8.0,"key":"SMITH"},{"data":"theMarked:ElectricStrings","floor":10.0,"key":"SMITH"},{"floor":13.0,"key":"REST"},{"data":"theMarked:MagicAdept","floor":15.0,"key":"SMITH"},{"data":"theMarked:FavorableWinds","floor":23.0,"key":"SMITH"},{"data":"Replay:Dark Deal","floor":25.0,"key":"SMITH"},{"data":"Replay:Fractal Strike","floor":32.0,"key":"SMITH"},{"data":"theMarked:ParalyzingBlade","floor":42.0,"key":"SMITH"},{"data":"theMarked:SummonStrength","floor":46.0,"key":"SMITH"},{"data":"theMarked:Indomitable","floor":49.0,"key":"SMITH"},{"data":"theMarked:Polarize","floor":55.0,"key":"SMITH"},{"data":"theMarked:Vacuum","floor":57.0,"key":"SMITH"}],"circlet_count":0,"master_deck":["theMarked:Strike+1","theMarked:Strike","theMarked:Strike","theMarked:Strike","theMarked:Defend","theMarked:Defend","theMarked:Defend","theMarked:Defend+1","theMarked:SoldierOfQuellstein+1","Replay:Dark Deal+1","theMarked:Indomitable+1","theMarked:SwordAndMagic","theMarked:GodGivenPower","theMarked:ElementalBlade","theMarked:ElementalBlade","theMarked:ElectricStrings+1","Apotheosis+1","theMarked:AttractMetal","theMarked:MagicAdept+1","theMarked:MaelstromOfLightning","theMarked:FavorableWinds+1","Replay:Dark Deal+1","theMarked:HeightenedSenses","theMarked:MaelstromOfLightning","theMarked:HeritageOfTheMarked+1","theMarked:Vacuum","theMarked:WardOff","Replay:Fractal Strike+1","theMarked:BanishingStrike+1","theMarked:SummonStrength+1","theMarked:TunnelVision+1","theMarked:ShockingTouch","theMarked:Seal+1","theMarked:ParalyzingBlade+1","theMarked:ResourceFulStrike+1","theMarked:Vacuum+1","theMarked:Overcharge","theMarked:WardOff","theMarked:Polarize+1","theMarked:TakeOffHeels"],"relics":["theMarked:ArtifactOfAir","Du-Vu Doll","HollowMod:PaleOreRelic","Orichalcum","Boot","MealTicket","Calling Bell","Gambling Chip","ReplayTheSpireMod:Shallot","Guardian:PocketSentry","Divine Protection","Omamori","StoneCalendar","ChewingGum","MawBank","Ring of Searing","Ring of Peace","Pen Nib","Simple Rune","Onion Ring","paleoftheancients:Timepiece","paleoftheancients:KeyRelic","Gremlin Horn","CultistMask","paleoftheancients:SoulOfTheSilent"],"acts_visited":["Exordium","Exordium","TheBeyond","TheBeyond"],"potions_floor_usage":[60,60],"damage_taken":[{"damage":0.0,"enemies":"Small Slimes","floor":1.0,"turns":1.0},{"damage":3.0,"enemies":"Jaw Worm","floor":3.0,"turns":2.0},{"damage":2.0,"enemies":"Cultist","floor":5.0,"turns":4.0},{"damage":3.0,"enemies":"Replay:BlueRogue","floor":12.0,"turns":4.0},{"damage":0.0,"enemies":"Large Slime","floor":14.0,"turns":2.0},{"damage":0.0,"enemies":"The Guardian","floor":16.0,"turns":3.0},{"damage":17.0,"enemies":"Shell Parasite","floor":18.0,"turns":6.0},{"damage":0.0,"enemies":"theJungle:5_Spyders","floor":20.0,"turns":1.0},{"damage":8.0,"enemies":"theJungle:Lyon","floor":24.0,"turns":5.0},{"damage":0.0,"enemies":"theJungle:Snecko_Cultist_And_Trap","floor":27.0,"turns":4.0},{"damage":0.0,"enemies":"theJungle:2_Phrogs","floor":28.0,"turns":7.0},{"damage":1.0,"enemies":"theJungle:MamaSnecko","floor":31.0,"turns":6.0},{"damage":0.0,"enemies":"theJungle:QueenSpyder","floor":33.0,"turns":7.0},{"damage":0.0,"enemies":"Orb Walker","floor":35.0,"turns":3.0},{"damage":15.0,"enemies":"3 Darklings","floor":37.0,"turns":6.0},{"damage":0.0,"enemies":"Sphere and 2 Shapes","floor":39.0,"turns":4.0},{"damage":44.0,"enemies":"Giant Head","floor":40.0,"turns":8.0},{"damage":0.0,"enemies":"4 Shapes","floor":44.0,"turns":7.0},{"damage":15.0,"enemies":"Reptomancer","floor":45.0,"turns":6.0},{"damage":0.0,"enemies":"3 Darklings","floor":47.0,"turns":4.0},{"damage":26.0,"enemies":"Replay:Hell Engine","floor":50.0,"turns":6.0},{"damage":5.0,"enemies":"Replay:Hell Engine","floor":51.0,"turns":4.0},{"damage":43.0,"enemies":"Replay:Hell Engine","floor":52.0,"turns":8.0},{"damage":28.0,"enemies":"Replay:Hell Engine","floor":56.0,"turns":9.0},{"damage":138,"enemies":"paleoftheancients:N","floor":60,"turns":8}],"seed_played":"8418514240647189010","potions_obtained":[{"floor":3.0,"key":"Elixir"},{"floor":5.0,"key":"Cursed Concoction"},{"floor":16.0,"key":"Ancient Potion"},{"floor":37.0,"key":"FearPotion"},{"floor":52.0,"key":"Weak Potion"}],"is_trial":false,"path_per_floor":["M","?","M","?","M","R","?","R","T","R","?","E","R","M","R","B",null,"M","$","M","T","?","R","M","R","T","M","E","?","?","E","R","B",null,"M","?","M","?","M","E","?","R","T","M","E","R","M","$","R","B","M","M","?","$","R","M","R","$","?","B"],"character_chosen":"THE_DEFAULT","items_purchased":["Replay:Dark Deal","theMarked:Indomitable","theMarked:SwordAndMagic","theMarked:GodGivenPower","theMarked:ElementalBlade","Replay:Dark Deal","theMarked:Overcharge","theMarked:WardOff","Onion Ring","theMarked:Polarize","theMarked:TakeOffHeels"],"campfire_rested":1,"item_purchase_floors":[0,0,0,0,0,19,48,48,48,54,58],"current_hp_per_floor":[36,36,33,33,31,31,31,31,31,31,31,28,49,49,49,49,70,53,68,68,68,68,68,60,60,60,60,60,60,43,57,57,57,70,70,70,55,62,70,26,26,26,26,41,26,26,26,41,41,70,68,48,48,63,63,35,35,50,50,0,0],"gold":15,"neow_bonus":"","is_daily":false,"chose_seed":false,"campfire_upgraded":12,"win_rate":0.0,"timestamp":1610696055,"path_taken":["M","?","M","?","?","R","?","R","T","R","?","E","R","?","R","BOSS","M","?","M","?","?","R","M","R","T","?","E","?","?","E","R","BOSS","M","?","M","?","M","E","?","R","T","M","E","R","M","$","R","BOSS","M","M","?","$","R","M","R","$","?","BOSS"],"items_purchased_type":["Card","Card","Card","Card","Card","Card","Card","Card","Relic","Card","Card"],"build_version":"2020-12-22","purchased_purges":1,"victory":false,"max_hp_per_floor":[70,70,70,70,70,70,70,70,70,70,70,70,70,70,70,70,70,70,70,70,70,70,70,70,70,70,70,70,70,70,70,70,70,70,70,70,70,70,70,70,70,70,70,70,70,70,70,70,70,70,70,70,70,70,70,70,70,70,70,70,70],"card_choices":[{"not_picked":["theMarked:SwordAndMagic","theMarked:DeterminationOfTheMarked"],"picked":"theMarked:ElectricStrings","floor":1.0},{"not_picked":["theMarked:BanishingWave","theMarked:ChainLightning"],"picked":"theMarked:AttractMetal","floor":3.0},{"not_picked":["theMarked:Reabsorb","theMarked:ChainLightning","theMarked:DeterminationOfTheMarked"],"picked":"SKIP","floor":5.0},{"not_picked":["theMarked:TakeOffHeels","theMarked:HeightenedSenses"],"picked":"theMarked:MagicAdept","floor":12.0},{"not_picked":["theMarked:Parkour","theMarked:WastefulDefense"],"picked":"theMarked:MaelstromOfLightning","floor":14.0},{"not_picked":["theMarked:UnarmedFury","theMarked:SuspiciousRaven"],"picked":"theMarked:FavorableWinds","floor":16.0},{"not_picked":["theMarked:Aftermath","theMarked:ResourceFulStrike","theMarked:EnhanceMovement+1"],"picked":"SKIP","floor":18.0},{"not_picked":["theMarked:PowerFlow","theMarked:ChainLightning"],"picked":"theMarked:HeightenedSenses","floor":20.0},{"not_picked":["theMarked:AttractMetal","theMarked:Frustration"],"picked":"theMarked:HeritageOfTheMarked+1","floor":24.0},{"not_picked":["theMarked:WastefulDefense","theMarked:ChainLightning"],"picked":"theMarked:Vacuum","floor":27.0},{"not_picked":["theMarked:ResourceFulStrike","theMarked:Reabsorb+1"],"picked":"theMarked:WardOff","floor":28.0},{"not_picked":["ReplayTheSpireMod:??????????????????????","ReplayTheSpireMod:Echoes of Time"],"picked":"Replay:Fractal Strike","floor":30.0},{"not_picked":["theMarked:EnhanceMovement+1","theMarked:ElectricStrings"],"picked":"theMarked:BanishingStrike+1","floor":31.0},{"not_picked":["theMarked:UnarmedFury","theMarked:TakeOffHeels"],"picked":"theMarked:SummonStrength","floor":33.0},{"not_picked":["theMarked:ChainLightning","theMarked:TwofoldDefense"],"picked":"theMarked:TunnelVision+1","floor":35.0},{"not_picked":["theMarked:HeightenedSenses","theMarked:TwofoldDefense+1"],"picked":"theMarked:ShockingTouch","floor":37.0},{"not_picked":["theMarked:Aftermath+1","theMarked:Frustration+1"],"picked":"theMarked:Seal","floor":39.0},{"not_picked":["theMarked:Standoff+1","theMarked:AttractMetal+1"],"picked":"theMarked:ParalyzingBlade","floor":40.0},{"not_picked":["theMarked:Parkour+1","theMarked:CreepingChasm"],"picked":"theMarked:ResourceFulStrike+1","floor":44.0},{"not_picked":["theMarked:Aftermath","theMarked:Static"],"picked":"theMarked:Vacuum","floor":45.0},{"not_picked":["theMarked:WastefulAttack","theMarked:Parkour","theMarked:Static+1"],"picked":"SKIP","floor":47.0},{"not_picked":["theMarked:WastefulAttack","theMarked:Seal","theMarked:Static"],"picked":"SKIP","floor":51.0},{"not_picked":["theMarked:Static","theMarked:ChainLightning","theMarked:Reabsorb"],"picked":"SKIP","floor":52.0},{"not_picked":["theMarked:ChainLightning+1","theMarked:GodGivenPower+1","theMarked:Overcharge+1"],"picked":"SKIP","floor":56.0}],"player_experience":729489,"relics_obtained":[{"floor":7.0,"key":"Orichalcum"},{"floor":9.0,"key":"Boot"},{"floor":12.0,"key":"MealTicket"},{"floor":17.0,"key":"Gambling Chip"},{"floor":17.0,"key":"ReplayTheSpireMod:Shallot"},{"floor":17.0,"key":"Guardian:PocketSentry"},{"floor":26.0,"key":"Divine Protection"},{"floor":28.0,"key":"Omamori"},{"floor":31.0,"key":"StoneCalendar"},{"floor":40.0,"key":"MawBank"},{"floor":41.0,"key":"Ring of Searing"},{"floor":41.0,"key":"Ring of Peace"},{"floor":43.0,"key":"Pen Nib"},{"floor":45.0,"key":"Simple Rune"},{"floor":51.0,"key":"paleoftheancients:SoulOfTheSilent"}],"event_choices":[{"damage_healed":36.0,"max_hp_gain":0.0,"max_hp_loss":70.0,"gold_gain":0.0,"event_name":"betterThird:BetterShining","player_choice":"Embrace","floor":2.0,"gold_loss":0.0,"damage_taken":0.0},{"damage_healed":0.0,"max_hp_gain":0.0,"max_hp_loss":0.0,"gold_gain":0.0,"event_name":"Big Fish","player_choice":"Box","floor":4.0,"gold_loss":0.0,"damage_taken":0.0,"relics_obtained":["HollowMod:PaleOreRelic"],"cards_obtained":["Regret"]},{"damage_healed":0.0,"max_hp_gain":0.0,"max_hp_loss":0.0,"gold_gain":0.0,"event_name":"The Woman in Blue","player_choice":"Bought 0 Potions","floor":11.0,"gold_loss":0.0,"damage_taken":0.0},{"damage_healed":0.0,"max_hp_gain":0.0,"max_hp_loss":0.0,"gold_gain":0.0,"cards_transformed":["theMarked:Strike"],"event_name":"Transmorgrifier","player_choice":"Transformed","floor":22.0,"gold_loss":0.0,"damage_taken":0.0,"cards_obtained":["theMarked:MaelstromOfLightning"]},{"damage_healed":0.0,"max_hp_gain":0.0,"max_hp_loss":0.0,"gold_gain":0.0,"event_name":"Upgrade Shrine","player_choice":"Upgraded","floor":53.0,"gold_loss":0.0,"damage_taken":0.0,"cards_upgraded":["theMarked:Seal"]}],"is_beta":false,"boss_relics":[{"not_picked":["Honey Jar","aspiration:RitualDagger"],"picked":"Calling Bell"},{"not_picked":["Snecko Eye","ReplayTheSpireMod:SealedPack"],"picked":"ChewingGum"}],"items_purged_floors":[48],"is_endless":false,"potions_floor_spawned":[3,5,16,18,24,27,28,37,45,47,52],"killed_by":"paleoftheancients:N","ascension_level":1}}