{"host":"qswkx8hggytna0kc","time":1610705008,"event":{"mods":["Aspiration","BaseMod","BetterRewards","Colored Map","Colored Powertips","Highlight Path","Hubris","Mimic Mod","Minty Spire (QoL Compilation)","MostiFishMod","Quick Restart","Replay The Spire","StSLib","SuperFastMode"],"gold_per_floor":[113,113,125,140,140,140,155,155,155,155,166,182,192,211,211,283,283,294,307,307,307,217,249,174,194,194,211,223,237,255,290,290,361,361,379,396,412,422,422,422,455,455,455,467,497,76,96,131,131,131],"floor_reached":51,"language":"ZHS","playtime":1375,"items_purged":["Defend_G","Defend_G"],"score":1217,"play_id":"e4096cef-2edb-4339-b191-af0f6c5ce2f4","local_time":"20210115180328","is_ascension_mode":true,"campfire_choices":[{"data":"Acrobatics","floor":6,"key":"SMITH"},{"data":"Tactician","floor":10,"key":"SMITH"},{"floor":15,"key":"REST"},{"data":"Prepared","floor":32,"key":"SMITH"},{"data":"Acrobatics","floor":40,"key":"SMITH"},{"data":"Mayhem","floor":49,"key":"SMITH"}],"circlet_count":0,"master_deck":["AscendersBane","Survivor","Defend_G","Defend_G","Survivor","Neutralize","Tactician+1","Acrobatics+1","hubris:Sniper","All Out Attack","Deadly Poison","MostiFishMod:PreservedThorns","FollowUp+1","Prepared+1","Tools of the Trade+1","MostiFishMod:FrostNova","MostiFishMod:WinterMarkForm","Escape Plan","Underhanded Strike","Bite","Bite","Bite","Bite","Bite","Blade Dance+1","Slice","Tactician","Concentrate","Acrobatics","ReplayTheSpireMod:Scrap Shanks","Storm of Steel","Hidden Blade","Acrobatics+1","A Thousand Cuts","Hidden Blade","Mayhem+1","Heel Hook+1"],"relics":["Ring of the Snake","DaveBox","JellyFishMachine","aspiration:Nostalgia","Replay:M_SmolderingBlood","SynthV:TestCard","hubris:Towel","hubris:BottledRain","FrostBlade","MutagenicStrength","aspiration:HatOfInfinitePower","Replay:Bottled Snecko","Vampiric Spirits","FeatherPendant","Akabeko","Pear","Lantern","HandDrill","DianPoetry"],"acts_visited":["Exordium","TheCity","TheBeyond"],"potions_floor_usage":[],"damage_taken":[{"damage":3,"enemies":"Jaw Worm","floor":1,"turns":5},{"damage":0,"enemies":"2 Louse","floor":3,"turns":3},{"damage":0,"enemies":"Small Slimes","floor":4,"turns":4},{"damage":8,"enemies":"2 Fungi Beasts","floor":7,"turns":4},{"damage":6,"enemies":"Gremlin Gang","floor":11,"turns":4},{"damage":1,"enemies":"Large Slime","floor":12,"turns":5},{"damage":0,"enemies":"3 Louse","floor":13,"turns":2},{"damage":0,"enemies":"Exordium Thugs","floor":14,"turns":3},{"damage":33,"enemies":"The Guardian","floor":16,"turns":12},{"damage":6,"enemies":"2 Thieves","floor":18,"turns":2},{"damage":0,"enemies":"Spheric Guardian","floor":19,"turns":2},{"damage":20,"enemies":"Gremlin Leader","floor":23,"turns":6},{"damage":0,"enemies":"Cultist and Chosen","floor":25,"turns":3},{"damage":0,"enemies":"Snecko","floor":27,"turns":2},{"damage":0,"enemies":"Snake Plant","floor":28,"turns":1},{"damage":0,"enemies":"Centurion and Healer","floor":29,"turns":2},{"damage":0,"enemies":"Snecko","floor":30,"turns":3},{"damage":16,"enemies":"Slavers","floor":31,"turns":3},{"damage":10,"enemies":"hubris:MusketHawk","floor":33,"turns":7},{"damage":0,"enemies":"3 Darklings","floor":35,"turns":1},{"damage":0,"enemies":"3 Shapes","floor":36,"turns":1},{"damage":0,"enemies":"Sphere and 2 Shapes","floor":37,"turns":1},{"damage":0,"enemies":"Maw","floor":38,"turns":1},{"damage":0,"enemies":"R_Hoarder","floor":41,"turns":2},{"damage":0,"enemies":"3 Darklings","floor":44,"turns":1},{"damage":0,"enemies":"Giant Head","floor":45,"turns":1},{"damage":8,"enemies":"Sphere and 2 Shapes","floor":47,"turns":1},{"damage":0,"enemies":"Nemesis","floor":48,"turns":1},{"damage":9,"enemies":"Replay:Hell Engine","floor":50,"turns":2}],"seed_played":"6511688755566277800","potions_obtained":[{"floor":3,"key":"Energy Potion"},{"floor":13,"key":"EssenceOfSteel"}],"is_trial":false,"path_per_floor":["M","?","M","M","?","R","M","?","T","R","M","M","M","M","R","B",null,"M","M","?","?","?","E","$","M","T","M","M","M","M","E","R","B",null,"M","M","M","M","?","R","E","?","T","M","E","$","M","E","R","B",null],"character_chosen":"THE_SILENT","items_purchased":["HandDrill","Mayhem"],"campfire_rested":1,"item_purchase_floors":[46,46],"current_hp_per_floor":[60,46,46,46,39,39,31,31,31,31,25,24,24,24,45,12,56,50,50,50,49,49,35,35,43,43,47,49,49,49,33,33,43,48,49,49,49,49,49,49,49,49,59,59,59,59,59,59,59,50],"gold":131,"neow_bonus":"NOSTALGIA","is_daily":false,"chose_seed":false,"campfire_upgraded":5,"win_rate":0.0,"timestamp":1610705008,"path_taken":["M","?","M","M","?","R","M","?","T","R","M","M","M","M","R","BOSS","M","M","?","?","?","E","$","M","T","M","M","M","?","E","R","BOSS","M","M","M","M","?","R","E","?","T","M","E","$","?","E","R","BOSS"],"items_purchased_type":["Relic","Card"],"build_version":"2020-12-22","purchased_purges":2,"victory":true,"max_hp_per_floor":[70,70,70,70,70,70,70,70,70,70,70,70,70,70,70,70,70,70,70,70,49,49,49,49,49,49,49,49,49,49,49,49,49,49,49,49,49,49,49,49,49,49,59,59,59,59,59,59,59,59],"card_choices":[{"not_picked":["Deflect","Catalyst"],"picked":"Tactician","floor":1},{"not_picked":["Blade Dance","Distraction","hubris:SlightOfHand","Deadly Poison"],"picked":"Acrobatics","floor":3},{"not_picked":["Sneak Up","Deadly Poison","ReplayTheSpireMod:The Works","Clash"],"picked":"hubris:Sniper","floor":4},{"not_picked":["Backflip","Searing Blow","Quick Slash","PiercingWail"],"picked":"All Out Attack","floor":7},{"not_picked":["Flying Knee","Terror","Masterful Stab","FlyingSleeves"],"picked":"Deadly Poison","floor":11},{"not_picked":["Flying Knee","BowlingBash","Cloak And Dagger","Phantasmal Killer"],"picked":"MostiFishMod:PreservedThorns","floor":12},{"not_picked":["Deflect","FlyingSleeves","hubris:Sniper","Accuracy"],"picked":"FollowUp","floor":13},{"not_picked":["Masterful Stab","ReplayTheSpireMod:Tripwire","Dagger Throw","Eviscerate"],"picked":"Prepared","floor":14},{"not_picked":["MostiFishMod:AdrenalineArouse","Malaise","MostiFishMod:ShivMaster","MostiFishMod:FullyArmed"],"picked":"Tools of the Trade","floor":16},{"not_picked":["Accuracy","Flying Knee","Bane+1","Dagger Spray+1"],"picked":"Escape Plan","floor":18},{"not_picked":["Toxin Wave","Storm of Steel","Dodge and Roll","Setup+1"],"picked":"Underhanded Strike","floor":19},{"not_picked":["ReplayTheSpireMod:The Works","ReplayTheSpireMod:Speed Training","Envenom","Backflip"],"picked":"Blade Dance+1","floor":23},{"not_picked":["All Out Attack","Backflip","Deadly Poison","Distraction"],"picked":"Slice","floor":25},{"not_picked":["ReplayTheSpireMod:Speed Training","Quick Slash","Dagger Throw","Eviscerate"],"picked":"Tactician","floor":27},{"not_picked":["Die Die Die","Riddle With Holes","Dash+1","PiercingWail"],"picked":"Concentrate","floor":28},{"not_picked":["ReplayTheSpireMod:Tripwire","Footwork","ReplayTheSpireMod:The Works","Flying Knee","PiercingWail"],"picked":"SKIP","floor":29},{"not_picked":["MostiFishMod:HiddenBlade","Finisher","hubris:Sniper","Masterful Stab+1"],"picked":"Acrobatics","floor":30},{"not_picked":["Sucker Punch+1","Deadly Poison","MostiFishMod:WinterMarkForm","Cloak And Dagger"],"picked":"ReplayTheSpireMod:Scrap Shanks","floor":31},{"not_picked":["Venomology","MostiFishMod:ShivMaster","Glass Knife","MostiFishMod:Neurotoxin"],"picked":"Storm of Steel","floor":33},{"not_picked":["Sneak Up","Caltrops+1","Slice","Flechettes","hubris:TrickCloak"],"picked":"SKIP","floor":35},{"not_picked":["Leg Sweep","MostiFishMod:PerfectParry+1","Flying Knee+1","Atom Bomb","Backflip"],"picked":"SKIP","floor":36},{"not_picked":["ReplayTheSpireMod:Necrosis","Terror","Concentrate","Deflect"],"picked":"Hidden Blade","floor":37},{"not_picked":["Prepared","Blade Dance","Replay:Poison Smokescreen","Poisoned Stab+1"],"picked":"Acrobatics","floor":38},{"not_picked":["Replay:Poison Smokescreen","Hidden Blade","Flying Knee","ReplayTheSpireMod:The Works"],"picked":"A Thousand Cuts","floor":41},{"not_picked":["hubris:Sniper","Poisoned Stab","Fluid Movement","Dagger Spray"],"picked":"Hidden Blade","floor":44},{"not_picked":["Dodge and Roll","Bane","Draining Mist","MostiFishMod:SpreadingSpore","Terror"],"picked":"SKIP","floor":45},{"not_picked":["Slice","Accuracy","Blur","Fluid Movement","Leg Sweep"],"picked":"SKIP","floor":47},{"not_picked":["Underhanded Strike","Slice","MostiFishMod:PerfectParry","PiercingWail"],"picked":"Heel Hook+1","floor":48}],"player_experience":322615,"relics_obtained":[{"floor":1,"key":"SynthV:TestCard"},{"floor":9,"key":"hubris:BottledRain"},{"floor":23,"key":"aspiration:HatOfInfinitePower"},{"floor":26,"key":"Replay:Bottled Snecko"},{"floor":31,"key":"Vampiric Spirits"},{"floor":41,"key":"Akabeko"},{"floor":43,"key":"Pear"},{"floor":45,"key":"Lantern"},{"floor":48,"key":"DianPoetry"}],"event_choices":[{"damage_healed":0,"gold_gain":0,"player_choice":"Entered Light","damage_taken":14,"max_hp_gain":0,"max_hp_loss":0,"event_name":"Shining Light","floor":2,"gold_loss":0,"cards_upgraded":["Strike_G","Strike_G"]},{"cards_removed":["Strike_G"],"damage_healed":0,"gold_gain":0,"player_choice":"Card Removal","damage_taken":7,"max_hp_gain":0,"max_hp_loss":0,"event_name":"Golden Wing","floor":5,"gold_loss":0},{"damage_healed":0,"gold_gain":0,"player_choice":"Inject Mutagens","damage_taken":0,"relics_obtained":["MutagenicStrength"],"max_hp_gain":0,"max_hp_loss":0,"event_name":"Drug Dealer","floor":20,"gold_loss":0},{"damage_healed":0,"gold_gain":0,"player_choice":"Became a vampire","damage_taken":0,"max_hp_gain":0,"max_hp_loss":21,"event_name":"Vampires","floor":21,"gold_loss":0,"cards_obtained":["Bite","Bite","Bite","Bite","Bite"]},{"cards_removed":["Defend_G"],"damage_healed":0,"gold_gain":0,"player_choice":"Upgrade and Remove","damage_taken":0,"max_hp_gain":0,"max_hp_loss":0,"event_name":"Designer","floor":22,"gold_loss":90,"cards_upgraded":["FollowUp"]},{"damage_healed":0,"gold_gain":0,"player_choice":"Got Potions","damage_taken":0,"max_hp_gain":0,"max_hp_loss":0,"event_name":"Lab","floor":42,"gold_loss":0}],"is_beta":false,"boss_relics":[{"not_picked":["TimeKeys","hubris:RunicObelisk"],"picked":"FrostBlade"},{"not_picked":["aspiration:RandomNobGenerator","RhineCircuit"],"picked":"FeatherPendant"}],"items_purged_floors":[24,46],"is_endless":false,"potions_floor_spawned":[3,13,25,27,28,30,31,36,38,41,44],"ascension_level":13}}