{"host":"ss2ocoam53r2lno0","time":1610716033,"event":{"mods":["Act Like it!","BaseMod","ChefMod","Clockwork Mod","Colored Powertips","Curses Come First","Displayed Cursed Tome","Downfall","Evolution","Googly Eyes","Hallownest","Highlight Path","Minty Spire (QoL Compilation)","Poor People Problems","Rare Cards Sparkle","Robot Space Explorer","Shade Mod","Shop Mod","Spicy Shops","StSLib","The Marked"],"gold_per_floor":[112,62,62,62,29,69,69,89,89,89,102,27,27,46,46,166,166,166,166,166,74,97,97,113,154,154,194,194,194,109,109,109,229,229,253,277,610,610,625,625,625,625],"floor_reached":41,"language":"ENG","playtime":6202,"items_purged":["Clockwork:Shield"],"score":620,"play_id":"b93b25ce-6cea-4c38-9830-4aae8ace3ca0","local_time":"20210115140713","is_ascension_mode":true,"campfire_choices":[{"data":"Clockwork:ChargingShield","floor":7.0,"key":"SMITH"},{"data":"Clockwork:ChargingShield","floor":10.0,"key":"SMITH"},{"data":"Clockwork:Handicap","floor":13.0,"key":"SMITH"},{"data":"Clockwork:WarmUp","floor":15.0,"key":"SMITH"},{"data":"Clockwork:Tinker","floor":23.0,"key":"SMITH"},{"floor":28.0,"key":"REST"},{"floor":32.0,"key":"REST"},{"floor":40,"key":"REST"}],"circlet_count":0,"master_deck":["Clockwork:Strike","Clockwork:Strike","Clockwork:Shield","Clockwork:Shield","Clockwork:Shield","Clockwork:Tinker+1","Clockwork:WarmUp+1","Clockwork:ChargingShield+1","Clockwork:ChargingShield+1","Clockwork:Efficiency","Clockwork:Clone","Clockwork:ChargingBlade+1","Clockwork:LogisticRegression+1","Clockwork:CraftBloodPhial","Clockwork:ElasticNanites+1"],"relics":["Clockwork:MomentumEngine","EVO:Axolotl","NeowsBlessing","Question Card","sneckomod:BlankCard","Guardian:PocketSentry","MerchantsRug","Letter Opener","Mummified Hand","Prayer Wheel","Vajra","Black Star","Clockwork:QuicksilverHourglass","Clockwork:Varja"],"acts_visited":["Exordium","TheCity","TheBeyond"],"potions_floor_usage":[39,41],"damage_taken":[{"damage":0.0,"enemies":"2 Louse","floor":1.0,"turns":2.0},{"damage":0.0,"enemies":"Gremlin Nob","floor":6.0,"turns":1.0},{"damage":0.0,"enemies":"Jaw Worm","floor":8.0,"turns":8.0},{"damage":0.0,"enemies":"Cultist","floor":11.0,"turns":8.0},{"damage":0.0,"enemies":"Gremlin Gang","floor":14.0,"turns":11.0},{"damage":15.0,"enemies":"Hexaghost","floor":16.0,"turns":39.0},{"damage":2.0,"enemies":"Chosen","floor":18.0,"turns":17.0},{"damage":12.0,"enemies":"3 Byrds","floor":19.0,"turns":13.0},{"damage":10.0,"enemies":"Shelled Parasite and Fungi","floor":22.0,"turns":12.0},{"damage":7.0,"enemies":"Centurion and Healer","floor":24.0,"turns":9.0},{"damage":15.0,"enemies":"Gremlin Leader","floor":25.0,"turns":13.0},{"damage":0.0,"enemies":"Book of Stabbing","floor":27.0,"turns":8.0},{"damage":11.0,"enemies":"Collector","floor":33.0,"turns":10.0},{"damage":15.0,"enemies":"Orb Walker","floor":35.0,"turns":8.0},{"damage":33.0,"enemies":"3 Darklings","floor":36.0,"turns":8.0},{"damage":24,"enemies":"4 Shapes","floor":39,"turns":7},{"damage":41,"enemies":"Reptomancer","floor":41,"turns":2}],"seed_played":"5426976714768703712","potions_obtained":[{"floor":1.0,"key":"DuplicationPotion"},{"floor":11.0,"key":"LiquidMemories"},{"floor":16.0,"key":"Dexterity Potion"},{"floor":19.0,"key":"CultistPotion"},{"floor":39,"key":"champ:CounterPotion"}],"is_trial":false,"path_per_floor":["M","?","?","T","$","E","R","M","T","R","M","$","R","M","R","B",null,"M","M","?","$","M","R","M","E","T","E","R","?","?","?","R","B",null,"M","M","?","?","M","R","E"],"character_chosen":"CLOCKWORK","items_purchased":["Clockwork:ChargingShield","MerchantsRug","Clockwork:CraftMomentumEngine"],"campfire_rested":3,"item_purchase_floors":[5,21,21],"current_hp_per_floor":[77,77,77,77,77,77,77,77,77,77,77,77,77,77,77,62,75,73,61,61,61,51,51,44,29,29,29,52,52,52,52,75,64,75,60,27,27,27,3,26,0,0],"gold":625,"neow_bonus":"THREE_ENEMY_KILL","is_daily":false,"chose_seed":false,"campfire_upgraded":5,"win_rate":0.0,"timestamp":1610716033,"path_taken":["M","?","?","?","?","E","R","M","T","R","M","$","R","M","R","BOSS","M","M","?","$","M","R","?","E","T","E","R","?","?","?","R","BOSS","M","M","?","?","M","R","E"],"items_purchased_type":["Card","Relic","Card"],"build_version":"2020-12-22","purchased_purges":1,"victory":false,"max_hp_per_floor":[85,85,79,79,79,79,79,79,79,79,79,79,79,79,79,79,79,79,79,79,79,79,79,79,79,79,79,79,79,79,79,79,79,79,79,79,79,79,79,79,79,79],"card_choices":[{"not_picked":["Clockwork:ElasticNanites","Clockwork:Minimalism"],"picked":"Clockwork:ChargingShield","floor":1.0},{"not_picked":["Clockwork:ChargingShield","Clockwork:CogShield","Clockwork:Friction","Clockwork:ReserveSystems"],"picked":"SKIP","floor":6.0},{"not_picked":["Clockwork:PerfectedShield","Clockwork:AdaptiveShield","Clockwork:Minimalism","Clockwork:Enhance"],"picked":"SKIP","floor":8.0},{"not_picked":["Clockwork:Friction","Clockwork:CogShield","Clockwork:AdaptiveCannon"],"picked":"Clockwork:Efficiency","floor":11.0},{"not_picked":["Clockwork:Scour","Clockwork:SearchingStrike","Clockwork:SmithsMallet"],"picked":"Clockwork:Clone","floor":14.0},{"not_picked":["Clockwork:UnlimitedCogworks","Clockwork:DefectiveParts","Clockwork:Halt"],"picked":"Clockwork:CraftMomentumEngine","floor":16.0},{"not_picked":["Clockwork:HeadStart","Clockwork:RampUp+1","Clockwork:Improve","Clockwork:Roundhouse"],"picked":"SKIP","floor":18.0},{"not_picked":["Clockwork:HoardingStrike","Clockwork:CraftCopperScales+1","Clockwork:CraftVarja"],"picked":"Clockwork:ChargingBlade+1","floor":19.0},{"not_picked":["Clockwork:CogShield","Clockwork:CogBarrier","Clockwork:AdaptiveShield","Clockwork:ForgeStrike"],"picked":"SKIP","floor":22.0},{"not_picked":["Clockwork:ReserveSystems","Clockwork:EnthusiasticStrike+1","Clockwork:Improve","Clockwork:TiltAWhirl"],"picked":"SKIP","floor":24.0},{"not_picked":["Clockwork:AdaptiveCannon","Clockwork:CogToss","Clockwork:SystemHardening+1","Clockwork:Improve+1"],"picked":"SKIP","floor":25.0},{"not_picked":["Clockwork:EnthusiasticStrike+1","Clockwork:SystemHardening","Clockwork:SmithsMallet","Clockwork:SystemScan"],"picked":"SKIP","floor":27.0},{"not_picked":["Clockwork:PerfectForm","Clockwork:ZeroPointEnergy","Clockwork:Strangle"],"picked":"Clockwork:CraftQuicksilverHourglass","floor":33.0},{"not_picked":["Clockwork:Friction+1","Clockwork:Pluck+1","Clockwork:Minimalism+1"],"picked":"Clockwork:CraftVarja+1","floor":35.0},{"not_picked":["Clockwork:SystemScan","Clockwork:SystemHardening","Clockwork:InertialShield+1"],"picked":"Clockwork:LogisticRegression+1","floor":35.0},{"not_picked":["Clockwork:TiltAWhirl","Clockwork:EnthusiasticStrike+1","Clockwork:SystemScan"],"picked":"Clockwork:CraftBloodPhial","floor":36.0},{"not_picked":["Clockwork:AdaptiveShield+1","Clockwork:HeadStart+1","Clockwork:Improve","Clockwork:SystemHardening+1"],"picked":"SKIP","floor":36.0},{"not_picked":["Clockwork:Improve","Clockwork:Selectivity","Clockwork:ChargingBlade"],"picked":"Clockwork:ElasticNanites+1","floor":39},{"not_picked":["Clockwork:ReserveSystems+1","Clockwork:MechanicalMass","Clockwork:Pluck","Clockwork:SearingStrike"],"picked":"SKIP","floor":39}],"player_experience":721584,"relics_obtained":[{"floor":4.0,"key":"Question Card"},{"floor":6.0,"key":"sneckomod:BlankCard"},{"floor":9.0,"key":"Guardian:PocketSentry"},{"floor":25.0,"key":"Letter Opener"},{"floor":26.0,"key":"Mummified Hand"},{"floor":27.0,"key":"Prayer Wheel"}],"event_choices":[{"cards_removed":["Clockwork:Strike"],"damage_healed":0.0,"max_hp_gain":0.0,"max_hp_loss":0.0,"gold_gain":0.0,"event_name":"The Cleric","player_choice":"Card Removal","floor":2.0,"gold_loss":50.0,"damage_taken":0.0},{"damage_healed":0.0,"max_hp_gain":0.0,"max_hp_loss":6.0,"gold_gain":0.0,"event_name":"Golden Idol","player_choice":"Lose Max HP","floor":3.0,"gold_loss":0.0,"damage_taken":0.0,"relics_obtained":["Golden Idol"]},{"damage_healed":0.0,"max_hp_gain":0.0,"max_hp_loss":0.0,"gold_gain":0.0,"event_name":"Lab","player_choice":"Got Potions","floor":20.0,"gold_loss":0.0,"damage_taken":0.0},{"damage_healed":0.0,"max_hp_gain":0.0,"max_hp_loss":0.0,"gold_gain":0.0,"event_name":"Vampires","player_choice":"Ignored","floor":29.0,"gold_loss":0.0,"damage_taken":0.0},{"damage_healed":0.0,"max_hp_gain":0.0,"max_hp_loss":0.0,"gold_gain":0.0,"event_name":"Addict","player_choice":"Obtained Relic","floor":30.0,"gold_loss":85.0,"damage_taken":0.0,"relics_obtained":["Vajra"]},{"cards_removed":["Clockwork:Strike"],"damage_healed":0.0,"max_hp_gain":0.0,"max_hp_loss":0.0,"gold_gain":0.0,"event_name":"Back to Basics","player_choice":"Elegance","floor":31.0,"gold_loss":0.0,"damage_taken":0.0},{"damage_healed":0.0,"max_hp_gain":0.0,"max_hp_loss":0.0,"gold_gain":333.0,"event_name":"The Moai Head","player_choice":"Gave Idol","floor":37.0,"relics_lost":["Golden Idol"],"gold_loss":0.0,"damage_taken":0.0},{"damage_healed":0.0,"max_hp_gain":0.0,"max_hp_loss":0.0,"gold_gain":0.0,"event_name":"SensoryStone","player_choice":"Memory 1","floor":38.0,"gold_loss":0.0,"damage_taken":0.0}],"is_beta":false,"boss_relics":[{"not_picked":["Fusion Hammer","Clockwork:PerpetualMotionMachine"],"picked":"Ectoplasm"},{"not_picked":["Velvet Choker","Snecko Eye"],"picked":"Black Star"}],"items_purged_floors":[12],"is_endless":false,"potions_floor_spawned":[1,11,16,19,24,25,35,39],"killed_by":"Reptomancer","ascension_level":6}}