{"host":"yuoancq4cku3x8wq","time":1610727241,"event":{"mods":["AchievementEnabler","BaseMod","Minty Spire (QoL Compilation)","Quick Restart","StSLib","SuperFastMode"],"gold_per_floor":[119,119,194,204,221,221,252,12,60,60,25,25,51,76,88,177,189,214,151,48,63,63,96,96,135,158,158,185,208,208,208],"floor_reached":30,"language":"ZHS","playtime":703,"items_purged":["Strike_B"],"score":602,"play_id":"a4e34c78-fb15-4f29-a732-0a391d6034b7","local_time":"20210116001401","is_ascension_mode":true,"campfire_choices":[{"data":"Streamline","floor":6.0,"key":"SMITH"},{"data":"Coolheaded","floor":10.0,"key":"SMITH"},{"data":"Zap","floor":15.0,"key":"SMITH"},{"data":"Defragment","floor":24.0,"key":"SMITH"}],"circlet_count":0,"master_deck":["AscendersBane","Defend_B","Defend_B","Defend_B","Zap+1","Dualcast","Streamline+1","Coolheaded+1","Cold Snap","Seek","Ball Lightning","Defragment+1","Sunder","BootSequence","Skim","Consume","Biased Cognition","Hologram","Glacier"],"relics":["Cracked Core","NeowsBlessing","Strawberry","PreservedInsect","MealTicket","Ancient Tea Set","MawBank","Runic Dome","CeramicFish","Girya"],"acts_visited":["Exordium","TheCity"],"potions_floor_usage":[],"damage_taken":[{"damage":0.0,"enemies":"2 Louse","floor":1.0,"turns":1.0},{"damage":0.0,"enemies":"Jaw Worm","floor":4.0,"turns":1.0},{"damage":0.0,"enemies":"Small Slimes","floor":5.0,"turns":1.0},{"damage":33.0,"enemies":"3 Sentries","floor":7.0,"turns":8.0},{"damage":9.0,"enemies":"Gremlin Nob","floor":13.0,"turns":3.0},{"damage":4.0,"enemies":"Blue Slaver","floor":14.0,"turns":4.0},{"damage":19.0,"enemies":"Hexaghost","floor":16.0,"turns":11.0},{"damage":7.0,"enemies":"Spheric Guardian","floor":18.0,"turns":3.0},{"damage":10.0,"enemies":"3 Byrds","floor":21.0,"turns":6.0},{"damage":13.0,"enemies":"Slavers","floor":23.0,"turns":4.0},{"damage":0.0,"enemies":"Book of Stabbing","floor":25.0,"turns":4.0},{"damage":16.0,"enemies":"3 Cultists","floor":28.0,"turns":4.0},{"damage":7.0,"enemies":"Snake Plant","floor":29.0,"turns":3.0},{"damage":35,"enemies":"Slavers","floor":30,"turns":3}],"seed_played":"1767331986899579095","potions_obtained":[{"floor":4.0,"key":"SpeedPotion"},{"floor":7.0,"key":"Block Potion"},{"floor":13.0,"key":"SkillPotion"},{"floor":18.0,"key":"SteroidPotion"},{"floor":21.0,"key":"Fire Potion"}],"is_trial":false,"path_per_floor":["M","?","?","M","M","R","E","$","T","R","?","?","E","M","R","B",null,"M","?","$","M","?","E","R","E","T","?","M","M","E"],"character_chosen":"DEFECT","items_purchased":["PreservedInsect","Defragment","Sunder"],"campfire_rested":0,"item_purchase_floors":[8,20,20],"current_hp_per_floor":[64,64,53,53,53,53,27,27,27,27,46,35,26,22,22,3,59,52,52,67,57,57,44,44,44,44,44,28,21,0,0],"gold":208,"neow_bonus":"THREE_ENEMY_KILL","is_daily":false,"chose_seed":false,"campfire_upgraded":4,"win_rate":0.0,"timestamp":1610727241,"path_taken":["M","?","?","?","M","R","E","$","T","R","?","?","E","M","R","BOSS","M","?","$","M","?","E","R","E","T","?","M","?","E"],"items_purchased_type":["Relic","Card","Card"],"build_version":"2020-12-22","purchased_purges":1,"victory":false,"max_hp_per_floor":[71,71,71,71,71,71,78,78,78,78,78,78,78,78,78,78,78,78,78,78,78,78,78,78,78,78,78,78,78,78,78],"card_choices":[{"not_picked":["Hologram","Turbo"],"picked":"Streamline","floor":1.0},{"not_picked":["Sweeping Beam","Doom and Gloom","Melter"],"picked":"SKIP","floor":4.0},{"not_picked":["Undo","Force Field"],"picked":"Coolheaded","floor":5.0},{"not_picked":["FTL","Fission"],"picked":"Cold Snap","floor":7.0},{"not_picked":["Streamline","Steam"],"picked":"Seek","floor":13.0},{"not_picked":["Compile Driver","Barrage","Sweeping Beam"],"picked":"SKIP","floor":14.0},{"not_picked":["Turbo","Compile Driver"],"picked":"Ball Lightning","floor":18.0},{"not_picked":["Barrage","Loop"],"picked":"BootSequence","floor":21.0},{"not_picked":["Sweeping Beam","Redo","Compile Driver+1"],"picked":"SKIP","floor":23.0},{"not_picked":["Hologram","Sweeping Beam"],"picked":"Biased Cognition","floor":25.0},{"not_picked":["Beam Cell","Chaos"],"picked":"Hologram","floor":28.0},{"not_picked":["Skim","Hologram"],"picked":"Glacier","floor":29.0}],"player_experience":279764,"relics_obtained":[{"floor":7.0,"key":"Strawberry"},{"floor":9.0,"key":"MealTicket"},{"floor":13.0,"key":"MawBank"},{"floor":23.0,"key":"CeramicFish"},{"floor":25.0,"key":"Girya"}],"event_choices":[{"cards_removed":["Strike_B"],"damage_healed":0.0,"max_hp_gain":0.0,"max_hp_loss":0.0,"gold_gain":0.0,"event_name":"Living Wall","player_choice":"Forget","floor":2.0,"gold_loss":0.0,"damage_taken":0.0},{"damage_healed":0.0,"max_hp_gain":0.0,"max_hp_loss":0.0,"gold_gain":75.0,"event_name":"World of Goop","player_choice":"Gather Gold","floor":3.0,"gold_loss":0.0,"damage_taken":11.0},{"damage_healed":19.0,"max_hp_gain":0.0,"max_hp_loss":0.0,"gold_gain":0.0,"event_name":"The Cleric","player_choice":"Healed","floor":11.0,"gold_loss":35.0,"damage_taken":0.0},{"damage_healed":0.0,"max_hp_gain":0.0,"max_hp_loss":0.0,"gold_gain":0.0,"event_name":"Scrap Ooze","player_choice":"Success","floor":12.0,"gold_loss":0.0,"damage_taken":11.0,"relics_obtained":["Ancient Tea Set"]},{"cards_removed":["Strike_B"],"damage_healed":0.0,"max_hp_gain":0.0,"max_hp_loss":0.0,"gold_gain":0.0,"event_name":"Beggar","player_choice":"Gave Gold","floor":19.0,"gold_loss":75.0,"damage_taken":0.0},{"damage_healed":0.0,"max_hp_gain":0.0,"max_hp_loss":0.0,"gold_gain":0.0,"cards_transformed":["Strike_B","Defend_B"],"event_name":"Drug Dealer","player_choice":"Became Test Subject","floor":22.0,"gold_loss":0.0,"damage_taken":0.0,"cards_obtained":["Skim","Consume"]},{"damage_healed":0.0,"max_hp_gain":0.0,"max_hp_loss":0.0,"gold_gain":0.0,"event_name":"Cursed Tome","player_choice":"Ignored","floor":27.0,"gold_loss":0.0,"damage_taken":0.0}],"is_beta":false,"boss_relics":[{"not_picked":["Cursed Key","SacredBark"],"picked":"Runic Dome"}],"items_purged_floors":[8],"is_endless":false,"potions_floor_spawned":[4,7,13,18,21],"killed_by":"Slavers","ascension_level":20}}