{"host":"1a3cjta80tad0aqj","time":1610729519,"event":{"mods":["2.2 Compatiblity","AchievementEnabler","BaseMod","Colored Map","DeckTracker","KOR Keyword Fix","Keyboard Shortcuts","Minty Spire (QoL Compilation)","Permanent Neow","Quick Restart","Random Character Button","StSLib","SuperFastMode","everything is the same but u backflip on backflip"],"gold_per_floor":[117,9,22,38,49,49,49],"floor_reached":6,"language":"KOR","playtime":313,"items_purged":["Defend_G"],"score":38,"play_id":"06df7b2e-2b6c-4080-be55-da227074e9bd","local_time":"20210116015159","is_ascension_mode":false,"campfire_choices":[],"circlet_count":0,"master_deck":["Strike_G","Strike_G","Strike_G","Strike_G","Strike_G","Defend_G","Defend_G","Defend_G","Defend_G","Survivor","Neutralize","Panacea","Dagger Throw","Footwork","Quick Slash","Catalyst","Skewer"],"relics":["Ring of the Snake"],"acts_visited":["Exordium"],"potions_floor_usage":[3],"damage_taken":[{"damage":0.0,"enemies":"Jaw Worm","floor":1.0,"turns":6.0},{"damage":0,"enemies":"2 Louse","floor":3,"turns":3},{"damage":0,"enemies":"Cultist","floor":4,"turns":4},{"damage":8,"enemies":"Gremlin Gang","floor":5,"turns":8},{"damage":4,"enemies":"3 Sentries","floor":6,"turns":2}],"seed_played":"-1261038618678797252","potions_obtained":[{"floor":1.0,"key":"Explosive Potion"},{"floor":3,"key":"Poison Potion"}],"is_trial":false,"path_per_floor":["M","$","M","M","M","E"],"character_chosen":"THE_SILENT","items_purchased":["Footwork"],"campfire_rested":0,"item_purchase_floors":[2],"current_hp_per_floor":[70,70,70,70,62,58,58],"gold":49,"neow_bonus":"RANDOM_COLORLESS","is_daily":false,"chose_seed":false,"campfire_upgraded":0,"win_rate":0.0,"timestamp":1610729519,"path_taken":["M","$","M","M","M","E"],"items_purchased_type":["Card"],"build_version":"2020-12-22","purchased_purges":1,"victory":false,"max_hp_per_floor":[70,70,70,70,70,70,70],"card_choices":[{"not_picked":["Impatience","Good Instincts"],"picked":"Panacea","floor":0.0},{"not_picked":["Poisoned Stab","Escape Plan"],"picked":"Dagger Throw","floor":1.0},{"not_picked":["Prepared","Storm of Steel"],"picked":"Quick Slash","floor":3},{"not_picked":["Masterful Stab","PiercingWail"],"picked":"Catalyst","floor":4},{"not_picked":["Sucker Punch","Outmaneuver"],"picked":"Skewer","floor":5}],"player_experience":658570,"relics_obtained":[],"event_choices":[],"is_beta":false,"boss_relics":[],"items_purged_floors":[2],"is_endless":false,"potions_floor_spawned":[1,3],"killed_by":"3 Sentries","ascension_level":0}}