{"host":"78azdv0oxplymbah","time":1610707859,"event":{"mods":["BaseMod","BetterRewards","Challenge The Spire","DeckTracker","Downfall","Highlight Path","Minty Spire (QoL Compilation)","MostiFishMod","Quick Restart","Relic Stats","Remove Card Discount Mod","Replay The Spire","Spicy Shops","StSLib","The Marked","The Servant 0.9.4","vexMod","°æπ¶ƒ‹Mod°øªÏ„Á÷Æª∑–ﬁ∏¥≤π∂°","°æ“≈ŒÔø®≈∆°øREMEMod"],"gold_per_floor":[49,49,76,110,144,144,144,144,171,204,237,237,237,0,32,66,96,122],"floor_reached":19,"language":"ZHS","playtime":843,"items_purged":["Strike_B","Strike_B","Strike_B","Strike_B","Defend_B","Decay","Defend_B","Defend_B","Defend_B","Zap"],"score":520,"play_id":"7b05df39-ad9f-41a0-bf75-cf5bad64ad95","local_time":"20210115185059","daily_mods":["challengethespire:Bronze Difficulty","challengethespire:Elite Rush","Uncertain Future"],"is_ascension_mode":false,"campfire_choices":[{"data":"Darkness","floor":2,"key":"SMITH"},{"data":"MostiFishMod:ReadyAimFire","floor":7,"key":"SMITH"},{"data":"MostiFishMod:GatherIntelligence","floor":8,"key":"SMITH"},{"data":"Darkness","floor":13,"key":"SMITH"}],"circlet_count":0,"master_deck":["Dualcast","Chaos+1","BasicCrystalCard","Darkness+1","Darkness+1","MostiFishMod:ReadyAimFire+1","White Noise+1","MostiFishMod:GatherIntelligence+1","Heatsinks+1","Amplify+1","Storm+1","Loop","MostiFishMod:DawningShadow","White Noise"],"relics":["Cracked Core","Black Star","Sling","PreservedInsect","DaveBox","REME_ComplimentaryCards","Brimstone","Toolbox","FossilizedHelix","Pet Ghost","Thread and Needle","StrikeDummy","SynthV:C4","Happy Flower","Replay:Towering Pillar of Hats","Peace Pipe","Blood Vial","Philosopher\u0027s Stone","Whetstone","Gambling Chip","Potion Belt","Centennial Puzzle","Snack Pack","StoneCalendar","vexMod:ImprovementManual","Frozen Eye","CaptainsWheel","Akabeko","hexamod:BolsterEngine","Vajra","Replay:Baseball","champ:DeflectingBracers","Eternal Feather","Art of War","Gremlin Horn"],"acts_visited":["Exordium"],"potions_floor_usage":[],"damage_taken":[{"damage":0,"enemies":"Lagavulin","floor":3,"turns":4},{"damage":0,"enemies":"3 Sentries","floor":4,"turns":3},{"damage":0,"enemies":"Gremlin Nob","floor":5,"turns":2},{"damage":0,"enemies":"Slavers","floor":9,"turns":2},{"damage":0,"enemies":"Book of Stabbing","floor":10,"turns":2},{"damage":8,"enemies":"Gremlin Leader","floor":11,"turns":2},{"damage":0,"enemies":"Giant Head","floor":15,"turns":2},{"damage":0,"enemies":"Nemesis","floor":16,"turns":3},{"damage":0,"enemies":"Reptomancer","floor":17,"turns":2},{"damage":0,"enemies":"Shield and Spear","floor":18,"turns":2}],"seed_played":"8927654848646706377","potions_obtained":[{"floor":3,"key":"Fire Potion"},{"floor":4,"key":"Adrenaline Potion"},{"floor":15,"key":"DuplicationPotion"},{"floor":17,"key":"Dexterity Potion"},{"floor":18,"key":"PowerPotion"}],"is_trial":true,"path_per_floor":["$","R","E","E","E","T","R","R","E","E","E","T","R","$","E","E","E","E",null],"character_chosen":"DEFECT","items_purchased":["Toolbox","FossilizedHelix","Pet Ghost","BasicCrystalCard","Thread and Needle","Darkness","Frozen Eye","CaptainsWheel"],"campfire_rested":0,"item_purchase_floors":[1,1,1,1,1,1,14,14],"current_hp_per_floor":[75,75,75,75,75,75,75,75,75,75,67,67,67,67,69,71,73,75],"gold":122,"neow_bonus":"","is_daily":false,"chose_seed":false,"campfire_upgraded":4,"win_rate":0.0,"timestamp":1610707859,"path_taken":["$","R","E","E","E","T","R","R","E","E","E","T","R","$","E","E","E","E"],"items_purchased_type":["Relic","Relic","Relic","Card","Relic","Card","Relic","Relic"],"build_version":"2020-12-22","purchased_purges":10,"victory":true,"max_hp_per_floor":[75,75,75,75,75,75,75,75,75,75,75,75,75,75,75,75,75,75],"relic_stats":{"Happy Flower":[5],"Gremlin Horn":[0,0],"counters":[10,24],"StoneCalendar":[0],"Eternal Feather":0,"PreservedInsect":505,"Whetstone":[],"Peace Pipe":0,"Blood Vial":8,"Centennial Puzzle":[3],"Gambling Chip":[9],"Black Star":10,"Art of War":[0],"obtain_stats":[{"DaveBox":0,"Gremlin Horn":18,"Vajra":16,"StoneCalendar":11,"Whetstone":9,"Sling":0,"Pet Ghost":1,"SynthV:C4":3,"Blood Vial":5,"Frozen Eye":14,"Centennial Puzzle":10,"Gambling Chip":9,"Toolbox":1,"Philosopher\u0027s Stone":6,"Cracked Core":0,"Potion Belt":10,"Happy Flower":4,"Replay:Towering Pillar of Hats":4,"Thread and Needle":1,"Eternal Feather":17,"PreservedInsect":0,"champ:DeflectingBracers":17,"Akabeko":15,"Peace Pipe":5,"CaptainsWheel":14,"Replay:Baseball":16,"Brimstone":0,"Black Star":0,"Snack Pack":11,"Art of War":18,"hexamod:BolsterEngine":15,"StrikeDummy":3,"FossilizedHelix":1,"vexMod:ImprovementManual":12,"REME_ComplimentaryCards":0},{"DaveBox":0,"Gremlin Horn":10,"Vajra":8,"StoneCalendar":6,"Whetstone":4,"Sling":0,"Pet Ghost":0,"SynthV:C4":1,"Blood Vial":3,"Frozen Eye":6,"Centennial Puzzle":5,"Gambling Chip":4,"Toolbox":0,"Philosopher\u0027s Stone":3,"Cracked Core":0,"Potion Belt":5,"Happy Flower":2,"Replay:Towering Pillar of Hats":2,"Thread and Needle":0,"Eternal Feather":9,"PreservedInsect":0,"champ:DeflectingBracers":9,"Akabeko":7,"Peace Pipe":3,"CaptainsWheel":6,"Replay:Baseball":8,"Brimstone":0,"Black Star":0,"Snack Pack":6,"Art of War":10,"hexamod:BolsterEngine":7,"StrikeDummy":1,"FossilizedHelix":0,"vexMod:ImprovementManual":6,"REME_ComplimentaryCards":0},{"DaveBox":0,"Gremlin Horn":24,"Vajra":20,"StoneCalendar":15,"Whetstone":11,"Sling":0,"Pet Ghost":0,"SynthV:C4":4,"Blood Vial":9,"Frozen Eye":15,"Centennial Puzzle":13,"Gambling Chip":11,"Toolbox":0,"Philosopher\u0027s Stone":9,"Cracked Core":0,"Potion Belt":13,"Happy Flower":7,"Replay:Towering Pillar of Hats":7,"Thread and Needle":0,"Eternal Feather":22,"PreservedInsect":0,"champ:DeflectingBracers":22,"Akabeko":17,"Peace Pipe":9,"CaptainsWheel":15,"Replay:Baseball":20,"Brimstone":0,"Black Star":0,"Snack Pack":15,"Art of War":24,"hexamod:BolsterEngine":17,"StrikeDummy":4,"FossilizedHelix":0,"vexMod:ImprovementManual":15,"REME_ComplimentaryCards":0}]},"card_choices":[],"player_experience":31190,"relics_obtained":[{"floor":3,"key":"StrikeDummy"},{"floor":3,"key":"SynthV:C4"},{"floor":4,"key":"Happy Flower"},{"floor":4,"key":"Replay:Towering Pillar of Hats"},{"floor":5,"key":"Peace Pipe"},{"floor":5,"key":"Blood Vial"},{"floor":9,"key":"Whetstone"},{"floor":9,"key":"Gambling Chip"},{"floor":10,"key":"Potion Belt"},{"floor":10,"key":"Centennial Puzzle"},{"floor":11,"key":"Snack Pack"},{"floor":11,"key":"StoneCalendar"},{"floor":15,"key":"Akabeko"},{"floor":15,"key":"hexamod:BolsterEngine"},{"floor":16,"key":"Vajra"},{"floor":16,"key":"Replay:Baseball"},{"floor":17,"key":"champ:DeflectingBracers"},{"floor":17,"key":"Eternal Feather"},{"floor":18,"key":"Art of War"},{"floor":18,"key":"Gremlin Horn"}],"event_choices":[],"is_beta":false,"boss_relics":[{"not_picked":["ExusiaiGun","Replay:Drink Me"],"picked":"Philosopher\u0027s Stone"},{"not_picked":["JellyFishMachine","RhineCircuit"],"picked":"vexMod:ImprovementManual"}],"items_purged_floors":[1,1,1,1,1,1,1,14,14,14],"is_endless":false,"potions_floor_spawned":[3,4,15,17,18],"ascension_level":0}}