{"host":"19r1ww88x2tc73i0","time":1610698787,"event":{"mods":["BaseMod","BetterRewards","Colored Map","Minty Spire (QoL Compilation)","Relic Stats","StSLib","SuperFastMode","slay the spire mod where everything is the same but ironclad has a cowboy hat"],"gold_per_floor":[111,125,138,156,156,156,191,191,215,2,27,60,86,66,66,140,140,155,335,349,367,377,377,402,29,55,5,19,19,29,49,49,128,128,140,90,107,117,117,143,143,168,192,142,161,176,176,126,126,126,126,126,126,46,46,46],"floor_reached":55,"language":"ENG","playtime":2947,"items_purged":["Strike_B","Strike_B","Strike_B","Strike_B","Defend_B","Defend_B","Defend_B"],"score":2014,"play_id":"0da7bf5f-d6db-435f-abf1-d40e21428a7a","local_time":"25640115151947","is_ascension_mode":true,"campfire_choices":[{"floor":6.0,"key":"REST"},{"data":"Biased Cognition","floor":8.0,"key":"SMITH"},{"data":"Master of Strategy","floor":15.0,"key":"SMITH"},{"data":"Defragment","floor":23.0,"key":"SMITH"},{"floor":32.0,"key":"REST"},{"data":"Panacea","floor":41.0,"key":"SMITH"},{"floor":47.0,"key":"REST"},{"floor":49.0,"key":"RECALL"},{"data":"Hologram","floor":53.0,"key":"SMITH"}],"circlet_count":0,"master_deck":["AscendersBane","Zap","Dualcast","Master of Strategy+1","Beam Cell","Barrage","BootSequence","Biased Cognition+1","Glacier","Cold Snap","Hologram+1","Machine Learning","Defragment+1","Conserve Battery","White Noise","Loop","Rip and Tear","Panacea+1","Ball Lightning","Ball Lightning","Electrodynamics","Conserve Battery","Leap+1","Steam Power+1","Tempest","Go for the Eyes+1","Hello World"],"relics":["FrozenCore","Cables","Du-Vu Doll","Nunchaku","Smiling Mask","Bag of Preparation","Odd Mushroom","Bronze Scales","Orichalcum","Runic Pyramid","Bottled Flame","Medical Kit","Lantern","PreservedInsect","Akabeko","Bag of Marbles"],"acts_visited":["Exordium","TheCity","TheBeyond","TheEnding"],"potions_floor_usage":[],"damage_taken":[{"damage":0.0,"enemies":"Cultist","floor":1.0,"turns":3.0},{"damage":0.0,"enemies":"2 Louse","floor":2.0,"turns":2.0},{"damage":2.0,"enemies":"Jaw Worm","floor":3.0,"turns":2.0},{"damage":4.0,"enemies":"2 Fungi Beasts","floor":4.0,"turns":3.0},{"damage":15.0,"enemies":"Lagavulin","floor":7.0,"turns":4.0},{"damage":0.0,"enemies":"The Mushroom Lair","floor":11.0,"turns":4.0},{"damage":0.0,"enemies":"3 Sentries","floor":12.0,"turns":4.0},{"damage":0.0,"enemies":"Hexaghost","floor":16.0,"turns":7.0},{"damage":0.0,"enemies":"Chosen","floor":18.0,"turns":5.0},{"damage":8.0,"enemies":"3 Byrds","floor":20.0,"turns":4.0},{"damage":0.0,"enemies":"Snake Plant","floor":21.0,"turns":4.0},{"damage":11.0,"enemies":"Centurion and Healer","floor":22.0,"turns":8.0},{"damage":12.0,"enemies":"Book of Stabbing","floor":24.0,"turns":5.0},{"damage":1.0,"enemies":"Cultist and Chosen","floor":28.0,"turns":4.0},{"damage":8.0,"enemies":"Snake Plant","floor":30.0,"turns":4.0},{"damage":0.0,"enemies":"Snecko","floor":31.0,"turns":2.0},{"damage":1.0,"enemies":"Champ","floor":33.0,"turns":7.0},{"damage":9.0,"enemies":"3 Darklings","floor":35.0,"turns":5.0},{"damage":0.0,"enemies":"Orb Walker","floor":37.0,"turns":4.0},{"damage":0.0,"enemies":"Spire Growth","floor":38.0,"turns":6.0},{"damage":11.0,"enemies":"Nemesis","floor":40.0,"turns":7.0},{"damage":0.0,"enemies":"Giant Head","floor":42.0,"turns":9.0},{"damage":0.0,"enemies":"Writhing Mass","floor":45.0,"turns":5.0},{"damage":0.0,"enemies":"4 Shapes","floor":46.0,"turns":3.0},{"damage":25.0,"enemies":"Awakened One","floor":50.0,"turns":17.0},{"damage":29.0,"enemies":"Time Eater","floor":51.0,"turns":10.0},{"damage":56,"enemies":"Shield and Spear","floor":55,"turns":3}],"seed_played":"-2189396606323637945","potions_obtained":[{"floor":2.0,"key":"DuplicationPotion"},{"floor":7.0,"key":"EntropicBrew"},{"floor":11.0,"key":"LiquidBronze"},{"floor":14.0,"key":"Ancient Potion"},{"floor":21.0,"key":"SkillPotion"},{"floor":24.0,"key":"FocusPotion"},{"floor":31.0,"key":"Strength Potion"},{"floor":35.0,"key":"SpeedPotion"},{"floor":37.0,"key":"Explosive Potion"},{"floor":38.0,"key":"Swift Potion"},{"floor":42.0,"key":"Block Potion"}],"is_trial":false,"path_per_floor":["M","M","M","M","?","R","E","R","T","$","?","E","T","?","R","B",null,"M","?","M","M","M","R","E","$","T","$","M","?","M","M","R","B",null,"M","$","M","M","?","E","R","E","T","$","M","M","R","$","R","B","B",null,"R","$","E"],"character_chosen":"DEFECT","items_purchased":["Master of Strategy","Cables","Bag of Preparation","Panacea","Ball Lightning","Medical Kit","Hello World"],"campfire_rested":3,"item_purchase_floors":[0,0,10,25,25,25,54],"current_hp_per_floor":[32,32,30,26,26,47,32,32,32,32,32,32,32,32,32,32,61,61,42,34,34,23,23,11,11,11,11,10,10,2,2,23,22,59,50,50,50,50,50,39,39,39,39,39,39,39,60,60,60,35,6,55,55,55,0,0],"gold":46,"neow_bonus":"","is_daily":false,"chose_seed":false,"campfire_upgraded":5,"win_rate":0.0,"timestamp":1610698787,"path_taken":["M","M","M","M","?","R","E","R","T","$","?","E","?","?","R","BOSS","M","?","M","M","?","R","E","$","T","$","M","?","M","M","R","BOSS","M","$","M","M","?","E","R","E","T","$","M","M","R","?","R","BOSS","BOSS","R","$","E"],"items_purchased_type":["Card","Relic","Relic","Card","Card","Relic","Card"],"build_version":"2020-12-22","purchased_purges":7,"victory":false,"max_hp_per_floor":[71,71,71,71,71,71,71,71,71,71,71,71,71,71,71,71,71,71,71,71,71,71,71,71,71,71,71,71,71,71,71,71,71,71,71,71,71,71,71,71,71,71,71,71,71,71,71,71,71,71,71,71,71,71,71,71],"relic_stats":{"Nunchaku":[18],"counters":[299,1382],"Bronze Scales":[449],"PreservedInsect":257,"Bag of Preparation":[44],"Orichalcum":[102],"Smiling Mask":675,"Medical Kit":[16],"obtain_stats":[{"Spirit Poop":45,"Ginger":37,"Whetstone":9,"Bottled Tornado":21,"Boot":9,"Old Coin":48,"FrozenCore":34,"Blood Vial":24,"MealTicket":46,"Fusion Hammer":34,"Kunai":44,"Blue Candle":40,"Eternal Feather":28,"Akabeko":8,"Cables":46,"SlaversCollar":17,"Bird Faced Urn":4,"Pandora\u0027s Box":17,"StrikeDummy":8,"Unceasing Top":0,"Lantern":36,"Regal Pillow":6,"Singing Bowl":0,"Torii":0,"StoneCalendar":0,"Bag of Preparation":29,"Ancient Tea Set":44,"Cursed Key":34,"Smiling Mask":40,"Matryoshka":4,"Shovel":0,"WingedGreaves":0,"Chemical X":38,"Potion Belt":20,"Lee\u0027s Waffle":0,"Inserter":17,"Golden Idol":10,"Thread and Needle":0,"PreservedInsect":26,"Omamori":0,"Frozen Egg 2":0,"MawBank":8,"Nuclear Battery":17,"Ornamental Fan":29,"Turnip":0,"Art of War":23,"Bottled Lightning":32,"Toy Ornithopter":22,"Ice Cream":0,"Calipers":31,"Nilry\u0027s Codex":19,"CeramicFish":0,"Vajra":31,"Runic Capacitor":21,"Sozu":17,"Lizard Tail":0,"Centennial Puzzle":40,"Strawberry":23,"Prayer Wheel":0,"Toxic Egg 2":0,"Girya":0,"Happy Flower":0,"Dead Branch":0,"Astrolabe":17,"Oddly Smooth Stone":0,"Letter Opener":9,"War Paint":27,"Question Card":39,"Du-Vu Doll":13,"OrangePellets":39,"Bottled Flame":30,"Shuriken":43,"Bronze Scales":9,"Molten Egg 2":0,"Black Star":17,"Symbiotic Virus":0,"Pocketwatch":0,"Darkstone Periapt":20,"Enchiridion":20,"Mango":0,"Incense Burner":10,"Juzu Bracelet":14,"ClockworkSouvenir":0,"Emotion Chip":26,"Dream Catcher":27,"Nunchaku":27,"Mummified Hand":9,"Gambling Chip":0,"Pantograph":7,"Tiny Chest":12,"Cracked Core":0,"Runic Pyramid":17,"Orichalcum":41,"Odd Mushroom":11,"Medical Kit":0,"White Beast Statue":40,"Mercury Hourglass":26,"Peace Pipe":45,"Anchor":0,"CaptainsWheel":0,"DataDisk":39,"Coffee Dripper":34,"Bag of Marbles":42,"Membership Card":0,"TungstenRod":43,"FossilizedHelix":0},{"Spirit Poop":105,"Ginger":19,"Whetstone":192,"Bottled Tornado":9,"Boot":229,"Old Coin":24,"FrozenCore":289,"Blood Vial":11,"MealTicket":80,"Fusion Hammer":75,"Kunai":54,"Blue Candle":52,"Eternal Feather":71,"Akabeko":31,"Cables":105,"SlaversCollar":160,"Bird Faced Urn":142,"Pandora\u0027s Box":92,"StrikeDummy":229,"Unceasing Top":57,"Lantern":18,"Regal Pillow":87,"Singing Bowl":57,"Torii":83,"StoneCalendar":0,"Bag of Preparation":14,"Ancient Tea Set":79,"Cursed Key":101,"Smiling Mask":104,"Matryoshka":2,"Shovel":57,"WingedGreaves":0,"Chemical X":51,"Potion Belt":9,"Lee\u0027s Waffle":26,"Inserter":36,"Golden Idol":87,"Thread and Needle":26,"PreservedInsect":42,"Omamori":0,"Frozen Egg 2":0,"MawBank":4,"Nuclear Battery":148,"Ornamental Fan":180,"Turnip":108,"Art of War":69,"Bottled Lightning":74,"Toy Ornithopter":241,"Ice Cream":57,"Calipers":47,"Nilry\u0027s Codex":119,"CeramicFish":83,"Vajra":16,"Runic Capacitor":9,"Sozu":66,"Lizard Tail":0,"Centennial Puzzle":21,"Strawberry":41,"Prayer Wheel":233,"Toxic Egg 2":0,"Girya":140,"Happy Flower":0,"Dead Branch":26,"Astrolabe":206,"Oddly Smooth Stone":26,"Letter Opener":113,"War Paint":70,"Question Card":20,"Du-Vu Doll":237,"OrangePellets":103,"Bottled Flame":125,"Shuriken":22,"Bronze Scales":4,"Molten Egg 2":26,"Black Star":239,"Symbiotic Virus":26,"Pocketwatch":26,"Darkstone Periapt":9,"Enchiridion":221,"Mango":0,"Incense Burner":5,"Juzu Bracelet":7,"ClockworkSouvenir":26,"Emotion Chip":11,"Dream Catcher":12,"Nunchaku":43,"Mummified Hand":4,"Gambling Chip":57,"Pantograph":265,"Tiny Chest":33,"Cracked Core":0,"Runic Pyramid":8,"Orichalcum":22,"Odd Mushroom":278,"Medical Kit":57,"White Beast Statue":132,"Mercury Hourglass":70,"Peace Pipe":23,"Anchor":0,"CaptainsWheel":26,"DataDisk":51,"Coffee Dripper":17,"Bag of Marbles":133,"Membership Card":0,"TungstenRod":53,"FossilizedHelix":57},{"Spirit Poop":498,"Ginger":98,"Whetstone":901,"Bottled Tornado":46,"Boot":1053,"Old Coin":129,"FrozenCore":1314,"Blood Vial":56,"MealTicket":380,"Fusion Hammer":360,"Kunai":264,"Blue Candle":255,"Eternal Feather":339,"Akabeko":169,"Cables":498,"SlaversCollar":740,"Bird Faced Urn":638,"Pandora\u0027s Box":446,"StrikeDummy":1053,"Unceasing Top":287,"Lantern":93,"Regal Pillow":418,"Singing Bowl":287,"Torii":402,"StoneCalendar":0,"Bag of Preparation":69,"Ancient Tea Set":377,"Cursed Key":484,"Smiling Mask":494,"Matryoshka":7,"Shovel":287,"WingedGreaves":0,"Chemical X":250,"Potion Belt":46,"Lee\u0027s Waffle":155,"Inserter":183,"Golden Idol":418,"Thread and Needle":155,"PreservedInsect":210,"Omamori":0,"Frozen Egg 2":0,"MawBank":15,"Nuclear Battery":676,"Ornamental Fan":850,"Turnip":518,"Art of War":330,"Bottled Lightning":349,"Toy Ornithopter":1104,"Ice Cream":287,"Calipers":231,"Nilry\u0027s Codex":549,"CeramicFish":402,"Vajra":80,"Runic Capacitor":46,"Sozu":316,"Lizard Tail":0,"Centennial Puzzle":109,"Strawberry":206,"Prayer Wheel":1068,"Toxic Egg 2":0,"Girya":633,"Happy Flower":0,"Dead Branch":155,"Astrolabe":956,"Oddly Smooth Stone":155,"Letter Opener":530,"War Paint":334,"Question Card":102,"Du-Vu Doll":1083,"OrangePellets":489,"Bottled Flame":571,"Shuriken":116,"Bronze Scales":15,"Molten Egg 2":155,"Black Star":1095,"Symbiotic Virus":155,"Pocketwatch":155,"Darkstone Periapt":46,"Enchiridion":1026,"Mango":0,"Incense Burner":22,"Juzu Bracelet":32,"ClockworkSouvenir":155,"Emotion Chip":56,"Dream Catcher":61,"Nunchaku":214,"Mummified Hand":15,"Gambling Chip":287,"Pantograph":1193,"Tiny Chest":174,"Cracked Core":0,"Runic Pyramid":41,"Orichalcum":116,"Odd Mushroom":1261,"Medical Kit":287,"White Beast Statue":595,"Mercury Hourglass":334,"Peace Pipe":123,"Anchor":0,"CaptainsWheel":155,"DataDisk":250,"Coffee Dripper":88,"Bag of Marbles":599,"Membership Card":0,"TungstenRod":259,"FossilizedHelix":287}],"FrozenCore":[13],"Cables":[123,72,51,0,0]},"card_choices":[{"not_picked":["Rebound","Recycle"],"picked":"Beam Cell","floor":1.0},{"not_picked":["Coolheaded","Chill"],"picked":"Barrage","floor":2.0},{"not_picked":["Skim","Gash"],"picked":"BootSequence","floor":3.0},{"not_picked":["Leap","Darkness"],"picked":"Biased Cognition","floor":4.0},{"not_picked":["Consume","Leap"],"picked":"Glacier","floor":7.0},{"not_picked":["Turbo","Double Energy"],"picked":"Cold Snap","floor":11.0},{"not_picked":["Barrage","Coolheaded"],"picked":"Hologram","floor":12.0},{"not_picked":["Creative AI","Biased Cognition"],"picked":"Machine Learning","floor":16.0},{"not_picked":["Steam Power","Coolheaded"],"picked":"Defragment","floor":18.0},{"not_picked":["Undo","Steam"],"picked":"Conserve Battery","floor":20.0},{"not_picked":["Scrape","Darkness"],"picked":"White Noise","floor":21.0},{"not_picked":["Aggregate","Turbo"],"picked":"Loop","floor":22.0},{"not_picked":["Scrape+1","Rebound"],"picked":"Rip and Tear","floor":24.0},{"not_picked":["Scrape","Coolheaded","Barrage"],"picked":"SKIP","floor":28.0},{"not_picked":["Turbo","Rip and Tear"],"picked":"Ball Lightning","floor":30.0},{"not_picked":["Beam Cell","Undo","Gash"],"picked":"SKIP","floor":31.0},{"not_picked":["Amplify","Multi-Cast"],"picked":"Electrodynamics","floor":33.0},{"not_picked":["Cold Snap","Barrage"],"picked":"Conserve Battery","floor":35.0},{"not_picked":["Double Energy","Compile Driver"],"picked":"Leap+1","floor":37.0},{"not_picked":["Cold Snap","Go for the Eyes","Force Field"],"picked":"SKIP","floor":38.0},{"not_picked":["Beam Cell","Hologram","Conserve Battery"],"picked":"SKIP","floor":40.0},{"not_picked":["Sweeping Beam","Gash"],"picked":"Steam Power+1","floor":42.0},{"not_picked":["Conserve Battery","Gash"],"picked":"Tempest","floor":45.0},{"not_picked":["White Noise","Hologram"],"picked":"Go for the Eyes+1","floor":46.0}],"player_experience":896644,"relics_obtained":[{"floor":7.0,"key":"Nunchaku"},{"floor":9.0,"key":"Smiling Mask"},{"floor":11.0,"key":"Odd Mushroom"},{"floor":12.0,"key":"Bronze Scales"},{"floor":13.0,"key":"Orichalcum"},{"floor":24.0,"key":"Bottled Flame"},{"floor":26.0,"key":"Lantern"},{"floor":40.0,"key":"Akabeko"},{"floor":42.0,"key":"Bag of Marbles"}],"event_choices":[{"damage_healed":0.0,"max_hp_gain":0.0,"max_hp_loss":0.0,"gold_gain":0.0,"event_name":"Shining Light","player_choice":"Ignored","floor":5.0,"gold_loss":0.0,"damage_taken":0.0},{"damage_healed":0.0,"max_hp_gain":0.0,"max_hp_loss":0.0,"gold_gain":0.0,"event_name":"Mushrooms","player_choice":"Fought Mushrooms","floor":11.0,"gold_loss":0.0,"damage_taken":0.0},{"damage_healed":0.0,"max_hp_gain":0.0,"max_hp_loss":0.0,"gold_gain":0.0,"event_name":"The Woman in Blue","player_choice":"Bought 1 Potion","floor":14.0,"gold_loss":0.0,"damage_taken":0.0},{"damage_healed":0.0,"max_hp_gain":0.0,"max_hp_loss":0.0,"gold_gain":180.0,"event_name":"Knowing Skull","player_choice":"GOLD GOLD ","floor":19.0,"potions_obtained":[],"gold_loss":0.0,"damage_taken":19.0,"cards_obtained":[]},{"cards_removed":["Defend_B"],"damage_healed":0.0,"max_hp_gain":0.0,"max_hp_loss":0.0,"gold_gain":0.0,"event_name":"Purifier","player_choice":"Purged","floor":29.0,"gold_loss":0.0,"damage_taken":0.0},{"damage_healed":0.0,"max_hp_gain":0.0,"max_hp_loss":0.0,"gold_gain":0.0,"event_name":"WeMeetAgain","player_choice":"Gave Potion","floor":39.0,"gold_loss":0.0,"damage_taken":0.0,"relics_obtained":["PreservedInsect"]}],"is_beta":false,"boss_relics":[{"not_picked":["SlaversCollar","Runic Dome"],"picked":"Runic Pyramid"},{"not_picked":["SacredBark","Tiny House"],"picked":"FrozenCore"}],"items_purged_floors":[0,10,25,27,36,44,48],"is_endless":false,"potions_floor_spawned":[2,7,11,21,24,31,35,37,38,42],"killed_by":"Shield and Spear","ascension_level":20}}