{"host":"y193d0agu1dp5x1y","time":1610738899,"event":{"mods":["AchievementEnabler","BaseMod","Googly Eyes","Minty Spire (QoL Compilation)"],"gold_per_floor":[113,133,83,83,101,101,116,116,142,142,157,185,196,209,209,309,309,322,422,403,109,109,109,109,120,120,120,130,157,157,157],"floor_reached":30,"language":"ENG","playtime":960,"items_purged":[],"score":252,"play_id":"722e89b5-b005-4e3e-9738-6212408f397f","local_time":"20210115132819","is_ascension_mode":false,"campfire_choices":[{"data":"Gash","floor":6,"key":"SMITH"},{"data":"Ball Lightning","floor":8,"key":"SMITH"},{"floor":10,"key":"REST"},{"floor":15,"key":"REST"},{"floor":23,"key":"REST"},{"floor":27,"key":"REST"}],"circlet_count":0,"master_deck":["Strike_B","Strike_B","Strike_B","Defend_B","Defend_B","Defend_B","Defend_B","Zap+1","Leap","Conserve Battery","Gash+1","Ball Lightning+1","Ball Lightning","Redo","Seek","Auto Shields","Seek","Defragment","Redo","Gash+1","White Noise","Capacitor+1"],"relics":["Cracked Core","Dream Catcher","Blood Vial","Fusion Hammer","Omamori","Sling","PreservedInsect","Frozen Egg 2","Potion Belt"],"acts_visited":["Exordium","TheCity"],"potions_floor_usage":[7,7,11,13,20,29],"damage_taken":[{"damage":4,"enemies":"2 Louse","floor":1,"turns":4},{"damage":1,"enemies":"Small Slimes","floor":2,"turns":3},{"damage":0,"enemies":"Cultist","floor":5,"turns":3},{"damage":5,"enemies":"3 Louse","floor":7,"turns":4},{"damage":8,"enemies":"Exordium Thugs","floor":11,"turns":4},{"damage":20,"enemies":"3 Sentries","floor":12,"turns":6},{"damage":7,"enemies":"Blue Slaver","floor":13,"turns":2},{"damage":8,"enemies":"3 Louse","floor":14,"turns":3},{"damage":21,"enemies":"The Guardian","floor":16,"turns":10},{"damage":17,"enemies":"Spheric Guardian","floor":18,"turns":4},{"damage":4,"enemies":"2 Thieves","floor":20,"turns":4},{"damage":5,"enemies":"Shelled Parasite and Fungi","floor":25,"turns":6},{"damage":25,"enemies":"Snecko","floor":28,"turns":5},{"damage":23,"enemies":"Gremlin Leader","floor":29,"turns":4},{"damage":45,"enemies":"3 Cultists","floor":30,"turns":4}],"seed_played":"3398609674297984219","potions_obtained":[{"floor":2,"key":"SteroidPotion"},{"floor":5,"key":"Energy Potion"},{"floor":7,"key":"PowerPotion"},{"floor":12,"key":"Strength Potion"},{"floor":18,"key":"Swift Potion"},{"floor":28,"key":"LiquidBronze"}],"is_trial":false,"path_per_floor":["M","M","?","?","M","R","M","R","T","R","M","E","M","M","R","B",null,"M","?","M","$","?","R","?","M","T","R","M","E","M"],"character_chosen":"DEFECT","items_purchased":["Omamori","Sling"],"campfire_rested":4,"item_purchase_floors":[21,21],"current_hp_per_floor":[78,77,77,77,77,77,72,72,72,82,74,54,49,43,67,48,82,65,65,63,63,63,82,82,77,77,82,57,36,0,0],"gold":157,"neow_bonus":"TEN_PERCENT_HP_BONUS","is_daily":false,"chose_seed":false,"campfire_upgraded":2,"win_rate":0.0,"timestamp":1610738899,"path_taken":["M","M","?","?","M","R","M","R","T","R","M","E","?","M","R","BOSS","M","?","M","?","?","R","?","M","T","R","M","E","M"],"items_purchased_type":["Relic","Relic"],"build_version":"2020-12-22","purchased_purges":0,"victory":false,"max_hp_per_floor":[82,82,82,82,82,82,82,82,82,82,82,82,82,82,82,82,82,82,82,82,82,82,82,82,82,82,82,82,82,82,82],"card_choices":[{"not_picked":["Chaos","Steam Power"],"picked":"Leap","floor":1},{"not_picked":["Compile Driver","Fusion"],"picked":"Conserve Battery","floor":2},{"not_picked":["Steam","Barrage"],"picked":"Gash","floor":5},{"not_picked":["Hologram","Blizzard"],"picked":"Ball Lightning","floor":7},{"not_picked":["Leap","Stack"],"picked":"Ball Lightning","floor":10},{"not_picked":["Recycle","Capacitor","Darkness"],"picked":"SKIP","floor":11},{"not_picked":["Barrage","FTL"],"picked":"Redo","floor":12},{"not_picked":["Ball Lightning","Beam Cell"],"picked":"Seek","floor":13},{"not_picked":["Coolheaded","Leap"],"picked":"Auto Shields","floor":14},{"not_picked":["Machine Learning","Fission"],"picked":"Seek","floor":16},{"not_picked":["Streamline","Conserve Battery"],"picked":"Defragment","floor":18},{"not_picked":["Coolheaded","Reinforced Body+1"],"picked":"Redo","floor":20},{"not_picked":["Capacitor+1","Self Repair"],"picked":"Gash+1","floor":23},{"not_picked":["Stack","Hologram+1","Undo"],"picked":"SKIP","floor":25},{"not_picked":["Coolheaded","Glacier"],"picked":"White Noise","floor":27},{"not_picked":["Heatsinks+1","Coolheaded+1","Sweeping Beam"],"picked":"SKIP","floor":28},{"not_picked":["Ball Lightning","Reboot"],"picked":"Capacitor+1","floor":29}],"player_experience":99306,"relics_obtained":[{"floor":9,"key":"Dream Catcher"},{"floor":12,"key":"Blood Vial"},{"floor":26,"key":"Frozen Egg 2"},{"floor":29,"key":"Potion Belt"}],"event_choices":[{"cards_removed":["Dualcast"],"damage_healed":0,"gold_gain":0,"player_choice":"Card Removal","damage_taken":0,"max_hp_gain":0,"max_hp_loss":0,"event_name":"The Cleric","floor":3,"gold_loss":50},{"damage_healed":0,"gold_gain":0,"player_choice":"Upgraded","damage_taken":0,"max_hp_gain":0,"max_hp_loss":0,"event_name":"Upgrade Shrine","floor":4,"gold_loss":0,"cards_upgraded":["Zap"]},{"damage_healed":0,"gold_gain":100,"player_choice":"Pray","damage_taken":0,"max_hp_gain":0,"max_hp_loss":0,"event_name":"Golden Shrine","floor":19,"gold_loss":0},{"damage_healed":0,"gold_gain":0,"player_choice":"Stole Relic","damage_taken":0,"relics_obtained":["PreservedInsect"],"max_hp_gain":0,"max_hp_loss":0,"event_name":"Addict","floor":22,"gold_loss":0,"cards_obtained":["Shame"]},{"cards_removed":["Strike_B"],"damage_healed":0,"gold_gain":0,"player_choice":"Purged","damage_taken":0,"max_hp_gain":0,"max_hp_loss":0,"event_name":"Purifier","floor":24,"gold_loss":0}],"is_beta":false,"boss_relics":[{"not_picked":["Astrolabe","Inserter"],"picked":"Fusion Hammer"}],"items_purged_floors":[],"is_endless":false,"potions_floor_spawned":[2,5,7,12,18,28],"killed_by":"3 Cultists","ascension_level":0}}