{"host":"xi8yg1ddhptuxb9d","time":1610671941,"event":{"mods":["AchievementEnabler","AlwaysNeverKeys","BaseMod","Block Reminder","Minty Spire (QoL Compilation)","Relic Sorter","StSLib"],"gold_per_floor":[114,128,128,128,142,142,175,175,201,221,264,92,126,151,151,247,247,267,291,291,291,291],"floor_reached":21,"language":"ENG","playtime":827,"items_purged":[],"score":398,"play_id":"da772115-e2b3-4b78-aedd-21d5532c7a39","local_time":"20210114195221","is_ascension_mode":true,"campfire_choices":[{"floor":6.0,"key":"REST"},{"data":"Judgement","floor":8.0,"key":"SMITH"},{"floor":15.0,"key":"REST"}],"circlet_count":0,"master_deck":["AscendersBane","Strike_P+1","Strike_P","Strike_P","Strike_P","Defend_P","Defend_P","Defend_P","Defend_P","Eruption+1","Vigilance","BowlingBash","Meditate+1","FlyingSleeves+1","Judgement+1","Crescendo","Protect","EmptyFist","Evaluate","Establishment","Worship+1","TalkToTheHand+1"],"relics":["PureWater","Golden Idol","Akabeko","Regal Pillow","Whetstone","Oddly Smooth Stone","Question Card","Sozu"],"acts_visited":["Exordium","TheCity"],"potions_floor_usage":[],"damage_taken":[{"damage":0.0,"enemies":"Jaw Worm","floor":1.0,"turns":3.0},{"damage":7.0,"enemies":"Cultist","floor":2.0,"turns":4.0},{"damage":3.0,"enemies":"2 Louse","floor":5.0,"turns":2.0},{"damage":5.0,"enemies":"3 Sentries","floor":7.0,"turns":3.0},{"damage":0.0,"enemies":"Large Slime","floor":10.0,"turns":3.0},{"damage":15.0,"enemies":"Lagavulin","floor":11.0,"turns":4.0},{"damage":20.0,"enemies":"Gremlin Nob","floor":13.0,"turns":4.0},{"damage":0.0,"enemies":"Red Slaver","floor":14.0,"turns":1.0},{"damage":39.0,"enemies":"The Guardian","floor":16.0,"turns":13.0},{"damage":12.0,"enemies":"3 Byrds","floor":18.0,"turns":4.0},{"damage":16,"enemies":"Shell Parasite","floor":19,"turns":3},{"damage":30,"enemies":"Centurion and Healer","floor":21,"turns":3}],"seed_played":"-172549303838644645","potions_obtained":[{"floor":2.0,"key":"Block Potion"},{"floor":5.0,"key":"Swift Potion"},{"floor":11.0,"key":"PowerPotion"},{"floor":14.0,"key":"AttackPotion"}],"is_trial":false,"path_per_floor":["M","M","?","?","M","R","E","R","T","M","E","$","E","M","R","B",null,"M","M","?","M"],"character_chosen":"WATCHER","items_purchased":["Oddly Smooth Stone"],"campfire_rested":2,"item_purchase_floors":[12],"current_hp_per_floor":[61,54,31,31,28,48,43,43,43,43,28,28,8,8,43,4,52,40,24,24,0,0],"gold":291,"neow_bonus":"UPGRADE_CARD","is_daily":false,"chose_seed":false,"campfire_upgraded":1,"win_rate":0.0,"timestamp":1610671941,"path_taken":["M","M","?","?","M","R","E","R","T","M","E","$","E","M","R","BOSS","M","M","?","M"],"items_purchased_type":["Relic"],"build_version":"2020-12-22","purchased_purges":0,"victory":false,"max_hp_per_floor":[68,68,68,68,68,68,68,68,68,68,68,68,68,68,68,68,68,68,68,68,68,68],"card_choices":[{"not_picked":["SashWhip","Fasting2"],"picked":"BowlingBash","floor":1.0},{"not_picked":["FlurryOfBlows","JustLucky"],"picked":"Meditate","floor":2.0},{"not_picked":["Evaluate","FlurryOfBlows"],"picked":"FlyingSleeves","floor":5.0},{"not_picked":["Halt","WaveOfTheHand"],"picked":"Judgement","floor":7.0},{"not_picked":["BowlingBash","Consecrate"],"picked":"Crescendo","floor":10.0},{"not_picked":["ReachHeaven","BowlingBash"],"picked":"Protect","floor":11.0},{"not_picked":["DeusExMachina","Protect"],"picked":"EmptyFist","floor":13.0},{"not_picked":["ThirdEye","WindmillStrike","Consecrate"],"picked":"Evaluate","floor":14.0},{"not_picked":["Devotion","Judgement","Wish"],"picked":"Establishment","floor":16.0},{"not_picked":["CrushJoints","Study","MentalFortress"],"picked":"Worship+1","floor":18.0},{"not_picked":["ThirdEye","FlurryOfBlows","Protect"],"picked":"TalkToTheHand+1","floor":19}],"player_experience":640482,"relics_obtained":[{"floor":7.0,"key":"Akabeko"},{"floor":9.0,"key":"Regal Pillow"},{"floor":11.0,"key":"Whetstone"},{"floor":13.0,"key":"Question Card"}],"event_choices":[{"damage_healed":0.0,"max_hp_gain":0.0,"max_hp_loss":0.0,"gold_gain":0.0,"event_name":"Golden Idol","player_choice":"Take Damage","floor":3.0,"gold_loss":0.0,"damage_taken":23.0,"relics_obtained":["Golden Idol"]},{"damage_healed":0.0,"max_hp_gain":0.0,"max_hp_loss":0.0,"gold_gain":0.0,"event_name":"Living Wall","player_choice":"Grow","floor":4.0,"gold_loss":0.0,"damage_taken":0.0,"cards_upgraded":["Meditate"]},{"damage_healed":0,"gold_gain":0,"player_choice":"Got Potions","damage_taken":0,"max_hp_gain":0,"max_hp_loss":0,"event_name":"Lab","floor":20,"gold_loss":0}],"is_beta":false,"boss_relics":[{"not_picked":["SacredBark","VioletLotus"],"picked":"Sozu"}],"items_purged_floors":[],"is_endless":false,"potions_floor_spawned":[2,5,10,11,14],"killed_by":"Centurion and Healer","ascension_level":20}}