{"host":"Rowan","time":1610672363,"event":{"mods":["BaseMod","Minty Spire (QoL Compilation)"],"gold_per_floor":[111,111,123,141,141,170,170,189,257,257,287,305,305,316,316,417,417,432,447,481,496,515,515,84,84,84,84,84,97,97,112,112,212,212,224,124,136,189,189,189,216,231,231,231,250,261,281,281,281,281,281,281,27,55,55,55],"floor_reached":55,"language":"ENG","playtime":3926,"items_purged":["Heel Hook","Dagger Throw"],"score":661,"play_id":"c00f7834-e8f3-47db-9e39-27c4bab3aa3c","local_time":"20210114165923","is_ascension_mode":false,"campfire_choices":[{"floor":7,"key":"RECALL"},{"data":"Terror","floor":10,"key":"SMITH"},{"data":"Night Terror","floor":13,"key":"SMITH"},{"data":"Noxious Fumes","floor":15,"key":"SMITH"},{"data":"After Image","floor":23,"key":"SMITH"},{"floor":25,"key":"REST"},{"data":"Sucker Punch","floor":27,"key":"SMITH"},{"data":"After Image","floor":30,"key":"SMITH"},{"data":"Neutralize","floor":32,"key":"SMITH"},{"data":"A Thousand Cuts","floor":40,"key":"SMITH"},{"data":"Parasite","floor":49,"key":"PURGE"},{"data":"Caltrops","floor":52,"key":"SMITH"}],"circlet_count":0,"master_deck":["Survivor","Neutralize+1","Cloak And Dagger","Terror+1","Caltrops+1","Dagger Throw","Night Terror+1","Noxious Fumes+1","Acrobatics","After Image+1","Prepared","Heel Hook","Prepared","Escape Plan","Poisoned Stab","After Image+1","Dagger Throw+1","Bane+1","Deadly Poison","Sucker Punch+1","Noxious Fumes+1","Dash+1","All Out Attack+1","Backflip","A Thousand Cuts+1","Deflect","Slice+1","Deadly Poison+1","Crippling Poison+1","Predator+1","Noxious Fumes"],"relics":["SacredBark","Torii","Mercury Hourglass","Regal Pillow","Pandora\u0027s Box","Red Mask","Nunchaku","TheAbacus","Molten Egg 2","Busted Crown","Du-Vu Doll","Pen Nib","Peace Pipe","Paper Crane","Blood Vial"],"acts_visited":["Exordium","TheCity","TheBeyond","TheEnding"],"potions_floor_usage":[6,20,20,22,29,33,38,50,50,54],"damage_taken":[{"damage":0,"enemies":"2 Louse","floor":1,"turns":4},{"damage":0,"enemies":"Jaw Worm","floor":3,"turns":5},{"damage":1,"enemies":"Cultist","floor":4,"turns":4},{"damage":2,"enemies":"Gremlin Nob","floor":6,"turns":3},{"damage":7,"enemies":"Large Slime","floor":8,"turns":6},{"damage":4,"enemies":"3 Sentries","floor":11,"turns":6},{"damage":8,"enemies":"Red Slaver","floor":12,"turns":4},{"damage":2,"enemies":"Blue Slaver","floor":14,"turns":4},{"damage":24,"enemies":"The Guardian","floor":16,"turns":10},{"damage":1,"enemies":"Chosen","floor":18,"turns":4},{"damage":20,"enemies":"Spheric Guardian","floor":19,"turns":4},{"damage":0,"enemies":"Masked Bandits","floor":20,"turns":2},{"damage":26,"enemies":"Centurion and Healer","floor":21,"turns":5},{"damage":1,"enemies":"3 Cultists","floor":22,"turns":4},{"damage":3,"enemies":"Snake Plant","floor":29,"turns":3},{"damage":1,"enemies":"Cultist and Chosen","floor":31,"turns":6},{"damage":1,"enemies":"Champ","floor":33,"turns":10},{"damage":0,"enemies":"Orb Walker","floor":35,"turns":4},{"damage":0,"enemies":"3 Shapes","floor":37,"turns":4},{"damage":14,"enemies":"2 Orb Walkers","floor":38,"turns":6},{"damage":8,"enemies":"Giant Head","floor":41,"turns":8},{"damage":1,"enemies":"Sphere and 2 Shapes","floor":42,"turns":5},{"damage":0,"enemies":"Transient","floor":45,"turns":5},{"damage":0,"enemies":"Maw","floor":46,"turns":6},{"damage":0,"enemies":"Writhing Mass","floor":47,"turns":6},{"damage":47,"enemies":"Awakened One","floor":50,"turns":12},{"damage":18,"enemies":"Shield and Spear","floor":54,"turns":6},{"damage":56,"enemies":"The Heart","floor":55,"turns":8}],"seed_played":"1741104368074628234","potions_obtained":[{"floor":1,"key":"AttackPotion"},{"floor":3,"key":"Energy Potion"},{"floor":6,"key":"SteroidPotion"},{"floor":11,"key":"DistilledChaos"},{"floor":21,"key":"Block Potion"},{"floor":22,"key":"SneckoOil"},{"floor":29,"key":"GhostInAJar"},{"floor":35,"key":"EssenceOfSteel"},{"floor":38,"key":"LiquidMemories"},{"floor":46,"key":"Swift Potion"},{"floor":47,"key":"Block Potion"}],"is_trial":false,"path_per_floor":["M","?","M","M","?","E","R","M","T","R","E","M","R","M","R","B",null,"M","M","?","M","M","R","$","R","T","R","?","M","R","M","R","B",null,"M","$","M","?","?","R","E","M","T","T","M","M","M","?","R","B",null,"R","$","E","B"],"character_chosen":"THE_SILENT","items_purchased":["Nunchaku","TheAbacus","PowerPotion","Paper Crane"],"campfire_rested":1,"item_purchase_floors":[24,24,24,53],"current_hp_per_floor":[70,75,75,74,67,65,65,58,58,58,54,46,46,44,44,20,75,74,54,54,28,27,27,27,64,64,64,64,61,61,60,60,59,75,75,75,75,61,61,61,53,52,52,52,52,52,52,52,52,5,72,72,72,54,0,0],"gold":55,"neow_bonus":"BOSS_RELIC","is_daily":false,"chose_seed":false,"campfire_upgraded":9,"win_rate":0.0,"timestamp":1610672363,"path_taken":["M","?","M","M","?","E","R","M","T","R","E","M","R","M","R","BOSS","M","M","?","M","M","R","$","R","T","R","?","M","R","M","R","BOSS","M","$","M","?","?","R","E","M","T","?","M","M","?","?","R","BOSS","R","$","E","BOSS"],"items_purchased_type":["Relic","Relic","Potion","Relic"],"build_version":"2020-12-18","purchased_purges":2,"victory":false,"max_hp_per_floor":[70,75,75,75,75,75,75,75,75,75,75,75,75,75,75,75,75,75,75,75,75,75,75,75,75,75,75,75,75,75,75,75,75,75,75,75,75,75,75,75,75,75,75,75,75,75,75,75,72,72,72,72,72,72,72,72],"card_choices":[{"not_picked":["Escape Plan","Outmaneuver"],"picked":"Cloak And Dagger","floor":1},{"not_picked":["Cloak And Dagger","Bane"],"picked":"Terror","floor":3},{"not_picked":["Escape Plan","Slice"],"picked":"Dagger Throw","floor":4},{"not_picked":["Flying Knee","Dodge and Roll"],"picked":"Caltrops","floor":6},{"not_picked":["Bane","PiercingWail"],"picked":"Dagger Throw","floor":8},{"not_picked":["Terror","Flechettes"],"picked":"Night Terror","floor":11},{"not_picked":["Prepared","Distraction"],"picked":"Noxious Fumes","floor":12},{"not_picked":["Predator","PiercingWail"],"picked":"Acrobatics","floor":14},{"not_picked":["Unload","Corpse Explosion"],"picked":"After Image","floor":16},{"not_picked":["Crippling Poison","Expertise"],"picked":"Dagger Throw+1","floor":18},{"not_picked":["Endless Agony","Slice"],"picked":"Bane+1","floor":19},{"not_picked":["Eviscerate+1","Escape Plan"],"picked":"Deadly Poison","floor":20},{"not_picked":["Poisoned Stab","Blade Dance"],"picked":"Sucker Punch","floor":21},{"not_picked":["Dagger Throw","Caltrops"],"picked":"Noxious Fumes+1","floor":22},{"not_picked":["Dagger Throw+1","Sucker Punch+1"],"picked":"All Out Attack+1","floor":29},{"not_picked":["Noxious Fumes","Predator+1"],"picked":"Backflip","floor":31},{"not_picked":["Grand Finale+1","Night Terror"],"picked":"A Thousand Cuts","floor":33},{"not_picked":[],"picked":"Deflect","floor":35},{"not_picked":["Underhanded Strike+1"],"picked":"SKIP","floor":37},{"not_picked":[],"picked":"Slice+1","floor":38},{"not_picked":["Prepared+1"],"picked":"SKIP","floor":41},{"not_picked":["Cloak And Dagger"],"picked":"SKIP","floor":42},{"not_picked":[],"picked":"Deadly Poison+1","floor":45},{"not_picked":[],"picked":"Crippling Poison+1","floor":46},{"not_picked":["Eviscerate+1"],"picked":"SKIP","floor":47},{"not_picked":[],"picked":"Noxious Fumes","floor":54}],"player_experience":367460,"relics_obtained":[{"floor":6,"key":"Torii"},{"floor":9,"key":"Mercury Hourglass"},{"floor":11,"key":"Regal Pillow"},{"floor":20,"key":"Red Mask"},{"floor":26,"key":"Molten Egg 2"},{"floor":38,"key":"Du-Vu Doll"},{"floor":41,"key":"Pen Nib"},{"floor":44,"key":"Peace Pipe"},{"floor":54,"key":"Blood Vial"}],"event_choices":[{"damage_healed":0,"gold_gain":0,"player_choice":"Donut","damage_taken":0,"max_hp_gain":5,"max_hp_loss":0,"event_name":"Big Fish","floor":2,"gold_loss":0},{"cards_removed":["Strike_G"],"damage_healed":0,"gold_gain":0,"player_choice":"Card Removal","damage_taken":7,"max_hp_gain":0,"max_hp_loss":0,"event_name":"Golden Wing","floor":5,"gold_loss":0},{"damage_healed":0,"gold_gain":0,"player_choice":"Fought Bandits","damage_taken":0,"max_hp_gain":0,"max_hp_loss":0,"event_name":"Masked Bandits","floor":20,"gold_loss":0},{"damage_healed":0,"gold_gain":0,"player_choice":"Read","damage_taken":0,"max_hp_gain":0,"max_hp_loss":0,"event_name":"The Library","floor":28,"gold_loss":0,"cards_obtained":["Dash"]},{"damage_healed":0,"gold_gain":0,"player_choice":"Fight","damage_taken":0,"max_hp_gain":0,"max_hp_loss":0,"event_name":"Mysterious Sphere","floor":38,"gold_loss":0},{"cards_removed":["Heel Hook"],"damage_healed":0,"gold_gain":0,"player_choice":"Removed Attack","damage_taken":0,"max_hp_gain":0,"max_hp_loss":0,"event_name":"Falling","floor":39,"gold_loss":0},{"damage_healed":0,"gold_gain":0,"cards_transformed":["Expertise"],"player_choice":"Transformed","damage_taken":0,"max_hp_gain":0,"max_hp_loss":0,"event_name":"Transmorgrifier","floor":48,"gold_loss":0,"cards_obtained":["Predator"]}],"is_beta":true,"boss_relics":[{"not_picked":["Runic Dome","Snecko Eye"],"picked":"Pandora\u0027s Box"},{"not_picked":["Velvet Choker","Fusion Hammer"],"picked":"Busted Crown"}],"items_purged_floors":[24,36],"is_endless":false,"potions_floor_spawned":[1,3,6,11,14,21,22,29,35,38,46,47],"killed_by":"The Heart","ascension_level":0}}