{"host":"9kesdg97wkrx2bva","time":1610698781,"event":{"mods":["AchievementEnabler","BaseMod","Colored Map","Downfall","GifTheSpireLib","Infinite Spire","Minty Spire (QoL Compilation)","Replay The Spire","StSLib"],"gold_per_floor":[112,130,130,145,14,14,42,61,61,77,77,77,103,121,121,192,192,207,226,243,2,0,0,26,26,26],"floor_reached":25,"language":"ENG","playtime":654,"items_purged":["Strike_B","Shame"],"score":394,"play_id":"20738660-2f6c-4d06-8810-427e504ec019","local_time":"20210115031941","is_ascension_mode":true,"campfire_choices":[{"data":"Zap","floor":6,"key":"SMITH"},{"data":"Gash","floor":12,"key":"SMITH"},{"data":"Dualcast","floor":15,"key":"SMITH"},{"data":"Gash","floor":23,"key":"SMITH"},{"data":"Go for the Eyes","floor":23,"key":"SMITH"}],"circlet_count":0,"master_deck":["AscendersBane","Strike_B","Strike_B","Defend_B","Defend_B","Defend_B","Defend_B","Zap+1","Dualcast+1","Gash+1","Go for the Eyes+1","Core Surge","Ball Lightning","Gash+1","Ball Lightning","Leap","Scrape","All For One","Clumsy","Slimebound:Icky","Ball Lightning","Rebound","Beam Cell","Static Discharge","Defragment"],"relics":["Cracked Core","ReplayTheSpireMod:TigerMarble","Replay:Antivirus Software","Letter Opener","ReplayTheSpireMod:Shallot","Replay:Ancient Bell","MealTicket","Gremlin Horn","Replay:Arrowhead","Peace Pipe"],"acts_visited":["Exordium","TheCity"],"potions_floor_usage":[7,7,13,25,25],"damage_taken":[{"damage":5,"enemies":"Small Slimes","floor":1,"turns":4},{"damage":0,"enemies":"Cultist","floor":2,"turns":3},{"damage":2,"enemies":"Jaw Worm","floor":4,"turns":3},{"damage":10,"enemies":"3 Sentries","floor":7,"turns":6},{"damage":12,"enemies":"Blue Slaver","floor":8,"turns":3},{"damage":0,"enemies":"Exordium Wildlife","floor":10,"turns":2},{"damage":6,"enemies":"Gremlin Nob","floor":13,"turns":3},{"damage":1,"enemies":"Lots of Slimes","floor":14,"turns":3},{"damage":31,"enemies":"Fading Forest","floor":16,"turns":11},{"damage":0,"enemies":"2 Thieves","floor":18,"turns":3},{"damage":2,"enemies":"Spheric Guardian","floor":19,"turns":3},{"damage":21,"enemies":"Snake Plant","floor":20,"turns":4},{"damage":19,"enemies":"Book of Stabbing","floor":25,"turns":2}],"seed_played":"8204153164496746075","potions_obtained":[{"floor":0,"key":"Adrenaline Potion"},{"floor":0,"key":"Guardian:BlockOnCardUsePotion"},{"floor":7,"key":"SpeedPotion"},{"floor":10,"key":"champ:CounterPotion"},{"floor":16,"key":"Venom Potion"}],"is_trial":false,"path_per_floor":["M","M","?","M","$","R","E","M","T","M","T","R","E","M","R","B",null,"M","M","M","$","?","R","?","E"],"character_chosen":"DEFECT","items_purchased":["Ball Lightning","Beam Cell","Static Discharge"],"campfire_rested":0,"item_purchase_floors":[5,21,21],"current_hp_per_floor":[59,59,59,57,57,57,47,35,35,35,35,35,29,28,28,5,55,55,53,32,47,47,47,19,0,0],"gold":26,"neow_bonus":"THREE_SMALL_POTIONS","is_daily":false,"chose_seed":false,"campfire_upgraded":5,"win_rate":0.0,"timestamp":1610698781,"path_taken":["M","M","?","?","$","R","E","M","T","M","?","R","E","M","R","BOSS","M","M","M","$","?","R","?","E"],"items_purchased_type":["Card","Card","Card"],"build_version":"2020-12-22","purchased_purges":2,"victory":false,"max_hp_per_floor":[71,71,71,71,71,71,71,71,71,71,71,71,71,71,71,71,71,71,71,71,71,71,71,71,71,71],"card_choices":[{"not_picked":["Redo","Panic Button"],"picked":"Gash","floor":1},{"not_picked":["Ball Lightning","Stack"],"picked":"Go for the Eyes","floor":2},{"not_picked":["BasicCrystalCard","Self Repair"],"picked":"Core Surge","floor":4},{"not_picked":["Blizzard","Hologram"],"picked":"Gash","floor":7},{"not_picked":["Sweeping Beam","FIFO Queue"],"picked":"Ball Lightning","floor":8},{"not_picked":["Turbo","Hologram"],"picked":"Leap","floor":10},{"not_picked":["Amplify","Stack","Sweeping Beam"],"picked":"SKIP","floor":13},{"not_picked":["FIFO Queue","Static Discharge"],"picked":"Scrape","floor":14},{"not_picked":["Biased Cognition","Reboot"],"picked":"All For One","floor":16},{"not_picked":["Guardian:Aged","Replay:Hysterical Blindness"],"picked":"Shame","floor":17},{"not_picked":["Shame","Spreading Infection"],"picked":"Clumsy","floor":17},{"not_picked":["Normality","Guardian:Aged"],"picked":"Slimebound:Icky","floor":17},{"not_picked":["Coolheaded","Reinforced Body","Turbo+1"],"picked":"SKIP","floor":18},{"not_picked":["Coolheaded","Panic Button"],"picked":"Ball Lightning","floor":19},{"not_picked":["Glacier","Compile Driver+1"],"picked":"Rebound","floor":20},{"not_picked":["Sweeping Beam","Buffer"],"picked":"Defragment","floor":24}],"player_experience":943950,"relics_obtained":[{"floor":7,"key":"ReplayTheSpireMod:TigerMarble"},{"floor":9,"key":"Replay:Antivirus Software"},{"floor":11,"key":"Letter Opener"},{"floor":13,"key":"ReplayTheSpireMod:Shallot"},{"floor":24,"key":"Peace Pipe"}],"event_choices":[{"cards_removed":["Strike_B"],"damage_healed":0,"gold_gain":0,"player_choice":"Offered Basic","damage_taken":0,"max_hp_gain":0,"max_hp_loss":0,"event_name":"Bonfire Elementals","floor":3,"gold_loss":0},{"damage_healed":0,"gold_gain":0,"player_choice":"Paid Fearfully","damage_taken":0,"max_hp_gain":0,"max_hp_loss":0,"event_name":"Masked Bandits","floor":22,"gold_loss":2}],"is_beta":false,"boss_relics":[{"not_picked":["Painkiller Herb","Ectoplasm"],"picked":"Replay:Ancient Bell"},{"not_picked":["Blue Doll","Replay:Wax Seal"],"picked":"MealTicket"},{"not_picked":["Divine Protection","infinitespire:ShieldingShard"],"picked":"Gremlin Horn"},{"not_picked":["Du-Vu Doll","infinitespire:Magic Flask"],"picked":"Replay:Arrowhead"}],"items_purged_floors":[5,21],"is_endless":false,"potions_floor_spawned":[4,7,10,16],"killed_by":"Book of Stabbing","ascension_level":17}}