{"host":"kiauivt48syq9iz6","time":1610748093,"event":{"mods":["A Magickal Journey","BaseMod","Conspire","Downfall","Hermit","Minty Spire (QoL Compilation)","Replay The Spire","SIMod","Somnambulant","StSLib","The Animator","The Construct","The Cursed","The Disciple","The Forsaken","The Judge","The Marked","The Runesmith","The Servant 0.9.4","The Spell Scribe"],"gold_per_floor":[119,135,42,105,47,78,110,135,172,184,196,196],"floor_reached":11,"language":"ENG","playtime":313,"items_purged":[],"score":73,"play_id":"ec112007-5746-47a5-b20f-b0530e47babd","local_time":"20210115150133","is_ascension_mode":false,"campfire_choices":[],"circlet_count":0,"master_deck":["Strike_B","Strike_B","Strike_B","Strike_B","Defend_B","Defend_B","Defend_B","Defend_B","Zap","Dualcast","Cold Snap","Leap","Redo","conspire:SharedLibrary","Compile Driver","Redo","White Noise","White Noise","Echo Form","Cold Snap","White Noise"],"relics":["Cracked Core","Quantum Egg","MawBank","Replay:Mystery Machine"],"acts_visited":["Exordium"],"potions_floor_usage":[6,6],"damage_taken":[{"damage":5,"enemies":"Small Slimes","floor":1,"turns":4},{"damage":3,"enemies":"Cultist","floor":2,"turns":4},{"damage":32,"enemies":"Gremlin Nob","floor":6,"turns":6},{"damage":0,"enemies":"2 Louse","floor":7,"turns":3},{"damage":1,"enemies":"Looter","floor":8,"turns":3},{"damage":7,"enemies":"3 Sentries","floor":11,"turns":3}],"seed_played":"4026035852533812746","potions_obtained":[{"floor":2,"key":"Adrenaline Potion"},{"floor":4,"key":"Adrenaline Potion"},{"floor":8,"key":"SteroidPotion"}],"is_trial":false,"path_per_floor":["M","M","$","?","$","E","M","M","T","$","E"],"character_chosen":"DEFECT","items_purchased":["conspire:SharedLibrary","Compile Driver","White Noise"],"campfire_rested":0,"item_purchase_floors":[3,3,5],"current_hp_per_floor":[70,67,67,37,37,5,5,4,4,4,0,0],"gold":196,"neow_bonus":"THREE_CARDS","is_daily":false,"chose_seed":false,"campfire_upgraded":0,"win_rate":0.0,"timestamp":1610748093,"path_taken":["M","M","$","?","?","E","?","?","T","$","E"],"items_purchased_type":["Card","Card","Card"],"build_version":"2020-12-22","purchased_purges":0,"victory":false,"max_hp_per_floor":[75,75,75,75,75,75,75,75,75,75,75,75],"card_choices":[{"not_picked":["Storm","Steam"],"picked":"Cold Snap","floor":0},{"not_picked":["Steam","Fusion"],"picked":"Leap","floor":1},{"not_picked":["Undo","Cold Snap"],"picked":"Redo","floor":2},{"not_picked":["Ball Lightning","Genetic Algorithm"],"picked":"Redo","floor":4},{"not_picked":["Cold Snap","Rainbow"],"picked":"Echo Form","floor":6},{"not_picked":["Stack","Streamline"],"picked":"Cold Snap","floor":7},{"not_picked":["Gash","Stack"],"picked":"White Noise","floor":8}],"player_experience":155433,"relics_obtained":[{"floor":4,"key":"Quantum Egg"},{"floor":6,"key":"MawBank"},{"floor":9,"key":"Replay:Mystery Machine"}],"event_choices":[],"is_beta":false,"boss_relics":[],"items_purged_floors":[],"is_endless":false,"potions_floor_spawned":[2,8],"killed_by":"3 Sentries","ascension_level":0}}