{"host":"f5gffvlv6a66yqkd","time":1610729455,"event":{"mods":["2.2 Compatiblity","Alarm Clock","BaseMod","Colored Map","Custom Start","DeckTracker","Keyboard Shortcuts","Minty Spire (QoL Compilation)","Permanent Neow","Quick Restart","Relic Stats","StSLib","SuperFastMode"],"gold_per_floor":[18,31,45,57,57,57,87,87,87,97,19,0,0,0],"floor_reached":13,"language":"KOR","playtime":288,"items_purged":[],"score":174,"play_id":"6e9d1319-1428-4feb-999e-6c5d0144221b","local_time":"20210116015055","is_ascension_mode":true,"campfire_choices":[{"data":"Eruption","floor":6,"key":"SMITH"}],"circlet_count":0,"master_deck":["AscendersBane","Strike_P","Strike_P","Strike_P","Strike_P","Defend_P","Defend_P","Defend_P","Defend_P","Eruption+1","Vigilance","Brilliance","EmptyBody","MentalFortress","Meditate","Vengeance","InnerPeace"],"relics":["PureWater","Oddly Smooth Stone","Eternal Feather"],"acts_visited":["Exordium"],"potions_floor_usage":[8],"damage_taken":[{"damage":0.0,"enemies":"2 Louse","floor":1.0,"turns":2.0},{"damage":1.0,"enemies":"Small Slimes","floor":2.0,"turns":3.0},{"damage":0.0,"enemies":"Jaw Worm","floor":3.0,"turns":1.0},{"damage":49,"enemies":"Exordium Thugs","floor":4,"turns":11},{"damage":11,"enemies":"3 Sentries","floor":7,"turns":9},{"damage":0,"enemies":"Lots of Slimes","floor":8,"turns":1},{"damage":0,"enemies":"Looter","floor":10,"turns":4},{"damage":0,"enemies":"Lagavulin","floor":13,"turns":5}],"seed_played":"-5421472034856945838","potions_obtained":[{"floor":4,"key":"SmokeBomb"},{"floor":7,"key":"LiquidBronze"}],"is_trial":false,"path_per_floor":["M","M","M","M","?","R","E","M","T","M","$","?","E"],"character_chosen":"WATCHER","items_purchased":["InnerPeace"],"campfire_rested":0,"item_purchase_floors":[11],"current_hp_per_floor":[61,60,60,11,16,16,5,5,5,5,5,5,5,5],"gold":0,"neow_bonus":"THREE_RARE_CARDS","is_daily":false,"chose_seed":false,"campfire_upgraded":1,"win_rate":0.0,"timestamp":1610729455,"path_taken":["M","M","M","M","?","R","E","M","T","M","$","?","E"],"items_purchased_type":["Card"],"build_version":"2020-12-22","purchased_purges":0,"victory":false,"max_hp_per_floor":[68,68,68,68,73,73,73,73,73,73,73,73,73,73],"relic_stats":{"counters":[8,36],"Eternal Feather":0,"obtain_stats":[{"Oddly Smooth Stone":7,"Eternal Feather":9,"PureWater":0},{"Oddly Smooth Stone":5,"Eternal Feather":6,"PureWater":0},{"Oddly Smooth Stone":26,"Eternal Feather":27,"PureWater":0}]},"card_choices":[{"not_picked":["Wish","LessonLearned"],"picked":"Brilliance","floor":0.0},{"not_picked":["Crescendo","CrushJoints","JustLucky"],"picked":"SKIP","floor":1.0},{"not_picked":["BowlingBash","ClearTheMind"],"picked":"EmptyBody","floor":2.0},{"not_picked":["ClearTheMind","Devotion"],"picked":"MentalFortress","floor":3.0},{"not_picked":["ClearTheMind","EmptyFist"],"picked":"Meditate","floor":4},{"not_picked":["Sanctity","DeceiveReality","Evaluate"],"picked":"SKIP","floor":7},{"not_picked":["ReachHeaven","Crescendo"],"picked":"Vengeance","floor":10}],"player_experience":1564165,"relics_obtained":[{"floor":7,"key":"Oddly Smooth Stone"},{"floor":9,"key":"Eternal Feather"}],"event_choices":[{"damage_healed":0,"gold_gain":0,"player_choice":"Donut","damage_taken":0,"max_hp_gain":5,"max_hp_loss":0,"event_name":"Big Fish","floor":5,"gold_loss":0},{"damage_healed":0,"gold_gain":0,"player_choice":"Left Gold","damage_taken":0,"max_hp_gain":0,"max_hp_loss":0,"event_name":"World of Goop","floor":12,"gold_loss":19}],"is_beta":false,"boss_relics":[],"items_purged_floors":[],"is_endless":false,"potions_floor_spawned":[4,7,8],"killed_by":"Lagavulin","ascension_level":20}}