{"host":"kqe6w2igxc79vo14","time":1610707300,"event":{"mods":["AchievementEnabler","BaseMod","Downfall","Minty Spire (QoL Compilation)","Quick Restart","StSLib"],"gold_per_floor":[117,117,96,112,112,139,156,156,156,156,81,12,38,56,56,160,160,170,170,170,70,90,90,115,115,186,186,186,218,218,253,253,253,253],"floor_reached":33,"language":"ENG","playtime":2958,"items_purged":["Strike_P","Eruption"],"score":498,"play_id":"70d4e094-9b57-40d0-beb7-7b38aeff574d","local_time":"20210115124140","is_ascension_mode":true,"campfire_choices":[{"data":"Strike_P","floor":8.0,"key":"PURGE"},{"data":"Strike_P","floor":10.0,"key":"PURGE"},{"floor":15.0,"key":"REST"},{"data":"Strike_P","floor":23.0,"key":"PURGE"},{"floor":27.0,"key":"REST"},{"floor":30.0,"key":"REST"},{"floor":32,"key":"REST"}],"circlet_count":0,"master_deck":["AscendersBane","Defend_P","Defend_P","Defend_P","Defend_P","Vigilance","SandsOfTime","PathToVictory","Study","SandsOfTime"],"relics":["PureWater","NeowsBlessing","Peace Pipe","Shuriken","Regal Pillow","Dream Catcher","Letter Opener","Busted Crown","Nilry\u0027s Codex","Omamori","Juzu Bracelet","Matryoshka","Bronze Scales","MealTicket"],"acts_visited":["Exordium","TheCity"],"potions_floor_usage":[31,31],"damage_taken":[{"damage":0.0,"enemies":"Jaw Worm","floor":1.0,"turns":1.0},{"damage":0.0,"enemies":"Cultist","floor":4.0,"turns":1.0},{"damage":0.0,"enemies":"Lagavulin","floor":6.0,"turns":1.0},{"damage":0.0,"enemies":"Small Slimes","floor":7.0,"turns":2.0},{"damage":39.0,"enemies":"3 Sentries","floor":13.0,"turns":12.0},{"damage":1.0,"enemies":"3 Louse","floor":14.0,"turns":4.0},{"damage":27.0,"enemies":"The Guardian","floor":16.0,"turns":10.0},{"damage":19.0,"enemies":"3 Byrds","floor":18.0,"turns":4.0},{"damage":12.0,"enemies":"Spheric Guardian","floor":22.0,"turns":6.0},{"damage":17.0,"enemies":"Gremlin Leader","floor":24.0,"turns":6.0},{"damage":53.0,"enemies":"Slavers","floor":29.0,"turns":7.0},{"damage":50,"enemies":"Book of Stabbing","floor":31,"turns":6},{"damage":38,"enemies":"Champ","floor":33,"turns":6}],"seed_played":"6223944806526964902","potions_obtained":[{"floor":1.0,"key":"Weak Potion"},{"floor":14.0,"key":"Explosive Potion"},{"floor":16.0,"key":"DuplicationPotion"},{"floor":18.0,"key":"BottledMiracle"},{"floor":22.0,"key":"Regen Potion"},{"floor":31,"key":"DuplicationPotion"}],"is_trial":false,"path_per_floor":["M","?","?","M","T","E","M","R","T","R","$","$","E","M","R","B",null,"M","?","?","$","M","R","E","?","T","R","?","E","R","E","R","B"],"character_chosen":"WATCHER","items_purchased":["Study"],"campfire_rested":4,"item_purchase_floors":[12],"current_hp_per_floor":[65,47,47,47,47,47,47,47,47,47,47,47,8,7,43,16,58,39,63,47,47,35,35,18,18,18,54,54,1,37,2,38,0,0],"gold":253,"neow_bonus":"THREE_ENEMY_KILL","is_daily":false,"chose_seed":false,"campfire_upgraded":0,"win_rate":0.0,"timestamp":1610707300,"path_taken":["M","?","?","M","?","E","M","R","T","R","?","$","E","?","R","BOSS","M","?","?","$","M","R","E","?","T","R","?","E","R","E","R","BOSS"],"items_purchased_type":["Card"],"build_version":"2020-12-22","purchased_purges":2,"victory":false,"max_hp_per_floor":[72,72,72,72,72,72,72,72,72,72,72,72,72,72,72,72,72,72,72,72,72,72,72,72,72,72,72,72,72,72,72,72,72,72],"card_choices":[{"not_picked":["Wireheading","FlurryOfBlows"],"picked":"SandsOfTime","floor":1.0},{"not_picked":["WheelKick","FearNoEvil","ThirdEye"],"picked":"SKIP","floor":4.0},{"not_picked":["CrushJoints","Crescendo","PathToVictory"],"picked":"SKIP","floor":6.0},{"not_picked":["EmptyBody","Meditate"],"picked":"PathToVictory","floor":7.0},{"not_picked":["BowlingBash","SpiritShield","Conclude"],"picked":"SKIP","floor":13.0},{"not_picked":["ThirdEye","Fasting2","Tantrum"],"picked":"SKIP","floor":14.0},{"not_picked":["Halt","Evaluate"],"picked":"SandsOfTime","floor":15.0},{"not_picked":["EmptyBody+1"],"picked":"SKIP","floor":18.0},{"not_picked":["SashWhip"],"picked":"SKIP","floor":22.0},{"not_picked":["Sanctity"],"picked":"SKIP","floor":24.0},{"not_picked":["Prostrate"],"picked":"SKIP","floor":29.0},{"not_picked":["Devotion"],"picked":"SKIP","floor":31}],"player_experience":913743,"relics_obtained":[{"floor":5.0,"key":"Shuriken"},{"floor":6.0,"key":"Regal Pillow"},{"floor":9.0,"key":"Dream Catcher"},{"floor":13.0,"key":"Letter Opener"},{"floor":20.0,"key":"Nilry\u0027s Codex"},{"floor":24.0,"key":"Omamori"},{"floor":26.0,"key":"Matryoshka"},{"floor":29.0,"key":"Bronze Scales"},{"floor":31,"key":"MealTicket"}],"event_choices":[{"damage_healed":0.0,"max_hp_gain":0.0,"max_hp_loss":0.0,"gold_gain":0.0,"event_name":"Scrap Ooze","player_choice":"Success","floor":2.0,"gold_loss":0.0,"damage_taken":18.0,"relics_obtained":["Peace Pipe"]},{"damage_healed":0.0,"max_hp_gain":0.0,"max_hp_loss":0.0,"gold_gain":0.0,"event_name":"World of Goop","player_choice":"Left Gold","floor":3.0,"gold_loss":21.0,"damage_taken":0.0},{"damage_healed":24.0,"max_hp_gain":0.0,"max_hp_loss":0.0,"gold_gain":0.0,"event_name":"The Library","player_choice":"Heal","floor":19.0,"gold_loss":0.0,"damage_taken":0.0},{"damage_healed":0.0,"max_hp_gain":0.0,"max_hp_loss":0.0,"gold_gain":0.0,"event_name":"Cursed Tome","player_choice":"Obtained Book","floor":20.0,"gold_loss":0.0,"damage_taken":16.0},{"damage_healed":0.0,"max_hp_gain":0.0,"max_hp_loss":0.0,"gold_gain":0.0,"event_name":"The Mausoleum","player_choice":"Opened","floor":25.0,"gold_loss":0.0,"damage_taken":0.0,"relics_obtained":["Juzu Bracelet"],"cards_obtained":["Writhe"]},{"damage_healed":0.0,"max_hp_gain":0.0,"max_hp_loss":0.0,"gold_gain":0.0,"event_name":"N\u0027loth","player_choice":"Ignored","floor":28.0,"gold_loss":0.0,"damage_taken":0.0}],"is_beta":false,"boss_relics":[{"not_picked":["Coffee Dripper","Philosopher\u0027s Stone"],"picked":"Busted Crown"}],"items_purged_floors":[11,21],"is_endless":false,"potions_floor_spawned":[1,14,16,18,22,31],"killed_by":"Champ","ascension_level":10}}