{"host":"b7j598ve05halrwk","time":1610731444,"event":{"mods":["2.2 Compatiblity","BaseMod","Block Reminder","DeckTracker","Minty Spire (QoL Compilation)","Relic Stats","Slay the Relics Exporter","StSLib","ojb\u0027s Better Paths Mod","ojb\u0027s Info Mod"],"gold_per_floor":[366,366,20,33,33,33,67,82,136,161,199,225,263,288,288,374,374,401,428,30,48,69,113,113,138,218,239,258,267,302,10,10,95,95,115,9,29,58,10,51,85,85,85,124,138,157,187,206,206,206,206,206,206,11,50,50,50],"floor_reached":56,"language":"ENG","playtime":5147,"items_purged":["Pain","Strike_B","Zap"],"score":2184,"play_id":"46c6357d-ef95-4c04-a73e-a72e0c94b429","local_time":"20210115122404","is_ascension_mode":true,"campfire_choices":[{"data":"Strike_B","floor":6.0,"key":"SMITH"},{"data":"Defragment","floor":15.0,"key":"SMITH"},{"floor":32.0,"key":"REST"},{"floor":49.0,"key":"RECALL"},{"data":"Biased Cognition","floor":53.0,"key":"SMITH"}],"circlet_count":0,"master_deck":["AscendersBane","Strike_B+1","Defend_B","Defend_B+1","Defend_B+1","Dualcast","Tempest","Leap","Streamline+1","Go for the Eyes+1","Streamline+1","Doom and Gloom+1","Go for the Eyes+1","Capacitor","Defragment+1","All For One+1","Cold Snap+1","Ghostly","Ghostly","Ghostly","Swift Strike+1","Conserve Battery","Sunder+1","Lockon+1","Rebound+1","Echo Form","Barrage+1","Undo","Necronomicurse","Cold Snap+1","Coolheaded","Heatsinks","Creative AI","BootSequence","Self Repair","Chill","Cold Snap+1","Hologram","Biased Cognition+1","Turbo","Multi-Cast","Loop","Coolheaded","Heatsinks","Reinforced Body","Capacitor"],"relics":["Cracked Core","Molten Egg 2","Orichalcum","CeramicFish","Bottled Flame","Meat on the Bone","SlaversCollar","Nunchaku","Pear","Regal Pillow","Cables","Necronomicon","Mummified Hand","War Paint","Black Star","Potion Belt","Smiling Mask","Girya","HornCleat","StoneCalendar","Sundial","Eternal Feather","Pocketwatch","Bag of Preparation","Ornamental Fan"],"acts_visited":["Exordium","TheCity","TheBeyond","TheEnding"],"potions_floor_usage":[56,56,56,56],"damage_taken":[{"damage":4.0,"enemies":"2 Louse","floor":1.0,"turns":3.0},{"damage":0.0,"enemies":"Cultist","floor":4.0,"turns":4.0},{"damage":36.0,"enemies":"Gremlin Nob","floor":7.0,"turns":4.0},{"damage":0.0,"enemies":"Small Slimes","floor":8.0,"turns":3.0},{"damage":0.0,"enemies":"Blue Slaver","floor":10.0,"turns":3.0},{"damage":5.0,"enemies":"Lagavulin","floor":11.0,"turns":6.0},{"damage":2.0,"enemies":"Looter","floor":12.0,"turns":2.0},{"damage":2.0,"enemies":"Gremlin Nob","floor":13.0,"turns":3.0},{"damage":0.0,"enemies":"Lots of Slimes","floor":14.0,"turns":1.0},{"damage":20.0,"enemies":"Hexaghost","floor":16.0,"turns":8.0},{"damage":26.0,"enemies":"Shell Parasite","floor":18.0,"turns":6.0},{"damage":0.0,"enemies":"Chosen","floor":22.0,"turns":4.0},{"damage":18.0,"enemies":"Book of Stabbing","floor":23.0,"turns":3.0},{"damage":23.0,"enemies":"Gremlin Leader","floor":25.0,"turns":7.0},{"damage":0.0,"enemies":"Centurion and Healer","floor":27.0,"turns":7.0},{"damage":14.0,"enemies":"Sentry and Sphere","floor":28.0,"turns":6.0},{"damage":8.0,"enemies":"Book of Stabbing","floor":30.0,"turns":3.0},{"damage":10.0,"enemies":"Champ","floor":33.0,"turns":10.0},{"damage":2.0,"enemies":"3 Shapes","floor":35.0,"turns":3.0},{"damage":4.0,"enemies":"3 Darklings","floor":37.0,"turns":12.0},{"damage":3.0,"enemies":"Jaw Worm Horde","floor":38.0,"turns":4.0},{"damage":0.0,"enemies":"Giant Head","floor":40.0,"turns":7.0},{"damage":1.0,"enemies":"Mind Bloom Boss Battle","floor":41.0,"turns":6.0},{"damage":11.0,"enemies":"Nemesis","floor":44.0,"turns":5.0},{"damage":8.0,"enemies":"Sphere and 2 Shapes","floor":45.0,"turns":6.0},{"damage":0.0,"enemies":"4 Shapes","floor":46.0,"turns":7.0},{"damage":3.0,"enemies":"Giant Head","floor":47.0,"turns":9.0},{"damage":0.0,"enemies":"Transient","floor":48.0,"turns":6.0},{"damage":2.0,"enemies":"Time Eater","floor":50.0,"turns":12.0},{"damage":12.0,"enemies":"Donu and Deca","floor":51.0,"turns":7.0},{"damage":24.0,"enemies":"Shield and Spear","floor":55.0,"turns":7.0},{"damage":45,"enemies":"The Heart","floor":56,"turns":3}],"seed_played":"7671948988468044472","potions_obtained":[{"floor":7.0,"key":"EssenceOfSteel"},{"floor":10.0,"key":"Fire Potion"},{"floor":12.0,"key":"GamblersBrew"},{"floor":13.0,"key":"Regen Potion"},{"floor":16.0,"key":"DuplicationPotion"},{"floor":18.0,"key":"EssenceOfDarkness"},{"floor":23.0,"key":"Weak Potion"},{"floor":25.0,"key":"SpeedPotion"},{"floor":27.0,"key":"PotionOfCapacity"},{"floor":33.0,"key":"Dexterity Potion"},{"floor":37.0,"key":"DistilledChaos"},{"floor":40.0,"key":"ColorlessPotion"},{"floor":45.0,"key":"Dexterity Potion"},{"floor":46.0,"key":"Regen Potion"},{"floor":48.0,"key":"Fire Potion"}],"is_trial":false,"path_per_floor":["M","?","$","M","$","R","E","M","T","M","E","M","E","M","R","B",null,"M","?","$","?","M","E","?","E","T","M","M","?","E","$","R","B",null,"M","$","M","M","$","E","?","T","T","E","M","M","E","M","R","B","B",null,"R","$","E","B"],"character_chosen":"DEFECT","items_purchased":["Molten Egg 2","Nunchaku","Swift Strike+1","Conserve Battery","Coolheaded","War Paint","Heatsinks","Self Repair","Chill","Hologram","Heatsinks","Reinforced Body"],"campfire_rested":1,"item_purchase_floors":[3,20,20,20,31,31,31,36,36,39,54,54],"current_hp_per_floor":[60,60,60,60,60,60,24,24,24,24,19,17,15,27,27,19,58,44,35,35,35,35,39,33,22,22,34,32,11,15,15,43,33,42,40,40,45,45,45,45,45,45,45,41,40,45,45,45,45,45,40,44,45,45,33,0,0],"gold":50,"neow_bonus":"TWO_FIFTY_GOLD","is_daily":false,"chose_seed":false,"campfire_upgraded":3,"win_rate":0.0,"timestamp":1610731444,"path_taken":["M","?","$","M","?","R","E","M","T","M","E","M","E","M","R","BOSS","M","?","$","?","M","E","?","E","T","M","?","?","E","?","R","BOSS","M","?","M","?","$","E","?","?","T","E","M","M","E","M","R","BOSS","BOSS","R","$","E","BOSS"],"items_purchased_type":["Relic","Relic","Card","Card","Card","Relic","Card","Card","Card","Card","Card","Card"],"build_version":"2020-12-22","purchased_purges":3,"victory":false,"max_hp_per_floor":[71,71,71,71,71,71,71,71,71,71,71,71,71,71,71,71,71,71,35,35,35,35,45,45,45,45,45,45,45,45,45,45,45,45,45,45,45,45,45,45,45,45,45,45,45,45,45,45,45,45,45,45,45,45,45,45,45],"relic_stats":{"Regal Pillow":15,"counters":[32,177],"CeramicFish":324,"StoneCalendar":[247],"Eternal Feather":1,"Bag of Preparation":[2],"Orichalcum":[420],"War Paint":["Defend_B","Defend_B"],"Smiling Mask":75,"Cables":[106,40,36,30,0],"Nunchaku":[27],"Mummified Hand":[136],"Sundial":[2],"Ornamental Fan":[0],"Necronomicon":[33],"Black Star":4,"obtain_stats":[{"Regal Pillow":25,"CeramicFish":9,"StoneCalendar":44,"Bag of Preparation":55,"Smiling Mask":40,"Nunchaku":20,"HornCleat":42,"Mummified Hand":30,"Sundial":44,"Necronomicon":29,"Cracked Core":0,"Potion Belt":40,"Girya":41,"Pear":23,"Eternal Feather":47,"Orichalcum":7,"War Paint":31,"Cables":26,"SlaversCollar":17,"Bottled Flame":11,"Ornamental Fan":55,"Molten Egg 2":3,"Black Star":34,"Meat on the Bone":13,"Pocketwatch":47},{"Regal Pillow":14,"CeramicFish":4,"StoneCalendar":24,"Bag of Preparation":31,"Smiling Mask":22,"Nunchaku":11,"HornCleat":23,"Mummified Hand":17,"Sundial":24,"Necronomicon":16,"Cracked Core":0,"Potion Belt":22,"Girya":23,"Pear":13,"Eternal Feather":27,"Orichalcum":3,"War Paint":17,"Cables":14,"SlaversCollar":10,"Bottled Flame":6,"Ornamental Fan":31,"Molten Egg 2":1,"Black Star":18,"Meat on the Bone":8,"Pocketwatch":27},{"Regal Pillow":57,"CeramicFish":14,"StoneCalendar":120,"Bag of Preparation":174,"Smiling Mask":109,"Nunchaku":43,"HornCleat":115,"Mummified Hand":73,"Sundial":120,"Necronomicon":70,"Cracked Core":0,"Potion Belt":109,"Girya":115,"Pear":50,"Eternal Feather":142,"Orichalcum":11,"War Paint":73,"Cables":57,"SlaversCollar":37,"Bottled Flame":23,"Ornamental Fan":174,"Molten Egg 2":3,"Black Star":83,"Meat on the Bone":28,"Pocketwatch":142}],"Meat on the Bone":108,"Pocketwatch":[35]},"card_choices":[{"not_picked":["Consume","Chaos"],"picked":"Tempest","floor":1.0},{"not_picked":["Steam Power","Darkness","Force Field"],"picked":"SKIP","floor":4.0},{"not_picked":["Consume","Redo"],"picked":"Streamline+1","floor":7.0},{"not_picked":["Conserve Battery","Steam"],"picked":"Go for the Eyes+1","floor":8.0},{"not_picked":["Gash+1","Force Field"],"picked":"Streamline+1","floor":10.0},{"not_picked":["Genetic Algorithm","Melter+1"],"picked":"Doom and Gloom+1","floor":11.0},{"not_picked":["Rip and Tear+1","Hello World"],"picked":"Go for the Eyes+1","floor":12.0},{"not_picked":["Rainbow","Rip and Tear+1"],"picked":"Capacitor","floor":13.0},{"not_picked":["FTL+1","Chaos"],"picked":"Defragment","floor":14.0},{"not_picked":["Machine Learning","Buffer"],"picked":"All For One+1","floor":16.0},{"not_picked":["Stack","Leap"],"picked":"Cold Snap+1","floor":18.0},{"not_picked":["Sweeping Beam+1","Turbo"],"picked":"Rebound+1","floor":22.0},{"not_picked":["Genetic Algorithm","All For One+1"],"picked":"Echo Form","floor":23.0},{"not_picked":["Reprogram","Gash+1","Sunder+1"],"picked":"SKIP","floor":25.0},{"not_picked":["Go for the Eyes+1","Chaos"],"picked":"Barrage+1","floor":27.0},{"not_picked":["Fusion","Cold Snap+1"],"picked":"Undo","floor":28.0},{"not_picked":["Reboot","Steam Power"],"picked":"Cold Snap+1","floor":30.0},{"not_picked":["Amplify","Rainbow"],"picked":"Creative AI","floor":33.0},{"not_picked":["Consume","Barrage+1"],"picked":"BootSequence","floor":35.0},{"not_picked":["Redo","Sweeping Beam+1","Gash+1"],"picked":"SKIP","floor":37.0},{"not_picked":["BootSequence+1","Ball Lightning+1"],"picked":"Cold Snap+1","floor":38.0},{"not_picked":["Streamline+1","Skim"],"picked":"Biased Cognition","floor":40.0},{"not_picked":["Leap","Rip and Tear+1"],"picked":"Turbo","floor":41.0},{"not_picked":["Barrage+1","Compile Driver+1"],"picked":"Multi-Cast","floor":44.0},{"not_picked":["Rebound+1","Ball Lightning+1","Doom and Gloom+1"],"picked":"SKIP","floor":45.0},{"not_picked":["Double Energy+1","Ball Lightning+1"],"picked":"Loop","floor":46.0},{"not_picked":["Reprogram","Gash+1","Steam"],"picked":"SKIP","floor":47.0},{"not_picked":["Melter+1","Conserve Battery"],"picked":"Coolheaded","floor":48.0},{"not_picked":["Stack","Steam"],"picked":"Capacitor","floor":55.0}],"player_experience":973391,"relics_obtained":[{"floor":7.0,"key":"Orichalcum"},{"floor":9.0,"key":"CeramicFish"},{"floor":11.0,"key":"Bottled Flame"},{"floor":13.0,"key":"Meat on the Bone"},{"floor":23.0,"key":"Pear"},{"floor":25.0,"key":"Regal Pillow"},{"floor":26.0,"key":"Cables"},{"floor":29.0,"key":"Necronomicon"},{"floor":30.0,"key":"Mummified Hand"},{"floor":40.0,"key":"Potion Belt"},{"floor":40.0,"key":"Smiling Mask"},{"floor":41.0,"key":"Girya"},{"floor":42.0,"key":"HornCleat"},{"floor":44.0,"key":"StoneCalendar"},{"floor":44.0,"key":"Sundial"},{"floor":47.0,"key":"Eternal Feather"},{"floor":47.0,"key":"Pocketwatch"},{"floor":55.0,"key":"Bag of Preparation"},{"floor":55.0,"key":"Ornamental Fan"}],"event_choices":[{"damage_healed":0.0,"max_hp_gain":0.0,"max_hp_loss":0.0,"gold_gain":0.0,"cards_transformed":["Strike_B"],"event_name":"Transmorgrifier","player_choice":"Transformed","floor":2.0,"gold_loss":0.0,"damage_taken":0.0,"cards_obtained":["Leap"]},{"damage_healed":0.0,"max_hp_gain":0.0,"max_hp_loss":36.0,"gold_gain":0.0,"event_name":"Ghosts","player_choice":"Became a Ghost","floor":19.0,"gold_loss":0.0,"damage_taken":0.0,"cards_obtained":["Ghostly","Ghostly","Ghostly"]},{"damage_healed":0.0,"max_hp_gain":0.0,"max_hp_loss":0.0,"gold_gain":0.0,"cards_transformed":["Strike_B","Defend_B"],"event_name":"Drug Dealer","player_choice":"Became Test Subject","floor":21.0,"gold_loss":0.0,"damage_taken":0.0,"cards_obtained":["Sunder","Lockon"]},{"damage_healed":0.0,"max_hp_gain":0.0,"max_hp_loss":0.0,"gold_gain":0.0,"event_name":"Knowing Skull","player_choice":"","floor":24.0,"potions_obtained":[],"gold_loss":0.0,"damage_taken":6.0,"cards_obtained":[]},{"damage_healed":0.0,"max_hp_gain":0.0,"max_hp_loss":0.0,"gold_gain":0.0,"event_name":"Cursed Tome","player_choice":"Obtained Book","floor":29.0,"gold_loss":0.0,"damage_taken":21.0},{"damage_healed":0.0,"max_hp_gain":0.0,"max_hp_loss":0.0,"gold_gain":0.0,"event_name":"MindBloom","player_choice":"Fight","floor":41.0,"gold_loss":0.0,"damage_taken":0.0}],"is_beta":false,"boss_relics":[{"not_picked":["FrozenCore","Empty Cage"],"picked":"SlaversCollar"},{"not_picked":["SacredBark","Velvet Choker"],"picked":"Black Star"}],"items_purged_floors":[3,20,54],"is_endless":false,"potions_floor_spawned":[7,10,12,13,14,16,18,23,25,27,33,37,40,45,46,47,48],"killed_by":"The Heart","ascension_level":20}}