{"host":"gmh2c2g66mxmprnw","time":1610744884,"event":{"mods":["BaseMod","Better Match","Colored Powertips","Friendly Minions","Highlight Path","Infinite Spire","Minty Spire (QoL Compilation)","Quick Restart","Relic Sorter","Replay The Spire","Shop Mod","StSLib"],"gold_per_floor":[109,109,184,10,26,60,60,87,87,119,5,46,64,75,75,172,172,186,6,6,6,6,39,39,52,52,71,71,71,101,9,73,18,18,189,189,215,215,340,0,65,65,155,204,204,64,186,286,286,360,360,390],"floor_reached":53,"language":"ENG","playtime":3318,"items_purged":["ReplayTheSpireMod:Doomed","Doubt","Sickly"],"score":752,"play_id":"84fc003a-5ea3-4f7b-a3bf-b80ec6c9aee7","local_time":"20210115120804","is_ascension_mode":true,"campfire_choices":[{"data":"Neutralize","floor":7.0,"key":"SMITH"},{"data":"Accuracy","floor":15.0,"key":"SMITH"},{"floor":24.0,"key":"REST"},{"floor":34.0,"key":"REST"},{"floor":42.0,"key":"REST"},{"floor":51.0,"key":"REST"}],"circlet_count":0,"master_deck":["Strike_G+1","Strike_G","Defend_G","Defend_G+1","Defend_G","Survivor","Neutralize+1","Terror","Infinite Blades+1","Flying Knee","Bouncing Flask","Toxin Wave","Dagger Spray","Skewer","Accuracy+1","Envenom","Cloak And Dagger","Caltrops+1","infinitespire:Starlight+1","CommonCold","Backflip","Setup+1","Deadly Poison","ReplayTheSpireMod:From All Sides","Wraith Form v2","Corpse Explosion","Blade Dance","Riddle With Holes","Replay:Dark Deal","Well Laid Plans","Backflip+1","ReplayTheSpireMod:From All Sides+1","Decay","Acrobatics+1","Cloak And Dagger+1","Backstab+1"],"relics":["Cursed Key","MerchantsRug","ReplayTheSpireMod:CursedCoin","ClockworkSouvenir","Chemical X","PreservedInsect","Quantum Egg","ReplayTheSpireMod:Ring of Exchange","Replay:Bandana","Eternal Feather","Dead Branch","Golden Egg","Pen Nib","Chameleon Ring","Lee\u0027s Waffle","Darkstone Periapt","OrangePellets","infinitespire:FocusingShard"],"acts_visited":["Exordium","TheCity","TheBeyond"],"potions_floor_usage":[52],"damage_taken":[{"damage":0.0,"enemies":"Jaw Worm","floor":1.0,"turns":5.0},{"damage":0.0,"enemies":"2 Louse","floor":5.0,"turns":3.0},{"damage":1.0,"enemies":"Replay:BlueRogue","floor":6.0,"turns":5.0},{"damage":22.0,"enemies":"Gremlin Nob","floor":8.0,"turns":4.0},{"damage":9.0,"enemies":"Replay:BlueRogue","floor":10.0,"turns":4.0},{"damage":0.0,"enemies":"Cultist","floor":13.0,"turns":3.0},{"damage":10.0,"enemies":"3 Louse","floor":14.0,"turns":2.0},{"damage":0.0,"enemies":"Fading Forest","floor":16.0,"turns":11.0},{"damage":30.0,"enemies":"2 Thieves","floor":18.0,"turns":3.0},{"damage":13.0,"enemies":"Replay:Snechameleon","floor":23.0,"turns":4.0},{"damage":10.0,"enemies":"Chosen","floor":25.0,"turns":3.0},{"damage":11.0,"enemies":"Snecko","floor":27.0,"turns":5.0},{"damage":36.0,"enemies":"Slavers","floor":30.0,"turns":6.0},{"damage":14.0,"enemies":"Shelled Parasite and Fungi","floor":32.0,"turns":4.0},{"damage":4.0,"enemies":"Centurion and Healer","floor":33.0,"turns":6.0},{"damage":63.0,"enemies":"Champ","floor":35.0,"turns":10.0},{"damage":38.0,"enemies":"3 Darklings","floor":37.0,"turns":5.0},{"damage":42.0,"enemies":"2 Orb Walkers","floor":39.0,"turns":5.0},{"damage":0.0,"enemies":"Orb Walker","floor":41.0,"turns":1.0},{"damage":18.0,"enemies":"Reptomancer","floor":43.0,"turns":2.0},{"damage":35.0,"enemies":"Giant Head","floor":47.0,"turns":7.0},{"damage":12.0,"enemies":"Transient","floor":48.0,"turns":5.0},{"damage":26.0,"enemies":"Sphere and 2 Shapes","floor":50.0,"turns":5.0},{"damage":8,"enemies":"Replay:Hell Engine","floor":52,"turns":2}],"seed_played":"-440392197417378164","potions_obtained":[{"floor":5.0,"key":"Regen Potion"},{"floor":8.0,"key":"Fire Potion"},{"floor":12.0,"key":"DuplicationPotion"},{"floor":14.0,"key":"SteroidPotion"},{"floor":16.0,"key":"Toxic Potion"},{"floor":18.0,"key":"Energy Potion"},{"floor":25.0,"key":"GamblersBrew"},{"floor":32.0,"key":"LifebloodPotion"},{"floor":33.0,"key":"FairyPotion"},{"floor":35.0,"key":"Ancient Potion"},{"floor":39.0,"key":"SteroidPotion"},{"floor":50.0,"key":"SpeedPotion"}],"is_trial":false,"path_per_floor":["M","?","?","$","M","E","R","E","T","E","$","?","M","M","R","B",null,"M","$","AVR","?","?","E","R","M","T","M","PTL","PTL","E","$","M","M","R","B",null,"M","?","?","$","M","R","E","T","T","$","E","M","AVR","M","R","B",null],"character_chosen":"THE_SILENT","items_purchased":["Infinite Blades+1","ReplayTheSpireMod:CursedCoin","MerchantsRug","Ancient Potion","Flying Knee","ClockworkSouvenir","Chemical X","PreservedInsect","Caltrops+1","Eternal Feather","ReplayTheSpireMod:From All Sides","War Paint","Replay:Dark Deal","Well Laid Plans","Lee\u0027s Waffle"],"campfire_rested":4,"item_purchase_floors":[4,4,4,4,4,11,19,19,19,31,31,40,40,40,46],"current_hp_per_floor":[70,70,59,59,59,58,58,36,36,48,48,48,48,38,38,38,77,47,47,47,47,47,44,67,57,57,56,56,56,30,30,16,22,60,7,77,49,49,7,7,7,48,45,45,45,84,49,52,52,26,72,64],"gold":390,"neow_bonus":"BOSS_RELIC","is_daily":false,"chose_seed":false,"campfire_upgraded":2,"win_rate":0.0,"timestamp":1610744884,"path_taken":["M","?","?","$","M","E","R","E","T","E","$","?","M","M","R","BOSS","M","?","AVR","?","?","E","R","M","T","M","PTL","PTL","E","$","?","?","R","BOSS","M","?","?","?","?","R","E","?","T","$","E","M","AVR","M","R","BOSS"],"items_purchased_type":["Card","Relic","Relic","Potion","Card","Relic","Relic","Relic","Card","Relic","Card","Relic","Card","Card","Relic"],"build_version":"2020-12-22","purchased_purges":3,"victory":true,"max_hp_per_floor":[70,70,70,70,70,70,70,70,70,77,77,77,77,77,77,77,77,77,77,77,77,77,77,77,77,77,77,77,77,77,77,77,77,77,77,77,77,77,77,77,77,77,77,77,77,84,84,84,84,84,84,84],"card_choices":[{"not_picked":["Concentrate","Dagger Throw"],"picked":"Terror","floor":1.0},{"not_picked":["ReplayTheSpireMod:The Works","Dagger Throw"],"picked":"Bouncing Flask","floor":5.0},{"not_picked":["Bouncing Flask","Expertise","Deflect"],"picked":"SKIP","floor":6.0},{"not_picked":["Riddle With Holes","Flying Knee"],"picked":"Toxin Wave","floor":8.0},{"not_picked":["Atom Bomb","Bouncing Flask"],"picked":"Dagger Spray","floor":10.0},{"not_picked":["Sucker Punch","Catalyst"],"picked":"Skewer","floor":12.0},{"not_picked":["Poisoned Stab","Dash"],"picked":"Accuracy","floor":13.0},{"not_picked":["Outmaneuver","Deflect"],"picked":"PiercingWail","floor":14.0},{"not_picked":["A Thousand Cuts","Corpse Explosion"],"picked":"Envenom","floor":16.0},{"not_picked":["ReplayTheSpireMod:Exploit Weakness","Bane"],"picked":"Cloak And Dagger","floor":18.0},{"not_picked":["Slice","Eviscerate+1","Sucker Punch+1"],"picked":"SKIP","floor":23.0},{"not_picked":["Bouncing Flask","All Out Attack"],"picked":"Backflip","floor":25.0},{"not_picked":["Prepared","Cloak And Dagger"],"picked":"Setup+1","floor":27.0},{"not_picked":["Underhanded Strike+1","ReplayTheSpireMod:Speed Training+1"],"picked":"Deadly Poison","floor":30.0},{"not_picked":["Replay:Poison Smokescreen","Slice+1"],"picked":"Wraith Form v2","floor":32.0},{"not_picked":["Poisoned Stab","Outmaneuver"],"picked":"Dodge and Roll","floor":33.0},{"not_picked":["Unload","infinitespire:Neurotoxin"],"picked":"Corpse Explosion","floor":35.0},{"not_picked":["Deflect","Underhanded Strike+1"],"picked":"Blade Dance","floor":37.0},{"not_picked":["Dagger Throw","ReplayTheSpireMod:Tripwire+1"],"picked":"Riddle With Holes","floor":39.0},{"not_picked":["Acrobatics","PiercingWail+1"],"picked":"Backflip+1","floor":41.0},{"not_picked":["Cloak And Dagger","Dagger Throw+1"],"picked":"ReplayTheSpireMod:From All Sides","floor":43.0},{"not_picked":["Quick Slash","ReplayTheSpireMod:The Works"],"picked":"Acrobatics+1","floor":47.0},{"not_picked":["Blade Dance","Dodge and Roll"],"picked":"Cloak And Dagger+1","floor":48.0},{"not_picked":["Blade Dance+1","Bane+1"],"picked":"Backstab+1","floor":50.0}],"player_experience":2181109,"relics_obtained":[{"floor":6.0,"key":"Girya"},{"floor":9.0,"key":"Lizard Tail"},{"floor":10.0,"key":"Strawberry"},{"floor":12.0,"key":"infinitespire:Eraser"},{"floor":22.0,"key":"ReplayTheSpireMod:Ring of Exchange"},{"floor":23.0,"key":"StrikeDummy"},{"floor":26.0,"key":"Bottled Lightning"},{"floor":30.0,"key":"Replay:Bandana"},{"floor":39.0,"key":"Dead Branch"},{"floor":43.0,"key":"Golden Egg"},{"floor":44.0,"key":"Pen Nib"},{"floor":45.0,"key":"Chameleon Ring"},{"floor":47.0,"key":"Darkstone Periapt"}],"event_choices":[{"damage_healed":0.0,"max_hp_gain":0.0,"max_hp_loss":0.0,"gold_gain":75.0,"event_name":"World of Goop","player_choice":"Gather Gold","floor":3.0,"gold_loss":0.0,"damage_taken":11.0},{"cards_removed":["CommonCold"],"damage_healed":0.0,"max_hp_gain":0.0,"max_hp_loss":0.0,"gold_gain":0.0,"event_name":"Back to Basics","player_choice":"Elegance","floor":21.0,"gold_loss":0.0,"damage_taken":0.0},{"cards_removed":["Dodge and Roll"],"damage_healed":0.0,"max_hp_gain":0.0,"max_hp_loss":0.0,"gold_gain":0.0,"event_name":"Falling","player_choice":"Removed Skill","floor":38.0,"gold_loss":0.0,"damage_taken":0.0},{"damage_healed":0.0,"max_hp_gain":0.0,"max_hp_loss":0.0,"gold_gain":0.0,"event_name":"Mysterious Sphere","player_choice":"Fight","floor":39.0,"gold_loss":0.0,"damage_taken":0.0}],"is_beta":false,"boss_relics":[{"not_picked":["Ring of Chaos","Snecko Eye"],"picked":"Empty Cage"},{"not_picked":["Runic Dome","Painkiller Herb"],"picked":"HoveringKite"}],"items_purged_floors":[20,40,49],"is_endless":false,"potions_floor_spawned":[5,8,14,16,18,25,32,33,35,39,41,50],"ascension_level":1}}