{"host":"7xbu8gt067z192g2","time":1610705560,"event":{"mods":["BaseMod","Better Note","BetterRewards","Colored Map","Colored Powertips","Googly Eyes","Highlight Path","Infinite Spire","Minty Spire (QoL Compilation)","Rare Cards Sparkle","Replay The Spire","StSLib","The Bladedancer","The Construct","The Cursed","The Hierophant","The Valiant","The Wild Card"],"gold_per_floor":[114,138,155,155,169,195,195,207,207,233,233,233,250,250,250,352,352,367,367,57,75,85,85,85],"floor_reached":23,"language":"ENG","playtime":1222,"items_purged":["Shame"],"score":201,"play_id":"9eb78b19-860d-4ba1-8193-5608d215a1b3","local_time":"20210115051240","is_ascension_mode":false,"campfire_choices":[{"data":"Draining Mist","floor":7.0,"key":"SMITH"},{"floor":11.0,"key":"REST"},{"data":"Corpse Explosion","floor":15.0,"key":"SMITH"}],"circlet_count":0,"master_deck":["Strike_G","Strike_G","Strike_G","Strike_G","Strike_G","Defend_G","Defend_G","Defend_G","Defend_G","Survivor","Neutralize","Well Laid Plans","Draining Mist+1","Prepared","Poisoned Stab","Draining Mist+1","Corpse Explosion+1","A Thousand Cuts","Flechettes","Secret Technique","Unload","Bane","Acrobatics+1"],"relics":["Ring of the Snake","Replay:Baseball","Huge Egg","Bottled Lightning","White Beast Statue","Empty Cage","ReplayTheSpireMod:CursedCoin"],"acts_visited":["Exordium","TheCity"],"potions_floor_usage":[16,16,16,21,22,22],"damage_taken":[{"damage":0.0,"enemies":"Cultist","floor":1.0,"turns":5.0},{"damage":0.0,"enemies":"2 Louse","floor":3.0,"turns":3.0},{"damage":4.0,"enemies":"Jaw Worm","floor":5.0,"turns":5.0},{"damage":38.0,"enemies":"3 Sentries","floor":6.0,"turns":10.0},{"damage":0.0,"enemies":"Large Slime","floor":8.0,"turns":8.0},{"damage":21.0,"enemies":"Lagavulin","floor":10.0,"turns":7.0},{"damage":9.0,"enemies":"2 Fungi Beasts","floor":13.0,"turns":3.0},{"damage":32,"enemies":"Fading Forest","floor":16,"turns":11},{"damage":2,"enemies":"Spheric Guardian","floor":18,"turns":3},{"damage":33,"enemies":"2 Thieves","floor":21,"turns":4},{"damage":12,"enemies":"Snake Plant","floor":22,"turns":3},{"damage":21,"enemies":"Book of Stabbing","floor":23,"turns":1}],"seed_played":"-5962933670661241229","potions_obtained":[{"floor":1.0,"key":"FearPotion"},{"floor":3.0,"key":"Death Potion"},{"floor":8.0,"key":"CultistPotion"},{"floor":13.0,"key":"Strength Potion"},{"floor":16,"key":"PowerPotion"},{"floor":18,"key":"Dexterity Potion"},{"floor":21,"key":"Dexterity Potion"},{"floor":22,"key":"Dexterity Potion"}],"is_trial":false,"path_per_floor":["M","T","M","?","M","E","R","M","T","E","R","?","M","?","R","B",null,"M","?","$","M","M","E"],"character_chosen":"THE_SILENT","items_purchased":["ReplayTheSpireMod:CursedCoin","Secret Technique","BlessingOfTheForge","Unload"],"campfire_rested":1,"item_purchase_floors":[20,20,20,20],"current_hp_per_floor":[70,70,70,70,66,28,28,28,28,7,28,45,36,36,36,14,67,65,65,65,32,20,0,0],"gold":85,"neow_bonus":"","is_daily":false,"chose_seed":false,"campfire_upgraded":2,"win_rate":0.0,"timestamp":1610705560,"path_taken":["M","?","M","?","?","E","R","M","T","E","R","?","M","?","R","BOSS","M","?","$","M","M","E"],"items_purchased_type":["Relic","Card","Potion","Card"],"build_version":"2020-12-22","purchased_purges":1,"victory":false,"max_hp_per_floor":[70,70,70,70,70,70,70,70,70,70,70,70,70,70,70,70,67,67,67,67,67,67,67,67],"card_choices":[{"not_picked":["Heel Hook","Sneak Up"],"picked":"Well Laid Plans","floor":1.0},{"not_picked":["Cloak And Dagger","ReplayTheSpireMod:The Works"],"picked":"Draining Mist","floor":3.0},{"not_picked":["Tactician","Hidden Blade","Well Laid Plans"],"picked":"SKIP","floor":5.0},{"not_picked":["Blade Dance","Hidden Blade"],"picked":"Prepared","floor":6.0},{"not_picked":["Underhanded Strike","Replay:Poison Smokescreen"],"picked":"Poisoned Stab","floor":8.0},{"not_picked":["Flying Knee","Quick Slash"],"picked":"Draining Mist","floor":10.0},{"not_picked":["Dagger Throw","Terror"],"picked":"Corpse Explosion","floor":13.0},{"not_picked":["ReplayTheSpireMod:From All Sides","Glass Knife"],"picked":"A Thousand Cuts","floor":16},{"not_picked":["Outmaneuver","Slice"],"picked":"Flechettes","floor":18},{"not_picked":["All Out Attack","Fluid Movement+1"],"picked":"Bane","floor":21},{"not_picked":["Backflip+1","Dagger Throw+1"],"picked":"Acrobatics+1","floor":22}],"player_experience":193690,"relics_obtained":[{"floor":2.0,"key":"Replay:Baseball"},{"floor":6.0,"key":"Huge Egg"},{"floor":9.0,"key":"Bottled Lightning"},{"floor":10.0,"key":"White Beast Statue"}],"event_choices":[{"damage_healed":0.0,"max_hp_gain":0.0,"max_hp_loss":0.0,"gold_gain":0.0,"cards_transformed":["Defend_G"],"event_name":"Transmorgrifier","player_choice":"Transformed","floor":4.0,"gold_loss":0.0,"damage_taken":0.0,"cards_obtained":["Outmaneuver"]},{"damage_healed":17.0,"max_hp_gain":0.0,"max_hp_loss":0.0,"gold_gain":0.0,"event_name":"Mushrooms","player_choice":"Healed and dodged fight","floor":12.0,"gold_loss":0.0,"damage_taken":0.0,"cards_obtained":["Parasite"]},{"damage_healed":0.0,"max_hp_gain":0.0,"max_hp_loss":0.0,"gold_gain":0.0,"event_name":"Dead Adventurer","player_choice":"Searched \u00271\u0027 times","floor":14.0,"gold_loss":0.0,"damage_taken":0.0},{"cards_removed":["A Thousand Cuts"],"damage_healed":0,"gold_gain":0,"player_choice":"Give","damage_taken":0,"max_hp_gain":0,"max_hp_loss":0,"event_name":"betterNote:BetterNote","floor":19,"gold_loss":0,"cards_obtained":["Strike_R"]}],"is_beta":false,"boss_relics":[{"not_picked":["Tiny House","Abe\u0027s Treasure"],"picked":"Empty Cage"}],"items_purged_floors":[20],"is_endless":false,"potions_floor_spawned":[1,3,8,13,16,18,21,22],"killed_by":"Book of Stabbing","ascension_level":0}}