{"host":"a331l7x7bue2m35h","time":1610710931,"event":{"mods":["BaseMod","Lobotomy","Minty Spire (QoL Compilation)","Replay The Spire","StSLib","The Cursed"],"gold_per_floor":[111,111,175,186,41,70,87,98,124,124,124],"floor_reached":10,"language":"KOR","playtime":482,"items_purged":["Strike_B"],"score":71,"play_id":"cc752659-3d2f-4cf4-a9b4-ed8b0e80baef","local_time":"20210115204211","is_ascension_mode":true,"campfire_choices":[],"circlet_count":0,"master_deck":["Strike_B","Strike_B","Strike_B","Defend_B","Defend_B","Defend_B","Defend_B","Zap","Dualcast","Double Energy","Seek+1","Skim","Rudolta","Hologram","FIFO Queue","OSAHOGD","Electrodynamics","Scorched","MHz","Barrage"],"relics":["Cracked Core","CogitoBucket","Pen Nib","Pet Ghost","Blue Doll"],"acts_visited":["Exordium"],"potions_floor_usage":[10],"damage_taken":[{"damage":5,"enemies":"Small Slimes","floor":1,"turns":3},{"damage":8,"enemies":"Jaw Worm","floor":4,"turns":3},{"damage":39,"enemies":"Lagavulin","floor":6,"turns":8},{"damage":6,"enemies":"Cultist","floor":7,"turns":3},{"damage":6,"enemies":"Exordium Thugs","floor":8,"turns":3},{"damage":27,"enemies":"Replay:BlueRogue","floor":10,"turns":2}],"seed_played":"-6644646553145716343","potions_obtained":[{"floor":1,"key":"Dexterity Potion"},{"floor":3,"key":"LifebloodPotion"},{"floor":3,"key":"Ancient Potion"}],"is_trial":false,"path_per_floor":["M","?","?","M","$","E","M","M","T","E"],"character_chosen":"DEFECT","items_purchased":["FIFO Queue"],"campfire_rested":0,"item_purchase_floors":[5],"current_hp_per_floor":[70,70,70,62,62,23,17,11,11,0,0],"gold":124,"neow_bonus":"","is_daily":false,"chose_seed":false,"campfire_upgraded":0,"win_rate":0.0,"timestamp":1610710931,"path_taken":["M","?","?","?","?","E","?","M","T","E"],"items_purchased_type":["Card"],"build_version":"2020-12-22","purchased_purges":1,"victory":false,"max_hp_per_floor":[75,75,75,75,75,75,75,75,75,75,75],"card_choices":[{"not_picked":["ShyLook","PunishingBird"],"picked":"Woodsman","floor":1},{"not_picked":["ReplayTheSpireMod:GoodbyeWorld","Barrage"],"picked":"Double Energy","floor":1},{"not_picked":["Rip and Tear","Panic Button"],"picked":"Skim","floor":3},{"not_picked":["Freischutz","MeatLantern"],"picked":"Rudolta","floor":4},{"not_picked":["Ball Lightning","Steam"],"picked":"Hologram","floor":4},{"not_picked":["BeautyBeast","PunishingBird"],"picked":"OSAHOGD","floor":6},{"not_picked":["BasicCrystalCard","Compile Driver"],"picked":"Electrodynamics","floor":6},{"not_picked":["LittlePrince","SpiderBud"],"picked":"Scorched","floor":7},{"not_picked":["Static Discharge","Coolheaded","Reprogram"],"picked":"SKIP","floor":7},{"not_picked":["Wellcheers","CrumblingArmor"],"picked":"MHz","floor":8},{"not_picked":["Coolheaded","BasicCrystalCard"],"picked":"Barrage","floor":8}],"player_experience":168610,"relics_obtained":[{"floor":3,"key":"Pen Nib"},{"floor":6,"key":"Pet Ghost"},{"floor":9,"key":"Blue Doll"}],"event_choices":[],"is_beta":false,"boss_relics":[],"items_purged_floors":[5],"is_endless":false,"potions_floor_spawned":[1,4,8],"killed_by":"Replay:BlueRogue","ascension_level":1}}