{"host":"snn1c4qsf0fj7fzf","time":1610730660,"event":{"mods":["AchievementEnabler","Act Like it!","Astrologer","Bard","Bartender","BaseMod","Colored Powertips","Conspire","Energized Spire","Gensokyo","Gremlin Mod","Hallownest","Hermit","HololiveMod","Hubris","Infinite Spire","Koishi","Lobotomy","LobotomyExtend","Marisa????????","Minty Spire (QoL Compilation)","Pale of the Ancients","Random Character Button","Rare Cards Sparkle","Reimu??????","Remilia??????","Replay The Spire","Shop Mod","StSLib","The Animator","The Bug Knight","The Cursed","The Gatherer","The Hierophant","The Poker Player","Wandering Minibosses","vexMod"],"gold_per_floor":[118,43,43,43,43,81,95,95,95,139,139,39,39,70,70,70,70],"floor_reached":16,"language":"ENG","playtime":1219,"items_purged":["HollowMod:QuickDashStart","HollowMod:NailStrikeStart"],"score":120,"play_id":"7b4804a7-b070-427f-807e-32db8b4b6456","local_time":"20210116011100","is_ascension_mode":true,"campfire_choices":[{"data":"HollowMod:MantisMark","floor":8,"key":"SMITH"},{"data":"HollowMod:FocusHealStart","floor":15,"key":"SMITH"}],"circlet_count":0,"master_deck":["HollowMod:NailStrikeStart","HollowMod:NailStrikeStart","HollowMod:NailStrikeStart","HollowMod:QuickDashStart","HollowMod:QuickDashStart","HollowMod:QuickDashStart","HollowMod:FocusHealStart+1","HollowMod:PogoStrike","OSAHOGD","HollowMod:MantisMark+1","Rudolta","Wellcheers","DespairKnight"],"relics":["HollowMod:VesselMask","CogitoBucket","RabbitCall","LetterFromLob","Golden Idol","ReplayTheSpireMod:TigerMarble","Peace Pipe","hubris:CrystalStatue"],"acts_visited":["Exordium"],"potions_floor_usage":[10,14],"damage_taken":[{"damage":5,"enemies":"Cultist","floor":1,"turns":4},{"damage":14,"enemies":"Gremlin Nob","floor":6,"turns":6},{"damage":0,"enemies":"2 Louse","floor":7,"turns":3},{"damage":32,"enemies":"Lagavulin","floor":10,"turns":5},{"damage":14,"enemies":"Gremlin Nob","floor":14,"turns":4},{"damage":47,"enemies":"HollowMod:FalseKnight","floor":16,"turns":6}],"seed_played":"-7350762088014814752","potions_obtained":[{"floor":6,"key":"Venom Potion"},{"floor":7,"key":"Venom Potion"},{"floor":10,"key":"Fire Potion"}],"is_trial":false,"path_per_floor":["M","$","?","?","$","E","M","R","T","E","M","$","?","E","R","B"],"character_chosen":"THE_BUGKNIGHT","items_purchased":[],"campfire_rested":0,"item_purchase_floors":[],"current_hp_per_floor":[71,71,69,69,69,55,62,62,62,36,36,36,36,31,31,0,0],"gold":70,"neow_bonus":"","is_daily":false,"chose_seed":false,"campfire_upgraded":2,"win_rate":0.0,"timestamp":1610730660,"path_taken":["M","$","?","?","?","E","?","R","T","E","M","$","?","E","R","BOSS"],"items_purchased_type":[],"build_version":"2020-12-22","purchased_purges":2,"victory":false,"max_hp_per_floor":[75,75,69,69,69,69,70,70,70,70,70,70,70,70,70,70,70],"card_choices":[{"not_picked":["VoidDream","Yin","MHz"],"picked":"Singing Bowl","floor":1},{"not_picked":["SpiderBud","BeautyBeast"],"picked":"OSAHOGD","floor":1},{"not_picked":["HollowMod:DesolateDive","HollowMod:TaintedHusks","HollowMod:MothsMistake"],"picked":"SKIP","floor":1},{"not_picked":["VoidDream","MHz","LongBird"],"picked":"Singing Bowl","floor":6},{"not_picked":["HollowMod:FastStrike","HollowMod:SiblingsSouls"],"picked":"HollowMod:MantisMark","floor":6},{"not_picked":["FairyFestival","WallGazer"],"picked":"Rudolta","floor":7},{"not_picked":["HollowMod:RecoilStrike","HollowMod:CloakDash","HollowMod:NewJinnsSoul"],"picked":"SKIP","floor":7},{"not_picked":["Murderer","WallGazer"],"picked":"Wellcheers","floor":10},{"not_picked":["HollowMod:AbyssShriek","HollowMod:FastStrike","HollowMod:BlackTendrils"],"picked":"SKIP","floor":10},{"not_picked":["HappyTeddy","Murderer","VoidDream"],"picked":"Singing Bowl","floor":14},{"not_picked":["FairyFestival","PunishingBird"],"picked":"DespairKnight","floor":14},{"not_picked":["HollowMod:VengefulVoid","HollowMod:SoulStrike","HollowMod:DescendingDark"],"picked":"SKIP","floor":14}],"player_experience":327614,"relics_obtained":[{"floor":1,"key":"LetterFromLob"},{"floor":6,"key":"ReplayTheSpireMod:TigerMarble"},{"floor":10,"key":"Peace Pipe"},{"floor":14,"key":"hubris:CrystalStatue"}],"event_choices":[{"damage_healed":0,"gold_gain":0,"player_choice":"Lose Max HP","damage_taken":0,"relics_obtained":["Golden Idol"],"max_hp_gain":0,"max_hp_loss":6,"event_name":"Golden Idol","floor":3,"gold_loss":0}],"is_beta":false,"boss_relics":[],"items_purged_floors":[2,12],"is_endless":false,"potions_floor_spawned":[6,7,10],"killed_by":"HollowMod:FalseKnight","ascension_level":1}}