{"host":"p6y17sixyu8q9v1f","time":1610706972,"event":{"mods":["BaseMod","Colored Map","Minty Spire (QoL Compilation)"],"gold_per_floor":[216,216,227,246,196,196,212,38,38,38,54,54,70,95,95,95,95],"floor_reached":16,"language":"ENG","playtime":475,"items_purged":["Strike_B"],"score":128,"play_id":"7640fcc9-c326-403a-a3b9-78679c72d10b","local_time":"20210115043612","is_ascension_mode":true,"campfire_choices":[{"data":"Dualcast","floor":12,"key":"SMITH"},{"data":"Scrape","floor":15,"key":"SMITH"}],"circlet_count":0,"master_deck":["Strike_B","Strike_B","Strike_B","Defend_B","Defend_B","Defend_B","Zap+1","Dualcast+1","Conserve Battery","Beam Cell","Go for the Eyes","Scrape+1","Gash","Conserve Battery","Leap"],"relics":["Cracked Core","Omamori","StoneCalendar"],"acts_visited":["Exordium"],"potions_floor_usage":[16,16,16],"damage_taken":[{"damage":0,"enemies":"2 Louse","floor":1,"turns":3},{"damage":0,"enemies":"Cultist","floor":3,"turns":3},{"damage":2,"enemies":"Small Slimes","floor":4,"turns":2},{"damage":13,"enemies":"Exordium Wildlife","floor":7,"turns":4},{"damage":0,"enemies":"3 Louse","floor":11,"turns":2},{"damage":8,"enemies":"Large Slime","floor":13,"turns":5},{"damage":22,"enemies":"Gremlin Nob","floor":14,"turns":4},{"damage":30,"enemies":"The Guardian","floor":16,"turns":7}],"seed_played":"-4312267421699818342","potions_obtained":[{"floor":1,"key":"GamblersBrew"},{"floor":11,"key":"Strength Potion"},{"floor":14,"key":"EssenceOfDarkness"}],"is_trial":false,"path_per_floor":["M","?","M","M","?","T","M","$","T","$","M","R","M","E","R","B"],"character_chosen":"DEFECT","items_purchased":["Scrape","Gash"],"campfire_rested":0,"item_purchase_floors":[8,8],"current_hp_per_floor":[75,75,75,73,73,73,60,60,60,60,60,60,52,30,30,0,0],"gold":95,"neow_bonus":"HUNDRED_GOLD","is_daily":false,"chose_seed":false,"campfire_upgraded":2,"win_rate":0.0,"timestamp":1610706972,"path_taken":["M","?","?","?","?","?","M","?","T","$","M","R","M","E","R","BOSS"],"items_purchased_type":["Card","Card"],"build_version":"2020-12-22","purchased_purges":1,"victory":false,"max_hp_per_floor":[75,75,75,75,75,75,75,75,75,75,75,75,75,75,75,75,75],"card_choices":[{"not_picked":["Force Field","Ball Lightning"],"picked":"Conserve Battery","floor":1},{"not_picked":["Rebound","Genetic Algorithm"],"picked":"Beam Cell","floor":3},{"not_picked":["Barrage","Steam"],"picked":"Go for the Eyes","floor":4},{"not_picked":["Rebound","Compile Driver","Chill"],"picked":"SKIP","floor":7},{"not_picked":["Skim","White Noise"],"picked":"Conserve Battery","floor":11},{"not_picked":["Stack","Capacitor","Fission"],"picked":"SKIP","floor":13},{"not_picked":["Glacier","Blizzard"],"picked":"Leap","floor":14}],"player_experience":1068415,"relics_obtained":[{"floor":6,"key":"Omamori"},{"floor":14,"key":"StoneCalendar"}],"event_choices":[{"damage_healed":0,"gold_gain":0,"player_choice":"Upgraded","damage_taken":0,"max_hp_gain":0,"max_hp_loss":0,"event_name":"Upgrade Shrine","floor":2,"gold_loss":0,"cards_upgraded":["Zap"]},{"cards_removed":["Defend_B"],"damage_healed":0,"gold_gain":0,"player_choice":"Card Removal","damage_taken":0,"max_hp_gain":0,"max_hp_loss":0,"event_name":"The Cleric","floor":5,"gold_loss":50}],"is_beta":false,"boss_relics":[],"items_purged_floors":[8],"is_endless":false,"potions_floor_spawned":[1,11,14],"killed_by":"The Guardian","ascension_level":5}}