{"host":"q6ff4ns2kep02ti6","time":1610746812,"event":{"mods":["AchievementEnabler","BaseMod","Minty Spire (QoL Compilation)","Relic Stats","StSLib","Unceasing Turn Reminder"],"gold_per_floor":[113,131,206,6,17,17,17,17],"floor_reached":7,"language":"ENG","playtime":345,"items_purged":[],"score":82,"play_id":"03720277-ef71-4e36-936f-b7656f2d3b20","local_time":"20210115224012","is_ascension_mode":true,"campfire_choices":[{"data":"Shockwave","floor":6,"key":"SMITH"}],"circlet_count":0,"master_deck":["AscendersBane","Strike_R","Strike_R","Strike_R","Strike_R","Strike_R","Defend_R","Defend_R","Defend_R","Defend_R","Bash","Pummel","Spot Weakness","Shockwave+1","Sword Boomerang"],"relics":["Black Star","Bag of Preparation"],"acts_visited":["Exordium"],"potions_floor_usage":[7],"damage_taken":[{"damage":1,"enemies":"Cultist","floor":1,"turns":3},{"damage":3,"enemies":"2 Louse","floor":2,"turns":3},{"damage":8,"enemies":"Jaw Worm","floor":5,"turns":4},{"damage":50,"enemies":"3 Sentries","floor":7,"turns":9}],"seed_played":"-1874954807368269689","potions_obtained":[{"floor":1,"key":"Weak Potion"},{"floor":5,"key":"EssenceOfSteel"}],"is_trial":false,"path_per_floor":["M","M","?","$","M","R","E"],"character_chosen":"IRONCLAD","items_purchased":["Bag of Preparation","Shockwave"],"campfire_rested":0,"item_purchase_floors":[4,4],"current_hp_per_floor":[67,64,53,53,45,45,0,0],"gold":17,"neow_bonus":"BOSS_RELIC","is_daily":false,"chose_seed":false,"campfire_upgraded":1,"win_rate":0.0,"timestamp":1610746812,"path_taken":["M","M","?","$","M","R","E"],"items_purchased_type":["Relic","Card"],"build_version":"2020-12-22","purchased_purges":0,"victory":false,"max_hp_per_floor":[75,75,75,75,75,75,75,75],"relic_stats":{"counters":[4,19],"Black Star":0,"Bag of Preparation":[4],"obtain_stats":[{"Black Star":0,"Bag of Preparation":4,"Burning Blood":0},{"Black Star":0,"Bag of Preparation":2,"Burning Blood":0},{"Black Star":0,"Bag of Preparation":6,"Burning Blood":0}]},"card_choices":[{"not_picked":["Dark Embrace","Sword Boomerang"],"picked":"Pummel","floor":1},{"not_picked":["Armaments","Anger"],"picked":"Spot Weakness","floor":2},{"not_picked":["Berserk","Entrench"],"picked":"Sword Boomerang","floor":5}],"player_experience":950188,"relics_obtained":[],"event_choices":[{"damage_healed":0,"gold_gain":75,"player_choice":"Gather Gold","damage_taken":11,"max_hp_gain":0,"max_hp_loss":0,"event_name":"World of Goop","floor":3,"gold_loss":0}],"is_beta":false,"boss_relics":[],"items_purged_floors":[],"is_endless":false,"potions_floor_spawned":[1,5],"killed_by":"3 Sentries","ascension_level":20}}