{"host":"jnjxzd6rarbui4j8","time":1610669287,"event":{"mods":["AchievementEnabler","BaseMod","Colored Map","Highlight Path","Minty Spire (QoL Compilation)","Relic Stats","StSLib"],"gold_per_floor":[360,325,325,6,24,24,47,83,108,151,151,169,207,227,227,317,317,333,91,115,148,167,167,203,226,250,281,331,331,371,396,396,489,489,508,26,42,42,61,99,118,142,142,142,186,199,249,269,269,269,269],"floor_reached":52,"language":"ENG","playtime":10160,"items_purged":["Strike_G","Strike_G"],"score":2323,"play_id":"bc01a03d-90f5-429d-b001-7d4e991b3e04","local_time":"20210114190807","is_ascension_mode":true,"campfire_choices":[{"data":"Blade Dance","floor":6.0,"key":"SMITH"},{"data":"Blade Dance","floor":15.0,"key":"SMITH"},{"data":"After Image","floor":23.0,"key":"SMITH"},{"data":"Well Laid Plans","floor":29.0,"key":"SMITH"},{"data":"Cloak And Dagger","floor":32.0,"key":"SMITH"},{"data":"Burst","floor":44.0,"key":"SMITH"},{"data":"Wraith Form v2","floor":49,"key":"SMITH"}],"circlet_count":0,"master_deck":["AscendersBane","Strike_G","Strike_G","Strike_G","Defend_G","Defend_G","Defend_G+1","Defend_G","Defend_G","Survivor","Neutralize","Quick Slash","Masterful Stab","Blade Dance+1","Backstab","Deflect+1","Blade Dance+1","Adrenaline","After Image+1","Blade Dance","Deflect","PiercingWail","Blade Dance","Cloak And Dagger+1","Backflip","Well Laid Plans+1","Acrobatics","Burst+1","CurseOfTheBell","PiercingWail","Deflect","Concentrate+1","Dash+1","Dodge and Roll","Wraith Form v2+1","Escape Plan+1"],"relics":["Ring of the Snake","Golden Idol","Kunai","Orichalcum","Smiling Mask","Bottled Flame","Akabeko","WristBlade","Pen Nib","Red Mask","Shuriken","Happy Flower","Torii","Centennial Puzzle","Calling Bell","PreservedInsect","Matryoshka","FossilizedHelix","Orrery","Mummified Hand","Art of War","Toy Ornithopter","Juzu Bracelet","CeramicFish"],"acts_visited":["Exordium","TheCity","TheBeyond"],"potions_floor_usage":[],"damage_taken":[{"damage":0.0,"enemies":"2 Louse","floor":1.0,"turns":3.0},{"damage":2.0,"enemies":"Small Slimes","floor":5.0,"turns":3.0},{"damage":0.0,"enemies":"Cultist","floor":7.0,"turns":3.0},{"damage":8.0,"enemies":"Gremlin Nob","floor":8.0,"turns":3.0},{"damage":9.0,"enemies":"Lagavulin","floor":10.0,"turns":7.0},{"damage":0.0,"enemies":"Blue Slaver","floor":12.0,"turns":2.0},{"damage":5.0,"enemies":"Gremlin Nob","floor":13.0,"turns":3.0},{"damage":0.0,"enemies":"Exordium Wildlife","floor":14.0,"turns":1.0},{"damage":10.0,"enemies":"The Guardian","floor":16.0,"turns":15.0},{"damage":0.0,"enemies":"2 Thieves","floor":18.0,"turns":3.0},{"damage":0.0,"enemies":"Spheric Guardian","floor":20.0,"turns":1.0},{"damage":0.0,"enemies":"Masked Bandits","floor":21.0,"turns":2.0},{"damage":0.0,"enemies":"Centurion and Healer","floor":22.0,"turns":6.0},{"damage":0.0,"enemies":"Book of Stabbing","floor":24.0,"turns":3.0},{"damage":8.0,"enemies":"Snake Plant","floor":25.0,"turns":2.0},{"damage":0.0,"enemies":"Gremlin Leader","floor":27.0,"turns":5.0},{"damage":0.0,"enemies":"Book of Stabbing","floor":30.0,"turns":5.0},{"damage":0.0,"enemies":"Sentry and Sphere","floor":31.0,"turns":4.0},{"damage":1.0,"enemies":"Collector","floor":33.0,"turns":6.0},{"damage":0.0,"enemies":"3 Shapes","floor":35.0,"turns":3.0},{"damage":0.0,"enemies":"Orb Walker","floor":37.0,"turns":3.0},{"damage":0.0,"enemies":"Transient","floor":39.0,"turns":6.0},{"damage":0.0,"enemies":"Reptomancer","floor":40.0,"turns":3.0},{"damage":0.0,"enemies":"Jaw Worm Horde","floor":41.0,"turns":6.0},{"damage":0.0,"enemies":"Sphere and 2 Shapes","floor":42.0,"turns":3.0},{"damage":0.0,"enemies":"Giant Head","floor":45.0,"turns":6.0},{"damage":0.0,"enemies":"Spire Growth","floor":46.0,"turns":2.0},{"damage":0.0,"enemies":"Reptomancer","floor":47.0,"turns":4.0},{"damage":0,"enemies":"Writhing Mass","floor":48,"turns":6},{"damage":11,"enemies":"Awakened One","floor":50,"turns":11},{"damage":9,"enemies":"Donu and Deca","floor":51,"turns":10}],"seed_played":"1482397845288147443","potions_obtained":[{"floor":1.0,"key":"Weak Potion"},{"floor":5.0,"key":"GamblersBrew"},{"floor":14.0,"key":"Swift Potion"},{"floor":21.0,"key":"CunningPotion"},{"floor":30.0,"key":"EntropicBrew"},{"floor":41.0,"key":"Ancient Potion"},{"floor":45.0,"key":"LiquidMemories"},{"floor":48,"key":"Dexterity Potion"}],"is_trial":false,"path_per_floor":["M","?","?","$","M","R","M","E","T","E","?","M","E","M","R","B",null,"M","$","M","?","M","R","E","M","T","E","?","R","E","M","R","B",null,"M","$","M","$","M","E","M","M","T","R","E","M","E","M","R","B","B",null],"character_chosen":"THE_SILENT","items_purchased":["Kunai","Masterful Stab","Pen Nib","Deflect","Orrery","Mummified Hand"],"campfire_rested":0,"item_purchase_floors":[4,4,19,19,36,36],"current_hp_per_floor":[44,60,60,60,58,58,58,50,50,41,23,23,18,18,18,8,47,47,47,47,47,47,47,47,39,39,39,39,39,39,39,39,38,55,55,55,55,55,55,55,55,55,55,55,55,55,60,60,60,49,40],"gold":269,"neow_bonus":"TWO_FIFTY_GOLD","is_daily":false,"chose_seed":false,"campfire_upgraded":7,"win_rate":0.0,"timestamp":1610669287,"path_taken":["M","?","?","$","M","R","M","E","T","E","?","M","E","M","R","BOSS","M","$","M","?","M","R","E","M","T","E","?","R","E","M","R","BOSS","M","$","M","?","M","E","M","M","T","R","E","M","E","M","R","BOSS","BOSS"],"items_purchased_type":["Relic","Card","Relic","Card","Relic","Relic"],"build_version":"2020-12-22","purchased_purges":2,"victory":true,"max_hp_per_floor":[66,66,60,60,60,60,60,60,60,60,60,60,60,60,60,60,60,60,60,60,60,60,60,60,60,60,60,60,60,60,60,60,60,60,60,60,60,60,60,60,60,60,60,60,60,60,60,60,60,60,60],"relic_stats":{"Happy Flower":[27],"Torii":2,"counters":[31,140],"Golden Idol":219,"CeramicFish":9,"Pen Nib":[40],"PreservedInsect":251,"Juzu Bracelet":0,"Orichalcum":[96],"Smiling Mask":75,"Centennial Puzzle":[9],"Shuriken":[96],"Mummified Hand":[23],"Art of War":[5],"Kunai":[146],"obtain_stats":[{"Happy Flower":26,"Torii":27,"Golden Idol":3,"CeramicFish":47,"Pen Nib":19,"PreservedInsect":34,"Juzu Bracelet":45,"Orichalcum":8,"Smiling Mask":9,"Akabeko":13,"Calling Bell":34,"Bottled Flame":10,"Centennial Puzzle":30,"Matryoshka":34,"WristBlade":17,"Shuriken":24,"Mummified Hand":36,"Orrery":36,"Red Mask":21,"Art of War":40,"Kunai":4,"FossilizedHelix":34,"Toy Ornithopter":43,"Ring of the Snake":0},{"Happy Flower":15,"Torii":16,"Golden Idol":1,"CeramicFish":28,"Pen Nib":10,"PreservedInsect":19,"Juzu Bracelet":26,"Orichalcum":4,"Smiling Mask":4,"Akabeko":7,"Calling Bell":19,"Bottled Flame":5,"Centennial Puzzle":17,"Matryoshka":19,"WristBlade":9,"Shuriken":14,"Mummified Hand":20,"Orrery":20,"Red Mask":12,"Art of War":23,"Kunai":1,"FossilizedHelix":19,"Toy Ornithopter":25,"Ring of the Snake":0},{"Happy Flower":57,"Torii":62,"Golden Idol":3,"CeramicFish":113,"Pen Nib":43,"PreservedInsect":77,"Juzu Bracelet":107,"Orichalcum":12,"Smiling Mask":12,"Akabeko":24,"Calling Bell":77,"Bottled Flame":19,"Centennial Puzzle":67,"Matryoshka":77,"WristBlade":40,"Shuriken":55,"Mummified Hand":80,"Orrery":80,"Red Mask":46,"Art of War":92,"Kunai":3,"FossilizedHelix":77,"Toy Ornithopter":101,"Ring of the Snake":0}],"Toy Ornithopter":5,"Ring of the Snake":[62]},"card_choices":[{"not_picked":["Flechettes","Riddle With Holes"],"picked":"Quick Slash","floor":1.0},{"not_picked":["Deadly Poison","Flying Knee"],"picked":"Blade Dance","floor":5.0},{"not_picked":["Bullet Time","PiercingWail"],"picked":"Backstab","floor":7.0},{"not_picked":["Reflex","Dagger Spray"],"picked":"Deflect","floor":8.0},{"not_picked":["Dagger Spray","Prepared","Dagger Throw"],"picked":"SKIP","floor":10.0},{"not_picked":["Deflect","Outmaneuver"],"picked":"Blade Dance","floor":12.0},{"not_picked":["Masterful Stab","Bane"],"picked":"Adrenaline","floor":13.0},{"not_picked":["Underhanded Strike","Poisoned Stab","Dagger Spray"],"picked":"SKIP","floor":14.0},{"not_picked":["Die Die Die","Storm of Steel"],"picked":"After Image","floor":16.0},{"not_picked":["Slice","Prepared"],"picked":"Blade Dance","floor":18.0},{"not_picked":["Dagger Throw","Catalyst"],"picked":"PiercingWail","floor":20.0},{"not_picked":["Backflip","Blur"],"picked":"Blade Dance","floor":22.0},{"not_picked":["Bouncing Flask","Dash+1"],"picked":"Cloak And Dagger","floor":24.0},{"not_picked":["Dagger Throw","Outmaneuver"],"picked":"Backflip","floor":25.0},{"not_picked":["Cloak And Dagger","Setup"],"picked":"Well Laid Plans","floor":27.0},{"not_picked":["Escape Plan","Bane"],"picked":"Acrobatics","floor":30.0},{"not_picked":["Slice","Masterful Stab","Unload"],"picked":"SKIP","floor":31.0},{"not_picked":["Unload","Venomology"],"picked":"Burst","floor":33.0},{"not_picked":["Dash","Underhanded Strike"],"picked":"PiercingWail","floor":35.0},{"not_picked":["Poisoned Stab","Eviscerate"],"picked":"Deflect","floor":36.0},{"not_picked":["Flechettes","Slice+1"],"picked":"Concentrate+1","floor":36.0},{"not_picked":["Dagger Spray","Prepared"],"picked":"Dash+1","floor":36.0},{"not_picked":["Acrobatics","Slice"],"picked":"Dodge and Roll","floor":37.0},{"not_picked":["Prepared","Skewer","Well Laid Plans"],"picked":"SKIP","floor":39.0},{"not_picked":["Bouncing Flask","Predator","Flechettes"],"picked":"SKIP","floor":40.0},{"not_picked":["Flying Knee+1","Slice","Bane"],"picked":"SKIP","floor":41.0},{"not_picked":["Predator+1","Choke","Quick Slash"],"picked":"SKIP","floor":42.0},{"not_picked":["Phantasmal Killer","Dagger Spray"],"picked":"Wraith Form v2","floor":45.0},{"not_picked":["Deadly Poison","Quick Slash","Finisher"],"picked":"SKIP","floor":46.0},{"not_picked":["Flying Knee","Concentrate+1"],"picked":"Escape Plan+1","floor":47.0},{"not_picked":["Predator","Well Laid Plans+1","Poisoned Stab"],"picked":"SKIP","floor":48}],"player_experience":2444490,"relics_obtained":[{"floor":8.0,"key":"Orichalcum"},{"floor":9.0,"key":"Smiling Mask"},{"floor":10.0,"key":"Bottled Flame"},{"floor":13.0,"key":"Akabeko"},{"floor":21.0,"key":"Red Mask"},{"floor":24.0,"key":"Shuriken"},{"floor":26.0,"key":"Happy Flower"},{"floor":27.0,"key":"Torii"},{"floor":30.0,"key":"Centennial Puzzle"},{"floor":34.0,"key":"PreservedInsect"},{"floor":34.0,"key":"Matryoshka"},{"floor":34.0,"key":"FossilizedHelix"},{"floor":40.0,"key":"Art of War"},{"floor":43.0,"key":"Toy Ornithopter"},{"floor":45.0,"key":"Juzu Bracelet"},{"floor":47.0,"key":"CeramicFish"}],"event_choices":[{"damage_healed":16.0,"max_hp_gain":0.0,"max_hp_loss":0.0,"gold_gain":0.0,"event_name":"The Cleric","player_choice":"Healed","floor":2.0,"gold_loss":35.0,"damage_taken":0.0},{"damage_healed":0.0,"max_hp_gain":0.0,"max_hp_loss":6.0,"gold_gain":0.0,"event_name":"Golden Idol","player_choice":"Lose Max HP","floor":3.0,"gold_loss":0.0,"damage_taken":0.0,"relics_obtained":["Golden Idol"]},{"damage_healed":0.0,"max_hp_gain":0.0,"max_hp_loss":0.0,"gold_gain":0.0,"event_name":"Shining Light","player_choice":"Entered Light","floor":11.0,"gold_loss":0.0,"damage_taken":18.0,"cards_upgraded":["Defend_G","Deflect"]},{"damage_healed":0.0,"max_hp_gain":0.0,"max_hp_loss":0.0,"gold_gain":0.0,"event_name":"Masked Bandits","player_choice":"Fought Bandits","floor":21.0,"gold_loss":0.0,"damage_taken":0.0},{"damage_healed":0.0,"max_hp_gain":0.0,"max_hp_loss":0.0,"gold_gain":100.0,"event_name":"The Joust","player_choice":"Bet on Murderer","floor":28.0,"gold_loss":50.0,"damage_taken":0.0}],"is_beta":false,"boss_relics":[{"not_picked":["Coffee Dripper","Ectoplasm"],"picked":"WristBlade"},{"not_picked":["Pandora\u0027s Box","Ring of the Serpent"],"picked":"Calling Bell"}],"items_purged_floors":[19,36],"is_endless":false,"potions_floor_spawned":[1,5,14,21,30,31,37,40,41,45,46,48],"ascension_level":20}}