{"host":"d23wowvt3mehu8rg","time":1610732460,"event":{"mods":["BaseMod","Colored Powertips","Dark Map","Highlight Path","Minty Spire (QoL Compilation)","Slay-I"],"gold_per_floor":[115,130,145,160,177,177,207,282,282,138,138,153,171,204,216,328,340,370,54,54,54,66,96,96,110,134,160,177,193,212,17,17,122,122,135,135,112,112,44,73,73,101,128,143,143,143,155,179,179,179,179,179,29,29,29],"floor_reached":54,"language":"ENG","playtime":3360,"items_purged":["Defend_R","Strike_R","Strike_R","Strike_R"],"score":859,"play_id":"1d65bccc-bd62-4f84-96ad-c7244f451596","local_time":"20210115184100","is_ascension_mode":true,"campfire_choices":[{"data":"True Grit","floor":6,"key":"SMITH"},{"data":"Bash","floor":11,"key":"SMITH"},{"data":"Uppercut","floor":15,"key":"SMITH"},{"data":"Rage","floor":24,"key":"SMITH"},{"data":"Armaments","floor":32,"key":"SMITH"},{"data":"Limit Break","floor":41,"key":"SMITH"},{"floor":46,"key":"RECALL"},{"data":"Entrench","floor":49,"key":"SMITH"},{"data":"Rage","floor":52,"key":"SMITH"}],"circlet_count":0,"master_deck":["Strike_R","Defend_R","Defend_R","Bash+1","True Grit+1","Power Through","Sword Boomerang","Cleave","Spot Weakness","Rampage","Wild Strike","Shrug It Off","Uppercut+1","Reaper","Cleave+1","Evolve","Rage+1","Whirlwind","Sever Soul+1","Wild Strike+1","Limit Break+1","Armaments+1","Rage+1","Impervious","Shrug It Off","Entrench+1","Inflame","Dropkick+1","Heavy Blade","Finesse"],"relics":["Burning Blood","Regal Pillow","Dead Branch","Blood Vial","MawBank","Velvet Choker","Bag of Preparation","Enchiridion","Self Forming Clay","Anchor","Pen Nib","Mark of Pain","Pantograph","Incense Burner","Nunchaku"],"acts_visited":["Exordium","TheCity","TheBeyond","TheEnding"],"potions_floor_usage":[7,14,16,23,23,27,33,33,33,40,54],"damage_taken":[{"damage":1,"enemies":"Cultist","floor":1,"turns":4},{"damage":11,"enemies":"Small Slimes","floor":2,"turns":4},{"damage":12,"enemies":"Jaw Worm","floor":3,"turns":6},{"damage":6,"enemies":"Looter","floor":4,"turns":4},{"damage":9,"enemies":"Exordium Thugs","floor":5,"turns":6},{"damage":8,"enemies":"Gremlin Nob","floor":7,"turns":3},{"damage":15,"enemies":"Blue Slaver","floor":12,"turns":4},{"damage":3,"enemies":"2 Fungi Beasts","floor":13,"turns":3},{"damage":13,"enemies":"3 Sentries","floor":14,"turns":5},{"damage":14,"enemies":"Hexaghost","floor":16,"turns":7},{"damage":0,"enemies":"Chosen","floor":18,"turns":4},{"damage":14,"enemies":"2 Thieves","floor":22,"turns":4},{"damage":11,"enemies":"Slavers","floor":23,"turns":3},{"damage":1,"enemies":"Chosen and Byrds","floor":25,"turns":6},{"damage":9,"enemies":"Book of Stabbing","floor":27,"turns":5},{"damage":6,"enemies":"Cultist and Chosen","floor":28,"turns":4},{"damage":3,"enemies":"Sentry and Sphere","floor":29,"turns":3},{"damage":7,"enemies":"Shelled Parasite and Fungi","floor":30,"turns":3},{"damage":40,"enemies":"Champ","floor":33,"turns":9},{"damage":9,"enemies":"Orb Walker","floor":35,"turns":4},{"damage":9,"enemies":"Reptomancer","floor":40,"turns":5},{"damage":15,"enemies":"Giant Head","floor":42,"turns":7},{"damage":33,"enemies":"3 Darklings","floor":44,"turns":3},{"damage":0,"enemies":"Sphere and 2 Shapes","floor":47,"turns":6},{"damage":34,"enemies":"Awakened One","floor":50,"turns":8},{"damage":87,"enemies":"Shield and Spear","floor":54,"turns":6}],"seed_played":"-8758371182926303654","potions_obtained":[{"floor":3,"key":"Fire Potion"},{"floor":5,"key":"Strength Potion"},{"floor":12,"key":"PowerPotion"},{"floor":13,"key":"Strength Potion"},{"floor":16,"key":"Fire Potion"},{"floor":22,"key":"BlessingOfTheForge"},{"floor":23,"key":"DuplicationPotion"},{"floor":25,"key":"LiquidMemories"},{"floor":28,"key":"Strength Potion"},{"floor":33,"key":"BlessingOfTheForge"},{"floor":35,"key":"Dexterity Potion"}],"is_trial":false,"path_per_floor":["M","M","M","M","M","R","E","?","T","$","R","M","M","E","R","B",null,"M","$","?","?","M","E","R","M","T","E","M","M","M","$","R","B",null,"M","?","$","?","$","E","R","E","T","M","?","R","M","T","R","B",null,"R","$","E"],"character_chosen":"IRONCLAD","items_purchased":["Rampage","Evolve","Bag of Preparation","Rage","Shrug It Off","Inflame"],"campfire_rested":0,"item_purchase_floors":[10,19,19,31,37,39],"current_hp_per_floor":[80,75,69,69,66,66,64,53,53,53,53,46,51,46,46,40,80,80,80,80,64,58,55,55,62,62,71,80,80,79,79,79,55,80,77,77,77,77,77,76,76,71,71,53,43,43,51,51,51,50,80,80,80,0,0],"gold":29,"neow_bonus":"RANDOM_COMMON_RELIC","is_daily":false,"chose_seed":false,"campfire_upgraded":8,"win_rate":0.0,"timestamp":1610732460,"path_taken":["M","M","M","M","M","R","E","?","T","$","R","M","M","E","R","BOSS","M","$","?","?","M","E","R","M","T","E","M","M","M","$","R","BOSS","M","?","$","?","$","E","R","E","T","?","?","R","M","?","R","BOSS","R","$","E"],"items_purchased_type":["Card","Card","Relic","Card","Card","Card"],"build_version":"2020-12-22","purchased_purges":4,"victory":false,"max_hp_per_floor":[80,80,80,80,80,80,80,80,80,80,80,80,80,80,80,80,80,80,80,80,80,80,80,80,80,80,80,80,80,80,80,80,80,80,80,80,80,80,80,80,80,80,80,80,80,80,80,80,80,80,80,80,80,80,80],"card_choices":[{"not_picked":["Twin Strike","Clash","Iron Wave"],"picked":"SKIP","floor":1},{"not_picked":["Iron Wave","Twin Strike"],"picked":"True Grit","floor":2},{"not_picked":["Iron Wave","Warcry"],"picked":"Power Through","floor":3},{"not_picked":["Flame Barrier","Sever Soul"],"picked":"Sword Boomerang","floor":4},{"not_picked":["Intimidate","Sword Boomerang"],"picked":"Cleave","floor":5},{"not_picked":["Flame Barrier","True Grit"],"picked":"Spot Weakness","floor":7},{"not_picked":["Heavy Blade","Juggernaut"],"picked":"Wild Strike","floor":12},{"not_picked":["Flame Barrier","Iron Wave"],"picked":"Shrug It Off","floor":13},{"not_picked":["Second Wind","Inflame"],"picked":"Uppercut","floor":14},{"not_picked":["Impervious","Immolate"],"picked":"Reaper","floor":16},{"not_picked":["Pummel","Twin Strike"],"picked":"Cleave+1","floor":18},{"not_picked":["Anger","Iron Wave+1"],"picked":"Rage","floor":22},{"not_picked":["Juggernaut","Reckless Charge"],"picked":"Whirlwind","floor":23},{"not_picked":["Cleave","Thunderclap","Feel No Pain+1"],"picked":"SKIP","floor":25},{"not_picked":["Feel No Pain","Intimidate"],"picked":"Sever Soul+1","floor":27},{"not_picked":["Shrug It Off","Body Slam"],"picked":"Wild Strike+1","floor":28},{"not_picked":["Blood for Blood+1","Thunderclap+1"],"picked":"Limit Break","floor":29},{"not_picked":["Pummel","Pommel Strike"],"picked":"Armaments","floor":30},{"not_picked":["Barricade","Demon Form"],"picked":"Impervious","floor":33},{"not_picked":["Clothesline+1","Iron Wave","Armaments"],"picked":"SKIP","floor":35},{"not_picked":["Flex+1","Metallicize"],"picked":"Dropkick+1","floor":40},{"not_picked":["Reaper","Rampage+1","Anger+1"],"picked":"SKIP","floor":42},{"not_picked":["Disarm","Inflame"],"picked":"Heavy Blade","floor":44},{"not_picked":["Impatience","HandOfGreed"],"picked":"Finesse","floor":45},{"not_picked":["Clothesline","Twin Strike+1","Armaments"],"picked":"SKIP","floor":47}],"player_experience":198113,"relics_obtained":[{"floor":7,"key":"Dead Branch"},{"floor":9,"key":"Blood Vial"},{"floor":14,"key":"MawBank"},{"floor":21,"key":"Enchiridion"},{"floor":23,"key":"Self Forming Clay"},{"floor":26,"key":"Anchor"},{"floor":27,"key":"Pen Nib"},{"floor":40,"key":"Pantograph"},{"floor":42,"key":"Incense Burner"},{"floor":48,"key":"Nunchaku"}],"event_choices":[{"damage_healed":0,"gold_gain":75,"player_choice":"Gather Gold","damage_taken":11,"max_hp_gain":0,"max_hp_loss":0,"event_name":"World of Goop","floor":8,"gold_loss":0},{"damage_healed":0,"gold_gain":0,"player_choice":"Ignored","damage_taken":0,"max_hp_gain":0,"max_hp_loss":0,"event_name":"Ghosts","floor":20,"gold_loss":0},{"damage_healed":0,"gold_gain":0,"player_choice":"Obtained Book","damage_taken":16,"max_hp_gain":0,"max_hp_loss":0,"event_name":"Cursed Tome","floor":21,"gold_loss":0},{"cards_removed":["Defend_R"],"damage_healed":0,"gold_gain":0,"player_choice":"Removed Skill","damage_taken":0,"max_hp_gain":0,"max_hp_loss":0,"event_name":"Falling","floor":36,"gold_loss":0},{"damage_healed":0,"gold_gain":0,"cards_transformed":["Strike_R"],"player_choice":"Transformed","damage_taken":0,"max_hp_gain":0,"max_hp_loss":0,"event_name":"Transmorgrifier","floor":38,"gold_loss":0,"cards_obtained":["Entrench"]},{"damage_healed":0,"gold_gain":0,"player_choice":"Memory 3","damage_taken":10,"max_hp_gain":0,"max_hp_loss":0,"event_name":"SensoryStone","floor":45,"gold_loss":0}],"is_beta":false,"boss_relics":[{"not_picked":["Tiny House","SlaversCollar"],"picked":"Velvet Choker"},{"not_picked":["Pandora\u0027s Box","Runic Cube"],"picked":"Mark of Pain"}],"items_purged_floors":[10,19,31,53],"is_endless":false,"potions_floor_spawned":[3,5,12,13,16,22,23,25,28,33,35],"killed_by":"Shield and Spear","ascension_level":3}}