{"host":"u94b8se4p65mmtuf","time":1610754729,"event":{"mods":["BaseMod","Downfall","Hubris","Infinite Spire","Jorbs\u0027s Wanderer Trilogy","Minty Spire (QoL Compilation)","Replay The Spire","StSLib","SuperFastMode","The Animator","The Jungle"],"gold_per_floor":[113,131,141,141,141,141,166,44,44,44,44],"floor_reached":10,"language":"ENG","playtime":236,"items_purged":["Strike_B"],"score":69,"play_id":"8b08d0c3-91bc-47fd-ac8a-ff36521b5bf9","local_time":"20210115185209","is_ascension_mode":true,"campfire_choices":[{"data":"FTL","floor":6,"key":"SMITH"}],"circlet_count":0,"master_deck":["Strike_B","Strike_B","Strike_B","Defend_B","Defend_B+1","Defend_B","Defend_B","Zap+1","Dualcast","Go for the Eyes","FTL+1","Auto Shields","Gash"],"relics":["hubris:VirtuousBlindfold","infinitespire:Cubic Diamond","hubris:ToyBattleship","Prayer Wheel"],"acts_visited":["Exordium"],"potions_floor_usage":[10],"damage_taken":[{"damage":5,"enemies":"Cultist","floor":1,"turns":4},{"damage":2,"enemies":"2 Louse","floor":2,"turns":3},{"damage":0,"enemies":"Small Slimes","floor":3,"turns":2},{"damage":18,"enemies":"3 Sentries","floor":7,"turns":9},{"damage":36,"enemies":"Gremlin Nob","floor":10,"turns":5}],"seed_played":"-4709406300927349625","potions_obtained":[{"floor":1,"key":"Weak Potion"}],"is_trial":false,"path_per_floor":["M","M","M","?","?","R","E","$","T","E"],"character_chosen":"DEFECT","items_purchased":["Gash"],"campfire_rested":0,"item_purchase_floors":[8],"current_hp_per_floor":[70,68,68,53,53,53,35,35,35,0,0],"gold":44,"neow_bonus":"BOSS_RELIC","is_daily":false,"chose_seed":false,"campfire_upgraded":1,"win_rate":0.0,"timestamp":1610754729,"path_taken":["M","M","M","?","?","R","E","$","T","E"],"items_purchased_type":["Card"],"build_version":"2020-12-22","purchased_purges":1,"victory":false,"max_hp_per_floor":[75,75,75,75,75,75,75,75,75,75,75],"card_choices":[{"not_picked":["Heatsinks","Barrage"],"picked":"Go for the Eyes","floor":1},{"not_picked":["Steam","ReplayTheSpireMod:Calculation Training"],"picked":"FTL","floor":2},{"not_picked":["Doom and Gloom","Barrage"],"picked":"Auto Shields","floor":3},{"not_picked":["Redo","Hello World","Compile Driver"],"picked":"SKIP","floor":7}],"player_experience":107127,"relics_obtained":[{"floor":7,"key":"hubris:ToyBattleship"},{"floor":9,"key":"Prayer Wheel"}],"event_choices":[{"damage_healed":0,"gold_gain":0,"player_choice":"Entered Light","damage_taken":15,"max_hp_gain":0,"max_hp_loss":0,"event_name":"Shining Light","floor":4,"gold_loss":0,"cards_upgraded":["Zap","Defend_B"]}],"is_beta":false,"boss_relics":[],"items_purged_floors":[8],"is_endless":false,"potions_floor_spawned":[1],"killed_by":"Gremlin Nob","ascension_level":1}}