{"host":"5raohst9sk3kvp5v","time":1610749970,"event":{"mods":["BaseMod","Colored Powertips","Highlight Path","Minty Spire (QoL Compilation)","Quick Restart","Relic Stats","StSLib"],"gold_per_floor":[109,109,0,16,36,36,62,62,143,68,96,96,112,127,127,127,127],"floor_reached":16,"language":"ENG","playtime":3544,"items_purged":[],"score":220,"play_id":"37a0afb3-cc53-4e87-83fd-1160639c41e7","local_time":"20210115163250","is_ascension_mode":true,"campfire_choices":[{"data":"Sunder","floor":6.0,"key":"SMITH"},{"floor":8.0,"key":"REST"},{"data":"Coolheaded","floor":15.0,"key":"SMITH"}],"circlet_count":0,"master_deck":["AscendersBane","Strike_B","Strike_B","Strike_B","Defend_B","Defend_B","Defend_B","Defend_B","Zap","Dualcast","Electrodynamics","Cold Snap","Coolheaded+1","Leap","Sunder+1","Ball Lightning","Cold Snap","Turbo","Coolheaded"],"relics":["Cracked Core","Pen Nib","Boot","Tiny Chest","Oddly Smooth Stone"],"acts_visited":["Exordium"],"potions_floor_usage":[],"damage_taken":[{"damage":6.0,"enemies":"Cultist","floor":1.0,"turns":3.0},{"damage":6.0,"enemies":"2 Louse","floor":4.0,"turns":2.0},{"damage":1.0,"enemies":"Jaw Worm","floor":5.0,"turns":3.0},{"damage":11.0,"enemies":"3 Sentries","floor":7.0,"turns":3.0},{"damage":20.0,"enemies":"Lagavulin","floor":11.0,"turns":6.0},{"damage":6.0,"enemies":"Looter","floor":13.0,"turns":3.0},{"damage":1.0,"enemies":"2 Fungi Beasts","floor":14.0,"turns":3.0},{"damage":31,"enemies":"The Guardian","floor":16,"turns":10}],"seed_played":"-8015080909085403763","potions_obtained":[{"floor":5.0,"key":"Dexterity Potion"},{"floor":14.0,"key":"SpeedPotion"}],"is_trial":false,"path_per_floor":["M","?","$","M","M","R","E","R","T","?","E","T","M","M","R","B"],"character_chosen":"DEFECT","items_purchased":["Coolheaded","Leap"],"campfire_rested":1,"item_purchase_floors":[3,3],"current_hp_per_floor":[58,53,53,47,46,46,35,56,56,56,36,36,30,29,29,0,0],"gold":127,"neow_bonus":"ONE_RANDOM_RARE_CARD","is_daily":false,"chose_seed":false,"campfire_upgraded":2,"win_rate":0.0,"timestamp":1610749970,"path_taken":["M","?","$","M","M","R","E","R","T","?","E","?","M","M","R","BOSS"],"items_purchased_type":["Card","Card"],"build_version":"2020-12-22","purchased_purges":0,"victory":false,"max_hp_per_floor":[71,71,71,71,71,71,71,71,71,71,71,71,71,71,71,71,71],"relic_stats":{"counters":[8,33],"Tiny Chest":0,"Pen Nib":[2],"Boot":[0],"obtain_stats":[{"Oddly Smooth Stone":12,"Tiny Chest":11,"Pen Nib":2,"Cracked Core":0,"Boot":7},{"Oddly Smooth Stone":5,"Tiny Chest":5,"Pen Nib":1,"Cracked Core":0,"Boot":4},{"Oddly Smooth Stone":17,"Tiny Chest":17,"Pen Nib":3,"Cracked Core":0,"Boot":11}]},"card_choices":[{"not_picked":["Compile Driver","Hologram"],"picked":"Cold Snap","floor":1.0},{"not_picked":["Static Discharge","Gash"],"picked":"Sunder","floor":4.0},{"not_picked":["Compile Driver","White Noise"],"picked":"Ball Lightning","floor":5.0},{"not_picked":["Double Energy","Steam"],"picked":"Cold Snap","floor":7.0},{"not_picked":["Cold Snap","Scrape","Go for the Eyes"],"picked":"SKIP","floor":11.0},{"not_picked":["FTL","Skim"],"picked":"Turbo","floor":13.0},{"not_picked":["Barrage","Genetic Algorithm"],"picked":"Coolheaded","floor":14.0}],"player_experience":1702995,"relics_obtained":[{"floor":7.0,"key":"Boot"},{"floor":11.0,"key":"Tiny Chest"},{"floor":12.0,"key":"Oddly Smooth Stone"}],"event_choices":[{"damage_healed":0.0,"max_hp_gain":0.0,"max_hp_loss":0.0,"gold_gain":0.0,"event_name":"Scrap Ooze","player_choice":"Success","floor":2.0,"gold_loss":0.0,"damage_taken":5.0,"relics_obtained":["Pen Nib"]},{"cards_removed":["Strike_B"],"damage_healed":0.0,"max_hp_gain":0.0,"max_hp_loss":0.0,"gold_gain":0.0,"event_name":"The Cleric","player_choice":"Card Removal","floor":10.0,"gold_loss":75.0,"damage_taken":0.0}],"is_beta":false,"boss_relics":[],"items_purged_floors":[],"is_endless":false,"potions_floor_spawned":[5,14],"killed_by":"The Guardian","ascension_level":20}}