{"host":"r2b8ojg4o4pyvjvq","time":1610749406,"event":{"mods":["BaseMod","Colored Map","Downfall","Highlight Path","Hubris","Marisa????????","Minty Spire (QoL Compilation)","Quick Restart","Replay The Spire","StSLib","SuperFastMode"],"gold_per_floor":[116,116,133,153,153,194,194,194,194,234,234,234,259,282,282,410,410,423,469,481,514,526,573,585,638,650,662,688,736,214,228,228,351,351,375,84,108,108,108,151,151,8,8,23,42,42,42,42,42,42],"floor_reached":51,"language":"ENG","playtime":1665,"items_purged":["Injury","Worship"],"score":841,"play_id":"b7f3788c-899e-4cc4-bfe4-c039c8d71059","local_time":"20210115232326","daily_mods":["SealedDeck"],"is_ascension_mode":false,"campfire_choices":[{"data":"Adaptation","floor":8,"key":"SMITH"},{"data":"TalkToTheHand","floor":11,"key":"SMITH"},{"data":"TalkToTheHand","floor":15,"key":"SMITH"},{"data":"Brilliance","floor":24,"key":"SMITH"},{"data":"FlurryOfBlows","floor":27,"key":"SMITH"},{"data":"Vault","floor":32,"key":"SMITH"},{"floor":41,"key":"REST"},{"floor":49,"key":"REST"}],"circlet_count":0,"master_deck":["DeceiveReality","Indignation","FollowUp","Replay:ManipulateFuture","Pray","Sanctity","FearNoEvil","FlurryOfBlows+1","Tantrum","FlyingSleeves","Adaptation+1","WindmillStrike+1","TalkToTheHand+1","TalkToTheHand+1","Brilliance+1","EmptyBody+1","EmptyFist","FlurryOfBlows+1","Vault+1","Devotion","FlurryOfBlows","Wraith","Devotion","expansioncontent:Corrupt"],"relics":["PureWater","Iron Hammer","Golden Idol","Sundial","Akabeko","ReplayTheSpireMod:Ninjato","hubris:TerracottaHorce","MawBank","ReplayTheSpireMod:Shallot","hubris:Icosahedron","Replay:Towering Pillar of Hats","Durian","FossilizedHelix","Pen Nib","hexamod:BolsterEngine","Replay:Baseball","Fusion Hammer","Bag of Preparation","ReplayTheSpireMod:TigerMarble","Guardian:BottledAnomaly","Replay:Mystery Machine"],"acts_visited":["Exordium","TheCity","TheBeyond"],"potions_floor_usage":[25,25],"damage_taken":[{"damage":0,"enemies":"Jaw Worm","floor":1,"turns":2},{"damage":0,"enemies":"Small Slimes","floor":3,"turns":2},{"damage":0,"enemies":"Cultist","floor":4,"turns":1},{"damage":0,"enemies":"Gremlin Nob","floor":6,"turns":2},{"damage":18,"enemies":"3 Sentries","floor":10,"turns":3},{"damage":3,"enemies":"Exordium Thugs","floor":13,"turns":3},{"damage":0,"enemies":"2 Fungi Beasts","floor":14,"turns":2},{"damage":0,"enemies":"Fading Forest","floor":16,"turns":7},{"damage":0,"enemies":"2 Thieves","floor":18,"turns":2},{"damage":12,"enemies":"3 Byrds","floor":21,"turns":3},{"damage":11,"enemies":"Book of Stabbing","floor":23,"turns":3},{"damage":1,"enemies":"Slavers","floor":25,"turns":3},{"damage":0,"enemies":"Shelled Parasite and Fungi","floor":28,"turns":3},{"damage":0,"enemies":"Book of Stabbing","floor":29,"turns":2},{"damage":0,"enemies":"Centurion and Healer","floor":31,"turns":2},{"damage":0,"enemies":"Automaton","floor":33,"turns":3},{"damage":0,"enemies":"3 Darklings","floor":35,"turns":2},{"damage":0,"enemies":"Orb Walker","floor":37,"turns":1},{"damage":0,"enemies":"Reptomancer","floor":40,"turns":3},{"damage":0,"enemies":"Spire Growth","floor":44,"turns":1},{"damage":7,"enemies":"4 Shapes","floor":45,"turns":2},{"damage":0,"enemies":"Replay:Hell Engine","floor":50,"turns":4}],"seed_played":"-795978083969495091","potions_obtained":[{"floor":1,"key":"Regen Potion"},{"floor":4,"key":"Swift Potion"},{"floor":10,"key":"Swift Potion"},{"floor":12,"key":"Dexterity Potion"},{"floor":25,"key":"LiquidBronze"},{"floor":31,"key":"GamblersBrew"}],"is_trial":true,"path_per_floor":["M","?","M","M","?","E","?","R","T","E","R","?","M","M","R","B",null,"M","T","T","M","?","E","R","E","T","R","M","E","$","M","R","B",null,"M","$","M","?","?","E","R","$","T","M","M","?","?","?","R","B",null],"character_chosen":"WATCHER","items_purchased":["hexamod:BolsterEngine","Replay:Baseball","Vault","Bag of Preparation","FlurryOfBlows","Guardian:BottledAnomaly"],"campfire_rested":2,"item_purchase_floors":[30,30,30,36,36,42],"current_hp_per_floor":[72,65,65,65,65,65,65,65,65,47,47,47,44,44,44,44,65,65,65,65,53,53,42,42,55,55,55,55,55,55,55,55,55,72,72,72,72,72,72,72,77,77,77,77,70,70,70,70,77,77],"gold":42,"neow_bonus":"","is_daily":false,"chose_seed":false,"campfire_upgraded":6,"win_rate":0.0,"timestamp":1610749406,"path_taken":["M","?","M","M","?","E","?","R","T","E","R","?","M","M","R","BOSS","M","?","?","M","?","E","R","E","T","R","M","E","?","?","R","BOSS","M","$","M","?","?","E","R","$","T","?","M","?","?","?","R","BOSS"],"items_purchased_type":["Relic","Relic","Card","Relic","Card","Relic"],"build_version":"2020-12-22","purchased_purges":2,"victory":true,"max_hp_per_floor":[72,72,72,72,72,72,72,72,72,72,72,72,72,72,72,72,72,72,72,72,72,72,72,72,77,77,77,77,77,77,77,77,77,77,77,77,77,77,77,77,77,77,77,77,77,77,77,77,77,77],"card_choices":[{"not_picked":["Consecrate","SashWhip","Replay:ManipulateFuture"],"picked":"SKIP","floor":1},{"not_picked":["JustLucky","CrushJoints"],"picked":"Adaptation","floor":3},{"not_picked":["Vengeance","Conclude"],"picked":"WindmillStrike","floor":4},{"not_picked":["Replay:BluntJabs","DeceiveReality","JustLucky"],"picked":"SKIP","floor":6},{"not_picked":["ThirdEye","WaveOfTheHand"],"picked":"TalkToTheHand","floor":10},{"not_picked":["ReachHeaven","FollowUp","Replay:BluntJabs"],"picked":"SKIP","floor":13},{"not_picked":["Conclude","Replay:ManipulateFuture"],"picked":"TalkToTheHand","floor":14},{"not_picked":["Omniscience","Replay:LoomingThreat"],"picked":"Brilliance","floor":16},{"not_picked":["Wireheading+1","ThirdEye"],"picked":"Worship","floor":18},{"not_picked":["Protect+1","FollowUp"],"picked":"EmptyBody+1","floor":21},{"not_picked":["ConjureBlade","BowlingBash+1"],"picked":"EmptyFist","floor":23},{"not_picked":["Consecrate","Wireheading","SashWhip"],"picked":"SKIP","floor":25},{"not_picked":["Weave","Indignation+1"],"picked":"FlurryOfBlows+1","floor":28},{"not_picked":["Nirvana+1","Pray","JustLucky"],"picked":"SKIP","floor":29},{"not_picked":["Evaluate","Consecrate","Replay:BluntJabs+1"],"picked":"SKIP","floor":31},{"not_picked":["Replay:AllIn","Brilliance"],"picked":"Devotion","floor":33},{"not_picked":["Consecrate+1","Crescendo+1","ThirdEye+1"],"picked":"SKIP","floor":35},{"not_picked":["Evaluate","WaveOfTheHand+1","Replay:BluntJabs+1"],"picked":"SKIP","floor":37},{"not_picked":["CarveReality+1","WindmillStrike","ThirdEye+1"],"picked":"SKIP","floor":40},{"not_picked":["Replay:Vibes+1","Crescendo+1","EmptyFist"],"picked":"SKIP","floor":44},{"not_picked":["ThirdEye","Evaluate+1","Replay:Anticipation"],"picked":"SKIP","floor":45},{"not_picked":["ReplayTheSpireMod:Necrogeddon","Purity"],"picked":"expansioncontent:Corrupt","floor":46}],"player_experience":494837,"relics_obtained":[{"floor":6,"key":"Sundial"},{"floor":9,"key":"Akabeko"},{"floor":10,"key":"ReplayTheSpireMod:Ninjato"},{"floor":19,"key":"MawBank"},{"floor":20,"key":"ReplayTheSpireMod:Shallot"},{"floor":23,"key":"Replay:Towering Pillar of Hats"},{"floor":25,"key":"Durian"},{"floor":26,"key":"FossilizedHelix"},{"floor":29,"key":"Pen Nib"},{"floor":40,"key":"ReplayTheSpireMod:TigerMarble"},{"floor":43,"key":"Replay:Mystery Machine"}],"event_choices":[{"damage_healed":0,"gold_gain":0,"player_choice":"Success","damage_taken":7,"relics_obtained":["Iron Hammer"],"max_hp_gain":0,"max_hp_loss":0,"event_name":"Scrap Ooze","floor":2,"gold_loss":0},{"damage_healed":0,"gold_gain":0,"player_choice":"Take Wound","damage_taken":0,"relics_obtained":["Golden Idol"],"max_hp_gain":0,"max_hp_loss":0,"event_name":"Golden Idol","floor":5,"gold_loss":0,"cards_obtained":["Injury"]},{"damage_healed":0,"gold_gain":0,"player_choice":"Got Potions","damage_taken":0,"max_hp_gain":0,"max_hp_loss":0,"event_name":"Lab","floor":12,"gold_loss":0},{"damage_healed":0,"gold_gain":0,"player_choice":"Ignored","damage_taken":0,"max_hp_gain":0,"max_hp_loss":0,"event_name":"OrinTheCat","floor":38,"gold_loss":0},{"damage_healed":0,"gold_gain":0,"player_choice":"Copied","damage_taken":0,"max_hp_gain":0,"max_hp_loss":0,"event_name":"Duplicator","floor":39,"gold_loss":0,"cards_obtained":["Devotion"]},{"damage_healed":0,"gold_gain":0,"player_choice":"Memory 1","damage_taken":0,"max_hp_gain":0,"max_hp_loss":0,"event_name":"SensoryStone","floor":46,"gold_loss":0}],"is_beta":false,"boss_relics":[{"not_picked":["Kintsugi","hubris:GrandSneckoEye"],"picked":"hubris:TerracottaHorce"},{"not_picked":["hubris:ScarierMask","Ring of Chaos"],"picked":"Fusion Hammer"}],"items_purged_floors":[30,36],"is_endless":false,"potions_floor_spawned":[1,4,10,18,23,25,31,40,45],"ascension_level":0}}