{"host":"novohdx135h0xyrr","time":1610747233,"event":{"mods":["BaseMod","Colored Map","Colored Powertips","Highlight Path","Minty Spire (QoL Compilation)"],"gold_per_floor":[217,90,40,40,57,82,82,82,107,107,136,153,4,22,22,22,22],"floor_reached":16,"language":"ENG","playtime":801,"items_purged":["Strike_R","Strike_R"],"score":130,"play_id":"967b5cef-24d8-4735-aac8-a025abc48e50","local_time":"20210115134713","is_ascension_mode":true,"campfire_choices":[{"floor":7,"key":"REST"},{"data":"Body Slam","floor":10,"key":"SMITH"},{"floor":15,"key":"REST"}],"circlet_count":0,"master_deck":["Strike_R","Strike_R","Defend_R","Defend_R","Defend_R","Bash","Pommel Strike","Iron Wave","Body Slam+1","Carnage","Cleave","Heavy Blade"],"relics":["Burning Blood","Pen Nib","Eternal Feather","Dream Catcher"],"acts_visited":["Exordium"],"potions_floor_usage":[],"damage_taken":[{"damage":10,"enemies":"2 Louse","floor":1,"turns":3},{"damage":7,"enemies":"Small Slimes","floor":5,"turns":4},{"damage":29,"enemies":"Gremlin Nob","floor":6,"turns":4},{"damage":30,"enemies":"3 Sentries","floor":11,"turns":8},{"damage":0,"enemies":"Cultist","floor":12,"turns":3},{"damage":8,"enemies":"3 Louse","floor":14,"turns":3},{"damage":76,"enemies":"The Guardian","floor":16,"turns":9}],"seed_played":"-9147156232888051849","potions_obtained":[{"floor":1,"key":"GamblersBrew"},{"floor":5,"key":"SpeedPotion"}],"is_trial":false,"path_per_floor":["M","$","?","?","M","E","R","?","T","R","E","M","$","M","R","B"],"character_chosen":"IRONCLAD","items_purchased":["Iron Wave","Cleave"],"campfire_rested":2,"item_purchase_floors":[2,13],"current_hp_per_floor":[76,76,76,51,50,27,57,57,57,63,39,45,45,43,73,0,0],"gold":22,"neow_bonus":"HUNDRED_GOLD","is_daily":false,"chose_seed":false,"campfire_upgraded":1,"win_rate":0.0,"timestamp":1610747233,"path_taken":["M","$","?","?","M","E","R","?","T","R","E","?","$","M","R","BOSS"],"items_purchased_type":["Card","Card"],"build_version":"2020-12-22","purchased_purges":2,"victory":false,"max_hp_per_floor":[80,80,80,80,80,80,80,80,80,80,80,80,80,80,80,80,80],"card_choices":[{"not_picked":["Dark Embrace","Infernal Blade"],"picked":"Pommel Strike","floor":1},{"not_picked":["Thunderclap","True Grit"],"picked":"Body Slam","floor":5},{"not_picked":["Flex","Thunderclap","Blood for Blood"],"picked":"SKIP","floor":6},{"not_picked":["Sever Soul","Bloodletting","Anger"],"picked":"SKIP","floor":11},{"not_picked":["Disarm","Rage","Havoc"],"picked":"SKIP","floor":12},{"not_picked":["Juggernaut","Thunderclap","Burning Pact"],"picked":"SKIP","floor":14},{"not_picked":["Pommel Strike","Thunderclap"],"picked":"Heavy Blade","floor":15}],"player_experience":210848,"relics_obtained":[{"floor":6,"key":"Eternal Feather"},{"floor":11,"key":"Dream Catcher"}],"event_choices":[{"cards_removed":["Defend_R"],"damage_healed":0,"gold_gain":0,"player_choice":"Card Removal","damage_taken":0,"max_hp_gain":0,"max_hp_loss":0,"event_name":"The Cleric","floor":3,"gold_loss":50},{"damage_healed":0,"gold_gain":0,"player_choice":"Success","damage_taken":25,"relics_obtained":["Pen Nib"],"max_hp_gain":0,"max_hp_loss":0,"event_name":"Scrap Ooze","floor":4,"gold_loss":0},{"damage_healed":0,"gold_gain":0,"cards_transformed":["Strike_R"],"player_choice":"Transformed","damage_taken":0,"max_hp_gain":0,"max_hp_loss":0,"event_name":"Transmorgrifier","floor":8,"gold_loss":0,"cards_obtained":["Carnage"]}],"is_beta":false,"boss_relics":[],"items_purged_floors":[2,13],"is_endless":false,"potions_floor_spawned":[1,5],"killed_by":"The Guardian","ascension_level":4}}