{"host":"ygfasg9u7olr7skw","time":1610754767,"event":{"mods":["AchievementEnabler","BaseMod","Better Note","Better Vampires","Colored Powertips","Minty Spire (QoL Compilation)","Replay The Spire","Spicy Shops","StSLib","The IronCluck"],"gold_per_floor":[111,286,309,309,51,77,77,64,64,64,99,118,118,129,129,226,226,244,68,84,104,104,104,136,136,136,32,65,25,59,59,59,162,162,174,185,196,210,210,210,236,236,236,236,251,270,280,118,118,118],"floor_reached":51,"language":"ENG","playtime":2974,"items_purged":["Strike_B","Looming Evil","Strike_B","Strike_B","Defend_B"],"score":1094,"play_id":"a46d60bc-7fc9-4d9a-9ff5-3edd48fcdb70","local_time":"20210115185247","is_ascension_mode":true,"campfire_choices":[{"data":"Zap","floor":7,"key":"SMITH"},{"data":"Dualcast","floor":10,"key":"SMITH"},{"data":"Beam Cell","floor":13,"key":"SMITH"},{"data":"Cold Snap","floor":15,"key":"SMITH"},{"data":"Ball Lightning","floor":23,"key":"SMITH"},{"data":"Ball Lightning","floor":25,"key":"SMITH"},{"data":"Fission","floor":32,"key":"SMITH"},{"data":"Ball Lightning","floor":40,"key":"SMITH"},{"data":"Consume","floor":42,"key":"SMITH"},{"floor":49,"key":"REST"}],"circlet_count":0,"master_deck":["Defend_B","Defend_B","Defend_B","Zap+1","Dualcast+1","Cold Snap+1","Cold Snap","Ball Lightning+1","Capacitor","Ball Lightning+1","Capacitor","Ball Lightning+1","Fission+1","Electrodynamics","Consume+1","Consume+1","BasicCrystalCard","Static Discharge","Barrage+1","Static Discharge"],"relics":["Cracked Core","NeowsBlessing","Replay:Rubber Ducky","Membership Card","Pet Ghost","Bag of Preparation","ReplayTheSpireMod:CursedCoin","Shuriken","Letter Opener","BranchBurnRelic","Cursed Key","Replay:Frozen Program","Pen Nib","Iron Hammer","Divine Protection","Replay:Wax Seal","Lizard Tail","Empty Cage","Emotion Chip","Runic Capacitor"],"acts_visited":["Exordium","TheCity","TheBeyond"],"potions_floor_usage":[16,38,50,50],"damage_taken":[{"damage":0,"enemies":"Small Slimes","floor":1,"turns":1},{"damage":0,"enemies":"Gremlin Nob","floor":6,"turns":1},{"damage":0,"enemies":"3 Sentries","floor":11,"turns":1},{"damage":3,"enemies":"Jaw Worm","floor":12,"turns":2},{"damage":0,"enemies":"2 Louse","floor":14,"turns":1},{"damage":25,"enemies":"Hexaghost","floor":16,"turns":6},{"damage":8,"enemies":"2 Thieves","floor":18,"turns":3},{"damage":0,"enemies":"Spheric Guardian","floor":20,"turns":3},{"damage":2,"enemies":"Centurion and Healer","floor":21,"turns":4},{"damage":12,"enemies":"Book of Stabbing","floor":24,"turns":4},{"damage":5,"enemies":"Gremlin Leader","floor":28,"turns":5},{"damage":0,"enemies":"Book of Stabbing","floor":30,"turns":4},{"damage":0,"enemies":"Pondfish","floor":33,"turns":7},{"damage":0,"enemies":"3 Shapes","floor":35,"turns":2},{"damage":0,"enemies":"3 Darklings","floor":36,"turns":2},{"damage":27,"enemies":"Writhing Mass","floor":37,"turns":4},{"damage":0,"enemies":"Transient","floor":38,"turns":5},{"damage":0,"enemies":"R_Hoarder","floor":41,"turns":6},{"damage":0,"enemies":"Maw","floor":45,"turns":5},{"damage":0,"enemies":"Spire Growth","floor":46,"turns":4},{"damage":24,"enemies":"Jaw Worm Horde","floor":47,"turns":4},{"damage":6,"enemies":"Replay:Hell Engine","floor":50,"turns":8}],"seed_played":"-1895473786944618488","potions_obtained":[{"floor":6,"key":"SpeedPotion"},{"floor":14,"key":"Dexterity Potion"},{"floor":20,"key":"Explosive Potion"},{"floor":21,"key":"Regen Potion"},{"floor":35,"key":"LiquidBronze"},{"floor":38,"key":"Adrenaline Potion"}],"is_trial":false,"path_per_floor":["M","?","T","?","$","E","R","$","T","R","E","M","R","M","R","B",null,"M","$","M","M","?","R","E","R","T","$","E","$","E","?","R","B",null,"M","M","M","M","?","R","E","R","T","?","M","M","M","$","R","B",null],"character_chosen":"DEFECT","items_purchased":["Membership Card","Pet Ghost","Beam Cell","ReplayTheSpireMod:CursedCoin","Cold Snap","Shuriken","Capacitor","Replay:Frozen Program","Ball Lightning","Replay:Wax Seal","Runic Capacitor"],"campfire_rested":1,"item_purchase_floors":[5,5,5,8,8,8,19,19,27,29,48],"current_hp_per_floor":[75,75,75,75,75,75,75,75,75,75,75,72,72,72,72,56,75,67,67,67,65,65,65,65,65,65,65,74,74,74,74,74,75,75,75,75,48,62,62,62,75,75,75,75,75,75,51,51,73,75],"gold":118,"neow_bonus":"THREE_ENEMY_KILL","is_daily":false,"chose_seed":false,"campfire_upgraded":9,"win_rate":0.0,"timestamp":1610754767,"path_taken":["M","?","?","?","$","E","R","$","T","R","E","M","R","?","R","BOSS","M","$","M","M","?","R","E","R","T","$","E","$","E","?","R","BOSS","M","M","M","M","?","R","E","R","T","?","?","?","M","$","R","BOSS"],"items_purchased_type":["Relic","Relic","Card","Relic","Card","Relic","Card","Relic","Card","Relic","Relic"],"build_version":"2020-12-22","purchased_purges":5,"victory":true,"max_hp_per_floor":[75,75,75,75,75,75,75,75,75,75,75,75,75,75,75,75,75,75,75,75,75,75,75,75,75,75,75,75,75,75,75,75,75,75,75,75,75,75,75,75,75,75,75,75,75,75,75,75,75,75],"card_choices":[{"not_picked":["BasicCrystalCard","Self Repair","Go for the Eyes"],"picked":"SKIP","floor":1},{"not_picked":["Steam Power","Time Bomb","BootSequence"],"picked":"SKIP","floor":6},{"not_picked":["Aggregate","Sweeping Beam"],"picked":"Cold Snap","floor":11},{"not_picked":["BootSequence","ReplayTheSpireMod:Reroute Power","Fusion"],"picked":"SKIP","floor":12},{"not_picked":["Compile Driver","Coolheaded"],"picked":"Ball Lightning","floor":14},{"not_picked":["Redo","Hello World","Steam"],"picked":"SKIP","floor":18},{"not_picked":["Hologram","Redo+1"],"picked":"Ball Lightning","floor":20},{"not_picked":["Turbo","Stack+1"],"picked":"Capacitor","floor":21},{"not_picked":["Stack+1","Steam","Gash+1"],"picked":"SKIP","floor":24},{"not_picked":["Loop","Streamline+1"],"picked":"Fission","floor":28},{"not_picked":["Rebound","Sweeping Beam","Turbo"],"picked":"SKIP","floor":30},{"not_picked":["Core Surge","Reboot"],"picked":"Electrodynamics","floor":33},{"not_picked":["Leap","Capacitor+1","Beam Cell+1"],"picked":"SKIP","floor":35},{"not_picked":["Stack+1","Conserve Battery+1"],"picked":"Consume","floor":36},{"not_picked":["Stack","Go for the Eyes","Cold Snap"],"picked":"SKIP","floor":37},{"not_picked":["Turbo+1","Defragment"],"picked":"Consume+1","floor":38},{"not_picked":["Redo+1","ReplayTheSpireMod:Reroute Power+1","Auto Shields+1"],"picked":"SKIP","floor":41},{"not_picked":["Core Surge","Steam+1"],"picked":"Static Discharge","floor":45},{"not_picked":["Coolheaded","Redo"],"picked":"Barrage+1","floor":46},{"not_picked":["Steam Power+1","Ball Lightning+1"],"picked":"Static Discharge","floor":47}],"player_experience":315280,"relics_obtained":[{"floor":3,"key":"Replay:Rubber Ducky"},{"floor":6,"key":"Bag of Preparation"},{"floor":9,"key":"Letter Opener"},{"floor":11,"key":"Dead Branch"},{"floor":24,"key":"Pen Nib"},{"floor":26,"key":"Iron Hammer"},{"floor":28,"key":"Divine Protection"},{"floor":30,"key":"Lizard Tail"},{"floor":41,"key":"Emotion Chip"}],"event_choices":[{"damage_healed":0,"gold_gain":175,"player_choice":"AGREE","damage_taken":0,"max_hp_gain":0,"max_hp_loss":0,"event_name":"Liars Game","floor":2,"gold_loss":0,"cards_obtained":["Doubt"]},{"cards_removed":["Doubt"],"damage_healed":0,"gold_gain":0,"player_choice":"Removed Curses","damage_taken":0,"max_hp_gain":0,"max_hp_loss":0,"event_name":"Fountain of Cleansing","floor":4,"gold_loss":0},{"damage_healed":0,"gold_gain":0,"player_choice":"Ignored","damage_taken":0,"max_hp_gain":0,"max_hp_loss":0,"event_name":"Vampires","floor":22,"gold_loss":0},{"cards_removed":["Strike_B"],"damage_healed":0,"gold_gain":0,"player_choice":"Elegance","damage_taken":0,"max_hp_gain":0,"max_hp_loss":0,"event_name":"Back to Basics","floor":31,"gold_loss":0},{"damage_healed":0,"gold_gain":0,"player_choice":"Ignored","damage_taken":0,"max_hp_gain":0,"max_hp_loss":0,"event_name":"Tomb of Lord Red Mask","floor":39,"gold_loss":0},{"damage_healed":0,"gold_gain":0,"player_choice":"1 cards matched","damage_taken":0,"max_hp_gain":0,"max_hp_loss":0,"event_name":"Match and Keep!","floor":44,"gold_loss":0,"cards_obtained":["BasicCrystalCard"]}],"is_beta":false,"boss_relics":[{"not_picked":["Busted Crown","Abe\u0027s Treasure"],"picked":"Cursed Key"},{"not_picked":["Replay:Drink Me","Replay:Ancient Bell"],"picked":"Empty Cage"}],"items_purged_floors":[5,8,19,27,48],"is_endless":false,"potions_floor_spawned":[6,14,20,21,28,33,35,36,38,41],"ascension_level":4}}