{"host":"wj90f2q0h2omert0","time":1610742947,"event":{"mods":["BaseMod","Beaked The Cultist","Better Third Choice","ChefMod","Clawfect","Colored Map","DeckTracker","Downfall","Hubris","JesterMod","Minty Spire (QoL Compilation)","Quick Restart","Relic Stats","Robot Space Explorer","Shade Mod","StSLib","The Blackbeard","The Druid","The Necromancer","The Servant 0.9.4"],"gold_per_floor":[114,114,125,152,152,152,152,152,152,1,16,45,45,77,77,174,174,184,184,214,214],"floor_reached":20,"language":"ENG","playtime":708,"items_purged":[],"score":248,"play_id":"3fa96ddc-c4cf-4e20-9236-869a45596204","local_time":"20210115153547","daily_mods":["SealedDeck","Vintage","Heirloom","Flight","DeadlyEvents","Elite Swarm"],"is_ascension_mode":false,"campfire_choices":[{"data":"Bone_Bullets","floor":6,"key":"SMITH"},{"data":"Bone_Bullets","floor":7,"key":"SMITH"},{"data":"Finger_Of_Death","floor":8,"key":"SMITH"},{"data":"Spectral_Armor","floor":13,"key":"SMITH"},{"data":"Bone_Shift","floor":15,"key":"PURGE"}],"circlet_count":0,"master_deck":["Bone_Spikes","Bone_Bullets+1","Bone_Armory","Bones_to_Steel","Bones_to_Steel","Bone_Bullets+1","Spectral_Armor+1","Finger_Of_Death+1","Hellfire","Hellfire","Negative_Energy_Bomb"],"relics":["Vampire_Amulet","Peace Pipe","hubris:MysteriousPyramids","hubris:Spice","Nunchaku","hubris:Icosahedron","Vajra","Toy Ornithopter","hubris:DeckOfHolding","hubris:ToyBattleship","Busted Crown","Ornamental Fan"],"acts_visited":["Exordium","TheCity"],"potions_floor_usage":[3,14,20],"damage_taken":[{"damage":3,"enemies":"2 Louse","floor":1,"turns":2},{"damage":6,"enemies":"Cultist","floor":3,"turns":3},{"damage":0,"enemies":"Jaw Worm","floor":11,"turns":2},{"damage":8,"enemies":"3 Sentries","floor":12,"turns":5},{"damage":0,"enemies":"Gremlin Nob","floor":14,"turns":3},{"damage":20,"enemies":"Hexaghost","floor":16,"turns":7},{"damage":0,"enemies":"Spheric Guardian","floor":18,"turns":2},{"damage":37,"enemies":"Gremlin Leader","floor":20,"turns":4}],"seed_played":"6677320584306814754","potions_obtained":[{"floor":1,"key":"sneckomod:MuddlingPotion"},{"floor":3,"key":"champ:CounterPotion"},{"floor":12,"key":"CultistPotion"},{"floor":16,"key":"Strength Potion"},{"floor":20,"key":"SkillPotion"}],"is_trial":true,"path_per_floor":["M","?","M","T","?","R","R","R","T","$","M","E","R","E","R","B",null,"M","?","E"],"character_chosen":"NECROMANCER","items_purchased":["Vajra"],"campfire_rested":0,"item_purchase_floors":[10],"current_hp_per_floor":[75,75,79,79,79,79,79,79,87,87,89,87,87,91,91,73,91,91,91,56,56],"gold":214,"neow_bonus":"","is_daily":false,"chose_seed":false,"campfire_upgraded":4,"win_rate":0.0,"timestamp":1610742947,"path_taken":["M","?","?","?","?","R","R","R","T","$","?","E","R","E","R","BOSS","M","?","?"],"items_purchased_type":["Relic"],"build_version":"2020-12-22","purchased_purges":0,"victory":false,"max_hp_per_floor":[75,75,83,83,83,83,83,83,91,91,91,91,91,91,91,91,91,91,91,91,91],"relic_stats":{"Peace Pipe":1,"Nunchaku":[4],"Busted Crown":2,"counters":[8,28],"Ornamental Fan":[8],"obtain_stats":[{"Peace Pipe":0,"Nunchaku":4,"hubris:Icosahedron":5,"Busted Crown":17,"hubris:Spice":3,"Ornamental Fan":18,"Vajra":10,"hubris:DeckOfHolding":12,"Vampire_Amulet":0,"hubris:ToyBattleship":14,"hubris:MysteriousPyramids":1,"Toy Ornithopter":11},{"Peace Pipe":0,"Nunchaku":2,"hubris:Icosahedron":2,"Busted Crown":6,"hubris:Spice":2,"Ornamental Fan":7,"Vajra":2,"hubris:DeckOfHolding":4,"Vampire_Amulet":0,"hubris:ToyBattleship":5,"hubris:MysteriousPyramids":1,"Toy Ornithopter":3},{"Peace Pipe":0,"Nunchaku":5,"hubris:Icosahedron":5,"Busted Crown":22,"hubris:Spice":5,"Ornamental Fan":24,"Vajra":5,"hubris:DeckOfHolding":12,"Vampire_Amulet":0,"hubris:ToyBattleship":15,"hubris:MysteriousPyramids":2,"Toy Ornithopter":7}],"Toy Ornithopter":4},"card_choices":[{"not_picked":["Blood_Wake","hubris:SpiceAddiction","Hellfire"],"picked":"SKIP","floor":12},{"not_picked":["Cloudkill","Requiem"],"picked":"Hellfire","floor":14},{"not_picked":["Requiem","Blood_Magic"],"picked":"Hellfire","floor":16},{"not_picked":[],"picked":"Negative_Energy_Bomb","floor":20}],"player_experience":792521,"relics_obtained":[{"floor":1,"key":"hubris:MysteriousPyramids"},{"floor":3,"key":"hubris:Spice"},{"floor":4,"key":"Nunchaku"},{"floor":9,"key":"hubris:Spice"},{"floor":11,"key":"Toy Ornithopter"},{"floor":12,"key":"hubris:DeckOfHolding"},{"floor":14,"key":"hubris:ToyBattleship"},{"floor":18,"key":"Ornamental Fan"}],"event_choices":[{"damage_healed":0,"gold_gain":0,"player_choice":"0 cards matched","damage_taken":0,"max_hp_gain":0,"max_hp_loss":0,"event_name":"Match and Keep!","floor":2,"gold_loss":0,"cards_obtained":[]},{"cards_removed":["Spectral_Walk"],"damage_healed":0,"gold_gain":0,"player_choice":"Purged","damage_taken":0,"max_hp_gain":0,"max_hp_loss":0,"event_name":"Purifier","floor":19,"gold_loss":0}],"is_beta":false,"boss_relics":[{"not_picked":["hubris:Spice","hubris:Spice"],"picked":"Busted Crown"}],"items_purged_floors":[],"is_endless":true,"potions_floor_spawned":[1,3,12,16,20],"killed_by":"Gremlin Leader","ascension_level":0}}