{"host":"dyggtcpod2kd5hqt","time":1610731640,"event":{"mods":["2.2 Compatiblity","AchievementEnabler","BaseMod","Bestiary","Block Reminder","Colored Map","Colored Powertips","Minty Spire (QoL Compilation)","Quick Restart","Rare Cards Sparkle","Relic Stats","Unknown Chances"],"gold_per_floor":[117,136,149,161,60,60,87,87,87,116,116,126,137,165,165,265,265,250,250,250,250,250,250,250,250,250,250,250,250,250,250,250,250,250,250,250,35,0,0,0,0,0,0,0,0,0,0,0,0,0,0,0,0,0,0],"floor_reached":56,"language":"ENG","playtime":9213,"items_purged":["Defend_P"],"score":1480,"play_id":"10913adb-8db1-4e16-a7f6-bc07d7218e7e","local_time":"20210115122720","is_ascension_mode":true,"campfire_choices":[{"data":"Eruption","floor":6.0,"key":"SMITH"},{"data":"Scrawl","floor":8.0,"key":"SMITH"},{"data":"Judgement","floor":11.0,"key":"SMITH"},{"floor":15.0,"key":"REST"},{"data":"Devotion","floor":23.0,"key":"SMITH"},{"floor":32,"key":"RECALL"},{"data":"JustLucky","floor":46,"key":"SMITH"},{"data":"CutThroughFate","floor":49,"key":"SMITH"},{"data":"Consecrate","floor":52,"key":"SMITH"}],"circlet_count":0,"master_deck":["Strike_P+1","Strike_P+1","Strike_P+1","Strike_P+1","Defend_P+1","Defend_P+1","Defend_P+1","Eruption+1","Vigilance+1","LessonLearned+1","Evaluate+1","InnerPeace+1","Protect+1","Crescendo+1","Scrawl+1","Judgement+1","Halt+1","CutThroughFate+1","Devotion+1","Halt+1","Prostrate+1","CutThroughFate+1","ForeignInfluence+1","Adaptation+1","Indignation+1","FlurryOfBlows+1","Consecrate+1","SpiritShield+1","Wallop+1","Brilliance+1","FlurryOfBlows+1","ThirdEye+1","JustLucky+1","EmptyFist","Halt+1","MentalFortress+1","Brilliance+1"],"relics":["PureWater","Bag of Preparation","Mercury Hourglass","InkBottle","Whetstone","Ectoplasm","Pen Nib","Singing Bowl","Anchor","Busted Crown","ClockworkSouvenir","Red Mask","Incense Burner","Eternal Feather","PreservedInsect","HornCleat","MawBank","Bag of Marbles"],"acts_visited":["Exordium","TheCity","TheBeyond","TheEnding"],"potions_floor_usage":[55,55],"damage_taken":[{"damage":1.0,"enemies":"Jaw Worm","floor":1.0,"turns":3.0},{"damage":1.0,"enemies":"Cultist","floor":2.0,"turns":3.0},{"damage":0.0,"enemies":"Small Slimes","floor":3.0,"turns":3.0},{"damage":12.0,"enemies":"2 Fungi Beasts","floor":4.0,"turns":4.0},{"damage":12.0,"enemies":"Lagavulin","floor":7.0,"turns":6.0},{"damage":0.0,"enemies":"Gremlin Nob","floor":10.0,"turns":2.0},{"damage":0.0,"enemies":"Looter","floor":12.0,"turns":1.0},{"damage":0.0,"enemies":"Exordium Thugs","floor":13.0,"turns":1.0},{"damage":10.0,"enemies":"Lagavulin","floor":14.0,"turns":5.0},{"damage":8.0,"enemies":"Hexaghost","floor":16.0,"turns":7.0},{"damage":8.0,"enemies":"2 Thieves","floor":18.0,"turns":2.0},{"damage":0.0,"enemies":"Spheric Guardian","floor":20.0,"turns":1.0},{"damage":6.0,"enemies":"Chosen and Byrds","floor":21.0,"turns":5.0},{"damage":0.0,"enemies":"Cultist and Chosen","floor":22.0,"turns":3.0},{"damage":0.0,"enemies":"Centurion and Healer","floor":24.0,"turns":5.0},{"damage":12.0,"enemies":"Slavers","floor":25.0,"turns":5.0},{"damage":0.0,"enemies":"Gremlin Leader","floor":27.0,"turns":4.0},{"damage":0.0,"enemies":"Snake Plant","floor":28.0,"turns":2.0},{"damage":2,"enemies":"Slavers","floor":29,"turns":3},{"damage":0,"enemies":"Sentry and Sphere","floor":30,"turns":2},{"damage":0,"enemies":"Centurion and Healer","floor":31,"turns":3},{"damage":4,"enemies":"Automaton","floor":33,"turns":5},{"damage":0,"enemies":"Orb Walker","floor":35,"turns":1},{"damage":0,"enemies":"3 Darklings","floor":36,"turns":2},{"damage":0,"enemies":"2 Orb Walkers","floor":39,"turns":2},{"damage":17,"enemies":"Nemesis","floor":40,"turns":6},{"damage":0,"enemies":"Transient","floor":41,"turns":5},{"damage":2,"enemies":"Reptomancer","floor":44,"turns":3},{"damage":0,"enemies":"Sphere and 2 Shapes","floor":45,"turns":2},{"damage":0,"enemies":"Giant Head","floor":47,"turns":2},{"damage":0,"enemies":"Maw","floor":48,"turns":4},{"damage":20,"enemies":"Donu and Deca","floor":50,"turns":6},{"damage":0,"enemies":"Shield and Spear","floor":54,"turns":3},{"damage":80,"enemies":"The Heart","floor":55,"turns":9}],"seed_played":"-5091981253675171325","potions_obtained":[{"floor":2.0,"key":"SkillPotion"},{"floor":3.0,"key":"EssenceOfSteel"},{"floor":4.0,"key":"Fire Potion"},{"floor":10.0,"key":"BottledMiracle"},{"floor":21.0,"key":"ColorlessPotion"},{"floor":25.0,"key":"SpeedPotion"},{"floor":28.0,"key":"SpeedPotion"},{"floor":41,"key":"SteroidPotion"},{"floor":48,"key":"DuplicationPotion"}],"is_trial":false,"path_per_floor":["M","M","M","M","$","R","E","R","T","E","R","M","M","E","R","B",null,"M","?","M","M","M","R","M","E","T","E","M","E","M","M","R","B",null,"M","M","$","?","?","E","M","?","T","E","M","R","E","M","R","B",null,"R","$","E","B",null],"character_chosen":"WATCHER","items_purchased":["Crescendo","ClockworkSouvenir","ThirdEye","JustLucky"],"campfire_rested":1,"item_purchase_floors":[5,37,37,37],"current_hp_per_floor":[50,49,49,37,37,37,25,25,25,25,25,25,25,15,36,28,72,64,58,58,52,52,52,52,40,40,40,40,38,40,40,40,36,74,74,76,76,76,76,59,59,59,59,59,61,80,82,84,84,64,84,84,84,86,6],"gold":0,"neow_bonus":"THREE_RARE_CARDS","is_daily":false,"chose_seed":false,"campfire_upgraded":7,"win_rate":0.0,"timestamp":1610731640,"path_taken":["M","M","M","M","$","R","E","R","T","E","R","M","M","E","R","BOSS","M","?","M","M","M","R","M","E","T","E","M","E","M","?","R","BOSS","M","M","$","?","?","E","M","?","T","E","?","R","E","M","R","BOSS","R","$","E","BOSS"],"items_purchased_type":["Card","Relic","Card","Card"],"build_version":"2020-12-22","purchased_purges":1,"victory":true,"max_hp_per_floor":[72,72,72,72,72,72,72,72,72,72,72,72,72,72,72,72,72,72,72,72,72,72,72,72,72,72,72,72,72,74,74,74,74,74,74,76,76,76,76,76,76,76,76,78,80,80,82,84,84,84,84,84,84,86,86],"relic_stats":{"Singing Bowl":14,"counters":[34,120],"Eternal Feather":19,"Pen Nib":[26],"PreservedInsect":251,"Bag of Preparation":[58],"Whetstone":["Strike_P","Strike_P"],"MawBank":0,"Mercury Hourglass":[385],"Busted Crown":20,"Ectoplasm":725,"obtain_stats":[{"Singing Bowl":27,"Eternal Feather":40,"Pen Nib":25,"PreservedInsect":43,"Bag of Preparation":7,"Incense Burner":39,"Whetstone":14,"MawBank":47,"Mercury Hourglass":9,"ClockworkSouvenir":37,"Anchor":29,"Busted Crown":34,"HornCleat":44,"Ectoplasm":17,"Red Mask":38,"Bag of Marbles":54,"PureWater":0,"InkBottle":10},{"Singing Bowl":17,"Eternal Feather":26,"Pen Nib":16,"PreservedInsect":27,"Bag of Preparation":5,"Incense Burner":25,"Whetstone":9,"MawBank":30,"Mercury Hourglass":5,"ClockworkSouvenir":24,"Anchor":19,"Busted Crown":22,"HornCleat":28,"Ectoplasm":10,"Red Mask":24,"Bag of Marbles":33,"PureWater":0,"InkBottle":6},{"Singing Bowl":60,"Eternal Feather":86,"Pen Nib":56,"PreservedInsect":91,"Bag of Preparation":19,"Incense Burner":80,"Whetstone":28,"MawBank":98,"Mercury Hourglass":19,"ClockworkSouvenir":78,"Anchor":65,"Busted Crown":75,"HornCleat":94,"Ectoplasm":35,"Red Mask":78,"Bag of Marbles":111,"PureWater":0,"InkBottle":21}],"InkBottle":[55]},"card_choices":[{"not_picked":["Brilliance","DeusExMachina"],"picked":"LessonLearned","floor":0.0},{"not_picked":["Fasting2","DeceiveReality"],"picked":"Evaluate","floor":1.0},{"not_picked":["ThirdEye","Prostrate"],"picked":"InnerPeace","floor":2.0},{"not_picked":["JustLucky","Halt"],"picked":"Protect","floor":3.0},{"not_picked":["ClearTheMind","InnerPeace","SandsOfTime"],"picked":"SKIP","floor":4.0},{"not_picked":["LikeWater","MentalFortress"],"picked":"Scrawl","floor":7.0},{"not_picked":["Consecrate","EmptyFist"],"picked":"Judgement","floor":10.0},{"not_picked":["Evaluate","Collect"],"picked":"Halt","floor":12.0},{"not_picked":["ReachHeaven","Perseverance","WindmillStrike"],"picked":"SKIP","floor":13.0},{"not_picked":["ClearTheMind","Protect"],"picked":"CutThroughFate","floor":14.0},{"not_picked":["DeusExMachina","MasterReality"],"picked":"Devotion","floor":16.0},{"not_picked":["FlurryOfBlows","JustLucky"],"picked":"Halt+1","floor":18.0},{"not_picked":["CutThroughFate","CrushJoints"],"picked":"Prostrate","floor":20.0},{"not_picked":["DeusExMachina","InnerPeace"],"picked":"CutThroughFate","floor":21.0},{"not_picked":["CutThroughFate","Indignation"],"picked":"ForeignInfluence+1","floor":22.0},{"not_picked":["CrushJoints","EmptyBody"],"picked":"Adaptation","floor":24.0},{"not_picked":["Consecrate","Nirvana"],"picked":"Indignation+1","floor":25.0},{"not_picked":["JustLucky","EmptyBody"],"picked":"FlurryOfBlows","floor":27.0},{"not_picked":["ReachHeaven","CrushJoints"],"picked":"Consecrate","floor":28.0},{"not_picked":["EmptyBody","Wireheading"],"picked":"SpiritShield","floor":29},{"not_picked":["Evaluate","Vengeance","CutThroughFate"],"picked":"Singing Bowl","floor":30},{"not_picked":["Adaptation+1","CutThroughFate+1"],"picked":"Wallop","floor":31},{"not_picked":["Establishment","LessonLearned"],"picked":"Brilliance","floor":33},{"not_picked":[],"picked":"FlurryOfBlows","floor":35},{"not_picked":["Sanctity"],"picked":"Singing Bowl","floor":36},{"not_picked":[],"picked":"EmptyFist","floor":39},{"not_picked":[],"picked":"Halt+1","floor":40},{"not_picked":[],"picked":"MentalFortress+1","floor":41},{"not_picked":["WindmillStrike+1"],"picked":"Singing Bowl","floor":44},{"not_picked":["InnerPeace+1"],"picked":"Singing Bowl","floor":45},{"not_picked":["EmptyBody"],"picked":"Singing Bowl","floor":47},{"not_picked":["BattleHymn+1"],"picked":"Singing Bowl","floor":48},{"not_picked":["Indignation"],"picked":"Singing Bowl","floor":54}],"player_experience":722155,"relics_obtained":[{"floor":7.0,"key":"Bag of Preparation"},{"floor":9.0,"key":"Mercury Hourglass"},{"floor":10.0,"key":"InkBottle"},{"floor":14.0,"key":"Whetstone"},{"floor":25.0,"key":"Pen Nib"},{"floor":27.0,"key":"Singing Bowl"},{"floor":29,"key":"Anchor"},{"floor":39,"key":"Incense Burner"},{"floor":40,"key":"Eternal Feather"},{"floor":43,"key":"PreservedInsect"},{"floor":44,"key":"HornCleat"},{"floor":47,"key":"MawBank"},{"floor":54,"key":"Bag of Marbles"}],"event_choices":[{"damage_healed":0.0,"max_hp_gain":0.0,"max_hp_loss":0.0,"gold_gain":0.0,"event_name":"Knowing Skull","player_choice":"","floor":19.0,"potions_obtained":[],"gold_loss":0.0,"damage_taken":6.0,"cards_obtained":[]},{"damage_healed":0,"gold_gain":0,"player_choice":"Paid","damage_taken":0,"relics_obtained":["Red Mask"],"max_hp_gain":0,"max_hp_loss":0,"event_name":"Tomb of Lord Red Mask","floor":38,"gold_loss":35},{"damage_healed":0,"gold_gain":0,"player_choice":"Fight","damage_taken":0,"max_hp_gain":0,"max_hp_loss":0,"event_name":"Mysterious Sphere","floor":39,"gold_loss":0},{"damage_healed":0,"gold_gain":0,"player_choice":"Copied","damage_taken":0,"max_hp_gain":0,"max_hp_loss":0,"event_name":"Duplicator","floor":42,"gold_loss":0,"cards_obtained":["Brilliance"]}],"is_beta":false,"boss_relics":[{"not_picked":["Velvet Choker","Philosopher\u0027s Stone"],"picked":"Ectoplasm"},{"not_picked":["Empty Cage","SlaversCollar"],"picked":"Busted Crown"}],"items_purged_floors":[5],"is_endless":false,"potions_floor_spawned":[2,3,4,10,21,25,27,28,29,36,40,41,44,48],"ascension_level":1}}