{"host":"6p0attdrtjqaih7v","time":1610739461,"event":{"mods":["2.2 Compatiblity","AchievementEnabler","Bard","BaseMod","Better Skull","Better Third Choice","Colored Powertips","Hermit","Highlight Path","Jorbs\u0027s Wanderer Trilogy","Key Reminder","Minty Spire (QoL Compilation)","Permanent Neow","Quick Restart","Random Character Button","Relic Stats","Replay The Spire","Robot Space Explorer","StSLib"],"gold_per_floor":[130,185,238,30,104,169,169,245,271,271,306,306,335,374,374,489,489,521,521,578,578,203,243,275,275,275,307,307,326,326,326,326,422,422,474,490,504,540,182,182,217,217,242,295,368,12,0,73,73,103],"floor_reached":51,"language":"ENG","playtime":2752,"items_purged":["RobotSpaceExplorer:Strike","RobotSpaceExplorer:Strike","RobotSpaceExplorer:Strike"],"score":1190,"play_id":"73efcd2b-5982-4ee1-bdaf-5b642bc2469e","local_time":"20210115143741","is_ascension_mode":true,"campfire_choices":[{"data":"Crow Ritual","floor":7,"key":"SMITH"},{"data":"RobotSpaceExplorer:DualCore","floor":10,"key":"SMITH"},{"data":"RobotSpaceExplorer:ShovelStrike","floor":12,"key":"SMITH"},{"data":"RobotSpaceExplorer:ShovelStrike","floor":15,"key":"SMITH"},{"data":"RobotSpaceExplorer:MiniBoosters","floor":25,"key":"SMITH"},{"data":"RobotSpaceExplorer:SelfCleaning","floor":28,"key":"SMITH"},{"floor":30,"key":"REST"},{"data":"RobotSpaceExplorer:Blitz","floor":32,"key":"SMITH"},{"data":"Crow Ritual","floor":40,"key":"SMITH"},{"data":"RobotSpaceExplorer:MiniLasers","floor":42,"key":"SMITH"},{"data":"RobotSpaceExplorer:MiniBoosters","floor":49,"key":"SMITH"}],"circlet_count":0,"master_deck":["RobotSpaceExplorer:Defend","RobotSpaceExplorer:Defend","RobotSpaceExplorer:Defend","RobotSpaceExplorer:Defend","RobotSpaceExplorer:Scan","RobotSpaceExplorer:MiniLasers+1","HandOfGreed","RobotSpaceExplorer:ShovelStrike+1","RobotSpaceExplorer:Blitz+1","RobotSpaceExplorer:Probe","Crow Ritual+1","RobotSpaceExplorer:MiniDrones","RobotSpaceExplorer:ShovelStrike+1","RobotSpaceExplorer:DualCore+1","RobotSpaceExplorer:Probe","RobotSpaceExplorer:MakeshiftVolley+1","RobotSpaceExplorer:ScrapMissile+1","RobotSpaceExplorer:MiniBoosters+1","RobotSpaceExplorer:SelfCleaning+1","RobotSpaceExplorer:Smokescreen+1","RobotSpaceExplorer:SurgingShield+1","RobotSpaceExplorer:TrailblazerForm","RobotSpaceExplorer:ShovelStrike+1","RobotSpaceExplorer:SurgingShield+1","RobotSpaceExplorer:PowerCollector+1","RobotSpaceExplorer:Discharger+1","Crow Ritual+1","RobotSpaceExplorer:MiniDrones+1","RobotSpaceExplorer:ScrapMissile+1","RobotSpaceExplorer:MiniBoosters+1"],"relics":["RobotSpaceExplorer:RoboCore","Durian","Dream Catcher","Replay:Mystery Machine","ChewingGum","Replay:WaspNest","Ginger","Strawberry","Coffee Dripper","Replay:Bandana","Oddly Smooth Stone","Mango","Sling","Red Mask","Snack Pack"],"acts_visited":["Exordium","TheCity","TheBeyond"],"potions_floor_usage":[13,16,23,24,27,33,38,41,50,50,50],"damage_taken":[{"damage":0,"enemies":"Cultist","floor":1,"turns":2},{"damage":0,"enemies":"Small Slimes","floor":2,"turns":2},{"damage":2,"enemies":"2 Louse","floor":3,"turns":6},{"damage":0,"enemies":"Gremlin Gang","floor":5,"turns":7},{"damage":14,"enemies":"3 Sentries","floor":6,"turns":9},{"damage":0,"enemies":"3 Louse","floor":8,"turns":8},{"damage":5,"enemies":"Looter","floor":11,"turns":3},{"damage":1,"enemies":"Gremlin Nob","floor":13,"turns":3},{"damage":0,"enemies":"2 Fungi Beasts","floor":14,"turns":4},{"damage":17,"enemies":"Slime Boss","floor":16,"turns":8},{"damage":0,"enemies":"Shell Parasite","floor":18,"turns":5},{"damage":7,"enemies":"3 Byrds","floor":20,"turns":5},{"damage":5,"enemies":"Snecko","floor":23,"turns":3},{"damage":31,"enemies":"Slavers","floor":24,"turns":5},{"damage":0,"enemies":"Snake Plant","floor":27,"turns":3},{"damage":0,"enemies":"Centurion and Healer","floor":29,"turns":8},{"damage":0,"enemies":"Champ","floor":33,"turns":9},{"damage":5,"enemies":"3 Shapes","floor":35,"turns":10},{"damage":0,"enemies":"Orb Walker","floor":36,"turns":4},{"damage":0,"enemies":"Transient","floor":37,"turns":5},{"damage":0,"enemies":"Writhing Mass","floor":38,"turns":6},{"damage":3,"enemies":"Nemesis","floor":41,"turns":6},{"damage":0,"enemies":"Giant Head","floor":45,"turns":6},{"damage":0,"enemies":"Reptomancer","floor":48,"turns":4},{"damage":0,"enemies":"Donu and Deca","floor":50,"turns":6}],"seed_played":"3927888164922855022","potions_obtained":[{"floor":3,"key":"SteroidPotion"},{"floor":5,"key":"PowerPotion"},{"floor":6,"key":"LiquidMemories"},{"floor":13,"key":"Strength Potion"},{"floor":21,"key":"RobotSpaceExplorer:RecyclePotion"},{"floor":24,"key":"FearPotion"},{"floor":29,"key":"Swift Potion"},{"floor":33,"key":"SkillPotion"},{"floor":35,"key":"Block Potion"},{"floor":44,"key":"LiquidBronze"}],"is_trial":false,"path_per_floor":["M","M","M","$","M","E","R","M","T","R","M","R","E","M","R","B",null,"M","?","M","?","$","M","E","R","T","M","R","M","R","?","R","B",null,"M","M","M","M","$","R","E","R","T","?","E","$","?","E","R","B",null],"character_chosen":"RobotSpaceExplorer","items_purchased":["Crow Ritual","RobotSpaceExplorer:MiniDrones","RobotSpaceExplorer:MiniBoosters","Replay:WaspNest","Crow Ritual","LiquidMemories","RobotSpaceExplorer:MiniBoosters","Sling"],"campfire_rested":1,"item_purchase_floors":[4,4,22,22,39,39,46,46],"current_hp_per_floor":[54,54,52,52,52,43,43,43,43,43,38,38,37,37,37,20,65,65,65,58,58,58,53,22,22,29,29,29,29,55,55,55,55,79,74,74,74,74,74,74,71,71,71,50,64,64,64,64,64,72],"gold":103,"neow_bonus":"RANDOM_COLORLESS_2","is_daily":false,"chose_seed":false,"campfire_upgraded":10,"win_rate":0.0,"timestamp":1610739461,"path_taken":["M","?","M","$","M","E","R","M","T","R","?","R","E","M","R","BOSS","M","?","M","?","$","M","E","R","T","M","R","?","R","?","R","BOSS","M","?","M","?","$","R","E","R","T","?","E","$","?","E","R","BOSS"],"items_purchased_type":["Card","Card","Card","Relic","Card","Potion","Card","Relic"],"build_version":"2020-12-22","purchased_purges":3,"victory":true,"max_hp_per_floor":[75,75,75,75,75,80,80,80,80,80,80,80,80,80,80,80,80,80,80,80,80,80,80,80,80,87,87,87,87,87,87,87,87,87,87,87,87,87,87,87,87,87,87,87,101,101,101,101,101,101],"relic_stats":{"Dream Catcher":1,"counters":[25,137],"Ginger":[7],"obtain_stats":[{"Oddly Smooth Stone":43,"RobotSpaceExplorer:RoboCore":0,"Mango":45,"Replay:WaspNest":22,"Ginger":24,"Replay:Mystery Machine":13,"Sling":46,"Dream Catcher":9,"Replay:Bandana":41,"Strawberry":26,"ChewingGum":17,"Durian":6,"Coffee Dripper":34,"Red Mask":47,"Snack Pack":48},{"Oddly Smooth Stone":22,"RobotSpaceExplorer:RoboCore":0,"Mango":23,"Replay:WaspNest":12,"Ginger":14,"Replay:Mystery Machine":8,"Sling":23,"Dream Catcher":6,"Replay:Bandana":22,"Strawberry":14,"ChewingGum":10,"Durian":5,"Coffee Dripper":17,"Red Mask":23,"Snack Pack":24},{"Oddly Smooth Stone":121,"RobotSpaceExplorer:RoboCore":0,"Mango":127,"Replay:WaspNest":62,"Ginger":70,"Replay:Mystery Machine":40,"Sling":127,"Dream Catcher":34,"Replay:Bandana":121,"Strawberry":70,"ChewingGum":52,"Durian":26,"Coffee Dripper":90,"Red Mask":127,"Snack Pack":131}]},"card_choices":[{"not_picked":["Mayhem","Secret Weapon"],"picked":"HandOfGreed","floor":0},{"not_picked":["RobotSpaceExplorer:SwiftStep","RobotSpaceExplorer:SurgingShield"],"picked":"RobotSpaceExplorer:ShovelStrike","floor":1},{"not_picked":["RobotSpaceExplorer:DoubleFind","RobotSpaceExplorer:GlueShot"],"picked":"RobotSpaceExplorer:Blitz","floor":2},{"not_picked":["RobotSpaceExplorer:SurgingShield","RobotSpaceExplorer:Reload"],"picked":"RobotSpaceExplorer:Probe","floor":3},{"not_picked":["RobotSpaceExplorer:SwiftStep","RobotSpaceExplorer:Counterblock"],"picked":"RobotSpaceExplorer:ShovelStrike","floor":5},{"not_picked":["RobotSpaceExplorer:StarLightning","RobotSpaceExplorer:ShockKick"],"picked":"RobotSpaceExplorer:DualCore","floor":6},{"not_picked":["RobotSpaceExplorer:JunkDive","RobotSpaceExplorer:Fix"],"picked":"RobotSpaceExplorer:Probe","floor":8},{"not_picked":["RobotSpaceExplorer:ExhaustFan","RobotSpaceExplorer:Reload","RobotSpaceExplorer:LuckyStrike"],"picked":"SKIP","floor":11},{"not_picked":["RobotSpaceExplorer:Scanner","RobotSpaceExplorer:ShockKick","RobotSpaceExplorer:FranticSearch"],"picked":"SKIP","floor":13},{"not_picked":["RobotSpaceExplorer:ImprovisedAttack","RobotSpaceExplorer:PowerGlove","RobotSpaceExplorer:TurboDodge"],"picked":"SKIP","floor":14},{"not_picked":["RobotSpaceExplorer:ShockKick","RobotSpaceExplorer:TurboDodge"],"picked":"RobotSpaceExplorer:MakeshiftVolley+1","floor":18},{"not_picked":["RobotSpaceExplorer:FreezeRay","RobotSpaceExplorer:SurgingStrike"],"picked":"RobotSpaceExplorer:ScrapMissile+1","floor":20},{"not_picked":["RobotSpaceExplorer:Discharger","RobotSpaceExplorer:PlasmaMissile"],"picked":"RobotSpaceExplorer:SelfCleaning","floor":23},{"not_picked":["RobotSpaceExplorer:SlimeMissile","RobotSpaceExplorer:FrostMissile"],"picked":"RobotSpaceExplorer:Smokescreen+1","floor":24},{"not_picked":["RobotSpaceExplorer:Electroshield","RobotSpaceExplorer:ShockKick","RobotSpaceExplorer:DoubleFind+1"],"picked":"SKIP","floor":27},{"not_picked":["RobotSpaceExplorer:Counterblock","RobotSpaceExplorer:Ammunition"],"picked":"RobotSpaceExplorer:SurgingShield+1","floor":29},{"not_picked":["RobotSpaceExplorer:Autoloader","RobotSpaceExplorer:Arsenal"],"picked":"RobotSpaceExplorer:TrailblazerForm","floor":33},{"not_picked":["RobotSpaceExplorer:DoubleFind+1","RobotSpaceExplorer:Electropulse"],"picked":"RobotSpaceExplorer:ShovelStrike+1","floor":35},{"not_picked":["RobotSpaceExplorer:SwiftStep+1","RobotSpaceExplorer:Ammunition"],"picked":"RobotSpaceExplorer:SurgingShield+1","floor":36},{"not_picked":["RobotSpaceExplorer:FrostMissile+1","RobotSpaceExplorer:MakeshiftVolley"],"picked":"RobotSpaceExplorer:PowerCollector+1","floor":37},{"not_picked":["RobotSpaceExplorer:SwiftStep+1","RobotSpaceExplorer:LuckyStrike"],"picked":"RobotSpaceExplorer:Discharger+1","floor":38},{"not_picked":["RobotSpaceExplorer:Scanner","RobotSpaceExplorer:SlimeMissile+1"],"picked":"RobotSpaceExplorer:MiniDrones+1","floor":41},{"not_picked":["RobotSpaceExplorer:FrostMissile","RobotSpaceExplorer:Ammunition+1"],"picked":"RobotSpaceExplorer:ScrapMissile+1","floor":45},{"not_picked":["RobotSpaceExplorer:Ammunition+1","RobotSpaceExplorer:SurgingShield","RobotSpaceExplorer:MetalStrike"],"picked":"SKIP","floor":48}],"player_experience":843256,"relics_obtained":[{"floor":6,"key":"Durian"},{"floor":9,"key":"Dream Catcher"},{"floor":13,"key":"Replay:Mystery Machine"},{"floor":24,"key":"Ginger"},{"floor":26,"key":"Strawberry"},{"floor":41,"key":"Replay:Bandana"},{"floor":43,"key":"Oddly Smooth Stone"},{"floor":45,"key":"Mango"},{"floor":48,"key":"Snack Pack"}],"event_choices":[{"damage_healed":0,"gold_gain":0,"player_choice":"Ignored","damage_taken":0,"max_hp_gain":0,"max_hp_loss":0,"event_name":"Ghosts","floor":19,"gold_loss":0},{"damage_healed":0,"gold_gain":0,"player_choice":"Got Potions","damage_taken":0,"max_hp_gain":0,"max_hp_loss":0,"event_name":"Lab","floor":21,"gold_loss":0},{"cards_removed":["RobotSpaceExplorer:Strike"],"damage_healed":0,"gold_gain":0,"player_choice":"Purged","damage_taken":0,"max_hp_gain":0,"max_hp_loss":0,"event_name":"Purifier","floor":31,"gold_loss":0},{"damage_healed":0,"gold_gain":0,"player_choice":"Paid","damage_taken":0,"relics_obtained":["Red Mask"],"max_hp_gain":0,"max_hp_loss":0,"event_name":"Tomb of Lord Red Mask","floor":47,"gold_loss":12}],"is_beta":false,"boss_relics":[{"not_picked":["SacredBark","Velvet Choker"],"picked":"ChewingGum"},{"not_picked":["Honey Jar","Tiny House"],"picked":"Coffee Dripper"}],"items_purged_floors":[22,39,46],"is_endless":false,"potions_floor_spawned":[3,5,6,11,13,24,29,33,35,36,37,45],"ascension_level":5}}