{"host":"wbdly04l9mkn9nrc","time":1610700553,"event":{"mods":["AchievementEnabler","BaseMod","BetterRewards","Minty Spire (QoL Compilation)","Replay The Spire","StSLib","[IsaacMod]ÒÔÈö¼âËþ"],"gold_per_floor":[121,141,141,159,170,170,361,395,395,395,395,412,419,419,419,510,510,523,523,578,585,616,664,664,692,692,712,747,760,760,760,760,838,838,858,858,865,865,875,904,904,904,930,957,967,1009,1028,1042,1042,1049],"floor_reached":51,"language":"ZHS","playtime":2524,"items_purged":["Strike_P","Doubt","Strike_P+1","Defend_P","Wish","Sickly","Defend_P"],"score":1631,"play_id":"1b43252c-bb67-4fb2-acc7-6d397d264945","local_time":"20210115164913","is_ascension_mode":true,"campfire_choices":[{"data":"ForeignInfluence","floor":6.0,"key":"SMITH"},{"data":"BattleHymn","floor":10.0,"key":"SMITH"},{"data":"Replay:Battleflow","floor":15.0,"key":"SMITH"},{"floor":24.0,"key":"DIG"},{"data":"DevaForm","floor":30.0,"key":"SMITH"},{"data":"ForeignInfluence","floor":32.0,"key":"SMITH"},{"data":"Apotheosis","floor":41,"key":"SMITH"},{"floor":49,"key":"DIG"}],"circlet_count":0,"master_deck":["AscendersBane","Strike_P+1","Strike_P+1","Defend_P","Eruption+1","Vigilance","Crescendo","Adaptation+1","Tantrum+1","EmptyFist+1","ConjureBlade+1","CrushJoints+1","BattleHymn+1","BettingIsNotGood","ClearTheMind","ClearTheMind","Apotheosis+1","SpiritShield","EmptyBody","Indignation","ForeignInfluence+1","CarveReality+1","CutThroughFate","ThirdEye","Replay:Battleflow+1","DevaForm+1","FollowUp+1","PanicButton","FearNoEvil","FlurryOfBlows","Collect+1","TalkToTheHand","ForeignInfluence+1","DeusExMachina","ForeignInfluence+1","Wallop","Halt+1","Halt+1","Replay:Bootleg Shield Generator+1"],"relics":["PureWater","HushsDoor","SteamSale","Nunchaku","Pocketwatch","Chemical X","ReplayTheSpireMod:CursedCoin","Eternal Feather","BookOfRevelations","Guide Book","SalivaCoin","Membership Card","HowToJump","Replay:Bottled Eggs","Calipers","PreservedInsect","Iron Hammer","Mango","Habit","Bag of Marbles","Replay:Purple Gloves","Anchor","Melange","Pear","Bottled Tornado","Akabeko","Replay:Rubber Ducky","Strange Spoon","Philosopher\u0027s Stone","Lee\u0027s Waffle","Replay:Towering Pillar of Hats","Shovel","Oddly Smooth Stone","Sundial","Nilry\u0027s Codex","Blue Doll","Bottled Flame","Orichalcum","Orrery","White Beast Statue","Black Star","ReplayTheSpireMod:Ring of Challenge","Ring of Panic","Centennial Puzzle","Toxic Egg 2","Replay:Mystery Machine","Frozen Egg 2","CeramicFish","Lantern","Medical Kit","Replay:Baseball","Whetstone","Bag of Preparation"],"acts_visited":["Exordium","TheCity","TheBeyond"],"potions_floor_usage":[50],"damage_taken":[{"damage":4.0,"enemies":"2 Louse","floor":1.0,"turns":2.0},{"damage":0.0,"enemies":"Small Slimes","floor":2.0,"turns":1.0},{"damage":0.0,"enemies":"Cultist","floor":4.0,"turns":2.0},{"damage":0.0,"enemies":"Red Slaver","floor":5.0,"turns":2.0},{"damage":0.0,"enemies":"Gremlin Nob","floor":8.0,"turns":2.0},{"damage":0.0,"enemies":"Exordium Wildlife","floor":12.0,"turns":2.0},{"damage":0.0,"enemies":"The Guardian","floor":16.0,"turns":5.0},{"damage":0.0,"enemies":"Spheric Guardian","floor":18.0,"turns":3.0},{"damage":5.0,"enemies":"3 Byrds","floor":20.0,"turns":4.0},{"damage":9.0,"enemies":"Snake Plant","floor":22.0,"turns":3.0},{"damage":13.0,"enemies":"Gremlin Leader","floor":23.0,"turns":2.0},{"damage":0.0,"enemies":"Shelled Parasite and Fungi","floor":27.0,"turns":2.0},{"damage":0.0,"enemies":"Slavers","floor":28.0,"turns":1.0},{"damage":0.0,"enemies":"Cultist and Chosen","floor":29.0,"turns":3.0},{"damage":0.0,"enemies":"Automaton","floor":33.0,"turns":4.0},{"damage":0.0,"enemies":"Orb Walker","floor":35.0,"turns":2.0},{"damage":0.0,"enemies":"3 Darklings","floor":39.0,"turns":4.0},{"damage":0.0,"enemies":"R_Hoarder","floor":40.0,"turns":3.0},{"damage":0,"enemies":"Spire Growth","floor":45,"turns":2},{"damage":0,"enemies":"Writhing Mass","floor":46,"turns":1},{"damage":0,"enemies":"Sphere and 2 Shapes","floor":47,"turns":3},{"damage":0,"enemies":"Jaw Worm Horde","floor":48,"turns":2},{"damage":0,"enemies":"Replay:Hell Engine","floor":50,"turns":5}],"seed_played":"5650292506109976939","potions_obtained":[{"floor":1.0,"key":"Swift Potion"},{"floor":20.0,"key":"PowerPotion"},{"floor":33.0,"key":"SteroidPotion"}],"is_trial":false,"path_per_floor":["M","M","$","M","M","R","?","E","T","R","?","M","?","$","R","B",null,"M","$","M","?","M","E","R","?","T","M","E","M","R","$","R","B",null,"M","?","?","$","M","E","R","$","T","$","M","M","M","M","R","B",null],"character_chosen":"WATCHER","items_purchased":["Nunchaku","Crescendo","Adaptation","Tantrum","Pocketwatch","Chemical X","EmptyFist","ConjureBlade","CrushJoints+1","BattleHymn","ReplayTheSpireMod:CursedCoin","Eternal Feather","BookOfRevelations","Guide Book","BettingIsNotGood","SalivaCoin","Membership Card","HowToJump","Replay:Bottled Eggs","PreservedInsect","Iron Hammer","Mango","Habit","ClearTheMind","Apotheosis","Bag of Marbles","SpiritShield","EmptyBody","Replay:Purple Gloves","Anchor","Melange","CarveReality","Adrenaline Potion","Akabeko","Replay:Rubber Ducky","Strange Spoon","Lee\u0027s Waffle","Replay:Towering Pillar of Hats","Shovel","PanicButton","Orichalcum","Orrery","White Beast Statue","Toxic Egg 2","Replay:Mystery Machine","ForeignInfluence+1","Wallop","Lantern","Medical Kit","Whetstone","Halt+1","Replay:Bootleg Shield Generator+1"],"campfire_rested":0,"item_purchase_floors":[0,0,0,0,0,0,0,0,0,0,0,0,0,0,0,0,0,0,0,0,0,0,0,0,0,0,0,0,3,3,3,3,3,14,14,14,19,19,19,19,31,31,31,38,38,38,38,42,42,44,44,44],"current_hp_per_floor":[33,33,33,33,33,48,48,58,58,73,73,73,54,54,69,69,89,89,103,98,77,73,60,78,62,62,62,62,62,80,80,98,98,106,106,106,91,91,91,91,108,108,108,108,108,108,108,108,108,108],"gold":1049,"neow_bonus":"","is_daily":false,"chose_seed":false,"campfire_upgraded":6,"win_rate":0.0,"timestamp":1610700553,"path_taken":["M","M","$","M","M","R","?","E","T","R","?","?","?","$","R","BOSS","M","$","M","?","?","E","R","?","T","M","E","?","R","$","R","BOSS","M","?","?","?","M","E","R","$","T","$","M","M","M","M","R","BOSS"],"items_purchased_type":["Relic","Card","Card","Card","Relic","Relic","Card","Card","Card","Card","Relic","Relic","Relic","Relic","Card","Relic","Relic","Relic","Relic","Relic","Relic","Relic","Relic","Card","Card","Relic","Card","Card","Relic","Relic","Relic","Card","Potion","Relic","Relic","Relic","Relic","Relic","Relic","Card","Relic","Relic","Relic","Relic","Relic","Card","Card","Relic","Relic","Relic","Card","Card"],"build_version":"2020-12-22","purchased_purges":7,"victory":true,"max_hp_per_floor":[86,86,86,86,86,86,86,96,96,96,96,96,96,96,96,96,96,96,103,103,108,108,108,108,108,108,108,108,108,108,108,108,108,108,108,108,108,108,108,108,108,108,108,108,108,108,108,108,108,108],"card_choices":[{"not_picked":[],"picked":"ChaosCard","floor":0.0},{"not_picked":["BowlingBash","JustLucky"],"picked":"Indignation","floor":1.0},{"not_picked":["Crescendo","Wallop"],"picked":"ForeignInfluence","floor":2.0},{"not_picked":["ClearTheMind","PathToVictory"],"picked":"CutThroughFate","floor":4.0},{"not_picked":["Crescendo","Tantrum","Prostrate"],"picked":"SKIP","floor":5.0},{"not_picked":["FollowUp","FlyingSleeves"],"picked":"Wish","floor":7.0},{"not_picked":["BowlingBash","SpiritShield"],"picked":"ThirdEye","floor":8.0},{"not_picked":["SashWhip","Protect"],"picked":"Replay:Battleflow","floor":12.0},{"not_picked":["Replay:LoomingThreat","Establishment"],"picked":"DevaForm","floor":16.0},{"not_picked":["Consecrate+1","Perseverance"],"picked":"FollowUp+1","floor":18.0},{"not_picked":["Halt","ClearTheMind"],"picked":"FearNoEvil","floor":20.0},{"not_picked":["Swivel","Replay:BluntJabs"],"picked":"FlurryOfBlows","floor":22.0},{"not_picked":["FollowUp","FlyingSleeves+1","Prostrate"],"picked":"SKIP","floor":23.0},{"not_picked":["PathToVictory","Indignation","Weave"],"picked":"SKIP","floor":27.0},{"not_picked":["EmptyFist","Replay:ManipulateFuture"],"picked":"Collect+1","floor":28.0},{"not_picked":["Replay:DivineShield","EmptyMind","BattleHymn"],"picked":"SKIP","floor":29.0},{"not_picked":["MasterReality","ClearTheMind"],"picked":"TalkToTheHand","floor":31.0},{"not_picked":["PathToVictory","Replay:BluntJabs"],"picked":"ForeignInfluence","floor":31.0},{"not_picked":["Establishment","Replay:LoomingThreat"],"picked":"DeusExMachina","floor":33.0},{"not_picked":["CutThroughFate","Adaptation","InnerPeace+1"],"picked":"SKIP","floor":35.0},{"not_picked":["BowlingBash","EmptyBody+1","CutThroughFate+1"],"picked":"SKIP","floor":39.0},{"not_picked":["WreathOfFlame+1","CrushJoints+1","Crescendo+1"],"picked":"SKIP","floor":40.0},{"not_picked":["FollowUp+1","DeceiveReality+1","SashWhip"],"picked":"SKIP","floor":45},{"not_picked":["BowlingBash","Consecrate","Prostrate+1"],"picked":"SKIP","floor":46},{"not_picked":["Prostrate+1","CutThroughFate","Study+1"],"picked":"SKIP","floor":47},{"not_picked":["CrushJoints","WindmillStrike","Fasting2+1"],"picked":"SKIP","floor":48}],"player_experience":246459,"relics_obtained":[{"floor":8.0,"key":"Pear"},{"floor":9.0,"key":"Bottled Tornado"},{"floor":23.0,"key":"Oddly Smooth Stone"},{"floor":24.0,"key":"Sundial"},{"floor":25.0,"key":"Nilry\u0027s Codex"},{"floor":26.0,"key":"Blue Doll"},{"floor":28.0,"key":"Bottled Flame"},{"floor":36.0,"key":"ReplayTheSpireMod:Ring of Challenge"},{"floor":36.0,"key":"Ring of Panic"},{"floor":40.0,"key":"Frozen Egg 2"},{"floor":40.0,"key":"CeramicFish"},{"floor":43,"key":"Replay:Baseball"},{"floor":49,"key":"Bag of Preparation"}],"event_choices":[{"cards_removed":["Defend_P"],"damage_healed":0.0,"max_hp_gain":0.0,"max_hp_loss":0.0,"gold_gain":0.0,"event_name":"Bonfire Elementals","player_choice":"Offered Basic","floor":11.0,"gold_loss":0.0,"damage_taken":0.0},{"damage_healed":0.0,"max_hp_gain":0.0,"max_hp_loss":0.0,"gold_gain":0.0,"event_name":"Shining Light","player_choice":"Entered Light","floor":13.0,"gold_loss":0.0,"damage_taken":19.0,"cards_upgraded":["EmptyFist","CarveReality"]},{"damage_healed":0.0,"max_hp_gain":5.0,"max_hp_loss":0.0,"gold_gain":0.0,"event_name":"Forgotten Altar","player_choice":"Shed Blood","floor":21.0,"gold_loss":0.0,"damage_taken":26.0},{"damage_healed":0.0,"max_hp_gain":0.0,"max_hp_loss":0.0,"gold_gain":0.0,"event_name":"Cursed Tome","player_choice":"Obtained Book","floor":25.0,"gold_loss":0.0,"damage_taken":16.0}],"is_beta":false,"boss_relics":[{"not_picked":["Replay:Drink Me","SlaversCollar"],"picked":"Philosopher\u0027s Stone"},{"not_picked":[]},{"not_picked":["Astrolabe","Runic Pyramid"],"picked":"Black Star"},{"not_picked":[]}],"items_purged_floors":[0,0,14,19,31,38,44],"is_endless":false,"potions_floor_spawned":[1,16,18,20,22,28,33,35,39,40,45,46,47,48],"ascension_level":13}}