{"host":"51mqhfpmwwd4kxyt","time":1610719953,"event":{"mods":["BaseMod","Downfall","Highlight Path","Minty Spire (QoL Compilation)","READ ME - Guardian Mod","StSLib","The Cursed","The Servant 0.9.4"],"gold_per_floor":[99,99,110,121,136,136,136,146,160,172,172,187,187,287,303,303,303,303],"floor_reached":16,"language":"ENG","playtime":902,"items_purged":[],"score":96,"play_id":"b2461a0b-6c43-459f-9878-4f9ac75ade3a","local_time":"20210115091233","is_ascension_mode":false,"campfire_choices":[{"data":"champ:Taunt","floor":1,"key":"SMITH"},{"data":"champ:BerserkerStyle","floor":6,"key":"SMITH"},{"data":"champ:Control","floor":13,"key":"SMITH"}],"circlet_count":0,"master_deck":["champ:Strike","champ:Strike","champ:Strike","champ:Strike","champ:Defend","champ:Defend","champ:Defend","champ:Defend","champ:Execute","champ:Taunt+1","expansioncontent:SuperHexaguard+1","champ:GladiatorsShout","champ:BerserkerStyle+1","champ:Control+1","champ:Encircle","champ:Riposte","champ:SwordSigil","champ:TornadoPunch","champ:Balance"],"relics":["champ:ChampionCrown","Shuriken"],"acts_visited":["Exordium"],"potions_floor_usage":[],"damage_taken":[{"damage":5,"enemies":"2 Louse","floor":3,"turns":3},{"damage":17,"enemies":"Cultist","floor":4,"turns":3},{"damage":10,"enemies":"Jaw Worm","floor":5,"turns":4},{"damage":4,"enemies":"Red Slaver","floor":8,"turns":4},{"damage":15,"enemies":"Blue Slaver","floor":9,"turns":3},{"damage":11,"enemies":"2 Fungi Beasts","floor":10,"turns":3},{"damage":18,"enemies":"Exordium Thugs","floor":12,"turns":3},{"damage":15,"enemies":"Blue Slaver","floor":15,"turns":4},{"damage":55,"enemies":"downfall:Silent","floor":16,"turns":4}],"seed_played":"9113104239801062576","potions_obtained":[{"floor":4,"key":"champ:CounterPotion"},{"floor":8,"key":"sneckomod:MuddlingPotion"},{"floor":9,"key":"Strength Potion"},{"floor":11,"key":"BlessingOfTheForge"}],"is_trial":false,"path_per_floor":["R","?","M","M","M","R","T","M","M","M","?","M","R","?","M","B"],"character_chosen":"THE_CHAMP","items_purchased":[],"campfire_rested":0,"item_purchase_floors":[],"current_hp_per_floor":[90,90,90,78,78,78,78,74,72,72,72,60,60,60,54,0,0,0],"gold":303,"neow_bonus":"RANDOM_COLORLESS","is_daily":false,"chose_seed":false,"campfire_upgraded":3,"win_rate":0.0,"timestamp":1610719953,"path_taken":["R","?","M","M","?","R","T","M","M","M","?","?","R","?","M","BOSS"],"items_purchased_type":[],"build_version":"2020-12-22","purchased_purges":0,"victory":false,"max_hp_per_floor":[90,90,90,90,90,90,90,90,90,90,90,90,90,90,90,90,90,90],"card_choices":[{"not_picked":["Trip","Jack Of All Trades"],"picked":"expansioncontent:SuperHexaguard","floor":0},{"not_picked":["champ:ShieldSigil","champ:ViciousMockery"],"picked":"champ:GladiatorsShout","floor":3},{"not_picked":["champ:Haymaker","champ:Circumvent"],"picked":"champ:BerserkerStyle","floor":4},{"not_picked":["champ:Shatter","champ:ShieldWall"],"picked":"champ:Control","floor":5},{"not_picked":["champ:ShieldSigil","champ:Backstep"],"picked":"champ:Encircle","floor":8},{"not_picked":["champ:ShieldSigil","champ:Shatter"],"picked":"champ:Riposte","floor":9},{"not_picked":["champ:FanOfKnives","champ:FalseCounter"],"picked":"champ:SwordSigil","floor":10},{"not_picked":["champ:Circumvent","champ:AdrenalArmor"],"picked":"champ:TornadoPunch","floor":12},{"not_picked":["champ:GladiatorsShout","champ:DefensiveShout"],"picked":"champ:Balance","floor":15}],"player_experience":386787,"relics_obtained":[{"floor":7,"key":"Shuriken"}],"event_choices":[{"damage_healed":0,"gold_gain":0,"player_choice":"Upgraded","damage_taken":0,"max_hp_gain":0,"max_hp_loss":0,"event_name":"Upgrade Shrine","floor":2,"gold_loss":0,"cards_upgraded":["expansioncontent:SuperHexaguard"]},{"damage_healed":0,"gold_gain":0,"player_choice":"Got Potions","damage_taken":0,"max_hp_gain":0,"max_hp_loss":0,"event_name":"Lab","floor":11,"gold_loss":0}],"is_beta":false,"boss_relics":[],"items_purged_floors":[],"is_endless":false,"potions_floor_spawned":[4,8,9,15],"killed_by":"downfall:Silent","ascension_level":0}}