{"host":"7zdktqb5xjtif29d","time":1610753201,"event":{"mods":["AchievementEnabler","BaseMod","Colored Map","Colored Powertips","Highlight Path","Minty Spire (QoL Compilation)","Rare Cards Sparkle","SuperFastMode","Waifu the Spire","everything is the same but u backflip on backflip"],"gold_per_floor":[110,123,123,136,61,61,90,90,90,115,15,25,100,110,110,110,110],"floor_reached":16,"language":"ENG","playtime":451,"items_purged":["Defend_R","Bash"],"score":146,"play_id":"de5f171f-2d99-47b3-a64d-5f853df00353","local_time":"20210115232641","is_ascension_mode":true,"campfire_choices":[{"data":"Rupture","floor":6,"key":"SMITH"},{"floor":8,"key":"DIG"},{"floor":15,"key":"DIG"}],"circlet_count":0,"master_deck":["Strike_R","Strike_R","Strike_R","Strike_R","Strike_R","Defend_R","Defend_R","Defend_R","Flex","Clash","Rupture+1","Flex","Clash+1","Rupture"],"relics":["Burning Blood","Shovel","Strawberry","Molten Egg 2","Lantern"],"acts_visited":["Exordium"],"potions_floor_usage":[7,14],"damage_taken":[{"damage":1.0,"enemies":"Cultist","floor":1.0,"turns":3.0},{"damage":2.0,"enemies":"Jaw Worm","floor":2.0,"turns":3.0},{"damage":8.0,"enemies":"2 Louse","floor":4.0,"turns":3.0},{"damage":32,"enemies":"3 Sentries","floor":7,"turns":14},{"damage":30,"enemies":"Gremlin Nob","floor":10,"turns":4},{"damage":9,"enemies":"Blue Slaver","floor":12,"turns":4},{"damage":25,"enemies":"Gremlin Gang","floor":14,"turns":5},{"damage":31,"enemies":"The Guardian","floor":16,"turns":5}],"seed_played":"1645131675041786652","potions_obtained":[{"floor":1.0,"key":"Block Potion"},{"floor":10,"key":"CultistPotion"},{"floor":12,"key":"PowerPotion"},{"floor":14,"key":"BloodPotion"}],"is_trial":false,"path_per_floor":["M","M","?","M","$","R","E","R","T","E","$","M","?","M","R","B"],"character_chosen":"IRONCLAD","items_purchased":[],"campfire_rested":0,"item_purchase_floors":[],"current_hp_per_floor":[88,88,88,86,86,86,60,67,67,43,43,40,29,29,29,0,0],"gold":110,"neow_bonus":"TEN_PERCENT_HP_BONUS","is_daily":false,"chose_seed":false,"campfire_upgraded":1,"win_rate":0.0,"timestamp":1610753201,"path_taken":["M","?","?","?","?","R","E","R","T","E","$","M","?","M","R","BOSS"],"items_purchased_type":[],"build_version":"2020-12-22","purchased_purges":2,"victory":false,"max_hp_per_floor":[88,88,88,88,88,88,88,95,95,95,95,95,95,95,95,95,95],"card_choices":[{"not_picked":["Blood for Blood","Entrench"],"picked":"Flex","floor":1.0},{"not_picked":["Second Wind","Pummel"],"picked":"Clash","floor":2.0},{"not_picked":["Anger","Intimidate"],"picked":"Rupture","floor":4.0},{"not_picked":["Infernal Blade","Twin Strike","Barricade"],"picked":"SKIP","floor":7},{"not_picked":["Body Slam+1","Rage"],"picked":"Flex","floor":10},{"not_picked":["Shrug It Off","Twin Strike+1"],"picked":"Clash+1","floor":12},{"not_picked":["Searing Blow+1","Wild Strike+1"],"picked":"Rupture","floor":14}],"player_experience":221677,"relics_obtained":[{"floor":7,"key":"Shovel"},{"floor":8,"key":"Strawberry"},{"floor":10,"key":"Molten Egg 2"},{"floor":15,"key":"Lantern"}],"event_choices":[{"damage_healed":0.0,"max_hp_gain":0.0,"max_hp_loss":0.0,"gold_gain":0.0,"event_name":"The Woman in Blue","player_choice":"Bought 0 Potions","floor":3.0,"gold_loss":0.0,"damage_taken":0.0},{"damage_healed":0,"gold_gain":75,"player_choice":"Gather Gold","damage_taken":11,"max_hp_gain":0,"max_hp_loss":0,"event_name":"World of Goop","floor":13,"gold_loss":0}],"is_beta":false,"boss_relics":[],"items_purged_floors":[5,11],"is_endless":false,"potions_floor_spawned":[1,10,12,14],"killed_by":"The Guardian","ascension_level":2}}