{"host":"poshtwjux72eqzmy","time":1610747387,"event":{"mods":["BaseMod","Bestiary","Block Reminder","Highlight Path","Minty Spire (QoL Compilation)","Relic Stats","StSLib","ojb\u0027s Info Mod"],"gold_per_floor":[99,99,99,57,57,57,57,57,57,57,57,57,57,0,0,0,0,0,0,0,0,0,0,0,0,0],"floor_reached":25,"language":"ENG","playtime":1918,"items_purged":[],"score":478,"play_id":"5af99490-69a3-4aba-9687-6dfad7880dfd","local_time":"20210115234947","is_ascension_mode":true,"campfire_choices":[{"data":"SashWhip","floor":7.0,"key":"SMITH"},{"floor":11.0,"key":"REST"},{"data":"TalkToTheHand","floor":15.0,"key":"SMITH"},{"data":"Vault","floor":24,"key":"SMITH"}],"circlet_count":0,"master_deck":["AscendersBane","Strike_P","Strike_P","Strike_P","Defend_P","Defend_P","Eruption","Vigilance","SashWhip+1","TalkToTheHand+1","Vault+1","Consecrate","BowlingBash","ThirdEye","Halt","DevaForm","Establishment+1","ForeignInfluence+1","Brilliance+1","InnerPeace","Evaluate+1","SpiritShield+1","Wallop","Crescendo+1"],"relics":["Ectoplasm","Letter Opener","Tiny Chest","Shovel","Sundial","Question Card","Astrolabe","Toxic Egg 2","MealTicket"],"acts_visited":["Exordium","TheCity"],"potions_floor_usage":[23],"damage_taken":[{"damage":0.0,"enemies":"Small Slimes","floor":1.0,"turns":2.0},{"damage":0.0,"enemies":"2 Louse","floor":3.0,"turns":3.0},{"damage":9.0,"enemies":"Lagavulin","floor":6.0,"turns":7.0},{"damage":32.0,"enemies":"3 Sentries","floor":8.0,"turns":10.0},{"damage":8.0,"enemies":"Gremlin Nob","floor":12.0,"turns":4.0},{"damage":0.0,"enemies":"Cultist","floor":13.0,"turns":2.0},{"damage":36.0,"enemies":"The Guardian","floor":16.0,"turns":14.0},{"damage":15.0,"enemies":"Chosen","floor":18.0,"turns":8.0},{"damage":16.0,"enemies":"Spheric Guardian","floor":20.0,"turns":5.0},{"damage":4.0,"enemies":"Snecko","floor":21.0,"turns":5.0},{"damage":11.0,"enemies":"Centurion and Healer","floor":22.0,"turns":6.0},{"damage":20,"enemies":"Book of Stabbing","floor":23,"turns":6},{"damage":34,"enemies":"Slavers","floor":25,"turns":4}],"seed_played":"-3079518353522175518","potions_obtained":[{"floor":1.0,"key":"SteroidPotion"},{"floor":12.0,"key":"FairyPotion"},{"floor":13.0,"key":"FairyPotion"},{"floor":16.0,"key":"SneckoOil"},{"floor":22.0,"key":"AttackPotion"}],"is_trial":false,"path_per_floor":["M","?","M","?","?","E","R","E","T","?","R","E","M","$","R","B",null,"M","T","M","M","M","E","R","E"],"character_chosen":"WATCHER","items_purchased":["Halt"],"campfire_rested":1,"item_purchase_floors":[14],"current_hp_per_floor":[61,56,56,56,56,47,47,15,15,15,35,27,27,27,27,13,54,39,39,23,19,8,20,20,0,0],"gold":0,"neow_bonus":"BOSS_RELIC","is_daily":false,"chose_seed":false,"campfire_upgraded":3,"win_rate":0.0,"timestamp":1610747387,"path_taken":["M","?","M","?","?","E","R","E","T","?","R","E","M","?","R","BOSS","M","?","M","M","M","E","R","E"],"items_purchased_type":["Card"],"build_version":"2020-12-22","purchased_purges":0,"victory":false,"max_hp_per_floor":[68,68,68,68,68,68,68,68,68,68,68,68,68,68,68,68,68,68,68,68,68,68,68,68,68,68],"relic_stats":{"Shovel":0,"counters":[13,76],"Sundial":[8],"Astrolabe":["Establishment","ForeignInfluence","Brilliance"],"Tiny Chest":0,"MealTicket":0,"Ectoplasm":295,"Letter Opener":[80],"Question Card":7,"obtain_stats":[{"Shovel":8,"Sundial":9,"Astrolabe":17,"Tiny Chest":6,"MealTicket":23,"Ectoplasm":0,"Letter Opener":2,"PureWater":0,"Toxic Egg 2":19,"Question Card":12},{"Shovel":4,"Sundial":4,"Astrolabe":7,"Tiny Chest":3,"MealTicket":12,"Ectoplasm":0,"Letter Opener":1,"PureWater":0,"Toxic Egg 2":8,"Question Card":5},{"Shovel":22,"Sundial":22,"Astrolabe":42,"Tiny Chest":12,"MealTicket":72,"Ectoplasm":0,"Letter Opener":2,"PureWater":0,"Toxic Egg 2":50,"Question Card":26}]},"card_choices":[{"not_picked":["SignatureMove","FlurryOfBlows"],"picked":"SashWhip","floor":1.0},{"not_picked":["FollowUp","WheelKick"],"picked":"TalkToTheHand","floor":3.0},{"not_picked":["Crescendo","BowlingBash"],"picked":"Vault","floor":6.0},{"not_picked":["Pray","Prostrate"],"picked":"Consecrate","floor":8.0},{"not_picked":["Consecrate","Indignation"],"picked":"BowlingBash","floor":12.0},{"not_picked":["Evaluate","Halt","SandsOfTime"],"picked":"ThirdEye","floor":13.0},{"not_picked":["MasterReality","DeusExMachina","Ragnarok"],"picked":"DevaForm","floor":16.0},{"not_picked":["FlurryOfBlows","CrushJoints","Crescendo"],"picked":"InnerPeace","floor":18.0},{"not_picked":["FlurryOfBlows","CarveReality","Halt+1"],"picked":"Evaluate+1","floor":20.0},{"not_picked":["BattleHymn+1","Study","Vengeance+1"],"picked":"SpiritShield+1","floor":21.0},{"not_picked":["CrushJoints","BowlingBash","Consecrate"],"picked":"Wallop","floor":22.0},{"not_picked":["Consecrate","Perseverance+1","ThirdEye+1"],"picked":"Crescendo+1","floor":23}],"player_experience":1069421,"relics_obtained":[{"floor":6.0,"key":"Tiny Chest"},{"floor":8.0,"key":"Shovel"},{"floor":9.0,"key":"Sundial"},{"floor":12.0,"key":"Question Card"},{"floor":19.0,"key":"Toxic Egg 2"},{"floor":23,"key":"MealTicket"}],"event_choices":[{"damage_healed":0.0,"max_hp_gain":0.0,"max_hp_loss":0.0,"gold_gain":0.0,"event_name":"Scrap Ooze","player_choice":"Success","floor":2.0,"gold_loss":0.0,"damage_taken":5.0,"relics_obtained":["Letter Opener"]},{"damage_healed":0.0,"max_hp_gain":0.0,"max_hp_loss":0.0,"gold_gain":0.0,"event_name":"World of Goop","player_choice":"Left Gold","floor":4.0,"gold_loss":42.0,"damage_taken":0.0},{"damage_healed":0.0,"max_hp_gain":0.0,"max_hp_loss":0.0,"gold_gain":0.0,"event_name":"The Cleric","player_choice":"Leave","floor":5.0,"gold_loss":0.0,"damage_taken":0.0},{"damage_healed":0.0,"max_hp_gain":0.0,"max_hp_loss":0.0,"gold_gain":0.0,"event_name":"Shining Light","player_choice":"Ignored","floor":10.0,"gold_loss":0.0,"damage_taken":0.0}],"is_beta":false,"boss_relics":[{"not_picked":["Busted Crown","Cursed Key"],"picked":"Astrolabe"}],"items_purged_floors":[],"is_endless":false,"potions_floor_spawned":[1,12,13,16,20,22],"killed_by":"Slavers","ascension_level":20}}