{"host":"d7fiu2yjkssjxoz6","time":1610677603,"event":{"mods":["AchievementEnabler","BaseMod","Duelist Mod","GifTheSpireLib","Minty Spire (QoL Compilation)","StSLib"],"gold_per_floor":[236,236,251,251,261,287,202,233,260,287,303,303,58,69,69,173,173,185,185,110,110,125,125,160,160,160],"floor_reached":25,"language":"ENG","playtime":1164,"items_purged":[],"score":315,"play_id":"63957e33-0295-4fcc-b18d-435f24c34c5d","local_time":"20210114182643","is_ascension_mode":true,"campfire_choices":[{"data":"theDuelist:NaturiaDragonfly","floor":12,"key":"SMITH"},{"data":"Mayhem","floor":15,"key":"SMITH"},{"floor":23,"key":"RECALL"}],"circlet_count":0,"master_deck":["theDuelist:CastleWalls","theDuelist:CastleWalls","theDuelist:CastleWalls","theDuelist:NaturiaBeast+1","theDuelist:NaturiaCliff+1","theDuelist:NaturiaRock","theDuelist:NaturiaTulip","theDuelist:Sparks","theDuelist:Sparks","theDuelist:Sparks","theDuelist:NaturiaLandoise+1","theDuelist:ConvulsionNature","theDuelist:NaturiaHorneedle","theDuelist:NaturiaLeodrake","theDuelist:NaturiaDragonfly+1","theDuelist:Fissure","theDuelist:GracefulCharity","theDuelist:FuryFire+1","Mayhem+1","theDuelist:MultiplicationOfAnts","theDuelist:NaturiaLandoise","theDuelist:NaturiaVein","CurseOfTheBell","theDuelist:AfterGenocide","theDuelist:PsiCurse","theDuelist:CurseArmaments","theDuelist:CurseAnubis","theDuelist:HuntingInstinct","theDuelist:NaturiaRock+1"],"relics":["theDuelist:MillenniumPuzzle","theDuelist:CardPoolRelic","theDuelist:CardPoolBasicRelic","theDuelist:BoosterPackPoolRelic","theDuelist:CardPoolAddRelic","theDuelist:CardPoolMinusRelic","theDuelist:CardPoolSaveRelic","theDuelist:CardPoolOptionsRelic","Whetstone","Blood Vial","Strawberry","Self Forming Clay","Calling Bell","Akabeko","theDuelist:KaibaToken","theDuelist:BoosterPackMonsterEgg","theDuelist:MillenniumPeriapt","Regal Pillow"],"acts_visited":["Exordium","TheCity"],"potions_floor_usage":[10,16,24,25],"damage_taken":[{"damage":3,"enemies":"Jaw Worm","floor":1,"turns":5},{"damage":0,"enemies":"2 Louse","floor":3,"turns":4},{"damage":0,"enemies":"Small Slimes","floor":5,"turns":3},{"damage":25,"enemies":"Lagavulin","floor":6,"turns":7},{"damage":2,"enemies":"Gremlin Nob","floor":8,"turns":4},{"damage":0,"enemies":"Lagavulin","floor":10,"turns":5},{"damage":1,"enemies":"Looter","floor":11,"turns":3},{"damage":0,"enemies":"2 Fungi Beasts","floor":14,"turns":4},{"damage":29,"enemies":"Hexaghost","floor":16,"turns":9},{"damage":11,"enemies":"3 Byrds","floor":18,"turns":4},{"damage":8,"enemies":"Chosen","floor":22,"turns":4},{"damage":42,"enemies":"Slavers","floor":24,"turns":5},{"damage":58,"enemies":"Snecko","floor":25,"turns":5}],"seed_played":"846326306085221251","potions_obtained":[{"floor":1,"key":"theDuelist:TokenPotionB"},{"floor":3,"key":"theDuelist:VampireVial"},{"floor":6,"key":"theDuelist:WhiteBottle"},{"floor":10,"key":"theDuelist:BigOrbBottle"}],"is_trial":false,"path_per_floor":["M","?","M","?","M","E","$","E","T","E","M","R","$","M","R","B",null,"M","?","?","?","M","R","E","M"],"character_chosen":"THE_DUELIST","items_purchased":["theDuelist:NaturiaLeodrake","theDuelist:NaturiaDragonfly","Mayhem","theDuelist:MultiplicationOfAnts"],"campfire_rested":0,"item_purchase_floors":[7,7,13,13],"current_hp_per_floor":[77,77,77,77,77,52,52,50,57,59,60,60,60,62,62,35,87,76,76,76,88,82,82,42,0,0],"gold":160,"neow_bonus":"HUNDRED_GOLD","is_daily":false,"chose_seed":false,"campfire_upgraded":2,"win_rate":0.0,"timestamp":1610677603,"path_taken":["M","?","M","?","M","E","?","E","T","E","M","R","$","M","R","BOSS","M","?","?","?","M","R","E","?"],"items_purchased_type":["Card","Card","Card","Card"],"build_version":"2020-12-22","purchased_purges":0,"victory":false,"max_hp_per_floor":[80,80,80,80,80,80,80,80,87,87,87,87,87,87,87,87,87,87,87,87,99,99,99,99,109,109],"card_choices":[{"not_picked":["theDuelist:NaturiaDragonfly","theDuelist:NaturiaCliff","theDuelist:NaturiaExterio","theDuelist:BrainCrusher"],"picked":"theDuelist:NaturiaLandoise","floor":1},{"not_picked":["theDuelist:AttackTheMoon","theDuelist:MudGolem","theDuelist:DianKeto","theDuelist:FluteKuriboh"],"picked":"theDuelist:DestructPotion","floor":3},{"not_picked":["theDuelist:NaturiaLeodrake","theDuelist:NaturalDisaster","theDuelist:LeodrakeMane"],"picked":"theDuelist:ConvulsionNature","floor":5},{"not_picked":["theDuelist:NaturiaExterio","theDuelist:NaturiaPumpkin","theDuelist:CopyPlant","theDuelist:NaturiaWhiteOak"],"picked":"theDuelist:NaturiaHorneedle","floor":6},{"not_picked":["theDuelist:Sangan","theDuelist:HammerShot","theDuelist:MudragonSwamp","theDuelist:GraniteLoyalist"],"picked":"theDuelist:Fissure","floor":8},{"not_picked":["theDuelist:NaturiaGuardian","theDuelist:BarkionBark","theDuelist:NaturiaBrambi","theDuelist:NaturiaBeetle"],"picked":"theDuelist:GracefulCharity","floor":10},{"not_picked":["theDuelist:LuminousMoss+1","theDuelist:Cloning","theDuelist:SphereKuriboh","theDuelist:DestructPotion"],"picked":"theDuelist:FuryFire+1","floor":11},{"not_picked":["theDuelist:NaturiaCliff","theDuelist:FossilDig","theDuelist:NaturiaRagweed","theDuelist:NaturiaMantis"],"picked":"theDuelist:NaturiaLandoise","floor":14},{"not_picked":["theDuelist:NaturiaForest","theDuelist:NaturiaBarkion","theDuelist:Canyon","theDuelist:HeartUnderdog"],"picked":"theDuelist:NaturiaVein","floor":16},{"not_picked":["theDuelist:FuryFire","theDuelist:CrystalRose+1","theDuelist:NaturiaGuardian+1","theDuelist:SpacetimeTranscendence"],"picked":"theDuelist:AfterGenocide","floor":18},{"not_picked":["theDuelist:NaturiaForest","theDuelist:DemiseLand","theDuelist:Canyon","theDuelist:MultiplicationOfAnts"],"picked":"theDuelist:HuntingInstinct","floor":22},{"not_picked":["theDuelist:NaturiaGaiastrio+1","theDuelist:CrystalRose+1","theDuelist:NaturiaLandoise+1","theDuelist:NaturiaCliff+1"],"picked":"theDuelist:NaturiaRock+1","floor":24}],"player_experience":171011,"relics_obtained":[{"floor":6,"key":"Whetstone"},{"floor":8,"key":"Blood Vial"},{"floor":9,"key":"Strawberry"},{"floor":10,"key":"Self Forming Clay"},{"floor":17,"key":"Akabeko"},{"floor":17,"key":"theDuelist:KaibaToken"},{"floor":17,"key":"theDuelist:BoosterPackMonsterEgg"},{"floor":24,"key":"Regal Pillow"}],"event_choices":[{"damage_healed":0,"gold_gain":0,"player_choice":"Grow","damage_taken":0,"max_hp_gain":0,"max_hp_loss":0,"event_name":"Living Wall","floor":2,"gold_loss":0,"cards_upgraded":["theDuelist:NaturiaLandoise"]},{"damage_healed":0,"gold_gain":0,"player_choice":"Leave","duelist":true,"damage_taken":0,"max_hp_gain":0,"max_hp_loss":0,"event_name":"Relic Duplicator","floor":4,"gold_loss":0},{"damage_healed":0,"gold_gain":0,"player_choice":"Opened","damage_taken":0,"relics_obtained":["theDuelist:MillenniumPeriapt"],"max_hp_gain":0,"max_hp_loss":0,"event_name":"The Mausoleum","floor":19,"gold_loss":0,"cards_obtained":["Writhe"]},{"cards_removed":["Writhe"],"damage_healed":0,"gold_gain":0,"player_choice":"Gave Gold","damage_taken":0,"max_hp_gain":0,"max_hp_loss":0,"event_name":"Beggar","floor":20,"gold_loss":75},{"damage_healed":0,"gold_gain":0,"player_choice":"Break - +12 Max HP","duelist":true,"damage_taken":0,"max_hp_gain":0,"max_hp_loss":0,"event_name":"Tomb of the Nameless","floor":21,"gold_loss":0}],"is_beta":false,"boss_relics":[{"not_picked":["Coffee Dripper","Ectoplasm"],"picked":"Calling Bell"}],"items_purged_floors":[],"is_endless":false,"potions_floor_spawned":[1,3,6,10],"killed_by":"Snecko","ascension_level":2}}