{"host":"8i4doyxqctgl5qb0","time":1610682115,"event":{"mods":["AchievementEnabler","BaseMod","Block Reminder","Colored Powertips","Downfall","Minty Spire (QoL Compilation)","Permanent Neow","Potion Indicator Mod","Rare Cards Sparkle","StSLib","SuperFastMode","The Jungle"],"gold_per_floor":[111,111,111,186,261,294,312,312,359,359,66,83,112,30,30,30,30],"floor_reached":16,"language":"ZHS","playtime":205,"items_purged":[],"score":203,"play_id":"4aa86cec-6d7a-4ba5-9ee4-b861bad38705","local_time":"20210115114155","is_ascension_mode":true,"campfire_choices":[{"data":"Loop","floor":8.0,"key":"SMITH"},{"data":"Heatsinks","floor":10.0,"key":"SMITH"},{"floor":15,"key":"REST"}],"circlet_count":0,"master_deck":["AscendersBane","Strike_B","Strike_B","Strike_B","Strike_B","Defend_B","Defend_B","Defend_B","Defend_B","Zap","Dualcast","Loop+1","Heatsinks+1","Go for the Eyes","Capacitor","Force Field","Self Repair"],"relics":["Cracked Core","NeowsBlessing","Blue Candle","Bird Faced Urn","Lantern","Prayer Wheel","Letter Opener"],"acts_visited":["Exordium"],"potions_floor_usage":[13,16],"damage_taken":[{"damage":0.0,"enemies":"Small Slimes","floor":1.0,"turns":1.0},{"damage":0.0,"enemies":"3 Sentries","floor":6.0,"turns":1.0},{"damage":0.0,"enemies":"Cultist","floor":7.0,"turns":1.0},{"damage":9.0,"enemies":"2 Louse","floor":12.0,"turns":3.0},{"damage":51,"enemies":"Gremlin Nob","floor":13,"turns":6},{"damage":41,"enemies":"Slime Boss","floor":16,"turns":7}],"seed_played":"-7832233892510043442","potions_obtained":[{"floor":1.0,"key":"SneckoOil"},{"floor":6.0,"key":"SteroidPotion"},{"floor":12.0,"key":"SpeedPotion"}],"is_trial":false,"path_per_floor":["M","?","$","?","T","E","M","R","T","R","$","M","E","$","R","B"],"character_chosen":"DEFECT","items_purchased":["Prayer Wheel","Self Repair"],"campfire_rested":1,"item_purchase_floors":[11,14],"current_hp_per_floor":[68,68,68,57,57,57,57,57,57,57,57,50,5,5,27,0,0],"gold":30,"neow_bonus":"THREE_ENEMY_KILL","is_daily":false,"chose_seed":false,"campfire_upgraded":2,"win_rate":0.0,"timestamp":1610682115,"path_taken":["M","?","?","?","?","E","M","R","T","R","?","M","E","$","R","BOSS"],"items_purchased_type":["Relic","Card"],"build_version":"2020-12-22","purchased_purges":0,"victory":false,"max_hp_per_floor":[75,75,75,75,75,75,75,75,75,75,75,75,75,75,75,75,75],"card_choices":[{"not_picked":["Hello World","Reinforced Body"],"picked":"Loop","floor":1.0},{"not_picked":["Coolheaded","Force Field"],"picked":"Heatsinks","floor":6.0},{"not_picked":["Redo","Leap"],"picked":"Go for the Eyes","floor":7.0},{"not_picked":["Cold Snap","Redo"],"picked":"Capacitor","floor":12.0},{"not_picked":["Beam Cell","Heatsinks"],"picked":"Force Field","floor":12.0},{"not_picked":["Rebound","Beam Cell","Streamline"],"picked":"SKIP","floor":13}],"player_experience":189872,"relics_obtained":[{"floor":5.0,"key":"Blue Candle"},{"floor":6.0,"key":"Bird Faced Urn"},{"floor":9.0,"key":"Lantern"},{"floor":13,"key":"Letter Opener"}],"event_choices":[{"damage_healed":0.0,"max_hp_gain":0.0,"max_hp_loss":0.0,"gold_gain":0.0,"event_name":"The Woman in Blue","player_choice":"Bought 0 Potions","floor":2.0,"gold_loss":0.0,"damage_taken":0.0},{"damage_healed":0.0,"max_hp_gain":0.0,"max_hp_loss":0.0,"gold_gain":75.0,"event_name":"World of Goop","player_choice":"Gather Gold","floor":4.0,"gold_loss":0.0,"damage_taken":11.0}],"is_beta":false,"boss_relics":[],"items_purged_floors":[],"is_endless":false,"potions_floor_spawned":[1,6,12],"killed_by":"Slime Boss","ascension_level":11}}