{"host":"opg65mucj6ra7dr1","time":1610707222,"event":{"mods":["BaseMod","DeckTracker","Keyboard Shortcuts","Minty Spire (QoL Compilation)","Permanent Neow","Quick Restart","everything is the same but u backflip on backflip"],"gold_per_floor":[115,129,129,25,40,40,53,53,76,95,122,122,122,47,47,142,142,160,160,171,171,171],"floor_reached":21,"language":"KOR","playtime":497,"items_purged":["Strike_B"],"score":206,"play_id":"27bdcfc3-b04a-4c35-8a3f-9bd70dd7e4b0","local_time":"20210115194022","is_ascension_mode":true,"campfire_choices":[{"data":"Zap","floor":6,"key":"SMITH"},{"floor":8,"key":"REST"},{"floor":12,"key":"REST"},{"data":"Storm","floor":15,"key":"SMITH"}],"circlet_count":0,"master_deck":["Strike_B","Defend_B","Defend_B","Defend_B+1","Zap+1","Dualcast+1","Heatsinks","Leap","Conserve Battery","Capacitor","Redo","Static Discharge","BootSequence","Storm+1","Auto Shields","Self Repair","Amplify"],"relics":["Cracked Core","Dream Catcher","Regal Pillow","Bag of Preparation","Empty Cage"],"acts_visited":["Exordium","TheCity"],"potions_floor_usage":[11,20],"damage_taken":[{"damage":12,"enemies":"Jaw Worm","floor":1,"turns":3},{"damage":6,"enemies":"Cultist","floor":2,"turns":3},{"damage":8,"enemies":"Small Slimes","floor":5,"turns":4},{"damage":15,"enemies":"2 Fungi Beasts","floor":7,"turns":4},{"damage":8,"enemies":"3 Louse","floor":10,"turns":4},{"damage":36,"enemies":"Gremlin Nob","floor":11,"turns":5},{"damage":16,"enemies":"Hexaghost","floor":16,"turns":11},{"damage":10,"enemies":"Chosen","floor":18,"turns":5},{"damage":26,"enemies":"2 Thieves","floor":20,"turns":5},{"damage":41,"enemies":"3 Cultists","floor":21,"turns":4}],"seed_played":"4767485542132963649","potions_obtained":[{"floor":1,"key":"Block Potion"},{"floor":11,"key":"SteroidPotion"},{"floor":16,"key":"PowerPotion"},{"floor":20,"key":"FocusPotion"}],"is_trial":false,"path_per_floor":["M","M","?","$","M","R","M","R","T","M","E","R","?","$","R","B",null,"M","?","M","M"],"character_chosen":"DEFECT","items_purchased":["Conserve Battery","Capacitor"],"campfire_rested":2,"item_purchase_floors":[4,4],"current_hp_per_floor":[63,57,50,50,42,42,27,49,49,41,5,42,27,27,27,18,75,72,58,39,0,0],"gold":171,"neow_bonus":"RANDOM_COMMON_RELIC","is_daily":false,"chose_seed":false,"campfire_upgraded":2,"win_rate":0.0,"timestamp":1610707222,"path_taken":["M","M","?","?","M","R","?","R","T","M","E","R","?","$","R","BOSS","M","?","M","M"],"items_purchased_type":["Card","Card"],"build_version":"2020-12-22","purchased_purges":1,"victory":false,"max_hp_per_floor":[75,75,75,75,75,75,75,75,75,75,75,75,75,75,75,75,75,75,80,80,80,80],"card_choices":[{"not_picked":["Hello World","Blizzard"],"picked":"Heatsinks","floor":1},{"not_picked":["Self Repair","Beam Cell"],"picked":"Leap","floor":2},{"not_picked":["Conserve Battery","FTL"],"picked":"Redo","floor":5},{"not_picked":["Glacier","Go for the Eyes"],"picked":"Static Discharge","floor":7},{"not_picked":["Sweeping Beam","Go for the Eyes"],"picked":"BootSequence","floor":8},{"not_picked":["Glacier","Steam"],"picked":"Storm","floor":10},{"not_picked":["Hello World","Recycle"],"picked":"Auto Shields","floor":11},{"not_picked":["Scrape","Redo"],"picked":"Self Repair","floor":12},{"not_picked":["Rainbow","Machine Learning"],"picked":"Amplify","floor":16},{"not_picked":["Recycle","Glacier+1","Compile Driver"],"picked":"SKIP","floor":18},{"not_picked":["Cold Snap","Coolheaded","Barrage"],"picked":"SKIP","floor":20}],"player_experience":121483,"relics_obtained":[{"floor":9,"key":"Regal Pillow"},{"floor":11,"key":"Bag of Preparation"}],"event_choices":[{"cards_removed":["Strike_B"],"damage_healed":0,"gold_gain":0,"player_choice":"Card Removal","damage_taken":7,"max_hp_gain":0,"max_hp_loss":0,"event_name":"Golden Wing","floor":3,"gold_loss":0},{"damage_healed":0,"gold_gain":0,"player_choice":"Entered Light","damage_taken":15,"max_hp_gain":0,"max_hp_loss":0,"event_name":"Shining Light","floor":13,"gold_loss":0,"cards_upgraded":["Dualcast","Defend_B"]},{"damage_healed":0,"gold_gain":0,"player_choice":"Shed Blood","damage_taken":19,"max_hp_gain":5,"max_hp_loss":0,"event_name":"Forgotten Altar","floor":19,"gold_loss":0}],"is_beta":false,"boss_relics":[{"not_picked":["SacredBark","Fusion Hammer"],"picked":"Empty Cage"}],"items_purged_floors":[14],"is_endless":false,"potions_floor_spawned":[1,11,16,20],"killed_by":"3 Cultists","ascension_level":3}}