{"host":"u6jirsjme6gm26s9","time":1610730811,"event":{"mods":["AchievementEnabler","BaseMod","Downfall","GifTheSpireLib","Jorbs\u0027s Wanderer Trilogy","Minty Spire (QoL Compilation)","StSLib","The Senshi","The Servant 0.9.4"],"gold_per_floor":[118,118,293,319,21,53,53,53,105,30,30,50,108,142,142,246,246,265,265,265,265],"floor_reached":20,"language":"ENG","playtime":914,"items_purged":[],"score":176,"play_id":"1cc894fc-0630-4c0e-a252-ad2aa37cc0ce","local_time":"20210115111331","is_ascension_mode":false,"campfire_choices":[{"data":"Defragment","floor":8,"key":"SMITH"},{"data":"Echo Form","floor":11,"key":"SMITH"},{"floor":15,"key":"REST"}],"circlet_count":0,"master_deck":["Strike_B","Strike_B","Strike_B","Defend_B","Defend_B","Defend_B","Defend_B","Zap","Dualcast","Echo Form+1","Redo","Doubt","Storm","Defragment+1","Parasite","Core Surge","Leap+1","Loop","Steam+1","Gash","Amplify+1","Buffer","Necronomicurse"],"relics":["Cracked Core","Anchor","Membership Card","Toxic Egg 2","Gremlin Horn","Pen Nib","Orrery","Tiny Chest","Boot","Nuclear Battery","Necronomicon"],"acts_visited":["Exordium","TheCity"],"potions_floor_usage":[20],"damage_taken":[{"damage":2,"enemies":"2 Louse","floor":1,"turns":2},{"damage":34,"enemies":"3 Sentries","floor":6,"turns":9},{"damage":0,"enemies":"Small Slimes","floor":12,"turns":3},{"damage":14,"enemies":"Gremlin Nob","floor":13,"turns":4},{"damage":18,"enemies":"Lagavulin","floor":14,"turns":6},{"damage":21,"enemies":"Hexaghost","floor":16,"turns":9},{"damage":20,"enemies":"Spheric Guardian","floor":18,"turns":4},{"damage":43,"enemies":"Masked Bandits","floor":20,"turns":3}],"seed_played":"4270491336180533245","potions_obtained":[{"floor":1,"key":"Weak Potion"},{"floor":6,"key":"SteroidPotion"},{"floor":16,"key":"FearPotion"}],"is_trial":false,"path_per_floor":["M","?","?","T","$","E","?","R","T","$","R","M","?","E","R","B",null,"M","?","?"],"character_chosen":"DEFECT","items_purchased":["Membership Card","Toxic Egg 2","Storm","Orrery"],"campfire_rested":1,"item_purchase_floors":[5,5,5,10],"current_hp_per_floor":[73,73,73,73,73,39,57,57,57,57,57,57,43,25,47,26,75,55,39,0,0],"gold":265,"neow_bonus":"TRANSFORM_CARD","is_daily":false,"chose_seed":false,"campfire_upgraded":2,"win_rate":0.0,"timestamp":1610730811,"path_taken":["M","?","?","?","$","E","?","R","T","$","R","M","?","E","R","BOSS","M","?","?"],"items_purchased_type":["Relic","Relic","Card","Relic"],"build_version":"2020-12-22","purchased_purges":0,"victory":false,"max_hp_per_floor":[75,75,75,75,75,75,75,75,75,75,75,75,75,75,75,75,75,75,75,75,75],"card_choices":[{"not_picked":["Reinforced Body","Glacier"],"picked":"Redo","floor":1},{"not_picked":["Go for the Eyes","Beam Cell"],"picked":"Defragment","floor":6},{"not_picked":["Hologram+1","Steam+1"],"picked":"Core Surge","floor":10},{"not_picked":["Hologram+1","Static Discharge"],"picked":"Leap+1","floor":10},{"not_picked":["Heatsinks","Conserve Battery+1"],"picked":"Loop","floor":10},{"not_picked":["Coolheaded+1","Barrage"],"picked":"Steam+1","floor":10},{"not_picked":["Storm","Amplify+1","Streamline"],"picked":"SKIP","floor":12},{"not_picked":["Tempest+1","Loop"],"picked":"Gash","floor":13},{"not_picked":["Turbo+1","Hologram+1"],"picked":"Amplify+1","floor":14},{"not_picked":["Thunder Strike","Creative AI"],"picked":"Buffer","floor":16},{"not_picked":["Barrage","FTL+1","Skim+1"],"picked":"SKIP","floor":18}],"player_experience":411814,"relics_obtained":[{"floor":4,"key":"Anchor"},{"floor":6,"key":"Gremlin Horn"},{"floor":9,"key":"Pen Nib"},{"floor":13,"key":"Tiny Chest"},{"floor":14,"key":"Boot"},{"floor":19,"key":"Necronomicon"}],"event_choices":[{"damage_healed":0,"gold_gain":0,"player_choice":"Ignored","damage_taken":0,"max_hp_gain":0,"max_hp_loss":0,"event_name":"Golden Wing","floor":2,"gold_loss":0},{"damage_healed":0,"gold_gain":175,"player_choice":"AGREE","damage_taken":0,"max_hp_gain":0,"max_hp_loss":0,"event_name":"Liars Game","floor":3,"gold_loss":0,"cards_obtained":["Doubt"]},{"damage_healed":18,"gold_gain":0,"player_choice":"Healed and dodged fight","damage_taken":0,"max_hp_gain":0,"max_hp_loss":0,"event_name":"Mushrooms","floor":7,"gold_loss":0,"cards_obtained":["Parasite"]},{"damage_healed":0,"gold_gain":0,"player_choice":"Searched \u00271\u0027 times","damage_taken":0,"max_hp_gain":0,"max_hp_loss":0,"event_name":"Dead Adventurer","floor":13,"gold_loss":0},{"damage_healed":0,"gold_gain":0,"player_choice":"Obtained Book","damage_taken":16,"max_hp_gain":0,"max_hp_loss":0,"event_name":"Cursed Tome","floor":19,"gold_loss":0},{"damage_healed":0,"gold_gain":0,"player_choice":"Fought Bandits","damage_taken":0,"max_hp_gain":0,"max_hp_loss":0,"event_name":"Masked Bandits","floor":20,"gold_loss":0}],"is_beta":false,"boss_relics":[{"not_picked":["Astrolabe","SacredBark"],"picked":"Nuclear Battery"}],"items_purged_floors":[],"is_endless":false,"potions_floor_spawned":[1,6,16],"killed_by":"Masked Bandits","ascension_level":0}}