{"host":"b7j598ve05halrwk","time":1610698448,"event":{"mods":["2.2 Compatiblity","BaseMod","Block Reminder","DeckTracker","Minty Spire (QoL Compilation)","Relic Stats","Slay the Relics Exporter","StSLib","ojb\u0027s Better Paths Mod","ojb\u0027s Info Mod"],"gold_per_floor":[110,121,196,246,260,290,290,290,290,290,86,103,28,57,57,131,131,144,144,1,11,61,92,142,142,167,167,184,201,232,33,33,105,105,122,122,139,139,151,151,151],"floor_reached":40,"language":"ENG","playtime":1844,"items_purged":["Strike_B","Pain"],"score":914,"play_id":"dcafdb12-24dd-4733-aed0-e19484bb601f","local_time":"20210115031408","is_ascension_mode":true,"campfire_choices":[{"data":"Buffer","floor":7.0,"key":"SMITH"},{"data":"Zap","floor":10.0,"key":"SMITH"},{"data":"Static Discharge","floor":15.0,"key":"SMITH"},{"data":"Defragment","floor":25.0,"key":"SMITH"},{"data":"Loop","floor":27.0,"key":"SMITH"},{"data":"Loop","floor":32.0,"key":"SMITH"}],"circlet_count":0,"master_deck":["AscendersBane","Strike_B","Strike_B","Strike_B","Defend_B","Defend_B","Defend_B","Defend_B","Zap+1","Dualcast","Cold Snap","Conserve Battery","Ball Lightning","Buffer+1","Static Discharge+1","Loop+1","Electrodynamics","Defragment+1","Loop+1","Capacitor","Capacitor","Barrage+1","Coolheaded","Self Repair","Lockon+1","Amplify","Heatsinks","Metamorphosis","Conserve Battery"],"relics":["Cracked Core","NeowsBlessing","Eternal Feather","Mummified Hand","Symbiotic Virus","Lee\u0027s Waffle","Ginger","Runic Pyramid","WarpedTongs","Molten Egg 2","Blood Vial","Toolbox","Cursed Key"],"acts_visited":["Exordium","TheCity","TheBeyond"],"potions_floor_usage":[40,40],"damage_taken":[{"damage":0.0,"enemies":"Small Slimes","floor":1.0,"turns":1.0},{"damage":0.0,"enemies":"Cultist","floor":2.0,"turns":1.0},{"damage":0.0,"enemies":"Jaw Worm","floor":5.0,"turns":1.0},{"damage":32.0,"enemies":"Gremlin Nob","floor":6.0,"turns":4.0},{"damage":0.0,"enemies":"Blue Slaver","floor":12.0,"turns":2.0},{"damage":0.0,"enemies":"Lagavulin","floor":14.0,"turns":7.0},{"damage":31.0,"enemies":"The Guardian","floor":16.0,"turns":13.0},{"damage":0.0,"enemies":"Chosen","floor":18.0,"turns":3.0},{"damage":14.0,"enemies":"2 Thieves","floor":21.0,"turns":3.0},{"damage":16.0,"enemies":"Book of Stabbing","floor":23.0,"turns":4.0},{"damage":15.0,"enemies":"Snake Plant","floor":28.0,"turns":3.0},{"damage":1.0,"enemies":"Centurion and Healer","floor":29.0,"turns":5.0},{"damage":35.0,"enemies":"Slavers","floor":30.0,"turns":4.0},{"damage":10.0,"enemies":"Automaton","floor":33.0,"turns":7.0},{"damage":42.0,"enemies":"3 Darklings","floor":35.0,"turns":3.0},{"damage":0.0,"enemies":"3 Shapes","floor":37.0,"turns":3.0},{"damage":49.0,"enemies":"Sphere and 2 Shapes","floor":39.0,"turns":5.0},{"damage":71,"enemies":"Reptomancer","floor":40,"turns":3}],"seed_played":"-6498962683783863144","potions_obtained":[{"floor":6.0,"key":"FocusPotion"},{"floor":12.0,"key":"SpeedPotion"},{"floor":14.0,"key":"AttackPotion"},{"floor":21.0,"key":"Fire Potion"},{"floor":23.0,"key":"GamblersBrew"},{"floor":28.0,"key":"DuplicationPotion"},{"floor":30.0,"key":"Dexterity Potion"},{"floor":37.0,"key":"LiquidBronze"},{"floor":39.0,"key":"Regen Potion"}],"is_trial":false,"path_per_floor":["M","M","?","?","M","E","R","T","T","R","$","M","$","E","R","B",null,"M","?","$","M","?","E","?","R","T","R","M","M","E","$","R","B",null,"M","?","M","?","M","E"],"character_chosen":"DEFECT","items_purchased":["Lee\u0027s Waffle","Static Discharge","Loop","Toolbox","Lockon+1"],"campfire_rested":0,"item_purchase_floors":[11,11,20,31,31],"current_hp_per_floor":[64,64,53,53,53,21,30,30,30,39,78,78,78,78,78,47,70,70,70,70,56,56,40,40,52,52,64,49,48,13,13,28,30,66,26,26,35,78,39,0,0],"gold":151,"neow_bonus":"THREE_ENEMY_KILL","is_daily":false,"chose_seed":false,"campfire_upgraded":6,"win_rate":0.0,"timestamp":1610698448,"path_taken":["M","M","?","?","?","E","R","?","T","R","$","M","$","E","R","BOSS","M","?","$","?","?","E","?","R","T","R","?","M","E","$","R","BOSS","M","?","M","?","?","E"],"items_purchased_type":["Relic","Card","Card","Relic","Card"],"build_version":"2020-12-22","purchased_purges":2,"victory":false,"max_hp_per_floor":[71,71,71,71,71,71,71,71,71,71,78,78,78,78,78,78,78,78,78,78,78,78,78,78,78,78,78,78,78,78,78,78,78,78,78,78,78,78,78,78,78],"relic_stats":{"Blood Vial":8,"Lee\u0027s Waffle":39,"counters":[18,72],"Mummified Hand":[69],"Eternal Feather":57,"Ginger":[5],"Cursed Key":0,"obtain_stats":[{"Lee\u0027s Waffle":11,"NeowsBlessing":0,"Eternal Feather":6,"Ginger":14,"Cursed Key":34,"WarpedTongs":19,"Blood Vial":30,"Mummified Hand":8,"Toolbox":31,"Molten Egg 2":23,"Cracked Core":0,"Symbiotic Virus":9,"Runic Pyramid":17},{"Lee\u0027s Waffle":4,"NeowsBlessing":0,"Eternal Feather":4,"Ginger":6,"Cursed Key":14,"WarpedTongs":8,"Blood Vial":13,"Mummified Hand":4,"Toolbox":13,"Molten Egg 2":10,"Cracked Core":0,"Symbiotic Virus":4,"Runic Pyramid":7},{"Lee\u0027s Waffle":7,"NeowsBlessing":0,"Eternal Feather":7,"Ginger":16,"Cursed Key":58,"WarpedTongs":32,"Blood Vial":51,"Mummified Hand":7,"Toolbox":51,"Molten Egg 2":39,"Cracked Core":0,"Symbiotic Virus":7,"Runic Pyramid":29}],"WarpedTongs":[34]},"card_choices":[{"not_picked":["Rebound","Hologram"],"picked":"Cold Snap","floor":1.0},{"not_picked":["Redo","Hologram"],"picked":"Conserve Battery","floor":2.0},{"not_picked":["Coolheaded","Go for the Eyes"],"picked":"Ball Lightning","floor":5.0},{"not_picked":["Turbo","Hello World"],"picked":"Buffer","floor":6.0},{"not_picked":["Gash","Barrage"],"picked":"Fusion","floor":12.0},{"not_picked":["Beam Cell","Conserve Battery"],"picked":"Loop","floor":14.0},{"not_picked":["Buffer","Seek"],"picked":"Electrodynamics","floor":16.0},{"not_picked":["Force Field","Coolheaded"],"picked":"Defragment","floor":18.0},{"not_picked":["Steam","Ball Lightning"],"picked":"Capacitor","floor":21.0},{"not_picked":["Tempest","Hello World"],"picked":"Capacitor","floor":23.0},{"not_picked":["Cold Snap+1","Hologram"],"picked":"Barrage+1","floor":28.0},{"not_picked":["Ball Lightning+1","Turbo"],"picked":"Coolheaded","floor":29.0},{"not_picked":["Undo","Rebound+1"],"picked":"Self Repair","floor":30.0},{"not_picked":["Hyperbeam+1","Thunder Strike+1"],"picked":"Amplify","floor":33.0},{"not_picked":["Reinforced Body","Beam Cell+1"],"picked":"Heatsinks","floor":35.0},{"not_picked":["Madness","Mind Blast+1"],"picked":"Metamorphosis","floor":36.0},{"not_picked":["Ball Lightning+1","Beam Cell+1","Barrage+1"],"picked":"SKIP","floor":37.0},{"not_picked":["Fusion","Rebound+1"],"picked":"Conserve Battery","floor":39.0}],"player_experience":971547,"relics_obtained":[{"floor":6.0,"key":"Eternal Feather"},{"floor":8.0,"key":"Mummified Hand"},{"floor":9.0,"key":"Symbiotic Virus"},{"floor":14.0,"key":"Ginger"},{"floor":23.0,"key":"Molten Egg 2"},{"floor":30.0,"key":"Blood Vial"}],"event_choices":[{"damage_healed":0.0,"max_hp_gain":0.0,"max_hp_loss":0.0,"gold_gain":75.0,"event_name":"World of Goop","player_choice":"Gather Gold","floor":3.0,"gold_loss":0.0,"damage_taken":11.0},{"damage_healed":0.0,"max_hp_gain":0.0,"max_hp_loss":0.0,"gold_gain":50.0,"event_name":"Golden Shrine","player_choice":"Pray","floor":4.0,"gold_loss":0.0,"damage_taken":0.0},{"damage_healed":0.0,"max_hp_gain":0.0,"max_hp_loss":0.0,"gold_gain":0.0,"event_name":"Accursed Blacksmith","player_choice":"Rummage","floor":19.0,"gold_loss":0.0,"damage_taken":0.0,"relics_obtained":["WarpedTongs"],"cards_obtained":["Pain"]},{"damage_healed":0.0,"max_hp_gain":0.0,"max_hp_loss":0.0,"gold_gain":50.0,"event_name":"Nest","player_choice":"Stole From Cult","floor":22.0,"gold_loss":0.0,"damage_taken":0.0},{"damage_healed":0.0,"max_hp_gain":0.0,"max_hp_loss":0.0,"gold_gain":50.0,"event_name":"Golden Shrine","player_choice":"Pray","floor":24.0,"gold_loss":0.0,"damage_taken":0.0},{"damage_healed":0.0,"max_hp_gain":0.0,"max_hp_loss":0.0,"gold_gain":0.0,"event_name":"SensoryStone","player_choice":"Memory 1","floor":36.0,"gold_loss":0.0,"damage_taken":0.0},{"cards_removed":["Fusion"],"damage_healed":43.0,"max_hp_gain":0.0,"max_hp_loss":0.0,"gold_gain":0.0,"event_name":"Bonfire Elementals","player_choice":"Offered Uncommon","floor":38.0,"gold_loss":0.0,"damage_taken":0.0}],"is_beta":false,"boss_relics":[{"not_picked":["SacredBark","Black Star"],"picked":"Runic Pyramid"},{"not_picked":["Velvet Choker","Philosopher\u0027s Stone"],"picked":"Cursed Key"}],"items_purged_floors":[13,20],"is_endless":false,"potions_floor_spawned":[6,12,14,16,21,23,28,30,37,39],"killed_by":"Reptomancer","ascension_level":20}}