{"host":"puf131q5awx2h4uh","time":1610708960,"event":{"mods":["BaseMod","Minty Spire (QoL Compilation)","Quick Restart","Shop Mod","StSLib"],"gold_per_floor":[114,28,28,28,28,63,63,124,124,124,49,49,64,89,89,163,163,182,107,118,134,134,134,134,134],"floor_reached":24,"language":"ZHS","playtime":629,"items_purged":["Strike_R"],"score":450,"play_id":"f7b76e76-da2c-446d-a476-59c4a509ed8f","local_time":"20210115190920","is_ascension_mode":true,"campfire_choices":[{"data":"Armaments","floor":7,"key":"SMITH"},{"data":"Flex","floor":10,"key":"SMITH"},{"data":"Offering","floor":15,"key":"SMITH"},{"floor":23,"key":"RECALL"}],"circlet_count":0,"master_deck":["AscendersBane","Strike_R","Strike_R","Defend_R","Defend_R","Defend_R","Bash","Armaments+1","Entrench","Flex+1","Clash","Ghostly Armor","Offering+1","Impervious","Battle Trance+1"],"relics":["Burning Blood","NeowsBlessing","Vajra","Anchor","Pen Nib","Coffee Dripper"],"acts_visited":["Exordium","TheCity"],"potions_floor_usage":[21],"damage_taken":[{"damage":0,"enemies":"Cultist","floor":1,"turns":1},{"damage":0,"enemies":"3 Sentries","floor":6,"turns":2},{"damage":0,"enemies":"3 Sentries","floor":8,"turns":2},{"damage":0,"enemies":"Jaw Worm","floor":13,"turns":4},{"damage":29,"enemies":"Lagavulin","floor":14,"turns":10},{"damage":44,"enemies":"The Guardian","floor":16,"turns":16},{"damage":14,"enemies":"Chosen","floor":18,"turns":5},{"damage":6,"enemies":"2 Thieves","floor":20,"turns":4},{"damage":54,"enemies":"Snecko","floor":21,"turns":9},{"damage":0,"enemies":"Book of Stabbing","floor":24,"turns":1}],"seed_played":"-2451470956067184794","potions_obtained":[{"floor":8,"key":"EssenceOfSteel"},{"floor":14,"key":"FearPotion"},{"floor":21,"key":"DuplicationPotion"}],"is_trial":false,"path_per_floor":["M","$","?","?","?","E","R","?","T","R","$","$","M","E","R","B",null,"M","?","M","M","?","R","E"],"character_chosen":"IRONCLAD","items_purchased":["Entrench"],"campfire_rested":0,"item_purchase_floors":[2],"current_hp_per_floor":[74,74,79,79,72,78,78,80,80,80,80,80,80,57,57,19,65,57,57,57,9,9,9,9,9],"gold":134,"neow_bonus":"THREE_ENEMY_KILL","is_daily":false,"chose_seed":false,"campfire_upgraded":3,"win_rate":0.0,"timestamp":1610708960,"path_taken":["M","$","?","?","?","E","R","?","T","R","?","$","M","E","R","BOSS","M","?","M","?","?","R","E"],"items_purchased_type":["Card"],"build_version":"2020-12-22","purchased_purges":1,"victory":false,"max_hp_per_floor":[75,75,80,80,80,80,80,80,80,80,80,80,80,80,80,80,80,80,80,80,80,80,80,80,80],"card_choices":[{"not_picked":["Perfected Strike","Second Wind"],"picked":"Armaments","floor":1},{"not_picked":["Warcry","True Grit"],"picked":"Flex","floor":6},{"not_picked":["Dual Wield","Thunderclap"],"picked":"Clash","floor":8},{"not_picked":["Dark Embrace","Bloodletting"],"picked":"Ghostly Armor","floor":13},{"not_picked":["Seeing Red","Burning Pact"],"picked":"Offering","floor":14},{"not_picked":["Exhume","Berserk"],"picked":"Impervious","floor":16},{"not_picked":["Headbutt","Clash","Intimidate"],"picked":"SKIP","floor":18},{"not_picked":["Heavy Blade","Infernal Blade","Wild Strike"],"picked":"SKIP","floor":20},{"not_picked":["Heavy Blade","Infernal Blade","Wild Strike"],"picked":"SKIP","floor":20},{"not_picked":["Armaments","Pummel"],"picked":"Battle Trance","floor":21}],"player_experience":314477,"relics_obtained":[{"floor":6,"key":"Vajra"},{"floor":8,"key":"Anchor"},{"floor":14,"key":"Pen Nib"}],"event_choices":[{"damage_healed":0,"gold_gain":0,"player_choice":"Donut","damage_taken":0,"max_hp_gain":5,"max_hp_loss":0,"event_name":"Big Fish","floor":3,"gold_loss":0},{"cards_removed":["Strike_R"],"damage_healed":0,"gold_gain":0,"player_choice":"Forget","damage_taken":0,"max_hp_gain":0,"max_hp_loss":0,"event_name":"Living Wall","floor":4,"gold_loss":0},{"cards_removed":["Strike_R"],"damage_healed":0,"gold_gain":0,"player_choice":"Card Removal","damage_taken":7,"max_hp_gain":0,"max_hp_loss":0,"event_name":"Golden Wing","floor":5,"gold_loss":0},{"damage_healed":0,"gold_gain":30,"player_choice":"Searched \u00272\u0027 times","damage_taken":0,"max_hp_gain":0,"max_hp_loss":0,"event_name":"Dead Adventurer","floor":8,"gold_loss":0},{"cards_removed":["Defend_R"],"damage_healed":0,"gold_gain":0,"player_choice":"Single Remove","damage_taken":0,"max_hp_gain":0,"max_hp_loss":0,"event_name":"Designer","floor":19,"gold_loss":75},{"damage_healed":0,"gold_gain":0,"player_choice":"Upgraded","damage_taken":0,"max_hp_gain":0,"max_hp_loss":0,"event_name":"Upgrade Shrine","floor":22,"gold_loss":0,"cards_upgraded":["Battle Trance"]}],"is_beta":false,"boss_relics":[{"not_picked":["Philosopher\u0027s Stone","Runic Cube"],"picked":"Coffee Dripper"}],"items_purged_floors":[11],"is_endless":false,"potions_floor_spawned":[8,14,16,21],"killed_by":"Book of Stabbing","ascension_level":20}}