{"host":"pa65g39v0cwbmgvo","time":1610721003,"event":{"mods":["2.2 Compatiblity","ATMod(°¢èªMod)","BaseMod","Better Skull","Better Third Choice","BetterRewards","Dota2Spire","Minty Spire (QoL Compilation)","Quick Restart","Replay The Spire","Spicy Shops","StSLib","SuperFastMode","¡¾ÒÅÎï¿¨ÅÆ¡¿REMEMod"],"gold_per_floor":[115,127,127,140,160,203,203,245,245,254,100,100,121,163,163,273,273,297,306,333,353,353,379,379,379,379,405,420,436,468,477,477,582,591,602,652,663,678,678,714,784,819,819,819,835,855,405,505,505,505,505,505,63,90,90,90],"floor_reached":55,"language":"ZHS","playtime":1834,"items_purged":["Parasite","Panache","Strike_G","Strike_G","Defend_G","Defend_G"],"score":1363,"play_id":"92f8a0a8-db33-47a5-bf9f-0339220812e3","local_time":"20210115223003","is_ascension_mode":true,"campfire_choices":[{"data":"Riddle With Holes","floor":7.0,"key":"SMITH"},{"data":"Strike_G","floor":15.0,"key":"PURGE"},{"data":"AT_ArcaneSupremacy","floor":25.0,"key":"SMITH"},{"data":"Strike_G","floor":32.0,"key":"PURGE"},{"data":"Defend_G","floor":44,"key":"PURGE"},{"floor":49,"key":"RECALL"},{"data":"Strike_G","floor":52,"key":"PURGE"}],"circlet_count":0,"master_deck":["Defend_G","Defend_G","Survivor","Neutralize","AT_ShrugMaster","AT_ShrugMaster","Deflect+1","Riddle With Holes+1","AT_WomanClash","Accuracy","A Thousand Cuts","AT_ArcaneSupremacy+1","Heel Hook","Blade Dance+1","AT_WindRun","Adrenaline","AT_EmpoweredMortalDraw","AT_Desolate+1","Hidden Blade+1","Accuracy"],"relics":["Ring of the Serpent","REME_ComplimentaryCards","AT_ATBox","CaptainsWheel","Sling","AT_ChloranthyRing","Juzu Bracelet","Bird Faced Urn","ReplayTheSpireMod:CursedCoin","Membership Card","Medical Kit","StrikeDummy","Bronze Scales","Dota2Spire:PowerTreads","AT_RabadonDeathcap","Dota2Spire:EchoSabre","CeramicFish","Blood Vial","TwistedFunnel","DollysMirror","AT_Kusabimaru","Dota2Spire:ShivaGuard","Peace Pipe","Dota2Spire:Vanguard","Art of War","ReplayFunnel","Dota2Spire:UrnOfShadows","MutagenicStrength","Potion Belt","Toy Ornithopter","AT_MortalBlade","Ginger","Pen Nib","ReplayTheSpireMod:Ninjato","Boot","Gremlin Horn","HornCleat","Mirror","HandDrill","Replay:Towering Pillar of Hats","AT_ImmortalShieldbow","Replay:Wax Seal","AT_ArchangelStaff","Lantern","Lee\u0027s Waffle","Strange Spoon","Onion Ring"],"acts_visited":["Exordium","TheCity","TheBeyond","TheEnding"],"potions_floor_usage":[45,45,45,54],"damage_taken":[{"damage":0.0,"enemies":"Small Slimes","floor":1.0,"turns":3.0},{"damage":0.0,"enemies":"Cultist","floor":2.0,"turns":3.0},{"damage":0.0,"enemies":"Jaw Worm","floor":4.0,"turns":4.0},{"damage":4.0,"enemies":"Exordium Thugs","floor":5.0,"turns":4.0},{"damage":2.0,"enemies":"3 Sentries","floor":6.0,"turns":6.0},{"damage":0.0,"enemies":"Lagavulin","floor":8.0,"turns":3.0},{"damage":0.0,"enemies":"Blue Slaver","floor":13.0,"turns":2.0},{"damage":0.0,"enemies":"Gremlin Nob","floor":14.0,"turns":2.0},{"damage":0.0,"enemies":"Slime Boss","floor":16.0,"turns":5.0},{"damage":0.0,"enemies":"Chosen","floor":18.0,"turns":3.0},{"damage":0.0,"enemies":"Shell Parasite","floor":20.0,"turns":2.0},{"damage":0.0,"enemies":"3 Cultists","floor":21.0,"turns":5.0},{"damage":21.0,"enemies":"Gremlin Leader","floor":23.0,"turns":4.0},{"damage":0.0,"enemies":"Book of Stabbing","floor":27.0,"turns":2.0},{"damage":19.0,"enemies":"Centurion and Healer","floor":28.0,"turns":3.0},{"damage":0.0,"enemies":"Snake Plant","floor":29.0,"turns":3.0},{"damage":0.0,"enemies":"Gremlin Leader","floor":30.0,"turns":3.0},{"damage":10.0,"enemies":"Automaton","floor":33.0,"turns":4.0},{"damage":0.0,"enemies":"3 Darklings","floor":35.0,"turns":2.0},{"damage":14.0,"enemies":"Mind Bloom Boss Battle","floor":36.0,"turns":3.0},{"damage":0,"enemies":"3 Shapes","floor":37,"turns":2},{"damage":0,"enemies":"Sphere and 2 Shapes","floor":38,"turns":2},{"damage":0,"enemies":"R_Hoarder","floor":40,"turns":4},{"damage":0,"enemies":"Giant Head","floor":42,"turns":3},{"damage":1,"enemies":"3 Darklings","floor":45,"turns":2},{"damage":0,"enemies":"Maw","floor":46,"turns":3},{"damage":25,"enemies":"Replay:Hell Engine","floor":50,"turns":5},{"damage":0,"enemies":"Shield and Spear","floor":54,"turns":2},{"damage":85,"enemies":"The Heart","floor":55,"turns":2}],"seed_played":"-8299785061883556483","potions_obtained":[{"floor":2.0,"key":"ColorlessPotion"},{"floor":5.0,"key":"ColorlessPotion"},{"floor":6.0,"key":"Weak Potion"},{"floor":14.0,"key":"DuplicationPotion"},{"floor":23.0,"key":"GamblersBrew"},{"floor":28.0,"key":"BlessingOfTheForge"},{"floor":30.0,"key":"SkillPotion"},{"floor":33.0,"key":"SkillPotion"},{"floor":38,"key":"BlessingOfTheForge"},{"floor":42,"key":"Toxic Potion"},{"floor":45,"key":"GhostInAJar"},{"floor":46,"key":"Block Potion"}],"is_trial":false,"path_per_floor":["M","M","?","M","M","E","R","E","T","?","$","?","M","E","R","B",null,"M","?","M","M","?","E","?","R","T","E","M","M","E","?","R","B",null,"M","?","M","M","?","E","T","E","T","R","M","M","$","?","R","B",null,"R","$","E","B"],"character_chosen":"THE_SILENT","items_purchased":["CaptainsWheel","Sling","AT_ChloranthyRing","Juzu Bracelet","ReplayTheSpireMod:CursedCoin","Membership Card","Medical Kit","StrikeDummy","Bronze Scales","Dota2Spire:PowerTreads","Dota2Spire:EchoSabre","CeramicFish","Blood Vial","TwistedFunnel","DollysMirror","Deflect+1","Dota2Spire:Vanguard","Art of War","Accuracy","HornCleat","Mirror","HandDrill","Replay:Towering Pillar of Hats","AT_ImmortalShieldbow","Replay:Wax Seal","AT_ArchangelStaff","Lantern","Lee\u0027s Waffle","Strange Spoon"],"campfire_rested":0,"item_purchase_floors":[0,0,0,0,0,0,0,0,0,0,0,0,0,0,0,0,11,11,47,47,47,47,47,53,53,53,53,53,53],"current_hp_per_floor":[67,67,61,67,65,67,67,67,67,67,67,67,67,67,67,67,67,67,67,67,67,67,48,48,48,48,56,47,55,65,65,65,61,67,69,59,61,69,69,69,69,69,69,69,69,69,69,69,69,50,64,64,76,76,0,0],"gold":90,"neow_bonus":"","is_daily":false,"chose_seed":false,"campfire_upgraded":2,"win_rate":0.0,"timestamp":1610721003,"path_taken":["M","M","?","M","M","E","R","E","T","?","$","?","M","E","R","BOSS","M","?","M","M","?","E","?","R","T","E","M","M","E","?","R","BOSS","M","?","M","M","?","E","?","E","T","R","M","M","$","?","R","BOSS","R","$","E","BOSS"],"items_purchased_type":["Relic","Relic","Relic","Relic","Relic","Relic","Relic","Relic","Relic","Relic","Relic","Relic","Relic","Relic","Relic","Card","Relic","Relic","Card","Relic","Relic","Relic","Relic","Relic","Relic","Relic","Relic","Relic","Relic"],"build_version":"2020-12-22","purchased_purges":6,"victory":false,"max_hp_per_floor":[67,67,67,67,67,67,67,67,67,67,67,67,67,67,67,67,67,67,67,67,67,67,67,67,67,67,67,69,69,69,69,69,69,69,69,69,69,69,69,69,69,69,69,69,69,69,69,69,69,69,69,69,76,76,76,76],"card_choices":[{"not_picked":["Reflex","Backflip","Dagger Spray"],"picked":"SKIP","floor":1.0},{"not_picked":["ReplayTheSpireMod:Exploit Weakness","PiercingWail","Underhanded Strike"],"picked":"SKIP","floor":2.0},{"not_picked":["Tactician","AT_KneejerkReflex","Deadly Poison"],"picked":"SKIP","floor":4.0},{"not_picked":["Masterful Stab","Deflect","Dodge and Roll"],"picked":"SKIP","floor":5.0},{"not_picked":["Finisher","Dagger Spray"],"picked":"Riddle With Holes","floor":6.0},{"not_picked":["AT_WindFlip","Bullet Time"],"picked":"Blade Dance","floor":8.0},{"not_picked":["Cloak And Dagger","AT_WindFlip"],"picked":"AT_WomanClash","floor":13.0},{"not_picked":["Dagger Spray","Backflip"],"picked":"Accuracy","floor":14.0},{"not_picked":["Phantasmal Killer","AT_MyraUnstableElement"],"picked":"A Thousand Cuts","floor":16.0},{"not_picked":["Terror+1","Dagger Throw"],"picked":"AT_ArcaneSupremacy","floor":18.0},{"not_picked":["Cloak And Dagger+1","Masterful Stab+1"],"picked":"Blade Dance+1","floor":20.0},{"not_picked":["Dagger Throw+1","Bane","Setup"],"picked":"SKIP","floor":21.0},{"not_picked":["Malaise","Acrobatics","Flying Knee"],"picked":"SKIP","floor":23.0},{"not_picked":["Prepared+1","Dagger Throw","Blade Dance"],"picked":"SKIP","floor":27.0},{"not_picked":["Bane+1","Caltrops","Crippling Poison"],"picked":"SKIP","floor":28.0},{"not_picked":["Underhanded Strike+1","ReplayTheSpireMod:The Works","Endless Agony"],"picked":"SKIP","floor":29.0},{"not_picked":["Hidden Blade","REME_GrazeFinale","Underhanded Strike+1"],"picked":"SKIP","floor":30.0},{"not_picked":["REME_ShadowForm","Doppelganger"],"picked":"Adrenaline","floor":33.0},{"not_picked":["Well Laid Plans","Dodge and Roll","Backflip"],"picked":"SKIP","floor":35.0},{"not_picked":["Endless Agony","Dodge and Roll","Prepared"],"picked":"SKIP","floor":37},{"not_picked":["REME_ShadowStrike","Night Terror","Flying Knee"],"picked":"SKIP","floor":38},{"not_picked":["Deflect","Leg Sweep+1"],"picked":"AT_Desolate+1","floor":40},{"not_picked":["Outmaneuver+1","Poisoned Stab+1","AT_ShadowStep"],"picked":"SKIP","floor":42},{"not_picked":["Dagger Throw+1","REME_CopyPotion","PiercingWail+1"],"picked":"SKIP","floor":45},{"not_picked":["Dodge and Roll","Bane+1"],"picked":"Hidden Blade+1","floor":46},{"not_picked":["AT_FocusSwordFire","Prepared","AT_WindFlip"],"picked":"SKIP","floor":54}],"player_experience":80113,"relics_obtained":[{"floor":6.0,"key":"AT_Kusabimaru"},{"floor":8.0,"key":"Dota2Spire:ShivaGuard"},{"floor":9.0,"key":"Peace Pipe"},{"floor":14.0,"key":"ReplayFunnel"},{"floor":23.0,"key":"Dota2Spire:UrnOfShadows"},{"floor":27.0,"key":"Potion Belt"},{"floor":30.0,"key":"Toy Ornithopter"},{"floor":36.0,"key":"Ginger"},{"floor":40,"key":"Pen Nib"},{"floor":41,"key":"ReplayTheSpireMod:Ninjato"},{"floor":42,"key":"Boot"},{"floor":43,"key":"Gremlin Horn"},{"floor":54,"key":"Onion Ring"}],"event_choices":[{"damage_healed":0.0,"max_hp_gain":0.0,"max_hp_loss":0.0,"gold_gain":0.0,"event_name":"Wheel of Change","player_choice":"Damaged","floor":3.0,"gold_loss":0.0,"damage_taken":6.0},{"damage_healed":0.0,"max_hp_gain":0.0,"max_hp_loss":0.0,"gold_gain":0.0,"cards_transformed":["Strike_G"],"event_name":"Transmorgrifier","player_choice":"Transformed","floor":19.0,"gold_loss":0.0,"damage_taken":0.0,"cards_obtained":["Heel Hook"]},{"damage_healed":0.0,"max_hp_gain":0.0,"max_hp_loss":0.0,"gold_gain":0.0,"event_name":"Cursed Tome","player_choice":"Ignored","floor":22.0,"gold_loss":0.0,"damage_taken":0.0},{"damage_healed":0.0,"max_hp_gain":0.0,"max_hp_loss":0.0,"gold_gain":0.0,"event_name":"Drug Dealer","player_choice":"Inject Mutagens","floor":24.0,"gold_loss":0.0,"damage_taken":0.0,"relics_obtained":["MutagenicStrength"]},{"damage_healed":0.0,"max_hp_gain":0.0,"max_hp_loss":0.0,"gold_gain":0.0,"event_name":"The Library","player_choice":"Read","floor":31.0,"gold_loss":0.0,"damage_taken":0.0,"cards_obtained":["AT_WindRun"]},{"damage_healed":0.0,"max_hp_gain":0.0,"max_hp_loss":0.0,"gold_gain":0.0,"event_name":"MindBloom","player_choice":"Fight","floor":36.0,"gold_loss":0.0,"damage_taken":0.0},{"cards_removed":["Blade Dance"],"damage_healed":0,"gold_gain":0,"player_choice":"Removed Skill","damage_taken":0,"max_hp_gain":0,"max_hp_loss":0,"event_name":"Falling","floor":39,"gold_loss":0},{"damage_healed":0,"gold_gain":100,"player_choice":"Pray","damage_taken":0,"max_hp_gain":0,"max_hp_loss":0,"event_name":"Golden Shrine","floor":48,"gold_loss":0}],"is_beta":false,"boss_relics":[{"not_picked":["Replay:Wanted Poster","SacredBark"],"picked":"Ring of the Serpent"},{"not_picked":["REME_DemonsWealth","WristBlade"],"picked":"AT_MortalBlade"}],"items_purged_floors":[0,0,0,0,47,53],"is_endless":false,"potions_floor_spawned":[2,5,6,14,23,28,30,33,38,42,45,46],"killed_by":"The Heart","ascension_level":5}}