{"host":"0z6l31g9ps0v9zzp","time":1610688016,"event":{"mods":["Act Like it!","Arknights The Spire","BaseMod","CapriCore","Minty Spire (QoL Compilation)","StSLib"],"gold_per_floor":[114,114,127,127,202,202,213,213,294,294,294],"floor_reached":10,"language":"ZHS","playtime":250,"items_purged":[],"score":132,"play_id":"de666353-a79a-495c-b1a4-09a24d8dccf5","local_time":"20210115132016","daily_mods":["Heirloom","Flight"],"is_ascension_mode":true,"campfire_choices":[{"data":"ats:Emotion Absorption","floor":8,"key":"SMITH"}],"circlet_count":0,"master_deck":["AscendersBane","ats:Strike C","ats:Strike G","ats:Strike S","ats:Strike V","ats:Armor Crushing Shot+1","ats:Defend","ats:Defend","ats:Defend","ats:Defend","ats:Emotion Absorption+1","ats:Healing Drone"],"relics":["ats:Sanity","CaptainsWheel","ats:Industrial Water Cannon"],"acts_visited":["Exordium"],"potions_floor_usage":[6,10],"damage_taken":[{"damage":7.0,"enemies":"Small Slimes","floor":1.0,"turns":3.0},{"damage":1.0,"enemies":"Cultist","floor":3.0,"turns":4.0},{"damage":0,"enemies":"Lagavulin","floor":6,"turns":1},{"damage":7,"enemies":"Jaw Worm","floor":7,"turns":4},{"damage":45,"enemies":"3 Sentries","floor":10,"turns":7}],"seed_played":"1534983093149745725","potions_obtained":[{"floor":3.0,"key":"SmokeBomb"},{"floor":7,"key":"SkillPotion"}],"is_trial":true,"path_per_floor":["M","?","M","?","?","E","M","R","T","E"],"character_chosen":"DOCTOR_CLASS","items_purchased":[],"campfire_rested":0,"item_purchase_floors":[],"current_hp_per_floor":[58,48,47,47,36,36,29,29,29,4,4],"gold":294,"neow_bonus":"","is_daily":false,"chose_seed":false,"campfire_upgraded":1,"win_rate":0.0,"timestamp":1610688016,"path_taken":["M","?","?","?","?","E","?","R","T","E"],"items_purchased_type":[],"build_version":"2020-12-22","purchased_purges":0,"victory":false,"max_hp_per_floor":[72,72,72,72,72,72,72,72,72,72,72],"card_choices":[{"not_picked":["ats:Childhood Dance","ats:Consecutive Shot Auto","ats:Shell Defense"],"picked":"SKIP","floor":1.0},{"not_picked":["ats:LN2 Cannon","ats:Shell Defense","ats:Revitalization"],"picked":"SKIP","floor":3.0},{"not_picked":["ats:Very Hot Blade","ats:Poison Spread"],"picked":"ats:Healing Drone","floor":7}],"player_experience":279682,"relics_obtained":[{"floor":9,"key":"ats:Industrial Water Cannon"}],"event_choices":[{"damage_healed":0.0,"max_hp_gain":0.0,"max_hp_loss":0.0,"gold_gain":0.0,"event_name":"Wheel of Change","player_choice":"Damaged","floor":2.0,"gold_loss":0.0,"damage_taken":10.0},{"damage_healed":0.0,"max_hp_gain":0.0,"max_hp_loss":0.0,"gold_gain":0.0,"event_name":"Living Wall","player_choice":"Grow","floor":4.0,"gold_loss":0.0,"damage_taken":0.0,"cards_upgraded":["ats:Armor Crushing Shot"]},{"damage_healed":0.0,"max_hp_gain":0.0,"max_hp_loss":0.0,"gold_gain":75.0,"event_name":"World of Goop","player_choice":"Gather Gold","floor":5.0,"gold_loss":0.0,"damage_taken":11.0}],"is_beta":false,"boss_relics":[],"items_purged_floors":[],"is_endless":false,"potions_floor_spawned":[3,6,7],"killed_by":"3 Sentries","ascension_level":20}}