{"host":"3y2rtlgteqp2nuo3","time":1610706638,"event":{"mods":["2.2 Compatiblity","AchievementEnabler","BaseMod","Colored Map","DeckTracker","Highlight Path","Keyboard Shortcuts","Minty Spire (QoL Compilation)","Permanent Neow","Quick Restart","StSLib","SuperFastMode","everything is the same but u backflip on backflip"],"gold_per_floor":[13,25,45,55,75,106,106,133,133,144,144,144,176,188,188,285,335,354,367,68,68,85,85,85,85],"floor_reached":24,"language":"KOR","playtime":774,"items_purged":[],"score":341,"play_id":"6bc545cd-0fdc-4954-a2bb-05c16b5c9c6d","local_time":"20210115193038","is_ascension_mode":true,"campfire_choices":[{"floor":7.0,"key":"REST"},{"floor":11.0,"key":"REST"},{"data":"Deadly Poison","floor":15.0,"key":"SMITH"},{"floor":23,"key":"REST"}],"circlet_count":0,"master_deck":["AscendersBane","Strike_G","Strike_G","Strike_G","Strike_G","Defend_G","Defend_G+1","Defend_G","Defend_G","Survivor","Neutralize","Tools of the Trade","Storm of Steel","Deadly Poison+1","Dagger Throw","Outmaneuver","Eviscerate","Bouncing Flask","Corpse Explosion","Dagger Spray+1","Poisoned Stab+1","Crippling Poison","Escape Plan","After Image","Tactician","Deadly Poison+1","Catalyst"],"relics":["Ring of the Snake","Molten Egg 2","InkBottle","Anchor","Tiny House","The Specimen"],"acts_visited":["Exordium","TheCity"],"potions_floor_usage":[22,22],"damage_taken":[{"damage":2.0,"enemies":"Cultist","floor":1.0,"turns":4.0},{"damage":0.0,"enemies":"Jaw Worm","floor":2.0,"turns":5.0},{"damage":1.0,"enemies":"2 Louse","floor":3.0,"turns":3.0},{"damage":3.0,"enemies":"Blue Slaver","floor":4.0,"turns":6.0},{"damage":0.0,"enemies":"Gremlin Gang","floor":5.0,"turns":3.0},{"damage":37.0,"enemies":"3 Sentries","floor":6.0,"turns":6.0},{"damage":22.0,"enemies":"Lagavulin","floor":8.0,"turns":6.0},{"damage":0.0,"enemies":"3 Louse","floor":10.0,"turns":1.0},{"damage":22.0,"enemies":"3 Sentries","floor":13.0,"turns":5.0},{"damage":0.0,"enemies":"Blue Slaver","floor":14.0,"turns":2.0},{"damage":9.0,"enemies":"Hexaghost","floor":16.0,"turns":8.0},{"damage":21.0,"enemies":"Spheric Guardian","floor":18.0,"turns":4.0},{"damage":8.0,"enemies":"3 Byrds","floor":19.0,"turns":4.0},{"damage":5,"enemies":"3 Cultists","floor":22,"turns":4},{"damage":53,"enemies":"Slavers","floor":24,"turns":3}],"seed_played":"-1331701282564621724","potions_obtained":[{"floor":2.0,"key":"Explosive Potion"},{"floor":4.0,"key":"DuplicationPotion"},{"floor":5.0,"key":"Strength Potion"},{"floor":12.0,"key":"Ancient Potion"},{"floor":12.0,"key":"Energy Potion"},{"floor":17.0,"key":"GhostInAJar"},{"floor":19.0,"key":"ColorlessPotion"}],"is_trial":false,"path_per_floor":["M","M","M","M","M","E","R","E","T","M","R","?","E","M","R","B",null,"M","M","$","?","M","R","E"],"character_chosen":"THE_SILENT","items_purchased":["The Specimen"],"campfire_rested":3,"item_purchase_floors":[20],"current_hp_per_floor":[61,61,60,57,57,20,41,19,19,19,40,40,18,18,18,9,60,39,31,31,31,26,48,0,0],"gold":85,"neow_bonus":"TRANSFORM_TWO_CARDS","is_daily":false,"chose_seed":false,"campfire_upgraded":1,"win_rate":0.0,"timestamp":1610706638,"path_taken":["M","M","M","M","M","E","R","E","T","M","R","?","E","M","R","BOSS","M","M","$","?","M","R","E"],"items_purchased_type":["Relic"],"build_version":"2020-12-22","purchased_purges":0,"victory":false,"max_hp_per_floor":[70,70,70,70,70,70,70,70,70,70,70,70,70,70,70,70,75,75,75,75,75,75,75,75,75],"card_choices":[{"not_picked":["Acrobatics","Dagger Throw"],"picked":"Deadly Poison","floor":1.0},{"not_picked":["Concentrate","Cloak And Dagger"],"picked":"Dagger Throw","floor":2.0},{"not_picked":["Prepared","Skewer"],"picked":"Outmaneuver","floor":3.0},{"not_picked":["PiercingWail","Well Laid Plans"],"picked":"Eviscerate","floor":4.0},{"not_picked":["Flying Knee","Bane"],"picked":"Bouncing Flask","floor":5.0},{"not_picked":["Dodge and Roll","Bouncing Flask"],"picked":"Corpse Explosion","floor":6.0},{"not_picked":["Dodge and Roll","Sucker Punch+1"],"picked":"Dagger Spray+1","floor":8.0},{"not_picked":["Flying Knee+1","Acrobatics"],"picked":"Poisoned Stab+1","floor":10.0},{"not_picked":["Quick Slash+1","Predator+1"],"picked":"Crippling Poison","floor":13.0},{"not_picked":["Endless Agony+1","Expertise"],"picked":"Escape Plan","floor":14.0},{"not_picked":["Corpse Explosion","Unload+1"],"picked":"After Image","floor":16.0},{"not_picked":["Outmaneuver","All Out Attack+1"],"picked":"Tactician","floor":17.0},{"not_picked":["Prepared","PiercingWail+1"],"picked":"Deadly Poison+1","floor":18.0},{"not_picked":["Bouncing Flask","Quick Slash+1","All Out Attack+1"],"picked":"SKIP","floor":19.0},{"not_picked":["Deflect","Predator+1"],"picked":"Catalyst","floor":22}],"player_experience":692590,"relics_obtained":[{"floor":6.0,"key":"Molten Egg 2"},{"floor":9.0,"key":"InkBottle"},{"floor":13.0,"key":"Anchor"}],"event_choices":[{"damage_healed":0.0,"max_hp_gain":0.0,"max_hp_loss":0.0,"gold_gain":0.0,"event_name":"Lab","player_choice":"Got Potions","floor":12.0,"gold_loss":0.0,"damage_taken":0.0}],"is_beta":false,"boss_relics":[{"not_picked":["Coffee Dripper","Fusion Hammer"],"picked":"Tiny House"}],"items_purged_floors":[],"is_endless":false,"potions_floor_spawned":[2,4,5,14,19],"killed_by":"Slavers","ascension_level":11}}