{"host":"rewczy2ihmzhwqlt","time":1610752524,"event":{"mods":["2.2 Compatiblity","Act Like it!","BaseMod","Gensokyo","Minty Spire (QoL Compilation)","Permanent Neow","Quick Restart","Rare Cards Sparkle","StSLib"],"gold_per_floor":[117,17,33,33,49,49,67,92,116,116,151,151,167,167,167,167,167],"floor_reached":16,"language":"ZHS","playtime":790,"items_purged":[],"score":193,"play_id":"fe80f8d0-035c-4b47-9278-a49af931f648","local_time":"20210116071524","is_ascension_mode":true,"campfire_choices":[{"data":"TalkToTheHand","floor":10.0,"key":"SMITH"},{"data":"Eruption","floor":12.0,"key":"SMITH"},{"data":"BowlingBash","floor":15.0,"key":"SMITH"}],"circlet_count":0,"master_deck":["AscendersBane","Strike_P","Strike_P","Strike_P","Strike_P","Defend_P","Defend_P","Defend_P","Defend_P","Eruption+1","Vigilance","BowlingBash+1","Indignation","Halt+1","TalkToTheHand+1","InnerPeace"],"relics":["Velvet Choker","Mummified Hand","Akabeko","PreservedInsect","Boot"],"acts_visited":["Exordium"],"potions_floor_usage":[16],"damage_taken":[{"damage":3.0,"enemies":"Gensokyo:Python","floor":1.0,"turns":4.0},{"damage":3.0,"enemies":"Gensokyo:Gryphon","floor":3.0,"turns":3.0},{"damage":4.0,"enemies":"Gensokyo:2_Kodama","floor":5.0,"turns":3.0},{"damage":9.0,"enemies":"Gensokyo:Gryphon_and_Rabbit","floor":7.0,"turns":5.0},{"damage":5.0,"enemies":"Gensokyo:Mamizou","floor":8.0,"turns":6.0},{"damage":0.0,"enemies":"Gensokyo:Aya","floor":11.0,"turns":2.0},{"damage":0.0,"enemies":"Gensokyo:Kitsune","floor":13.0,"turns":1.0},{"damage":65,"enemies":"Gensokyo:Kokoro","floor":16,"turns":13}],"seed_played":"-3129107668333431006","potions_obtained":[{"floor":1.0,"key":"SpeedPotion"},{"floor":3.0,"key":"GamblersBrew"},{"floor":11.0,"key":"LiquidBronze"}],"is_trial":false,"path_per_floor":["M","?","M","?","M","?","M","E","T","R","E","R","M","?","R","B"],"character_chosen":"WATCHER","items_purchased":[],"campfire_rested":0,"item_purchase_floors":[],"current_hp_per_floor":[62,62,59,66,62,62,53,48,48,48,48,48,48,48,48,0,0],"gold":167,"neow_bonus":"BOSS_RELIC","is_daily":false,"chose_seed":false,"campfire_upgraded":3,"win_rate":0.0,"timestamp":1610752524,"path_taken":["M","?","?","?","M","?","M","E","T","R","E","R","M","?","R","BOSS"],"items_purchased_type":[],"build_version":"2020-12-22","purchased_purges":0,"victory":false,"max_hp_per_floor":[72,72,72,79,79,79,79,79,79,79,79,79,79,79,79,79,79],"card_choices":[{"not_picked":["Swivel","Protect","Crescendo"],"picked":"SKIP","floor":1.0},{"not_picked":["FollowUp","SashWhip"],"picked":"BowlingBash","floor":3.0},{"not_picked":["FollowUp","JustLucky"],"picked":"Indignation","floor":5.0},{"not_picked":["Crescendo","Evaluate"],"picked":"TalkToTheHand","floor":7.0},{"not_picked":["Indignation","ClearTheMind","Devotion"],"picked":"SKIP","floor":8.0},{"not_picked":["Wireheading","Weave","WheelKick"],"picked":"SKIP","floor":11.0},{"not_picked":["Evaluate","ForeignInfluence"],"picked":"InnerPeace","floor":13.0}],"player_experience":584919,"relics_obtained":[{"floor":8.0,"key":"Akabeko"},{"floor":9.0,"key":"PreservedInsect"},{"floor":11.0,"key":"Boot"}],"event_choices":[],"is_beta":false,"boss_relics":[],"items_purged_floors":[],"is_endless":false,"potions_floor_spawned":[1,3,11],"killed_by":"Gensokyo:Kokoro","ascension_level":10}}