{"host":"5kad88thrj7zpczb","time":1610722324,"event":{"mods":["ATMod(阿瑾Mod)","Alarm Clock","Arknights The Spire","Ascension Reborn","Aspiration","BaseMod","Challenge The Spire","Colored Powertips","Conspire","Dota2Spire","Downfall","Jedi Mod","Minty Spire (QoL Compilation)","MostiFishMod","Quick Restart","Replay The Spire","Shop Mod","StSLib","TestMod","vexMod","【功能Mod】混沌之环修复补丁","【功能Mod】聪明的最终Boss","【遗物卡牌】REMEMod","残留之物"],"gold_per_floor":[96,96,129,154,194,206,61,61,86,119,249,249,1,1,27,53,113,138],"floor_reached":19,"language":"ZHS","playtime":2104,"items_purged":[],"score":470,"play_id":"32645672-d5eb-4ac8-85d4-379f4e83b354","local_time":"20210115225204","daily_mods":["challengethespire:Silver Difficulty","challengethespire:Elite Rush","Uncertain Future"],"is_ascension_mode":true,"campfire_choices":[{"data":"Thinking Ahead","floor":2.0,"key":"SMITH"},{"data":"ats:Childhood Dance","floor":8.0,"key":"SMITH"},{"data":"ats:Rat Pack","floor":14.0,"key":"SMITH"}],"circlet_count":0,"master_deck":["ats:Strike C","ats:Strike G","ats:Strike S","ats:Strike V","ats:Armor Crushing Shot","ats:Defend","ats:Defend","ats:Defend","ats:Defend","ats:Emotion Absorption","AT_FamilyPortrait+1","ats:Shell Defense","Replay:SS_forest_2+1","Thinking Ahead+1","ats:Red Shift","ats:Powerful Strike","ats:Childhood Dance+1","ats:Strike V","ats:Assault Order","ats:Closed Bolt Burst Fire","ats:Shadow Raid","ats:Apocalypse","ats:Hammer On","ats:Hammer On","ats:Rat Pack","ats:Rat Pack+1","ats:Song Of Battle","ats:Hammer On","ats:Directed Diagnosis","ats:Explosion Area Strengthen","ats:Volcano"],"relics":["ats:Sanity","Black Star","Sling","PreservedInsect","AT_ATBox","DaveBox","REME_ComplimentaryCards","testmod-TestBox","testmod-IWantAll","MetatronsCube","Dota2Spire:ArcaneBoots","InkBottle","ats:Originium","Centennial Puzzle","AT_ImmortalShieldbow","Lantern","MawBank","conspire:BottledYoYo","Dota2Spire:MonkeyKingBar","testmod-HarvestTotem","Technique","AT_Kusabimaru","testmod-IntensifyImprint","ats:Ability Aura","Ice Cream","Replay:Bottled Steam","ReplayFunnel","Dota2Spire:RefresherOrb","DianDianMeat","Happy Flower","Dota2Spire:PhaseBoots","sneckomod:BlankCard","Dota2Spire:UrnOfShadows","ats:Lavender","Pet Ghost","Snack Pack"],"acts_visited":["Exordium"],"potions_floor_usage":[],"damage_taken":[{"damage":0.0,"enemies":"Gremlin Nob","floor":3.0,"turns":2.0},{"damage":18.0,"enemies":"Lagavulin","floor":4.0,"turns":3.0},{"damage":9.0,"enemies":"3 Sentries","floor":5.0,"turns":3.0},{"damage":5.0,"enemies":"Book of Stabbing","floor":9.0,"turns":2.0},{"damage":13.0,"enemies":"Gremlin Leader","floor":10.0,"turns":3.0},{"damage":0.0,"enemies":"Slavers","floor":11.0,"turns":3.0},{"damage":0.0,"enemies":"Reptomancer","floor":15.0,"turns":5.0},{"damage":12.0,"enemies":"Nemesis","floor":16.0,"turns":5.0},{"damage":0.0,"enemies":"Giant Head","floor":17.0,"turns":6.0},{"damage":0,"enemies":"Shield and Spear","floor":18,"turns":5}],"seed_played":"-8613477450635918492","potions_obtained":[{"floor":5.0,"key":"SteroidPotion"},{"floor":10.0,"key":"Weak Potion"},{"floor":15.0,"key":"jedi:mysterypotion"},{"floor":17.0,"key":"testmod-TestPotion"}],"is_trial":true,"path_per_floor":["$","R","E","E","E","T","$","R","E","E","E","T","$","R","E","E","E","E",null],"character_chosen":"DOCTOR_CLASS","items_purchased":["ats:Shell Defense","Dota2Spire:ArcaneBoots","InkBottle","Replay:SS_forest_2","Thinking Ahead","ats:Red Shift","ats:Powerful Strike","ats:Childhood Dance","Technique","ats:Rat Pack","ats:Song Of Battle","ats:Hammer On"],"campfire_rested":0,"item_purchase_floors":[1,1,1,1,1,1,1,1,7,13,13,13],"current_hp_per_floor":[72,72,72,54,45,117,117,117,112,107,107,107,107,107,121,129,155,156],"gold":138,"neow_bonus":"","is_daily":false,"chose_seed":false,"campfire_upgraded":3,"win_rate":0.0,"timestamp":1610722324,"path_taken":["$","R","E","E","E","T","$","R","E","E","E","T","$","R","E","E","E","?"],"items_purchased_type":["Card","Relic","Relic","Card","Card","Card","Card","Card","Relic","Card","Card","Card"],"build_version":"2020-12-22","purchased_purges":0,"victory":true,"max_hp_per_floor":[72,72,72,72,72,144,144,144,144,144,144,144,144,144,146,150,156,156],"card_choices":[],"player_experience":0,"relics_obtained":[{"floor":3.0,"key":"ats:Originium"},{"floor":3.0,"key":"Centennial Puzzle"},{"floor":3.0,"key":"AT_ImmortalShieldbow"},{"floor":4.0,"key":"ats:Originium"},{"floor":4.0,"key":"Lantern"},{"floor":4.0,"key":"MawBank"},{"floor":5.0,"key":"conspire:BottledYoYo"},{"floor":5.0,"key":"Dota2Spire:MonkeyKingBar"},{"floor":5.0,"key":"ats:Originium"},{"floor":9.0,"key":"AT_Kusabimaru"},{"floor":9.0,"key":"testmod-IntensifyImprint"},{"floor":10.0,"key":"ats:Ability Aura"},{"floor":10.0,"key":"Ice Cream"},{"floor":11.0,"key":"Replay:Bottled Steam"},{"floor":11.0,"key":"ReplayFunnel"},{"floor":15.0,"key":"DianDianMeat"},{"floor":15.0,"key":"Happy Flower"},{"floor":16.0,"key":"Dota2Spire:PhaseBoots"},{"floor":16.0,"key":"sneckomod:BlankCard"},{"floor":17.0,"key":"Dota2Spire:UrnOfShadows"},{"floor":17.0,"key":"ats:Lavender"},{"floor":18,"key":"Pet Ghost"},{"floor":18,"key":"Snack Pack"}],"event_choices":[],"is_beta":false,"boss_relics":[{"not_picked":["GreenFoldingFan","vexMod:TanglingVine"],"picked":"testmod-HarvestTotem"},{"not_picked":["SynthV:MejaisSoulstealer","Fusion Hammer"],"picked":"Dota2Spire:RefresherOrb"}],"items_purged_floors":[],"is_endless":false,"potions_floor_spawned":[5,10,15,17],"ascension_level":0}}