{"host":"evor8co6wap25kfw","time":1610730051,"event":{"mods":["ATMod(阿瑾Mod)","Act Like it!","BaseMod","Conspire","KinomotoSakuraMod(木之本樱)","Koishi","KomeijiMod","Minty Spire (QoL Compilation)","MostiFishMod","Replay The Spire","SOS（斯巴达之子）","StSLib","The Saiyan","The Servant 0.9.4","vexMod","【遗物卡牌】REMEMod"],"gold_per_floor":[110,129,129,142,317,317,343,343,367,381,401,401,433,447,447,565,565,577,577,290,310,323,348,348,382,382,399,200,255,268,302,302,400,400,414,432,432,432,446,545,57,71,71,138,168,620,495,543,543,543,543,543,239,346,346],"floor_reached":56,"language":"ZHS","playtime":1507,"items_purged":["Defend_G","Defend_G","Defend_G","Strike_G"],"score":1967,"play_id":"fec1acb2-b548-464e-a9aa-e076c5d11775","local_time":"20210116010051","is_ascension_mode":true,"campfire_choices":[{"data":"Searching","floor":6,"key":"SMITH"},{"data":"Crippling Poison","floor":12,"key":"SMITH"},{"floor":15,"key":"RECALL"},{"data":"AT_MachinaRedman","floor":32,"key":"SMITH"},{"data":"Catalyst","floor":49,"key":"SMITH"},{"data":"Backflip","floor":52,"key":"SMITH"}],"circlet_count":0,"master_deck":["Strike_G","Strike_G","Strike_G","Strike_G","Defend_G","Survivor","Neutralize","Searching+1","AT_MachinaRedman+1","Dagger Spray","Backflip+1","ReplayTheSpireMod:Scrap Shanks","Deadly Poison","Crippling Poison+1","Poisoned Stab+1","MostiFishMod:Dislodge+1","AT_KingSlayer+1","Bouncing Flask+1","Poisoned Stab+1","MostiFishMod:HiddenBlade+1","AT_ShadowStep+1","Confused","AT_KingSlayer+1","Catalyst+1"],"relics":["Ring of the Serpent","AT_ATBox","REME_ComplimentaryCards","PatriotShield","NeowsBlessing","Clue","SynthV:TestCard","Potion Belt","Replay:WaspNest","AT_Manta","Prayer Wheel","Clue","Golden Egg","Bag of Preparation","Pocketwatch","Lizard Tail","Shovel","Eternal Feather","Clue","AT_RabadonDeathcap","RhineCircuit","Clue","Blue Doll","Pear","DollysMirror","Tough Bandages","Shuriken","AT_GoldPhoenixTree","SynthV","Replay:Towering Pillar of Hats"],"acts_visited":["Exordium","TheCity","TheBeyond","TheEnding"],"potions_floor_usage":[7,7,16,29,29,29,29,50,55,55,55,55],"damage_taken":[{"damage":0,"enemies":"Cultist","floor":1,"turns":1},{"damage":0,"enemies":"Jaw Worm","floor":2,"turns":2},{"damage":0,"enemies":"Small Slimes","floor":4,"turns":3},{"damage":0,"enemies":"3 Sentries","floor":7,"turns":1},{"damage":0,"enemies":"Red Slaver","floor":10,"turns":1},{"damage":0,"enemies":"Exordium Thugs","floor":11,"turns":3},{"damage":0,"enemies":"Lagavulin","floor":13,"turns":2},{"damage":0,"enemies":"Blue Slaver","floor":14,"turns":2},{"damage":0,"enemies":"Slime Boss","floor":16,"turns":9},{"damage":0,"enemies":"conspire:FuzzyDice","floor":18,"turns":5},{"damage":0,"enemies":"3 Byrds","floor":21,"turns":3},{"damage":0,"enemies":"Shelled Parasite and Fungi","floor":22,"turns":3},{"damage":0,"enemies":"REME_1_Revenger","floor":23,"turns":4},{"damage":0,"enemies":"conspire:SneckoGhost","floor":25,"turns":2},{"damage":4,"enemies":"Snake Plant","floor":27,"turns":2},{"damage":0,"enemies":"REME_1_Revenger","floor":29,"turns":1},{"damage":0,"enemies":"Chosen and Byrds","floor":30,"turns":3},{"damage":0,"enemies":"conspire:Head Lice","floor":31,"turns":1},{"damage":0,"enemies":"Pondfish","floor":33,"turns":3},{"damage":0,"enemies":"3 Darklings","floor":35,"turns":1},{"damage":0,"enemies":"Orb Walker","floor":36,"turns":1},{"damage":0,"enemies":"3 Darklings","floor":39,"turns":2},{"damage":0,"enemies":"R_Hoarder","floor":40,"turns":4},{"damage":0,"enemies":"Maw","floor":42,"turns":2},{"damage":0,"enemies":"Jaw Worm Horde","floor":44,"turns":1},{"damage":0,"enemies":"Reptomancer","floor":45,"turns":1},{"damage":0,"enemies":"2 Orb Walkers","floor":48,"turns":2},{"damage":0,"enemies":"conspire:OrnateMirror","floor":50,"turns":1},{"damage":0,"enemies":"Shield and Spear","floor":54,"turns":2},{"damage":30,"enemies":"The Heart","floor":55,"turns":3}],"seed_played":"6267528966899118854","potions_obtained":[{"floor":1,"key":"AttackPotion"},{"floor":4,"key":"DuplicationPotion"},{"floor":7,"key":"BlessingOfTheForge"},{"floor":11,"key":"AttackPotion"},{"floor":13,"key":"GhostInAJar"},{"floor":23,"key":"Fire Potion"},{"floor":27,"key":"DuplicationPotion"},{"floor":29,"key":"REME_GoldPotion"},{"floor":33,"key":"AttackPotion"},{"floor":35,"key":"Adrenaline Potion"},{"floor":42,"key":"SpeedPotion"},{"floor":48,"key":"PowerPotion"},{"floor":48,"key":"SkillPotion"}],"is_trial":false,"path_per_floor":["M","M","?","M","?","R","E","?","T","M","M","R","E","M","R","B",null,"M","?","$","M","M","E","T","E","T","M","?","E","M","E","R","B",null,"M","M","?","?","M","E","$","M","T","M","E","?","$","?","R","B",null,"R","$","E","B",null],"character_chosen":"THE_SILENT","items_purchased":["AT_KingSlayer","Bouncing Flask","Pear","DollysMirror","SynthV"],"campfire_rested":0,"item_purchase_floors":[20,20,41,41,53],"current_hp_per_floor":[70,70,70,70,70,70,70,58,58,58,58,58,58,58,58,58,70,70,70,70,70,70,70,70,70,70,66,66,66,66,66,70,70,70,70,70,70,70,70,70,80,80,80,80,80,80,80,80,80,80,80,80,80,80,50],"gold":346,"neow_bonus":"THREE_ENEMY_KILL","is_daily":false,"chose_seed":false,"campfire_upgraded":5,"win_rate":0.0,"timestamp":1610730051,"path_taken":["M","M","?","?","?","R","E","?","T","M","M","R","E","M","R","BOSS","M","?","$","?","M","E","?","E","T","M","?","E","M","E","R","BOSS","M","M","?","?","M","E","$","M","T","?","E","?","?","?","R","BOSS","R","$","E","BOSS"],"items_purchased_type":["Card","Card","Relic","Relic","Relic"],"build_version":"2020-12-22","purchased_purges":4,"victory":true,"max_hp_per_floor":[70,70,70,70,70,70,70,70,70,70,70,70,70,70,70,70,70,70,70,70,70,70,70,70,70,70,70,70,70,70,70,70,70,70,70,70,70,70,70,70,80,80,80,80,80,80,80,80,80,80,80,80,80,80,80],"card_choices":[{"not_picked":["Sucker Punch","Well Laid Plans"],"picked":"Dagger Spray","floor":1},{"not_picked":["MostiFishMod:PerfectParry","ReplayTheSpireMod:Scrap Shanks","Predator","Hidden Blade"],"picked":"Backflip","floor":2},{"not_picked":["Replay:Poison Smokescreen","Prepared","MostiFishMod:PerfectParry","Dagger Throw"],"picked":"Deadly Poison","floor":4},{"not_picked":["Quick Slash","Masterful Stab","Acrobatics","Dagger Throw","Outmaneuver"],"picked":"SKIP","floor":7},{"not_picked":["MostiFishMod:PoisonShield","Prepared","Masterful Stab","Endless Agony","conspire:DoublingDagger"],"picked":"SKIP","floor":7},{"not_picked":["MostiFishMod:ShivMaster","Blade Dance","Bane","Dagger Throw","Underhanded Strike"],"picked":"SKIP","floor":10},{"not_picked":["Blade Dance","Flying Knee","Underhanded Strike","PiercingWail"],"picked":"Crippling Poison","floor":11},{"not_picked":["conspire:PoisonWeapons","Quick Slash","Hidden Blade","Blade Dance"],"picked":"Poisoned Stab","floor":13},{"not_picked":["Flechettes","Sucker Punch","Deadly Poison","Terror","ReplayTheSpireMod:Scrap Shanks"],"picked":"SKIP","floor":14},{"not_picked":["Blade Dance","MostiFishMod:PreservedThorns","MostiFishMod:PerfectParry","Footwork","Escape Plan"],"picked":"SKIP","floor":14},{"not_picked":["Wraith Form v2","Venomology","MostiFishMod:SpreadingSpore","REME_SpectralBlade"],"picked":"MostiFishMod:Dislodge","floor":16},{"not_picked":["Dodge and Roll","Prepared","Blade Dance","Caltrops","Slice"],"picked":"SKIP","floor":18},{"not_picked":["Prepared","Dodge and Roll+1","Outmaneuver","Choke","Underhanded Strike"],"picked":"SKIP","floor":18},{"not_picked":["Dodge and Roll+1","REME_ShadowStrike","Reflex","Expertise","Outmaneuver"],"picked":"SKIP","floor":18},{"not_picked":["Quick Slash","Blade Dance+1","Deadly Poison","Underhanded Strike","ReplayTheSpireMod:Tripwire"],"picked":"SKIP","floor":21},{"not_picked":["MostiFishMod:PerfectParry+1","Prepared","Quick Slash","Dodge and Roll","Sneak Up"],"picked":"SKIP","floor":21},{"not_picked":["Backflip","Prepared+1","Dodge and Roll","Terror","Outmaneuver"],"picked":"SKIP","floor":22},{"not_picked":["Unload","ReplayTheSpireMod:Scrap Shanks","Dagger Spray","Skewer","Prepared"],"picked":"SKIP","floor":22},{"not_picked":["AT_ThistleTea","Outmaneuver","MostiFishMod:ThornCasing","Distraction+1","Choke+1"],"picked":"SKIP","floor":23},{"not_picked":["ReplayTheSpireMod:Shiv Toss","Leg Sweep","Quick Slash+1","Acrobatics+1","ReplayTheSpireMod:Speed Training+1"],"picked":"SKIP","floor":25},{"not_picked":["Tactician","Dagger Throw","AT_ShadowStep+1","REME_CopyPotion","Deadly Poison"],"picked":"SKIP","floor":27},{"not_picked":["PiercingWail","Dagger Throw","Slice","Night Terror","Acrobatics"],"picked":"SKIP","floor":27},{"not_picked":["Flying Knee+1","Slice","Riddle With Holes","REME_GreenPollution+1","Hidden Blade"],"picked":"SKIP","floor":27},{"not_picked":["Footwork","Sucker Punch","PiercingWail","Flying Knee"],"picked":"Poisoned Stab+1","floor":29},{"not_picked":["Endless Agony","Eviscerate","Flying Knee","Cloak And Dagger+1","MostiFishMod:Listen"],"picked":"SKIP","floor":30},{"not_picked":["REME_GreenPollution+1","Distraction","Hidden Blade","Dodge and Roll","Well Laid Plans"],"picked":"SKIP","floor":30},{"not_picked":["ReplayTheSpireMod:Tripwire","Footwork","Noxious Fumes","Acrobatics","ReplayTheSpireMod:Shiv Toss"],"picked":"SKIP","floor":31},{"not_picked":["REME_SpectralBlade","MostiFishMod:VineMother","MostiFishMod:Opportunism","Phantasmal Killer"],"picked":"MostiFishMod:HiddenBlade","floor":33},{"not_picked":["Choke+1","Blade Dance","Reflex+1","AT_TwilightShroud"],"picked":"AT_ShadowStep+1","floor":35},{"not_picked":["Calculated Gamble","Poisoned Stab","REME_ShadowStrike","Outmaneuver","Acrobatics"],"picked":"SKIP","floor":35},{"not_picked":["MostiFishMod:PreservedThorns+1","Deadly Poison","Poisoned Stab+1","Sucker Punch+1","Outmaneuver"],"picked":"SKIP","floor":36},{"not_picked":["Leg Sweep+1","Dagger Spray+1","REME_ShadowStrike","MostiFishMod:PreservedThorns","Dagger Throw+1"],"picked":"SKIP","floor":36},{"not_picked":["Cloak And Dagger","Slice","conspire:DoublingDagger+1","Deadly Poison+1","Hidden Blade"],"picked":"SKIP","floor":36},{"not_picked":["Choke+1","AT_KneejerkReflex+1","Prepared","REME_CopyPotion","Backstab+1"],"picked":"SKIP","floor":39},{"not_picked":["Predator+1","Dagger Spray+1","Bane+1","Sucker Punch+1","Blur"],"picked":"SKIP","floor":39},{"not_picked":["Dagger Throw","Tools of the Trade","Cloak And Dagger+1","MostiFishMod:Wind","Dodge and Roll"],"picked":"SKIP","floor":40},{"not_picked":["Cloak And Dagger+1","Prepared","Backflip+1","Poisoned Stab+1","MostiFishMod:InvigoratingSolution+1"],"picked":"SKIP","floor":42},{"not_picked":["Underhanded Strike","Deflect+1","Quick Slash","Cloak And Dagger","Hidden Blade+1"],"picked":"SKIP","floor":42},{"not_picked":["MostiFishMod:ShivMaster","Deflect+1","Underhanded Strike","Quick Slash+1"],"picked":"Catalyst","floor":44},{"not_picked":["Finisher","Deadly Poison","Acrobatics","Outmaneuver","Underhanded Strike+1"],"picked":"SKIP","floor":44},{"not_picked":["Dagger Spray+1","Backstab","Dagger Throw+1","Cloak And Dagger+1","MostiFishMod:WinterMarkForm"],"picked":"SKIP","floor":45},{"not_picked":["Deadly Poison+1","Hidden Blade","Caltrops","Dodge and Roll+1","All Out Attack+1"],"picked":"SKIP","floor":54}],"player_experience":206108,"relics_obtained":[{"floor":1,"key":"Clue"},{"floor":1,"key":"SynthV:TestCard"},{"floor":7,"key":"Potion Belt"},{"floor":11,"key":"AT_Manta"},{"floor":13,"key":"Prayer Wheel"},{"floor":14,"key":"Clue"},{"floor":14,"key":"Golden Egg"},{"floor":23,"key":"Bag of Preparation"},{"floor":25,"key":"Pocketwatch"},{"floor":26,"key":"Lizard Tail"},{"floor":27,"key":"Shovel"},{"floor":29,"key":"Eternal Feather"},{"floor":31,"key":"Clue"},{"floor":31,"key":"AT_RabadonDeathcap"},{"floor":36,"key":"Clue"},{"floor":40,"key":"Blue Doll"},{"floor":43,"key":"Tough Bandages"},{"floor":45,"key":"Shuriken"},{"floor":48,"key":"AT_GoldPhoenixTree"},{"floor":54,"key":"Replay:Towering Pillar of Hats"}],"event_choices":[{"damage_healed":0,"gold_gain":0,"cards_transformed":["Defend_G"],"player_choice":"Transformed","damage_taken":0,"max_hp_gain":0,"max_hp_loss":0,"event_name":"Transmorgrifier","floor":3,"gold_loss":0,"cards_obtained":["ReplayTheSpireMod:Scrap Shanks"]},{"damage_healed":0,"gold_gain":175,"player_choice":"AGREE","damage_taken":0,"max_hp_gain":0,"max_hp_loss":0,"event_name":"Liars Game","floor":5,"gold_loss":0,"cards_obtained":["Doubt"]},{"damage_healed":0,"gold_gain":0,"player_choice":"Success","damage_taken":12,"relics_obtained":["Replay:WaspNest"],"max_hp_gain":0,"max_hp_loss":0,"event_name":"Scrap Ooze","floor":8,"gold_loss":0},{"cards_removed":["Doubt"],"damage_healed":0,"gold_gain":0,"player_choice":"Removed Curses","damage_taken":0,"max_hp_gain":0,"max_hp_loss":0,"event_name":"Fountain of Cleansing","floor":19,"gold_loss":0},{"damage_healed":0,"gold_gain":0,"player_choice":"Forge","damage_taken":0,"max_hp_gain":0,"max_hp_loss":0,"event_name":"Accursed Blacksmith","floor":38,"gold_loss":0,"cards_upgraded":["Poisoned Stab"]},{"damage_healed":0,"gold_gain":0,"player_choice":"Fight","damage_taken":0,"max_hp_gain":0,"max_hp_loss":0,"event_name":"Mysterious Sphere","floor":48,"gold_loss":0}],"is_beta":false,"boss_relics":[{"not_picked":["Honey Jar","WristBlade"],"picked":"Ring of the Serpent"},{"not_picked":["JellyFishMachine","SacredBark"],"picked":"RhineCircuit"}],"items_purged_floors":[20,41,47,53],"is_endless":false,"potions_floor_spawned":[1,4,7,11,13,23,25,27,29,33,35,42,48,48],"ascension_level":2}}