{"host":"6to8m083wj0ro91z","time":1610739865,"event":{"mods":["100% Spire Juice","BaseMod","Better Third Choice","BetterRewards","CatGirl Mod","ChefMod","Friendly Minions","Hubris","Mad Scientist","Marisa????????","Minty Spire (QoL Compilation)","Railgun Mod","Robot Space Explorer","Shade Mod","Spicy Shops","StSLib","The Blackbeard","The Death Knight","The Gatherer","The Marked","The Mystic","The Necromancer","The Servant 0.9.4","WarShipGirlsR/????R mod"],"gold_per_floor":[111,111,130,130,143,143,170,170,196,227,245,245,245,280,280,377,377,393,393,393,411,436,465,465,491,491,511,543,543,558,585,585,681,681,700,713,713,227,242,31,31,56,56,56,70,80,80,114,114,114,114,114,114,145,145],"floor_reached":56,"language":"ENG","playtime":2608,"items_purged":["Moonworks:Strike","Moonworks:Strike"],"score":2243,"play_id":"90f1c525-339c-40c9-a322-88e10d62335b","local_time":"20210115204425","is_ascension_mode":true,"campfire_choices":[{"data":"Moonworks:NicePresent","floor":6,"key":"SMITH"},{"data":"Moonworks:LulusLuckyEgg","floor":8,"key":"SMITH"},{"data":"Moonworks:RedAndBlue","floor":12,"key":"SMITH"},{"data":"Moonworks:LongDistanceShot","floor":15,"key":"SMITH"},{"data":"Moonworks:MiracleWalker","floor":24,"key":"SMITH"},{"data":"Moonworks:NicePresent","floor":29,"key":"SMITH"},{"data":"Moonworks:WindyEnchantment","floor":32,"key":"SMITH"},{"data":"Moonworks:MetallicMonocoque","floor":41,"key":"SMITH"},{"floor":44,"key":"RECALL"},{"data":"Moonworks:Defend","floor":49,"key":"SMITH"},{"data":"Master of Strategy","floor":52,"key":"SMITH"}],"circlet_count":0,"master_deck":["Moonworks:Strike+1","Moonworks:Strike+1","Moonworks:Defend+1","Moonworks:Defend+1","Moonworks:Defend+1","Moonworks:Defend+1","Moonworks:Ambush+1","Moonworks:LongDistanceShot+1","Moonworks:RedAndBlue+1","Moonworks:CloudOfSeagulls+1","Moonworks:NicePresent+1","Moonworks:EvilSpyWorkPreparation+1","Moonworks:NicePresent+1","Moonworks:LulusLuckyEgg+1","Moonworks:JonathanRush+1","Moonworks:CrystalBarrier+1","Moonworks:MiracleWalker+1","Moonworks:JonathanRush+1","Moonworks:NicePresent","Moonworks:NicePresent+1","Moonworks:WindyEnchantment+1","Moonworks:MetallicMonocoque+1","Master of Strategy+1","Decay"],"relics":["Moonworks:BrokenBomb","Moonworks:Homemark","hubris:PeanutButter","Molten Egg 2","Ornamental Fan","Strawberry","hubris:MysteriousPyramids","Shuriken","HornCleat","Sozu","Whetstone","Incense Burner","Happy Flower","Matryoshka","Bag of Marbles","Pear","hubris:VirtuousBlindfold","ClockworkSouvenir","Nunchaku","Mango","Ginger","PreservedInsect","hubris:SphereOfDissonance","Mercury Hourglass","Lantern"],"acts_visited":["Exordium","TheCity","TheBeyond","TheEnding"],"potions_floor_usage":[7,55,55,55],"damage_taken":[{"damage":0,"enemies":"2 Louse","floor":1,"turns":3},{"damage":0,"enemies":"Jaw Worm","floor":3,"turns":3},{"damage":0,"enemies":"Cultist","floor":5,"turns":2},{"damage":0,"enemies":"3 Sentries","floor":7,"turns":6},{"damage":0,"enemies":"Lagavulin","floor":10,"turns":5},{"damage":0,"enemies":"3 Louse","floor":11,"turns":3},{"damage":0,"enemies":"3 Sentries","floor":14,"turns":5},{"damage":0,"enemies":"Slime Boss","floor":16,"turns":4},{"damage":0,"enemies":"2 Thieves","floor":18,"turns":3},{"damage":0,"enemies":"Spheric Guardian","floor":21,"turns":3},{"damage":2,"enemies":"Slavers","floor":23,"turns":3},{"damage":0,"enemies":"Gremlin Leader","floor":25,"turns":3},{"damage":0,"enemies":"Snake Plant","floor":27,"turns":3},{"damage":0,"enemies":"Slavers","floor":28,"turns":3},{"damage":0,"enemies":"Centurion and Healer","floor":30,"turns":3},{"damage":0,"enemies":"Gremlin Leader","floor":31,"turns":4},{"damage":2,"enemies":"hubris:MusketHawk","floor":33,"turns":5},{"damage":0,"enemies":"3 Darklings","floor":35,"turns":3},{"damage":0,"enemies":"Orb Walker","floor":36,"turns":2},{"damage":0,"enemies":"Spire Growth","floor":39,"turns":3},{"damage":0,"enemies":"Giant Head","floor":40,"turns":4},{"damage":0,"enemies":"Nemesis","floor":42,"turns":5},{"damage":0,"enemies":"4 Shapes","floor":45,"turns":2},{"damage":0,"enemies":"Jaw Worm Horde","floor":46,"turns":1},{"damage":0,"enemies":"Reptomancer","floor":48,"turns":3},{"damage":0,"enemies":"Time Eater","floor":50,"turns":5},{"damage":0,"enemies":"Shield and Spear","floor":54,"turns":2},{"damage":0,"enemies":"The Heart","floor":55,"turns":7}],"seed_played":"-4403776248519747491","potions_obtained":[{"floor":5,"key":"EntropicBrew"},{"floor":7,"key":"ColorlessPotion"},{"floor":11,"key":"DuplicationPotion"}],"is_trial":false,"path_per_floor":["M","?","M","?","M","R","E","R","T","E","M","R","?","E","R","B",null,"M","?","?","M","T","E","R","E","T","M","E","R","M","E","R","B",null,"M","M","?","$","M","E","R","E","T","R","M","M","?","E","R","B",null,"R","$","E","B",null],"character_chosen":"THE_STARBREAKER","items_purchased":["hubris:PeanutButter","Molten Egg 2","Moonworks:RedAndBlue","Ornamental Fan","Strawberry","Moonworks:CloudOfSeagulls+1","Moonworks:NicePresent","Block Potion","ClockworkSouvenir","Nunchaku","Master of Strategy"],"campfire_rested":0,"item_purchase_floors":[0,0,0,0,0,0,0,0,38,38,38],"current_hp_per_floor":[31,31,31,31,31,31,31,31,31,31,31,31,18,18,18,18,67,67,47,47,47,47,45,45,45,45,45,48,48,48,58,58,56,77,77,77,77,77,77,91,91,91,91,91,91,91,91,91,91,91,91,91,91,91,91],"gold":145,"neow_bonus":"","is_daily":false,"chose_seed":false,"campfire_upgraded":10,"win_rate":0.0,"timestamp":1610739865,"path_taken":["M","?","M","?","?","R","E","R","T","E","M","R","?","E","R","BOSS","M","?","?","M","?","E","R","E","T","M","E","R","?","E","R","BOSS","M","M","?","$","M","E","R","E","T","R","M","M","?","E","R","BOSS","R","$","E","BOSS"],"items_purchased_type":["Relic","Relic","Card","Relic","Relic","Card","Card","Potion","Relic","Relic","Card"],"build_version":"2020-12-22","purchased_purges":2,"victory":true,"max_hp_per_floor":[67,67,67,67,67,67,67,67,67,67,67,67,67,67,67,67,67,67,67,67,67,67,67,67,67,67,67,67,67,67,77,77,77,77,77,77,77,77,77,91,91,91,91,91,91,91,91,91,91,91,91,91,91,91,91],"card_choices":[{"not_picked":["Moonworks:DeployBits","Moonworks:ImmovableObject"],"picked":"Moonworks:EvilSpyWorkPreparation","floor":1},{"not_picked":["Moonworks:Dinner","Moonworks:EvilSpyWorkPreparation","Moonworks:AwakeningOfTalent+1"],"picked":"SKIP","floor":3},{"not_picked":["Moonworks:LulusLuckyEgg","Moonworks:CloudOfSeagulls+1"],"picked":"Moonworks:NicePresent","floor":5},{"not_picked":["Moonworks:Assault+1","Moonworks:Blazing"],"picked":"Moonworks:LulusLuckyEgg","floor":7},{"not_picked":["Moonworks:ExtendedPhotonRifle+1","Moonworks:CloudOfSeagulls+1","Moonworks:DeployBits"],"picked":"SKIP","floor":10},{"not_picked":["Moonworks:NicePresent","Moonworks:DeployBits"],"picked":"Moonworks:JonathanRush+1","floor":11},{"not_picked":["Moonworks:IndiscriminateFireSupport+1","Moonworks:SakisCookie","Moonworks:ImOnFire"],"picked":"SKIP","floor":14},{"not_picked":["Moonworks:EvilMastermind","Moonworks:StarBlastingFuse"],"picked":"Moonworks:CrystalBarrier","floor":16},{"not_picked":["Moonworks:CastOff+1","Moonworks:UnluckyCharm","Moonworks:BackdoorTrade"],"picked":"SKIP","floor":18},{"not_picked":[],"picked":"Moonworks:MiracleWalker","floor":20},{"not_picked":["Moonworks:CompletionReward+1","Moonworks:LulusLuckyEgg+1"],"picked":"Moonworks:JonathanRush+1","floor":21},{"not_picked":["Moonworks:IndiscriminateFireSupport+1","Moonworks:ExtendedPhotonRifle+1"],"picked":"Moonworks:NicePresent","floor":23},{"not_picked":["Moonworks:BigMagnum","Moonworks:CloudOfSeagulls+1"],"picked":"Moonworks:JonathanRush+1","floor":25},{"not_picked":["Moonworks:StarBlastingFuse","Moonworks:IntelligenceOfficer"],"picked":"Moonworks:NicePresent","floor":27},{"not_picked":["Moonworks:LulusLuckyEgg+1","Moonworks:ImOnFire+1","Moonworks:DeployBits"],"picked":"SKIP","floor":28},{"not_picked":["Moonworks:DeployBits","Moonworks:CloudOfSeagulls+1","Moonworks:RagingMadness"],"picked":"SKIP","floor":30},{"not_picked":["Moonworks:IndiscriminateFireSupport+1","Moonworks:SakisCookie+1"],"picked":"Moonworks:WindyEnchantment","floor":31},{"not_picked":["Moonworks:OutOfAmmo","Moonworks:CrystalBarrier"],"picked":"Moonworks:MetallicMonocoque","floor":33},{"not_picked":["Moonworks:IndiscriminateFireSupport+1","Moonworks:JonathanRush+1","Moonworks:EvilSpyWorkPreparation"],"picked":"SKIP","floor":35},{"not_picked":["Moonworks:CookingTime+1","Moonworks:DeployBits","Moonworks:IndiscriminateFireSupport+1"],"picked":"SKIP","floor":36},{"not_picked":["Moonworks:BeyondHell","Moonworks:IndiscriminateFireSupport+1","Moonworks:DeployBits+1"],"picked":"SKIP","floor":39},{"not_picked":["Moonworks:AccelHyper","Moonworks:MixPhenomenon","Moonworks:Accelerator"],"picked":"SKIP","floor":40},{"not_picked":["Moonworks:SweetBattle+1","Moonworks:ImOnFire+1","Moonworks:BigMagnum+1"],"picked":"SKIP","floor":42},{"not_picked":["Moonworks:Bloodlust+1","Moonworks:DeployBits","Moonworks:ImOnFire+1"],"picked":"SKIP","floor":45},{"not_picked":["Moonworks:IndiscriminateFireSupport+1","Moonworks:SakisCookie","Moonworks:BigMagnum"],"picked":"SKIP","floor":46},{"not_picked":["Moonworks:ExtendedPhotonRifle+1","Moonworks:IndiscriminateFireSupport+1","Moonworks:DeployBits"],"picked":"SKIP","floor":48},{"not_picked":["Moonworks:ImOnFire+1","Moonworks:Dinner+1","Moonworks:JonathanRush+1"],"picked":"SKIP","floor":54}],"player_experience":1099133,"relics_obtained":[{"floor":7,"key":"hubris:MysteriousPyramids"},{"floor":10,"key":"Shuriken"},{"floor":14,"key":"HornCleat"},{"floor":22,"key":"Whetstone"},{"floor":23,"key":"Incense Burner"},{"floor":25,"key":"Happy Flower"},{"floor":26,"key":"Matryoshka"},{"floor":28,"key":"Bag of Marbles"},{"floor":31,"key":"Pear"},{"floor":40,"key":"Mango"},{"floor":42,"key":"Ginger"},{"floor":43,"key":"PreservedInsect"},{"floor":43,"key":"hubris:SphereOfDissonance"},{"floor":48,"key":"Mercury Hourglass"},{"floor":54,"key":"Lantern"}],"event_choices":[{"damage_healed":0,"gold_gain":0,"player_choice":"Forge","damage_taken":0,"max_hp_gain":0,"max_hp_loss":0,"event_name":"Accursed Blacksmith","floor":4,"gold_loss":0,"cards_upgraded":["Moonworks:EvilSpyWorkPreparation"]},{"damage_healed":31,"gold_gain":0,"player_choice":"Upgrade","damage_taken":13,"max_hp_gain":0,"max_hp_loss":67,"event_name":"betterThird:BetterShining","floor":13,"gold_loss":0,"cards_upgraded":["Moonworks:Defend","Moonworks:NicePresent"]},{"cards_removed":["Moonworks:JonathanRush"],"damage_healed":0,"gold_gain":0,"player_choice":"Removed Attack","damage_taken":0,"max_hp_gain":0,"max_hp_loss":0,"event_name":"Falling","floor":37,"gold_loss":0},{"damage_healed":0,"gold_gain":0,"player_choice":"Cursed","damage_taken":0,"max_hp_gain":0,"max_hp_loss":0,"event_name":"Wheel of Change","floor":47,"gold_loss":0,"cards_obtained":["Decay"]}],"is_beta":false,"boss_relics":[{"not_picked":["Pandora\u0027s Box","hubris:Stopwatch"],"picked":"Sozu"},{"not_picked":["hubris:ScarierMask","Tiny House"],"picked":"hubris:VirtuousBlindfold"}],"items_purged_floors":[0,0],"is_endless":false,"potions_floor_spawned":[5,7,11,23,25,33,35,39,40,45,48,54],"ascension_level":1}}