{"host":"tnsigirk6wurdark","time":1610750633,"event":{"mods":["BaseMod","Bestiary","Colored Map","Colored Powertips","Curses Come First","DeckTracker","Filter the Spire","Highlight Path","Minty Spire (QoL Compilation)","Quick Restart","Relic Sorter","StSLib","Synergy Search"],"gold_per_floor":[117,117,117,42,60,60,94,94,120,137,107,125,125,151,151,227,227,245,245,245,258,272,272,298,298,298,298,311,12,12,29,29,103,103,118,128,128,128,128,128,144,144,196,196,214,52,52,77,77,77,77],"floor_reached":50,"language":"ENG","playtime":3117,"items_purged":["Strike_G"],"score":864,"play_id":"0b9fb5ce-de53-47f5-a72f-8bf231abeb87","local_time":"20210115224353","is_ascension_mode":true,"campfire_choices":[{"data":"Noxious Fumes","floor":6.0,"key":"SMITH"},{"floor":8.0,"key":"REST"},{"data":"Prepared","floor":15.0,"key":"SMITH"},{"floor":23,"key":"REST"},{"data":"Storm of Steel","floor":25,"key":"SMITH"},{"floor":30,"key":"REST"},{"data":"Apotheosis","floor":32,"key":"SMITH"},{"floor":40,"key":"REST"},{"floor":42,"key":"REST"},{"data":"Phantasmal Killer","floor":44,"key":"SMITH"},{"floor":47,"key":"REST"},{"floor":49,"key":"REST"}],"circlet_count":0,"master_deck":["AscendersBane","Survivor","Neutralize","Tactician","Endless Agony","Noxious Fumes+1","Dagger Spray","Prepared+1","Riddle With Holes","Dagger Throw","Die Die Die+1","CurseOfTheBell","Storm of Steel+1","Sucker Punch+1","Catalyst","Endless Agony","RitualDagger","Deflect","Apotheosis+1","Noxious Fumes","Caltrops","Phantasmal Killer+1","Dagger Throw","Blade Dance","Infinite Blades","Riddle With Holes","Reflex","Poisoned Stab","Quick Slash","Deadly Poison+1","Dagger Spray+1","Finisher","Quick Slash","Blade Dance","Adrenaline","Tactician+1","PiercingWail","Doppelganger","Blade Dance","Underhanded Strike+1"],"relics":["HoveringKite","Calling Bell","Ninja Scroll","Anchor","Happy Flower","Kunai","Vajra","Ornamental Fan","Pocketwatch","Bottled Flame","Juzu Bracelet","Pandora\u0027s Box","Lantern","Orrery","Tingsha"],"acts_visited":["Exordium","TheCity","TheBeyond"],"potions_floor_usage":[24,31,45],"damage_taken":[{"damage":0.0,"enemies":"2 Louse","floor":1.0,"turns":3.0},{"damage":0.0,"enemies":"Small Slimes","floor":5.0,"turns":4.0},{"damage":25.0,"enemies":"Lagavulin","floor":7.0,"turns":8.0},{"damage":0.0,"enemies":"Cultist","floor":10.0,"turns":4.0},{"damage":0.0,"enemies":"Looter","floor":11.0,"turns":4.0},{"damage":4.0,"enemies":"Red Slaver","floor":12.0,"turns":5.0},{"damage":9.0,"enemies":"3 Sentries","floor":14.0,"turns":6.0},{"damage":28.0,"enemies":"Slime Boss","floor":16.0,"turns":12.0},{"damage":6,"enemies":"Chosen","floor":18,"turns":5},{"damage":18,"enemies":"Shell Parasite","floor":21,"turns":5},{"damage":2,"enemies":"3 Cultists","floor":22,"turns":5},{"damage":7,"enemies":"Gremlin Leader","floor":24,"turns":7},{"damage":0,"enemies":"Chosen and Byrds","floor":28,"turns":4},{"damage":10,"enemies":"Sentry and Sphere","floor":31,"turns":4},{"damage":45,"enemies":"Automaton","floor":33,"turns":11},{"damage":0,"enemies":"Orb Walker","floor":35,"turns":2},{"damage":14,"enemies":"3 Darklings","floor":36,"turns":4},{"damage":23,"enemies":"Maw","floor":41,"turns":6},{"damage":50,"enemies":"Writhing Mass","floor":45,"turns":6},{"damage":0,"enemies":"Mind Bloom Boss Battle","floor":48,"turns":5},{"damage":43,"enemies":"Time Eater","floor":50,"turns":3}],"seed_played":"-5270006335630179064","potions_obtained":[{"floor":1.0,"key":"SneckoOil"},{"floor":3.0,"key":"FairyPotion"},{"floor":3.0,"key":"AttackPotion"},{"floor":10.0,"key":"Regen Potion"},{"floor":12.0,"key":"GamblersBrew"},{"floor":21,"key":"SmokeBomb"},{"floor":22,"key":"Weak Potion"},{"floor":28,"key":"Block Potion"},{"floor":41,"key":"Explosive Potion"}],"is_trial":false,"path_per_floor":["M","?","?","$","M","R","E","R","T","M","M","M","?","E","R","B",null,"M","T","?","M","M","R","E","R","T","?","M","$","R","M","R","B",null,"M","M","?","?","?","R","M","R","T","R","M","$","R","?","R","B"],"character_chosen":"THE_SILENT","items_purchased":["Apotheosis","Noxious Fumes","Orrery"],"campfire_rested":7,"item_purchase_floors":[29,29,46],"current_hp_per_floor":[59,59,59,59,59,59,34,53,53,53,65,61,61,52,52,24,56,50,50,50,32,30,49,42,42,42,36,36,36,55,45,45,19,54,54,40,40,40,40,59,36,55,55,55,5,5,24,24,43,0,0],"gold":77,"neow_bonus":"BOSS_RELIC","is_daily":false,"chose_seed":false,"campfire_upgraded":5,"win_rate":0.0,"timestamp":1610750633,"path_taken":["M","?","?","$","M","R","E","R","T","?","M","M","?","E","R","BOSS","M","?","?","M","?","R","E","R","T","?","M","$","R","M","R","BOSS","M","M","?","?","?","R","M","R","T","R","M","$","R","?","R","BOSS"],"items_purchased_type":["Card","Card","Relic"],"build_version":"2020-12-22","purchased_purges":1,"victory":false,"max_hp_per_floor":[66,66,66,66,66,66,66,66,66,66,66,66,66,66,66,66,66,66,66,66,66,66,66,66,66,66,66,66,66,66,66,66,66,66,66,66,66,66,66,66,66,66,66,66,66,66,66,66,66,66,66],"card_choices":[{"not_picked":["Dagger Throw","Blur"],"picked":"Tactician","floor":1.0},{"not_picked":["Cloak And Dagger","All Out Attack"],"picked":"Noxious Fumes","floor":5.0},{"not_picked":["PiercingWail","Outmaneuver"],"picked":"Dagger Spray","floor":7.0},{"not_picked":["Deflect","Envenom"],"picked":"Prepared","floor":10.0},{"not_picked":["Tactician","Poisoned Stab"],"picked":"Riddle With Holes","floor":11.0},{"not_picked":["PiercingWail","Calculated Gamble"],"picked":"Outmaneuver","floor":12.0},{"not_picked":["Underhanded Strike","Flechettes"],"picked":"Dagger Throw","floor":14.0},{"not_picked":["Envenom","Glass Knife"],"picked":"Die Die Die","floor":16.0},{"not_picked":["Cloak And Dagger","Outmaneuver"],"picked":"Storm of Steel","floor":18},{"not_picked":["Deflect","Masterful Stab"],"picked":"Sucker Punch+1","floor":21},{"not_picked":["Deflect","Dodge and Roll"],"picked":"Catalyst","floor":22},{"not_picked":["Poisoned Stab","Cloak And Dagger"],"picked":"Endless Agony","floor":24},{"not_picked":["Flechettes","Cloak And Dagger"],"picked":"Deflect","floor":28},{"not_picked":["Distraction","Poisoned Stab"],"picked":"Caltrops","floor":31},{"not_picked":["Die Die Die","Unload"],"picked":"Phantasmal Killer","floor":33},{"not_picked":["Heel Hook","Cloak And Dagger"],"picked":"Deadly Poison+1","floor":35},{"not_picked":["PiercingWail","Bane+1"],"picked":"Dagger Spray+1","floor":36},{"not_picked":["Flying Knee","Bane+1"],"picked":"Quick Slash","floor":41},{"not_picked":["Endless Agony","Backflip"],"picked":"Blade Dance","floor":45},{"not_picked":["Dodge and Roll+1","Dagger Throw"],"picked":"Adrenaline","floor":46},{"not_picked":["Cloak And Dagger+1","Dagger Spray+1"],"picked":"Tactician+1","floor":46},{"not_picked":["Prepared","Poisoned Stab+1"],"picked":"PiercingWail","floor":46},{"not_picked":["Deadly Poison","Dodge and Roll"],"picked":"Doppelganger","floor":46},{"not_picked":["Deadly Poison","Flying Knee+1"],"picked":"Blade Dance","floor":46},{"not_picked":["Crippling Poison+1","Prepared"],"picked":"Underhanded Strike+1","floor":48}],"player_experience":799528,"relics_obtained":[{"floor":7.0,"key":"Kunai"},{"floor":9.0,"key":"Anchor"},{"floor":14.0,"key":"Happy Flower"},{"floor":17.0,"key":"Vajra"},{"floor":17.0,"key":"Ornamental Fan"},{"floor":17.0,"key":"Pocketwatch"},{"floor":19,"key":"Ninja Scroll"},{"floor":24,"key":"Bottled Flame"},{"floor":26,"key":"Juzu Bracelet"},{"floor":43,"key":"Lantern"},{"floor":48,"key":"Tingsha"}],"event_choices":[{"damage_healed":0.0,"max_hp_gain":0.0,"max_hp_loss":0.0,"gold_gain":0.0,"cards_transformed":["Strike_G"],"event_name":"Living Wall","player_choice":"Change","floor":2.0,"gold_loss":0.0,"damage_taken":0.0,"cards_obtained":["Endless Agony"]},{"damage_healed":0.0,"max_hp_gain":0.0,"max_hp_loss":0.0,"gold_gain":0.0,"event_name":"Lab","player_choice":"Got Potions","floor":3.0,"gold_loss":0.0,"damage_taken":0.0},{"cards_removed":["Strike_G"],"damage_healed":0.0,"max_hp_gain":0.0,"max_hp_loss":0.0,"gold_gain":0.0,"event_name":"Bonfire Elementals","player_choice":"Offered Basic","floor":13.0,"gold_loss":0.0,"damage_taken":0.0},{"damage_healed":0,"gold_gain":0,"player_choice":"Forge","damage_taken":0,"max_hp_gain":0,"max_hp_loss":0,"event_name":"Accursed Blacksmith","floor":20,"gold_loss":0,"cards_upgraded":["Die Die Die"]},{"damage_healed":0,"gold_gain":0,"player_choice":"Joined the Cult","damage_taken":6,"max_hp_gain":0,"max_hp_loss":0,"event_name":"Nest","floor":27,"gold_loss":0,"cards_obtained":["RitualDagger"]},{"damage_healed":0,"gold_gain":0,"cards_transformed":["Outmaneuver"],"player_choice":"Transformed","damage_taken":0,"max_hp_gain":0,"max_hp_loss":0,"event_name":"Transmorgrifier","floor":37,"gold_loss":0,"cards_obtained":["Finisher"]},{"damage_healed":0,"gold_gain":0,"player_choice":"Ignored","damage_taken":0,"max_hp_gain":0,"max_hp_loss":0,"event_name":"Tomb of Lord Red Mask","floor":38,"gold_loss":0},{"damage_healed":0,"gold_gain":0,"player_choice":"Ignored","damage_taken":0,"max_hp_gain":0,"max_hp_loss":0,"event_name":"Mysterious Sphere","floor":39,"gold_loss":0},{"damage_healed":0,"gold_gain":0,"player_choice":"Fight","damage_taken":0,"max_hp_gain":0,"max_hp_loss":0,"event_name":"MindBloom","floor":48,"gold_loss":0}],"is_beta":false,"boss_relics":[{"not_picked":["Philosopher\u0027s Stone","Sozu"],"picked":"Calling Bell"},{"not_picked":["Snecko Eye","Busted Crown"],"picked":"Pandora\u0027s Box"}],"items_purged_floors":[4],"is_endless":false,"potions_floor_spawned":[1,10,12,21,22,28,41],"killed_by":"Time Eater","ascension_level":16}}