{"host":"bw00wb7p5bw58om7","time":1610736796,"event":{"mods":["Act Like it!","BaseMod","Downfall","Gensokyo","Koishi","KomeijiMod","Luminous","Marisa????????","Minty Spire (QoL Compilation)","Onozuka Komachi Mod","Permanent Neow","Prisma Mod","Reimu??????","Remilia??????","StSLib","The Animator","The Druid","The Exalted","The Jungle","The Mystic","The Problem Sleuth","The Senshi","The Servant 0.9.4","The Wild Card","TheArtist","Wandering Minibosses"],"gold_per_floor":[115,131,141,179,217,217,136,162,162,179,179,179,208,208,208,332,332,332,332,332,332,332,332,42,42,42,42,42,42,42,42,42,42,42],"floor_reached":33,"language":"ENG","playtime":2343,"items_purged":[],"score":408,"play_id":"9e2d29e3-0c9d-4a93-abb5-d356a44764a8","local_time":"20210115185316","is_ascension_mode":true,"campfire_choices":[{"data":"Stigmanizer","floor":6,"key":"SMITH"},{"floor":11,"key":"REST"},{"data":"BloodRain","floor":15,"key":"SMITH"},{"data":"BatForm","floor":23,"key":"SMITH"},{"data":"DemonKingCradle","floor":30,"key":"SMITH"},{"data":"EternalNight","floor":32,"key":"SMITH"}],"circlet_count":0,"master_deck":["Strike_RM","Strike_RM","Strike_RM","Strike_RM","Defend_RM","Defend_RM","Defend_RM","Defend_RM","ScarletShoot","EndlessAdversity","Stigmanizer+1","FavorOfDestiny","RedNightlessCastle","TwelveNightmare","DevilSight+1","ScarletDream","LeisurelyOfLord","BloodRain+1","BatForm+1","ScarletImprint+1","CharismaGuard","CharismaGuard+1","Gensokyo:SevenSchoolMysteries","UnstableMagic+1","DemonKingCradle+1","MastersStateliness","CharismaGuard","ScarletDevilSign","BloodHunter","EternalNight+1","CharismaGuard"],"relics":["ScarletHat","Bronze Scales","Smiling Mask","The Courier","Gensokyo:Justice","Question Card","theSenshi:FeatherClipsRelic","Ectoplasm","Blood Vial","Dream Catcher","Strawberry","Ornamental Fan","Boot"],"acts_visited":["Gensokyo:Gensokyo","Gensokyo:Gensokyoer"],"potions_floor_usage":[16],"damage_taken":[{"damage":2,"enemies":"Gensokyo:Gryphon","floor":1,"turns":4},{"damage":0,"enemies":"Gensokyo:3_Fairies","floor":2,"turns":3},{"damage":0,"enemies":"Gensokyo:2_Kodama","floor":3,"turns":3},{"damage":1,"enemies":"Gensokyo:5_Fairies","floor":4,"turns":5},{"damage":16,"enemies":"Gensokyo:Python_and_Kodama","floor":5,"turns":5},{"damage":22,"enemies":"Gensokyo:Cirno","floor":8,"turns":7},{"damage":1,"enemies":"Gensokyo:Gryphon_and_Rabbit","floor":10,"turns":4},{"damage":16,"enemies":"Gensokyo:Aya","floor":13,"turns":2},{"damage":45,"enemies":"Gensokyo:Reimu","floor":16,"turns":10},{"damage":0,"enemies":"Gensokyo:2_Gloops","floor":18,"turns":4},{"damage":0,"enemies":"Gensokyo:Chomper","floor":19,"turns":5},{"damage":38,"enemies":"Gensokyo:Slime_Group","floor":20,"turns":4},{"damage":9,"enemies":"Gensokyo:Swordslinger","floor":22,"turns":6},{"damage":18,"enemies":"Gensokyo:Tenshi","floor":25,"turns":7},{"damage":0,"enemies":"Gensokyo:Wraith","floor":27,"turns":4},{"damage":0,"enemies":"Gensokyo:Koishi","floor":28,"turns":6},{"damage":23,"enemies":"Gensokyo:Monolith_and_Dog","floor":29,"turns":5},{"damage":27,"enemies":"Gensokyo:Reisen","floor":31,"turns":6},{"damage":50,"enemies":"Gensokyo:Eternal_Rivals","floor":33,"turns":6}],"seed_played":"3952298360870127756","potions_obtained":[{"floor":4,"key":"Swift Potion"},{"floor":5,"key":"DuplicationPotion"},{"floor":8,"key":"sneckomod:MuddlingPotion"},{"floor":16,"key":"BlessingOfTheForge"},{"floor":27,"key":"SkillPotion"},{"floor":27,"key":"EssenceOfSteel"}],"is_trial":false,"path_per_floor":["M","M","M","M","M","R","COS","E","T","M","R","?","E","?","R","B",null,"M","M","M","?","M","R","$","E","T","M","E","M","R","E","R","B"],"character_chosen":"REMILIA","items_purchased":["DemonKingCradle","Blood Vial","MastersStateliness"],"campfire_rested":1,"item_purchase_floors":[24,24,24],"current_hp_per_floor":[75,75,75,74,58,58,58,40,40,39,61,61,45,60,60,24,75,75,75,43,43,40,40,40,30,37,45,53,43,43,34,34,0,0],"gold":42,"neow_bonus":"RANDOM_COMMON_RELIC","is_daily":false,"chose_seed":false,"campfire_upgraded":5,"win_rate":0.0,"timestamp":1610736796,"path_taken":["M","M","M","M","M","R","COS","E","T","?","R","?","E","?","R","BOSS","M","M","M","?","M","R","$","E","T","?","E","M","R","E","R","BOSS"],"items_purchased_type":["Card","Relic","Card"],"build_version":"2020-12-22","purchased_purges":0,"victory":false,"max_hp_per_floor":[75,75,75,75,75,75,75,75,75,75,75,75,75,75,75,75,75,75,75,75,68,68,68,68,68,75,75,75,75,75,75,75,75,75],"card_choices":[{"not_picked":["BlasphemousPunishment","UnderTheZenith"],"picked":"EndlessAdversity","floor":1},{"not_picked":["FavorOfDestiny","ScarletImprint"],"picked":"Stigmanizer","floor":2},{"not_picked":["UnderTheZenith","BloodHunter"],"picked":"FavorOfDestiny","floor":3},{"not_picked":["ScarletSymphony","UnderTheZenith"],"picked":"RedNightlessCastle","floor":4},{"not_picked":["BloodHunter","VampireFantasy"],"picked":"TwelveNightmare","floor":5},{"not_picked":["RedRainbow+1","CurseOfVladTepes+1"],"picked":"DevilSight+1","floor":8},{"not_picked":["VampireFantasy","ReincarnationDial"],"picked":"ScarletDream","floor":8},{"not_picked":["Maim","BloodHunter"],"picked":"LeisurelyOfLord","floor":10},{"not_picked":["DiffusionOfMisfortune","UnstableMagic","VampireFantasy"],"picked":"BloodRain","floor":13},{"not_picked":["ForecastOfChange","BloodyHallows","ScarletMeister"],"picked":"BatForm","floor":16},{"not_picked":["ScarletSymphony","MastersStateliness","FavorOfDestiny"],"picked":"ScarletImprint+1","floor":18},{"not_picked":["ReincarnationDial+1","BlasphemousPunishment","ScarletImprint"],"picked":"CharismaGuard","floor":19},{"not_picked":["ScarletDream","Ultimatum","DiffusionOfMisfortune"],"picked":"CharismaGuard+1","floor":20},{"not_picked":["Gensokyo:MenInBlack","Gensokyo:SpontaneousHumanCombustion","Gensokyo:EightFeetTall"],"picked":"Gensokyo:SevenSchoolMysteries","floor":21},{"not_picked":["DevilSight+1","EndlessAdversity","Stigmanizer+1"],"picked":"UnstableMagic+1","floor":22},{"not_picked":["HunterOfTheNight","BlasphemousPunishment","ScarletImprint+1"],"picked":"CharismaGuard","floor":25},{"not_picked":["EndlessAdversity","NightLord","DemonKingCradle"],"picked":"ScarletDevilSign","floor":27},{"not_picked":["ScarletGensokyo","ForbiddenFruit+1","ReincarnationDial+1"],"picked":"BloodHunter","floor":28},{"not_picked":["DiffusionOfMisfortune+1","GlobalNightmare+1","UnstableMagic+1"],"picked":"EternalNight","floor":29},{"not_picked":["CeilingFear","EndlessAdversity","UltimateOffering"],"picked":"CharismaGuard","floor":31}],"player_experience":249389,"relics_obtained":[{"floor":8,"key":"Smiling Mask"},{"floor":9,"key":"The Courier"},{"floor":13,"key":"theSenshi:FeatherClipsRelic"},{"floor":25,"key":"Dream Catcher"},{"floor":26,"key":"Strawberry"},{"floor":28,"key":"Ornamental Fan"},{"floor":31,"key":"Boot"}],"event_choices":[],"is_beta":false,"boss_relics":[{"not_picked":["Bromod:ArcaneGrace","Runic Dome"],"picked":"Ectoplasm"}],"items_purged_floors":[],"is_endless":false,"potions_floor_spawned":[4,5,8,13,16,19,22,27,29,31],"killed_by":"Gensokyo:Eternal_Rivals","ascension_level":1}}