{"host":"qtghpvxzmfg9vxeq","time":1610728620,"event":{"mods":["BaseMod","BetterRewards","Hermit","Marisa（霧雨　魔理沙）","Minty Spire (QoL Compilation)","Rare Cards Sparkle","Robot Space Explorer","StSLib","The Animator","The Construct","The Cursed","The Dragon Tamer","The Marked","The Necromancer","The Servant 0.9.4"],"gold_per_floor":[117,129,129,129,147,147,147,159,182,182,214,231,249,31,31,135,185,195,195,195,205,215,215,234,91,91,91,91,91],"floor_reached":28,"language":"ENG","playtime":4492,"items_purged":["construct:Backup"],"score":320,"play_id":"18122897-1457-4484-b2a4-30da1ba951f8","local_time":"20210115113700","is_ascension_mode":false,"campfire_choices":[{"data":"construct:GuardCore","floor":6,"key":"SMITH"},{"floor":10,"key":"REST"},{"floor":15,"key":"REST"},{"floor":23,"key":"REST"}],"circlet_count":0,"master_deck":["construct:Strike_Gold","construct:Strike_Gold","construct:Strike_Gold","construct:Strike_Gold","construct:Strike_Gold","construct:Defend_Gold","construct:Defend_Gold","construct:Defend_Gold","construct:Defend_Gold","construct:AttackMode","construct:DefenseMode","construct:OmegaCannon","construct:Disrupt","construct:GuardCore+1","construct:ModeShift","construct:Autoturret","construct:Dampening","construct:ClusterMines","construct:ChargeShot","construct:Multistage+1","construct:Forcefield","construct:SuppressiveFire","construct:Autoturret","construct:VentSteam","construct:ModeShift"],"relics":["construct:Cogwheel","Regal Pillow","PreservedInsect","Anchor","TheAbacus","Tiny House","Oddly Smooth Stone","Juzu Bracelet"],"acts_visited":["Exordium","TheCity"],"potions_floor_usage":[21,24,24],"damage_taken":[{"damage":0,"enemies":"Jaw Worm","floor":1,"turns":4},{"damage":3,"enemies":"Small Slimes","floor":2,"turns":6},{"damage":0,"enemies":"Cultist","floor":5,"turns":4},{"damage":11,"enemies":"Lots of Slimes","floor":8,"turns":6},{"damage":21,"enemies":"3 Sentries","floor":11,"turns":7},{"damage":0,"enemies":"Looter","floor":12,"turns":5},{"damage":10,"enemies":"Exordium Thugs","floor":13,"turns":7},{"damage":27,"enemies":"The Guardian","floor":16,"turns":11},{"damage":4,"enemies":"Shell Parasite","floor":18,"turns":7},{"damage":32,"enemies":"3 Byrds","floor":21,"turns":7},{"damage":40,"enemies":"Snecko","floor":22,"turns":7},{"damage":27,"enemies":"Chosen and Byrds","floor":24,"turns":11},{"damage":36,"enemies":"Slavers","floor":28,"turns":2}],"seed_played":"-4379582071765773105","potions_obtained":[{"floor":1,"key":"EssenceOfSteel"},{"floor":13,"key":"Weak Potion"},{"floor":16,"key":"LiquidMemories"},{"floor":17,"key":"PowerPotion"}],"is_trial":false,"path_per_floor":["M","M","?","?","M","R","?","M","T","R","E","M","M","$","R","B",null,"M","?","?","M","M","R","M","$","T","?","E"],"character_chosen":"THE_CONSTRUCT_MOD","items_purchased":["construct:OmegaCannon","construct:Disrupt","TheAbacus","Oddly Smooth Stone"],"campfire_rested":3,"item_purchase_floors":[0,0,14,25],"current_hp_per_floor":[79,76,76,64,64,64,64,53,53,85,64,64,54,54,85,58,90,86,86,86,54,14,56,29,29,29,29,0,0],"gold":91,"neow_bonus":"","is_daily":false,"chose_seed":false,"campfire_upgraded":1,"win_rate":0.0,"timestamp":1610728620,"path_taken":["M","M","?","?","M","R","?","M","T","R","E","M","M","$","R","BOSS","M","?","?","?","M","R","M","$","T","?","E"],"items_purchased_type":["Card","Card","Relic","Relic"],"build_version":"2020-12-22","purchased_purges":1,"victory":false,"max_hp_per_floor":[85,85,85,85,85,85,85,85,85,85,85,85,85,85,85,85,90,90,90,90,90,90,90,90,90,90,90,90,90],"card_choices":[{"not_picked":["construct:Autoturret","construct:FierceBash"],"picked":"construct:GuardCore","floor":1},{"not_picked":["construct:FocusedBeam","construct:VentSteam"],"picked":"construct:ModeShift","floor":2},{"not_picked":["construct:SaveState","construct:Backfire"],"picked":"construct:Autoturret","floor":5},{"not_picked":["construct:Reinforce","construct:PanicFire"],"picked":"construct:Backup","floor":8},{"not_picked":["construct:HeavyBolt","construct:Missile"],"picked":"construct:Dampening","floor":11},{"not_picked":["construct:SaveState","construct:Failsafe"],"picked":"construct:ClusterMines","floor":12},{"not_picked":["construct:VentSteam","construct:ScrapCannon"],"picked":"construct:ChargeShot","floor":13},{"not_picked":["construct:HastyRepair","construct:GatlingGun"],"picked":"construct:Multistage","floor":16},{"not_picked":["construct:VentSteam","construct:UnbalancingBlast"],"picked":"construct:Forcefield","floor":17},{"not_picked":["construct:Reinforce+1","construct:Backup"],"picked":"construct:SuppressiveFire","floor":18},{"not_picked":["construct:GuardCore","construct:SweepLaser"],"picked":"construct:Autoturret","floor":21},{"not_picked":["construct:HeavyBolt","construct:SaveState"],"picked":"construct:VentSteam","floor":22},{"not_picked":["construct:ScopeCore","construct:SyphonStrike+1"],"picked":"construct:ModeShift","floor":24}],"player_experience":77412,"relics_obtained":[{"floor":9,"key":"PreservedInsect"},{"floor":11,"key":"Anchor"},{"floor":26,"key":"Juzu Bracelet"}],"event_choices":[{"damage_healed":0,"gold_gain":0,"player_choice":"Leave","damage_taken":0,"max_hp_gain":0,"max_hp_loss":0,"event_name":"The Cleric","floor":3,"gold_loss":0},{"damage_healed":0,"gold_gain":0,"player_choice":"Success","damage_taken":12,"relics_obtained":["Regal Pillow"],"max_hp_gain":0,"max_hp_loss":0,"event_name":"Scrap Ooze","floor":4,"gold_loss":0},{"damage_healed":0,"gold_gain":0,"player_choice":"Ignored","damage_taken":0,"max_hp_gain":0,"max_hp_loss":0,"event_name":"Liars Game","floor":7,"gold_loss":0},{"damage_healed":0,"gold_gain":0,"player_choice":"Ignored","damage_taken":0,"max_hp_gain":0,"max_hp_loss":0,"event_name":"Vampires","floor":19,"gold_loss":0},{"cards_removed":["construct:Defend_Gold"],"damage_healed":0,"gold_gain":0,"player_choice":"Purged","damage_taken":0,"max_hp_gain":0,"max_hp_loss":0,"event_name":"Purifier","floor":20,"gold_loss":0},{"damage_healed":0,"gold_gain":0,"player_choice":"Ignored","damage_taken":0,"max_hp_gain":0,"max_hp_loss":0,"event_name":"Ghosts","floor":27,"gold_loss":0}],"is_beta":false,"boss_relics":[{"not_picked":["Velvet Choker","Philosopher\u0027s Stone"],"picked":"Tiny House"}],"items_purged_floors":[14],"is_endless":false,"potions_floor_spawned":[1,13,16],"killed_by":"Slavers","ascension_level":0}}