{"host":"359hz4210ybch7ku","time":1610701846,"event":{"mods":["BaseMod","Block Reminder","Colored Map","Colored Powertips","Highlight Path","Minty Spire (QoL Compilation)","Slay the Relics Exporter","StSLib"],"gold_per_floor":[13,28,45,8,27,54,54,54,78,96,121,121,147,163,163,262,262,278,292,307,322,342,44,77,77,77,77,77,97,131,131,131,241,241,265,286,31,51,106,150,150,194,263,303,380,393,413,413,413,413],"floor_reached":51,"language":"ENG","playtime":6273,"items_purged":["Strike_P","Strike_P"],"score":1011,"play_id":"94f90bc0-61ea-40e1-85e9-4e05febdca17","local_time":"20210115011046","is_ascension_mode":true,"campfire_choices":[{"data":"Eruption","floor":7,"key":"SMITH"},{"data":"TalkToTheHand","floor":15,"key":"SMITH"},{"floor":25,"key":"REST"},{"data":"MentalFortress","floor":27,"key":"SMITH"},{"data":"Tantrum","floor":32,"key":"SMITH"},{"data":"FlurryOfBlows","floor":41,"key":"SMITH"},{"floor":49,"key":"REST"}],"circlet_count":0,"master_deck":["Strike_P+1","Strike_P+1","Defend_P+1","Defend_P+1","Eruption+1","Vigilance","ClearTheMind","FollowUp","FlurryOfBlows+1","MentalFortress+1","BowlingBash","SashWhip","CrushJoints+1","TalkToTheHand+1","Blasphemy","BowlingBash","Crescendo+1","Tantrum+1","EmptyMind","Consecrate+1","Scrawl","ClearTheMind+1","FlurryOfBlows+1","CrushJoints+1","FlurryOfBlows+1","MentalFortress+1","MentalFortress+1","InnerPeace+1"],"relics":["PureWater","Du-Vu Doll","Centennial Puzzle","War Paint","Orichalcum","Tiny Chest","Empty Cage","Toolbox","CeramicFish","Eternal Feather","Happy Flower","TungstenRod","Runic Pyramid","ClockworkSouvenir","Ice Cream","Ancient Tea Set","Whetstone","Darkstone Periapt","MealTicket","Letter Opener","Bottled Lightning"],"acts_visited":["Exordium","TheCity","TheBeyond"],"potions_floor_usage":[6,19,19,50],"damage_taken":[{"damage":0,"enemies":"Cultist","floor":1,"turns":3},{"damage":2,"enemies":"Jaw Worm","floor":2,"turns":3},{"damage":0,"enemies":"Small Slimes","floor":3,"turns":2},{"damage":12,"enemies":"Blue Slaver","floor":5,"turns":4},{"damage":13,"enemies":"Gremlin Nob","floor":6,"turns":4},{"damage":3,"enemies":"Looter","floor":10,"turns":3},{"damage":0,"enemies":"Lagavulin","floor":11,"turns":7},{"damage":2,"enemies":"Gremlin Gang","floor":14,"turns":2},{"damage":13,"enemies":"Hexaghost","floor":16,"turns":7},{"damage":16,"enemies":"Spheric Guardian","floor":18,"turns":4},{"damage":4,"enemies":"3 Byrds","floor":19,"turns":3},{"damage":9,"enemies":"3 Cultists","floor":20,"turns":3},{"damage":9,"enemies":"Snake Plant","floor":21,"turns":4},{"damage":6,"enemies":"Cultist and Chosen","floor":22,"turns":3},{"damage":9,"enemies":"Book of Stabbing","floor":24,"turns":3},{"damage":0,"enemies":"3 Cultists","floor":29,"turns":2},{"damage":7,"enemies":"Slavers","floor":30,"turns":2},{"damage":10,"enemies":"Collector","floor":33,"turns":5},{"damage":13,"enemies":"3 Darklings","floor":35,"turns":3},{"damage":0,"enemies":"3 Shapes","floor":36,"turns":2},{"damage":0,"enemies":"Transient","floor":38,"turns":5},{"damage":4,"enemies":"2 Orb Walkers","floor":39,"turns":3},{"damage":9,"enemies":"Nemesis","floor":40,"turns":4},{"damage":21,"enemies":"Reptomancer","floor":42,"turns":3},{"damage":0,"enemies":"Nemesis","floor":44,"turns":3},{"damage":5,"enemies":"Jaw Worm Horde","floor":46,"turns":2},{"damage":9,"enemies":"4 Shapes","floor":47,"turns":3},{"damage":8,"enemies":"Time Eater","floor":50,"turns":5}],"seed_played":"1992641379162363709","potions_obtained":[{"floor":3,"key":"StancePotion"},{"floor":5,"key":"LiquidBronze"},{"floor":16,"key":"Energy Potion"},{"floor":20,"key":"PowerPotion"},{"floor":22,"key":"Explosive Potion"},{"floor":24,"key":"DistilledChaos"},{"floor":33,"key":"AttackPotion"},{"floor":35,"key":"LiquidMemories"},{"floor":39,"key":"Energy Potion"},{"floor":42,"key":"Ambrosia"},{"floor":47,"key":"PowerPotion"}],"is_trial":false,"path_per_floor":["M","M","M","$","M","E","R","$","T","M","E","?","T","M","R","B",null,"M","M","M","M","M","$","E","R","T","R","?","M","E","T","R","B",null,"M","M","$","M","?","E","R","E","T","E","T","M","M","T","R","B",null],"character_chosen":"WATCHER","items_purchased":["MentalFortress","EmptyMind","Toolbox","ClockworkSouvenir"],"campfire_rested":2,"item_purchase_floors":[4,23,23,37],"current_hp_per_floor":[72,70,70,70,58,45,45,45,45,42,42,42,42,40,40,27,61,45,41,32,23,17,17,8,29,29,41,41,41,34,34,46,36,63,50,50,50,50,46,37,52,31,31,31,31,26,17,17,53,45],"gold":413,"neow_bonus":"ONE_RARE_RELIC","is_daily":false,"chose_seed":false,"campfire_upgraded":5,"win_rate":0.0,"timestamp":1610701846,"path_taken":["M","M","M","$","M","E","R","$","T","M","E","?","?","M","R","BOSS","M","?","M","?","M","$","E","R","T","R","?","M","E","?","R","BOSS","M","M","$","M","?","E","R","E","T","E","?","?","M","?","R","BOSS"],"items_purchased_type":["Card","Card","Relic","Relic"],"build_version":"2020-12-22","purchased_purges":2,"victory":true,"max_hp_per_floor":[72,72,72,72,72,72,72,72,72,72,72,72,72,72,72,72,72,72,72,72,72,72,72,72,72,72,72,72,72,72,72,72,72,72,72,72,72,72,72,72,72,72,72,72,72,72,72,72,72,72],"card_choices":[{"not_picked":["WheelKick","Protect"],"picked":"ClearTheMind","floor":1},{"not_picked":["Nirvana","Indignation"],"picked":"FollowUp","floor":2},{"not_picked":["SignatureMove","ClearTheMind"],"picked":"FlurryOfBlows","floor":3},{"not_picked":["Evaluate","CrushJoints","Swivel"],"picked":"SKIP","floor":5},{"not_picked":["Study","Fasting2"],"picked":"BowlingBash","floor":6},{"not_picked":["CutThroughFate","Evaluate"],"picked":"SashWhip","floor":10},{"not_picked":["Nirvana","Meditate"],"picked":"CrushJoints","floor":11},{"not_picked":["FlurryOfBlows","Halt"],"picked":"TalkToTheHand","floor":14},{"not_picked":["Establishment","ConjureBlade"],"picked":"Blasphemy","floor":16},{"not_picked":["Protect+1","Meditate","Crescendo"],"picked":"SKIP","floor":18},{"not_picked":["ClearTheMind","Protect+1","WreathOfFlame"],"picked":"SKIP","floor":19},{"not_picked":["MasterReality","Conclude"],"picked":"BowlingBash","floor":20},{"not_picked":["FollowUp+1","MentalFortress+1"],"picked":"Crescendo+1","floor":21},{"not_picked":["Omniscience","FlurryOfBlows"],"picked":"Tantrum","floor":22},{"not_picked":["ThirdEye","WreathOfFlame","Study"],"picked":"SKIP","floor":24},{"not_picked":["CrushJoints","Halt"],"picked":"Consecrate+1","floor":29},{"not_picked":["EmptyBody","Evaluate","Swivel"],"picked":"SKIP","floor":30},{"not_picked":["Ragnarok","Blasphemy"],"picked":"Scrawl","floor":33},{"not_picked":["Evaluate","Protect"],"picked":"ClearTheMind+1","floor":35},{"not_picked":["Meditate","SandsOfTime+1"],"picked":"FlurryOfBlows+1","floor":36},{"not_picked":["Nirvana","FlurryOfBlows+1"],"picked":"CrushJoints+1","floor":38},{"not_picked":["EmptyFist","Alpha"],"picked":"FlurryOfBlows+1","floor":39},{"not_picked":["Weave+1","Wallop"],"picked":"MentalFortress+1","floor":40},{"not_picked":["Protect","PathToVictory+1"],"picked":"MentalFortress+1","floor":42},{"not_picked":["Conclude+1","EmptyBody+1"],"picked":"InnerPeace+1","floor":44},{"not_picked":["Evaluate+1","CutThroughFate+1","EmptyFist"],"picked":"SKIP","floor":46},{"not_picked":["Worship","JustLucky+1","Halt"],"picked":"SKIP","floor":47}],"player_experience":212632,"relics_obtained":[{"floor":6,"key":"Centennial Puzzle"},{"floor":9,"key":"War Paint"},{"floor":11,"key":"Orichalcum"},{"floor":13,"key":"Tiny Chest"},{"floor":24,"key":"CeramicFish"},{"floor":26,"key":"Eternal Feather"},{"floor":30,"key":"Happy Flower"},{"floor":31,"key":"TungstenRod"},{"floor":39,"key":"Ice Cream"},{"floor":40,"key":"Ancient Tea Set"},{"floor":42,"key":"Whetstone"},{"floor":43,"key":"Darkstone Periapt"},{"floor":44,"key":"MealTicket"},{"floor":45,"key":"Letter Opener"},{"floor":48,"key":"Bottled Lightning"}],"event_choices":[{"damage_healed":0,"gold_gain":0,"player_choice":"Grow","damage_taken":0,"max_hp_gain":0,"max_hp_loss":0,"event_name":"Living Wall","floor":12,"gold_loss":0,"cards_upgraded":["CrushJoints"]},{"damage_healed":0,"gold_gain":0,"player_choice":"0 cards matched","damage_taken":0,"max_hp_gain":0,"max_hp_loss":0,"event_name":"Match and Keep!","floor":28,"gold_loss":0,"cards_obtained":[]},{"damage_healed":0,"gold_gain":0,"player_choice":"Fight","damage_taken":0,"max_hp_gain":0,"max_hp_loss":0,"event_name":"Mysterious Sphere","floor":39,"gold_loss":0}],"is_beta":false,"boss_relics":[{"not_picked":["Sozu","Snecko Eye"],"picked":"Empty Cage"},{"not_picked":["Velvet Choker","Black Star"],"picked":"Runic Pyramid"}],"items_purged_floors":[23,37],"is_endless":false,"potions_floor_spawned":[3,5,16,20,22,24,33,35,38,39,42,47],"ascension_level":5}}