{"host":"hy0jryqxzmxotc0g","time":1610731343,"event":{"mods":["BaseMod","BetterRewards","Minty Spire (QoL Compilation)","StSLib","The Bladedancer","The Bug Knight","The Cursed","The Disciple","The Exalted","The Saiyan","The Servant 0.9.4"],"gold_per_floor":[91,105,105,115,290,290,322,334,334,334,137,137,150,160,160,255,255,265,265,85,85,97,97],"floor_reached":22,"language":"FRA","playtime":1967,"items_purged":["Doubt","Saiyan:SAIYA_Strike"],"score":211,"play_id":"e08d0d64-4030-4eb3-9239-0fe506f82504","local_time":"20210115182223","is_ascension_mode":false,"campfire_choices":[{"floor":6,"key":"RECALL"},{"floor":10,"key":"REST"},{"floor":12,"key":"REST"},{"data":"Saiyan:SuperSaiyanForm","floor":15,"key":"SMITH"}],"circlet_count":0,"master_deck":["Saiyan:SAIYA_Strike","Saiyan:SAIYA_Strike","Saiyan:SAIYA_Strike","Saiyan:SAIYA_Defend","Saiyan:SAIYA_Defend","Saiyan:SAIYA_Defend","Saiyan:SAIYA_Defend","Saiyan:EnergyBlast","Saiyan:KaioKen","Saiyan:ExpandingShockwave","Saiyan:Makankosappo","Saiyan:PlotArmor","Saiyan:Medicine","Saiyan:SoulSpice","Saiyan:DragonFist","Saiyan:SenzuBean","Saiyan:SuperSaiyanForm+1","Saiyan:HyperTimeChamber","Saiyan:ExtremeSpeed"],"relics":["SaiyanSoul","SaiyanHeart","Singing Bowl","Ginger","Pen Nib","Oddly Smooth Stone","Busted Crown","Strawberry","MutagenicStrength"],"acts_visited":["Exordium","TheCity"],"potions_floor_usage":[],"damage_taken":[{"damage":2,"enemies":"Cultist","floor":1,"turns":3},{"damage":0,"enemies":"Small Slimes","floor":2,"turns":2},{"damage":4,"enemies":"2 Louse","floor":4,"turns":2},{"damage":50,"enemies":"Gremlin Nob","floor":7,"turns":6},{"damage":7,"enemies":"Blue Slaver","floor":8,"turns":3},{"damage":2,"enemies":"Gremlin Gang","floor":13,"turns":3},{"damage":17,"enemies":"2 Fungi Beasts","floor":14,"turns":7},{"damage":27,"enemies":"Slime Boss","floor":16,"turns":11},{"damage":47,"enemies":"Spheric Guardian","floor":18,"turns":14},{"damage":7,"enemies":"Shell Parasite","floor":22,"turns":7}],"seed_played":"-1494510835236493266","potions_obtained":[{"floor":2,"key":"BlessingOfTheForge"},{"floor":13,"key":"Strength Potion"},{"floor":14,"key":"DuplicationPotion"}],"is_trial":false,"path_per_floor":["M","M","?","M","?","R","E","M","T","R","$","R","M","M","R","B",null,"M","?","$","?","M"],"character_chosen":"SAIYAJIN","items_purchased":["Saiyan:SoulSpice","Saiyan:DragonFist","Saiyan:ExtremeSpeed"],"campfire_rested":2,"item_purchase_floors":[11,11,20],"current_hp_per_floor":[65,66,59,55,55,55,6,5,5,26,26,47,47,33,33,7,73,36,36,36,36,34,34],"gold":97,"neow_bonus":"TEN_PERCENT_HP_BONUS","is_daily":false,"chose_seed":false,"campfire_upgraded":1,"win_rate":0.0,"timestamp":1610731343,"path_taken":["M","?","?","M","?","R","E","M","T","R","?","R","?","M","R","BOSS","M","?","?","?","M"],"items_purchased_type":["Card","Card","Card"],"build_version":"2020-12-22","purchased_purges":2,"victory":false,"max_hp_per_floor":[67,68,68,68,68,68,69,72,72,72,72,72,72,72,72,73,73,83,83,83,83,85,85],"card_choices":[{"not_picked":["Saiyan:TurtleShell","Saiyan:Fly"],"picked":"Saiyan:ExpandingShockwave","floor":1},{"not_picked":["Saiyan:TurtleShell","Saiyan:FingerParry"],"picked":"Saiyan:Makankosappo","floor":2},{"not_picked":["Saiyan:MeteorDash","Saiyan:BackAttack"],"picked":"Saiyan:PlotArmor","floor":4},{"not_picked":["Saiyan:DoubleMasenko","Saiyan:Planning"],"picked":"Saiyan:Medicine","floor":7},{"not_picked":["Saiyan:PressOn","Saiyan:Scouter","Saiyan:ExpandingShockwave"],"picked":"Singing Bowl","floor":8},{"not_picked":["Saiyan:Twize","Saiyan:SaiyanHubris"],"picked":"Saiyan:SenzuBean","floor":13},{"not_picked":["Saiyan:ThirstForFight","Saiyan:WarmUp"],"picked":"Saiyan:SuperSaiyanForm","floor":14},{"not_picked":["Saiyan:Momentum","Saiyan:GhostAttack"],"picked":"Saiyan:HyperTimeChamber","floor":16},{"not_picked":["Saiyan:Planning"],"picked":"Singing Bowl","floor":18},{"not_picked":["Saiyan:RemoveWeights"],"picked":"Singing Bowl","floor":22}],"player_experience":212092,"relics_obtained":[{"floor":7,"key":"Singing Bowl"},{"floor":9,"key":"Ginger"},{"floor":14,"key":"Pen Nib"},{"floor":16,"key":"Oddly Smooth Stone"},{"floor":18,"key":"Strawberry"}],"event_choices":[{"cards_removed":["Saiyan:RuthlessBlow"],"damage_healed":0,"gold_gain":0,"player_choice":"Card Removal","damage_taken":7,"max_hp_gain":0,"max_hp_loss":0,"event_name":"Golden Wing","floor":3,"gold_loss":0},{"damage_healed":0,"gold_gain":175,"player_choice":"AGREE","damage_taken":0,"max_hp_gain":0,"max_hp_loss":0,"event_name":"Liars Game","floor":5,"gold_loss":0,"cards_obtained":["Doubt"]},{"damage_healed":0,"gold_gain":0,"player_choice":"Got Potions","damage_taken":0,"max_hp_gain":0,"max_hp_loss":0,"event_name":"Lab","floor":19,"gold_loss":0},{"damage_healed":0,"gold_gain":0,"player_choice":"Inject Mutagens","damage_taken":0,"relics_obtained":["MutagenicStrength"],"max_hp_gain":0,"max_hp_loss":0,"event_name":"Drug Dealer","floor":21,"gold_loss":0}],"is_beta":false,"boss_relics":[{"not_picked":["Bromod:ArcaneBarrier","Tiny House"],"picked":"Busted Crown"}],"items_purged_floors":[11,20],"is_endless":false,"potions_floor_spawned":[2,13,14,22],"killed_by":"Shell Parasite","ascension_level":0}}