{"host":"j4g6ia6asvpyu2b0","time":1610674419,"event":{"mods":["BaseMod","Colored Map","Minty Spire (QoL Compilation)","Permanent Neow","Quick Restart","Relic Stats","StSLib","Unceasing Turn Reminder"],"gold_per_floor":[112,131,146,166,9,9,9,9,9,38,38,58,85,99,99,195,195,210,222,234,250,103,131,141,173,221,235,267,285,311,336,336,336,336],"floor_reached":33,"language":"ENG","playtime":1031,"items_purged":[],"score":626,"play_id":"375b0d73-c8fb-41c6-9469-5d862cf987d3","local_time":"20210114183339","is_ascension_mode":true,"campfire_choices":[{"data":"Bash","floor":6,"key":"SMITH"},{"data":"Rampage","floor":8,"key":"SMITH"},{"data":"Pummel","floor":11,"key":"SMITH"},{"data":"Metallicize","floor":15,"key":"SMITH"},{"data":"1","floor":32,"key":"LIFT"}],"circlet_count":0,"master_deck":["AscendersBane","Bash+1","Pummel+1","Rampage+1","Pommel Strike","Pommel Strike","Clothesline+1","Metallicize+1","Anger+1","Offering","Infernal Blade","Double Tap","Bludgeon+1","Rage","Bludgeon+1","Sever Soul+1","Shrug It Off","Shrug It Off","Thunderclap+1","Pummel+1","Uppercut+1","Dropkick+1","Dropkick+1","Spot Weakness","Berserk","Sword Boomerang+1","Inflame+1","Sword Boomerang+1"],"relics":["Burning Blood","Orichalcum","Vajra","Molten Egg 2","StoneCalendar","Akabeko","Pandora\u0027s Box","Bag of Marbles","Girya","Champion Belt","Happy Flower","Bottled Flame","Anchor","Bag of Preparation"],"acts_visited":["Exordium","TheCity"],"potions_floor_usage":[10,25,33],"damage_taken":[{"damage":4,"enemies":"Cultist","floor":1,"turns":4},{"damage":4,"enemies":"2 Louse","floor":2,"turns":3},{"damage":3,"enemies":"Jaw Worm","floor":3,"turns":4},{"damage":8,"enemies":"Exordium Thugs","floor":4,"turns":6},{"damage":0,"enemies":"3 Sentries","floor":10,"turns":6},{"damage":6,"enemies":"Exordium Wildlife","floor":12,"turns":3},{"damage":12,"enemies":"Gremlin Nob","floor":13,"turns":4},{"damage":5,"enemies":"Red Slaver","floor":14,"turns":2},{"damage":15,"enemies":"Slime Boss","floor":16,"turns":7},{"damage":18,"enemies":"Shell Parasite","floor":18,"turns":3},{"damage":6,"enemies":"Chosen","floor":19,"turns":3},{"damage":28,"enemies":"Snake Plant","floor":20,"turns":3},{"damage":3,"enemies":"Centurion and Healer","floor":21,"turns":3},{"damage":7,"enemies":"Gremlin Leader","floor":23,"turns":4},{"damage":7,"enemies":"Snecko","floor":24,"turns":3},{"damage":0,"enemies":"Book of Stabbing","floor":25,"turns":1},{"damage":6,"enemies":"3 Cultists","floor":27,"turns":2},{"damage":18,"enemies":"Gremlin Leader","floor":28,"turns":2},{"damage":6,"enemies":"Snake Plant","floor":29,"turns":2},{"damage":8,"enemies":"Book of Stabbing","floor":30,"turns":3},{"damage":36,"enemies":"Automaton","floor":33,"turns":4}],"seed_played":"-7637900413030328232","potions_obtained":[{"floor":2,"key":"Weak Potion"},{"floor":3,"key":"HeartOfIron"},{"floor":4,"key":"BlessingOfTheForge"},{"floor":14,"key":"CultistPotion"},{"floor":24,"key":"Strength Potion"},{"floor":25,"key":"PowerPotion"}],"is_trial":false,"path_per_floor":["M","M","M","M","$","R","?","R","T","E","R","M","E","M","R","B",null,"M","M","M","M","$","E","M","E","T","M","E","M","E","T","R","B"],"character_chosen":"IRONCLAD","items_purchased":["Vajra","Bag of Marbles"],"campfire_rested":0,"item_purchase_floors":[5,22],"current_hp_per_floor":[74,76,79,77,77,77,77,77,77,80,80,80,74,75,75,66,77,65,65,43,46,46,45,44,50,50,50,38,38,36,36,36,0,0],"gold":336,"neow_bonus":"RANDOM_COMMON_RELIC","is_daily":false,"chose_seed":false,"campfire_upgraded":4,"win_rate":0.0,"timestamp":1610674419,"path_taken":["M","?","M","M","$","R","?","R","T","E","R","?","E","M","R","BOSS","M","M","M","?","$","E","?","E","T","M","E","M","E","?","R","BOSS"],"items_purchased_type":["Relic","Relic"],"build_version":"2020-12-22","purchased_purges":0,"victory":false,"max_hp_per_floor":[80,80,80,80,80,80,80,80,80,80,80,80,80,80,80,80,80,80,80,80,80,80,80,80,80,80,80,80,80,80,80,80,80,80],"relic_stats":{"Happy Flower":[4],"counters":[21,72],"StoneCalendar":[57],"Pandora\u0027s Box":["Infernal Blade","Double Tap","Bludgeon","Rage","Bludgeon","Sever Soul","Shrug It Off","Shrug It Off"],"Bag of Preparation":[2],"Champion Belt":[17],"Orichalcum":[258],"obtain_stats":[{"Girya":23,"Happy Flower":26,"Vajra":5,"StoneCalendar":10,"Bag of Preparation":31,"Orichalcum":0,"Burning Blood":0,"Akabeko":13,"Bottled Flame":28,"Anchor":30,"Molten Egg 2":9,"Pandora\u0027s Box":17,"Bag of Marbles":22,"Champion Belt":25},{"Girya":14,"Happy Flower":16,"Vajra":4,"StoneCalendar":5,"Bag of Preparation":20,"Orichalcum":0,"Burning Blood":0,"Akabeko":7,"Bottled Flame":18,"Anchor":20,"Molten Egg 2":4,"Pandora\u0027s Box":9,"Bag of Marbles":13,"Champion Belt":16},{"Girya":55,"Happy Flower":59,"Vajra":17,"StoneCalendar":23,"Bag of Preparation":68,"Orichalcum":0,"Burning Blood":0,"Akabeko":30,"Bottled Flame":63,"Anchor":68,"Molten Egg 2":17,"Pandora\u0027s Box":39,"Bag of Marbles":51,"Champion Belt":59}],"Burning Blood":117},"card_choices":[{"not_picked":["Twin Strike","Intimidate"],"picked":"Pummel","floor":1},{"not_picked":["True Grit","Searing Blow"],"picked":"Rampage","floor":2},{"not_picked":["Dual Wield","Armaments"],"picked":"Pommel Strike","floor":3},{"not_picked":["Perfected Strike","Warcry"],"picked":"Pommel Strike","floor":4},{"not_picked":["Wild Strike+1","Bludgeon+1"],"picked":"Clothesline+1","floor":10},{"not_picked":["Warcry","Reckless Charge+1","Blood for Blood+1"],"picked":"SKIP","floor":12},{"not_picked":["Shrug It Off","Ghostly Armor"],"picked":"Metallicize","floor":13},{"not_picked":["Body Slam+1","Havoc"],"picked":"Anger+1","floor":14},{"not_picked":["Demon Form","Barricade"],"picked":"Offering","floor":16},{"not_picked":["True Grit","Searing Blow+1"],"picked":"Thunderclap+1","floor":18},{"not_picked":["Body Slam+1","Rampage+1"],"picked":"Pummel+1","floor":19},{"not_picked":["Bloodletting","Wild Strike+1"],"picked":"Uppercut+1","floor":20},{"not_picked":["Cleave+1","Sentinel"],"picked":"Dropkick+1","floor":21},{"not_picked":["Body Slam+1","Rampage+1"],"picked":"Dropkick+1","floor":23},{"not_picked":["Shrug It Off","Second Wind"],"picked":"Spot Weakness","floor":24},{"not_picked":["Shockwave","Reckless Charge+1"],"picked":"Berserk","floor":25},{"not_picked":["Iron Wave+1","Flex"],"picked":"Sword Boomerang+1","floor":27},{"not_picked":["Heavy Blade+1","Body Slam+1"],"picked":"Inflame+1","floor":28},{"not_picked":["Fire Breathing+1","Sever Soul+1"],"picked":"Sword Boomerang+1","floor":29},{"not_picked":["Sever Soul+1","Entrench","Feel No Pain"],"picked":"SKIP","floor":30}],"player_experience":849460,"relics_obtained":[{"floor":9,"key":"Molten Egg 2"},{"floor":10,"key":"StoneCalendar"},{"floor":13,"key":"Akabeko"},{"floor":23,"key":"Girya"},{"floor":25,"key":"Champion Belt"},{"floor":26,"key":"Happy Flower"},{"floor":28,"key":"Bottled Flame"},{"floor":30,"key":"Anchor"},{"floor":31,"key":"Bag of Preparation"}],"event_choices":[{"cards_removed":["Strike_R"],"damage_healed":0,"gold_gain":0,"player_choice":"Offered Basic","damage_taken":0,"max_hp_gain":0,"max_hp_loss":0,"event_name":"Bonfire Elementals","floor":7,"gold_loss":0}],"is_beta":false,"boss_relics":[{"not_picked":["Mark of Pain","Runic Cube"],"picked":"Pandora\u0027s Box"}],"items_purged_floors":[],"is_endless":false,"potions_floor_spawned":[2,3,4,14,18,24,25,27,29],"killed_by":"Automaton","ascension_level":12}}