{"host":"ygfasg9u7olr7skw","time":1610737588,"event":{"mods":["AchievementEnabler","BaseMod","Better Note","Better Vampires","Colored Powertips","Minty Spire (QoL Compilation)","Replay The Spire","Spicy Shops","StSLib","The IronCluck"],"gold_per_floor":[118,43,63,63,63,63,76,76,76,76,76,5,18,28,28,28,28],"floor_reached":16,"language":"ENG","playtime":579,"items_purged":["Strike_B"],"score":108,"play_id":"1f6f1e28-5ce7-4d47-8f77-d6c6f3af93ea","local_time":"20210115140628","is_ascension_mode":true,"campfire_choices":[{"data":"Zap","floor":6,"key":"SMITH"},{"data":"Defragment","floor":8,"key":"SMITH"},{"data":"Dualcast","floor":10,"key":"SMITH"},{"floor":15,"key":"REST"}],"circlet_count":0,"master_deck":["Strike_B","Strike_B","Defend_B","Defend_B","Defend_B","Defend_B","Zap+1","Dualcast+1","Defragment+1","ReplayRNGCard","Darkness"],"relics":["Cracked Core","Replay:Rubber Ducky","Molten Egg 2","Medical Kit"],"acts_visited":["Exordium"],"potions_floor_usage":[16],"damage_taken":[{"damage":1,"enemies":"Cultist","floor":1,"turns":3},{"damage":8,"enemies":"2 Louse","floor":3,"turns":3},{"damage":0,"enemies":"Jaw Worm","floor":7,"turns":4},{"damage":1,"enemies":"Large Slime","floor":13,"turns":4},{"damage":1,"enemies":"3 Louse","floor":14,"turns":3},{"damage":76,"enemies":"Hexaghost","floor":16,"turns":11}],"seed_played":"-3027296834903440012","potions_obtained":[{"floor":3,"key":"Dexterity Potion"},{"floor":7,"key":"FearPotion"},{"floor":13,"key":"SpeedPotion"}],"is_trial":false,"path_per_floor":["M","$","M","?","?","R","M","R","T","R","$","$","M","M","R","B"],"character_chosen":"DEFECT","items_purchased":["Medical Kit"],"campfire_rested":1,"item_purchase_floors":[12],"current_hp_per_floor":[74,74,66,66,59,59,59,59,59,59,59,59,58,57,75,0,0],"gold":28,"neow_bonus":"RANDOM_COMMON_RELIC","is_daily":false,"chose_seed":false,"campfire_upgraded":3,"win_rate":0.0,"timestamp":1610737588,"path_taken":["M","$","M","?","?","R","M","R","T","R","?","$","M","M","R","BOSS"],"items_purchased_type":["Relic"],"build_version":"2020-12-22","purchased_purges":1,"victory":false,"max_hp_per_floor":[75,75,75,75,75,75,75,75,75,75,75,75,75,75,75,75,75],"card_choices":[{"not_picked":["Stack","Leap","Redo"],"picked":"SKIP","floor":1},{"not_picked":["BasicCrystalCard","Leap"],"picked":"Defragment","floor":3},{"not_picked":["Steam","Compile Driver","Coolheaded"],"picked":"SKIP","floor":7},{"not_picked":["FTL+1","Leap"],"picked":"ReplayRNGCard","floor":13},{"not_picked":["Go for the Eyes+1","Gash+1"],"picked":"Darkness","floor":14}],"player_experience":302995,"relics_obtained":[{"floor":9,"key":"Molten Egg 2"}],"event_choices":[{"damage_healed":0,"gold_gain":0,"player_choice":"Ignored","damage_taken":0,"max_hp_gain":0,"max_hp_loss":0,"event_name":"Shining Light","floor":4,"gold_loss":0},{"cards_removed":["Strike_B"],"damage_healed":0,"gold_gain":0,"player_choice":"Card Removal","damage_taken":7,"max_hp_gain":0,"max_hp_loss":0,"event_name":"Golden Wing","floor":5,"gold_loss":0}],"is_beta":false,"boss_relics":[],"items_purged_floors":[2],"is_endless":false,"potions_floor_spawned":[3,7,13],"killed_by":"Hexaghost","ascension_level":4}}