{"host":"9jj9tzo2iym4bpat","time":1610689069,"event":{"mods":["Act Like it!","BaseMod","CapriCore","Colored Map","Dark Map","Luminous","Marisa????????","Minty Spire (QoL Compilation)","Permanent Neow","StSLib","Td1madao Mod","The Animator","The Immortal","The Marked","The Servant 0.9.4","Yakumo Yukari mod"],"gold_per_floor":[139,214,42,42,42,70,70,16,16,35,35,35,35],"floor_reached":12,"language":"ENG","playtime":541,"items_purged":[],"score":81,"play_id":"3e8ca6c4-1d27-401b-8bc2-f9531b208e6e","local_time":"20210114233749","is_ascension_mode":true,"campfire_choices":[{"floor":7,"key":"REST"},{"data":"Shallow_ocean_purpleEX","floor":11,"key":"SMITH"}],"circlet_count":0,"master_deck":["AT_purpleEX","AT_purpleEX","AT_purpleEX+1","AT_purpleEX","Defend_purpleEX","Defend_purpleEX","Defend_purpleEX+1","Defend_purpleEX","Observe_purple_1","Observe_purple_2","AdvanceAttack_purple","Line_surface_state_purple","Boundary_DreamRealityDamnation_purple","Shallow_ocean_purpleEX+1","PositiveMatter_Antimatter_Universe_purple"],"relics":["Boundary_crack","Memoryfragments_purpleEX","TheEssenceOfRealm","Mummified Hand","Omamori","Eternal Feather"],"acts_visited":["Exordium"],"potions_floor_usage":[12],"damage_taken":[{"damage":4,"enemies":"Cultist","floor":1,"turns":5},{"damage":32,"enemies":"3 Sentries","floor":6,"turns":14},{"damage":0,"enemies":"2 Louse","floor":10,"turns":3},{"damage":48,"enemies":"Lagavulin","floor":12,"turns":9}],"seed_played":"-2625889216892318315","potions_obtained":[{"floor":10,"key":"EntropicBrew"}],"is_trial":false,"path_per_floor":["M","?","$","?","?","E","R","$","T","M","R","E"],"character_chosen":"Youkari","items_purchased":["TheEssenceOfRealm","Line_surface_state_purple","Shallow_ocean_purpleEX"],"campfire_rested":1,"item_purchase_floors":[3,3,8],"current_hp_per_floor":[76,65,65,50,43,15,38,38,38,39,48,0,0],"gold":35,"neow_bonus":"TEN_PERCENT_HP_BONUS","is_daily":false,"chose_seed":false,"campfire_upgraded":1,"win_rate":0.0,"timestamp":1610689069,"path_taken":["M","?","$","?","?","E","R","$","T","M","R","E"],"items_purchased_type":["Relic","Card","Card"],"build_version":"2020-12-22","purchased_purges":0,"victory":false,"max_hp_per_floor":[77,77,77,77,77,77,77,77,77,77,77,77,77],"card_choices":[{"not_picked":["Realm_recovery_purpleEX","Worldmountain_purple"],"picked":"AdvanceAttack_purple","floor":1},{"not_picked":["StretchesForeverDream_purple","RuleDissolution_purple"],"picked":"Boundary_DreamRealityDamnation_purple","floor":6},{"not_picked":["Mirror_FormAndEmptin_purple","MonsterNeedle_purple"],"picked":"PositiveMatter_Antimatter_Universe_purple","floor":10}],"player_experience":254787,"relics_obtained":[{"floor":6,"key":"Omamori"},{"floor":9,"key":"Eternal Feather"}],"event_choices":[{"damage_healed":0,"gold_gain":75,"player_choice":"Gather Gold","damage_taken":11,"max_hp_gain":0,"max_hp_loss":0,"event_name":"World of Goop","floor":2,"gold_loss":0},{"damage_healed":0,"gold_gain":0,"player_choice":"Entered Light","damage_taken":15,"max_hp_gain":0,"max_hp_loss":0,"event_name":"Shining Light","floor":4,"gold_loss":0,"cards_upgraded":["AT_purpleEX","Defend_purpleEX"]},{"damage_healed":0,"gold_gain":0,"player_choice":"Success","damage_taken":7,"relics_obtained":["Mummified Hand"],"max_hp_gain":0,"max_hp_loss":0,"event_name":"Scrap Ooze","floor":5,"gold_loss":0}],"is_beta":false,"boss_relics":[],"items_purged_floors":[],"is_endless":false,"potions_floor_spawned":[10],"killed_by":"Lagavulin","ascension_level":2}}