{"host":"j7tjb4cvlhh9ur1i","time":1610732877,"event":{"mods":["BaseMod","Hermit","Marisa????????","Minty Spire (QoL Compilation)","StSLib","The Animator","The Cursed","The Dragon Tamer","The Marked","The Servant 0.9.4"],"gold_per_floor":[113,126,126,201,5,5,5,5,28,44,100,100,28,39,39,134,134,151,162,162,162,162,162],"floor_reached":22,"language":"ENG","playtime":947,"items_purged":[],"score":172,"play_id":"4b6da73b-11b5-41e9-a7f1-80cf9f8b3e05","local_time":"20210115184757","is_ascension_mode":false,"campfire_choices":[{"floor":6,"key":"RECALL"},{"data":"hermit:Headshot","floor":8,"key":"SMITH"},{"data":"hermit:TrackingShot","floor":12,"key":"SMITH"},{"data":"hermit:Combo","floor":15,"key":"SMITH"}],"circlet_count":0,"master_deck":["hermit:Strike_Hermit+1","hermit:Strike_Hermit+1","hermit:Strike_Hermit+1","hermit:Strike_Hermit+1","hermit:Defend_Hermit+1","hermit:Defend_Hermit+1","hermit:Defend_Hermit+1","hermit:Defend_Hermit+1","hermit:Snapshot+1","hermit:Covet","hermit:Headshot+1","hermit:FlashPowder","hermit:HoleUp","hermit:TrackingShot+1","hermit:Combo+1","hermit:Manifest","hermit:Roughhouse","hermit:Coalescence+1","hermit:ItchyTrigger+1","RitualDagger"],"relics":["hermit:Momento","NeowsBlessing","Strange Spoon","SacredBark"],"acts_visited":["Exordium","TheCity"],"potions_floor_usage":[22,22],"damage_taken":[{"damage":0,"enemies":"Small Slimes","floor":1,"turns":1},{"damage":0,"enemies":"Jaw Worm","floor":2,"turns":1},{"damage":0,"enemies":"Cultist","floor":10,"turns":1},{"damage":0,"enemies":"2 Fungi Beasts","floor":14,"turns":4},{"damage":57,"enemies":"Hexaghost","floor":16,"turns":11},{"damage":27,"enemies":"Chosen","floor":18,"turns":7},{"damage":23,"enemies":"3 Byrds","floor":19,"turns":9},{"damage":22,"enemies":"Snecko","floor":22,"turns":3}],"seed_played":"-2167503221473041","potions_obtained":[{"floor":2,"key":"BlessingOfTheForge"},{"floor":19,"key":"Ancient Potion"}],"is_trial":false,"path_per_floor":["M","M","?","?","$","R","$","R","T","M","?","R","$","M","R","B",null,"M","M","?","?","M"],"character_chosen":"HERMIT","items_purchased":["Strange Spoon","hermit:HoleUp","hermit:Combo"],"campfire_rested":0,"item_purchase_floors":[5,5,13],"current_hp_per_floor":[75,75,75,64,64,64,64,64,64,64,64,64,64,64,64,7,75,48,25,19,19,0,0],"gold":162,"neow_bonus":"THREE_ENEMY_KILL","is_daily":false,"chose_seed":false,"campfire_upgraded":3,"win_rate":0.0,"timestamp":1610732877,"path_taken":["M","M","?","?","$","R","$","R","T","M","?","R","?","M","R","BOSS","M","?","?","?","M"],"items_purchased_type":["Relic","Card","Card"],"build_version":"2020-12-22","purchased_purges":0,"victory":false,"max_hp_per_floor":[75,75,75,75,75,75,75,75,75,75,75,75,75,75,75,75,75,75,75,75,75,75,75],"card_choices":[{"not_picked":["hermit:HoleUp","hermit:Deadeye"],"picked":"hermit:Headshot","floor":1},{"not_picked":["hermit:BigShot","hermit:Coalescence"],"picked":"hermit:FlashPowder","floor":2},{"not_picked":["hermit:Quickdraw","hermit:Vantage"],"picked":"hermit:TrackingShot","floor":10},{"not_picked":["hermit:LoneWolf","hermit:Feint"],"picked":"hermit:Manifest","floor":14},{"not_picked":["hermit:OverwhelmingPower","hermit:Adapt"],"picked":"hermit:Roughhouse","floor":16},{"not_picked":["hermit:Feint","hermit:ItchyTrigger"],"picked":"hermit:Coalescence+1","floor":18},{"not_picked":["hermit:Vantage","hermit:Determination"],"picked":"hermit:ItchyTrigger+1","floor":19}],"player_experience":51999,"relics_obtained":[],"event_choices":[{"damage_healed":0,"gold_gain":0,"player_choice":"Grow","damage_taken":0,"max_hp_gain":0,"max_hp_loss":0,"event_name":"Living Wall","floor":3,"gold_loss":0,"cards_upgraded":["hermit:Snapshot"]},{"damage_healed":0,"gold_gain":75,"player_choice":"Gather Gold","damage_taken":11,"max_hp_gain":0,"max_hp_loss":0,"event_name":"World of Goop","floor":4,"gold_loss":0},{"damage_healed":0,"gold_gain":56,"player_choice":"Gained Gold","damage_taken":0,"max_hp_gain":0,"max_hp_loss":0,"event_name":"Golden Wing","floor":11,"gold_loss":0},{"damage_healed":0,"gold_gain":0,"player_choice":"Joined the Cult","damage_taken":6,"max_hp_gain":0,"max_hp_loss":0,"event_name":"Nest","floor":20,"gold_loss":0,"cards_obtained":["RitualDagger"]},{"damage_healed":0,"gold_gain":0,"player_choice":"Simplicity","damage_taken":0,"max_hp_gain":0,"max_hp_loss":0,"event_name":"Back to Basics","floor":21,"gold_loss":0,"cards_upgraded":["hermit:Strike_Hermit","hermit:Strike_Hermit","hermit:Strike_Hermit","hermit:Strike_Hermit","hermit:Defend_Hermit","hermit:Defend_Hermit","hermit:Defend_Hermit","hermit:Defend_Hermit"]}],"is_beta":false,"boss_relics":[{"not_picked":["Cursed Key","Ectoplasm"],"picked":"SacredBark"}],"items_purged_floors":[],"is_endless":false,"potions_floor_spawned":[2,19],"killed_by":"Snecko","ascension_level":0}}