{"host":"1pwde2j81wdvsae3","time":1610701457,"event":{"mods":["BaseMod","Minty Spire (QoL Compilation)","Replay The Spire","Shop Mod","StSLib"],"gold_per_floor":[119,119,119,134,134,134,148,148,148,23,40,72,87,122,122,122,122],"floor_reached":16,"language":"ZHS","playtime":489,"items_purged":[],"score":176,"play_id":"05444f6e-ac48-4fc6-b032-a7c911ddf556","local_time":"20210115170417","is_ascension_mode":true,"campfire_choices":[{"data":"Searing Blow+1","floor":6.0,"key":"SMITH"},{"data":"Searing Blow+2","floor":8.0,"key":"SMITH"},{"data":"Searing Blow+3","floor":15,"key":"SMITH"}],"circlet_count":0,"master_deck":["AscendersBane","Strike_R","Strike_R","Strike_R","Strike_R","Defend_R","Defend_R","Defend_R","Defend_R","Bash","Bandage Up","Searing Blow+4","Wild Strike","Rupture","Flex","Cleave","True Grit","Infernal Blade","Evolve","Clothesline","Headbutt"],"relics":["Burning Blood","Meat on the Bone","Ginger","Anchor"],"acts_visited":["Exordium"],"potions_floor_usage":[12,16],"damage_taken":[{"damage":6.0,"enemies":"2 Louse","floor":1.0,"turns":3.0},{"damage":9.0,"enemies":"Small Slimes","floor":4.0,"turns":4.0},{"damage":1.0,"enemies":"Cultist","floor":7.0,"turns":3.0},{"damage":11,"enemies":"Exordium Wildlife","floor":11,"turns":4},{"damage":30,"enemies":"3 Sentries","floor":12,"turns":7},{"damage":14,"enemies":"Large Slime","floor":13,"turns":5},{"damage":31,"enemies":"Replay:BlueRogue","floor":14,"turns":6},{"damage":50,"enemies":"The Guardian","floor":16,"turns":5}],"seed_played":"-6535227129166920389","potions_obtained":[{"floor":1.0,"key":"ColorlessPotion"},{"floor":7.0,"key":"Venom Potion"},{"floor":11,"key":"Venom Potion"},{"floor":12,"key":"ColorlessPotion"}],"is_trial":false,"path_per_floor":["M","?","?","M","?","R","M","R","T","$","M","E","M","E","R","B"],"character_chosen":"IRONCLAD","items_purchased":["Flex","Cleave","True Grit"],"campfire_rested":0,"item_purchase_floors":[10,10,10],"current_hp_per_floor":[76,76,76,77,77,77,80,80,80,80,75,55,51,42,42,0,0],"gold":122,"neow_bonus":"RANDOM_COLORLESS","is_daily":false,"chose_seed":false,"campfire_upgraded":3,"win_rate":0.0,"timestamp":1610701457,"path_taken":["M","?","?","M","?","R","?","R","T","$","M","E","M","E","R","BOSS"],"items_purchased_type":["Card","Card","Card"],"build_version":"2020-12-22","purchased_purges":0,"victory":false,"max_hp_per_floor":[80,80,80,80,80,80,80,80,80,80,80,80,80,80,80,80,80],"card_choices":[{"not_picked":["Impatience","Dark Shackles"],"picked":"Bandage Up","floor":0.0},{"not_picked":["Flex","True Grit"],"picked":"Searing Blow","floor":1.0},{"not_picked":["True Grit","Anger"],"picked":"Wild Strike","floor":4.0},{"not_picked":["Anger","Replay:Undeath\u0027s Touch"],"picked":"Rupture","floor":7.0},{"not_picked":["Pommel Strike","Iron Wave"],"picked":"Infernal Blade","floor":11},{"not_picked":["Demon Form","Demonic Infusion"],"picked":"Evolve","floor":12},{"not_picked":["Thunderclap","Wild Strike"],"picked":"Clothesline","floor":13},{"not_picked":["Flex","Thunderclap"],"picked":"Headbutt","floor":14}],"player_experience":207461,"relics_obtained":[{"floor":9.0,"key":"Meat on the Bone"},{"floor":12,"key":"Ginger"},{"floor":14,"key":"Anchor"}],"event_choices":[{"damage_healed":0.0,"max_hp_gain":0.0,"max_hp_loss":0.0,"gold_gain":0.0,"event_name":"The Cleric","player_choice":"Leave","floor":2.0,"gold_loss":0.0,"damage_taken":0.0},{"damage_healed":0.0,"max_hp_gain":0.0,"max_hp_loss":0.0,"gold_gain":0.0,"event_name":"Living Wall","player_choice":"Grow","floor":3.0,"gold_loss":0.0,"damage_taken":0.0,"cards_upgraded":["Searing Blow"]},{"cards_removed":["Strike_R"],"damage_healed":0.0,"max_hp_gain":0.0,"max_hp_loss":0.0,"gold_gain":0.0,"event_name":"Bonfire Elementals","player_choice":"Offered Basic","floor":5.0,"gold_loss":0.0,"damage_taken":0.0}],"is_beta":false,"boss_relics":[],"items_purged_floors":[],"is_endless":false,"potions_floor_spawned":[1,7,11,12],"killed_by":"The Guardian","ascension_level":12}}