{"host":"Jinnai","time":1610733235,"event":{"mods":["BaseMod","Bestiary","Block Reminder","Colored Map","Colored Powertips","Highlight Path","Minty Spire (QoL Compilation)","Quick Restart","Relic Stats","StSLib"],"gold_per_floor":[113,38,38,56,2,30,30,51,121,121,131,71,85,95,95,171,171,190,209,209,18,35,35,47,47,47,47,66,66,66,92,92,171,171,185,195,28,28,43,43,43,63,63,88,114,140,140,166,166,166],"floor_reached":51,"language":"ENG","playtime":6900,"items_purged":["Strike_G"],"score":1236,"play_id":"49f705a0-f945-4443-a198-b99dde1949cb","local_time":"20210115125355","is_ascension_mode":true,"campfire_choices":[{"data":"Neutralize","floor":7.0,"key":"SMITH"},{"data":"All Out Attack","floor":10.0,"key":"SMITH"},{"floor":15.0,"key":"REST"},{"data":"Leg Sweep","floor":23.0,"key":"SMITH"},{"data":"Well Laid Plans","floor":25.0,"key":"SMITH"},{"data":"Prepared","floor":29.0,"key":"SMITH"},{"data":"Cloak And Dagger","floor":32.0,"key":"SMITH"},{"data":"Grand Finale","floor":40,"key":"SMITH"},{"data":"Blade Dance","floor":47,"key":"SMITH"},{"data":"Adrenaline","floor":49,"key":"SMITH"}],"circlet_count":0,"master_deck":["AscendersBane","Strike_G","Strike_G","Strike_G","Defend_G","Defend_G","Defend_G","Defend_G","Survivor","Neutralize+1","All Out Attack+1","Acrobatics","Cloak And Dagger+1","Blade Dance+1","Well Laid Plans+1","Dagger Throw","Grand Finale+1","Setup","Cloak And Dagger","Leg Sweep+1","Accuracy","Backflip","Prepared+1","Slice","Tactician","Backflip","Adrenaline+1","Reflex","Leg Sweep+1","Terror+1","Infinite Blades"],"relics":["Ring of the Snake","CaptainsWheel","Boot","Paper Crane","Odd Mushroom","InkBottle","Lantern","Coffee Dripper","Nunchaku","Kunai","WristBlade","Blood Vial","TungstenRod","Pen Nib","Potion Belt","Orichalcum"],"acts_visited":["Exordium","TheCity","TheBeyond"],"potions_floor_usage":[33,33,50,50],"damage_taken":[{"damage":2.0,"enemies":"2 Louse","floor":1.0,"turns":3.0},{"damage":0.0,"enemies":"Jaw Worm","floor":4.0,"turns":3.0},{"damage":8.0,"enemies":"Gremlin Nob","floor":6.0,"turns":4.0},{"damage":1.0,"enemies":"The Mushroom Lair","floor":8.0,"turns":4.0},{"damage":0.0,"enemies":"Small Slimes","floor":11.0,"turns":2.0},{"damage":6.0,"enemies":"Gremlin Gang","floor":13.0,"turns":4.0},{"damage":0.0,"enemies":"Red Slaver","floor":14.0,"turns":3.0},{"damage":23.0,"enemies":"Slime Boss","floor":16.0,"turns":11.0},{"damage":0.0,"enemies":"3 Byrds","floor":18.0,"turns":2.0},{"damage":19.0,"enemies":"2 Thieves","floor":19.0,"turns":3.0},{"damage":4.0,"enemies":"Sentry and Sphere","floor":22.0,"turns":5.0},{"damage":0.0,"enemies":"Centurion and Healer","floor":24.0,"turns":8.0},{"damage":1.0,"enemies":"Shelled Parasite and Fungi","floor":28.0,"turns":3.0},{"damage":0.0,"enemies":"Book of Stabbing","floor":31.0,"turns":5.0},{"damage":7,"enemies":"Automaton","floor":33,"turns":8},{"damage":10,"enemies":"3 Shapes","floor":35,"turns":7},{"damage":22,"enemies":"3 Darklings","floor":36,"turns":6},{"damage":0,"enemies":"4 Shapes","floor":39,"turns":4},{"damage":3,"enemies":"Writhing Mass","floor":42,"turns":6},{"damage":0,"enemies":"Mind Bloom Boss Battle","floor":44,"turns":5},{"damage":3,"enemies":"Reptomancer","floor":48,"turns":5},{"damage":43,"enemies":"Donu and Deca","floor":50,"turns":8}],"seed_played":"-2899099221511093348","potions_obtained":[{"floor":1.0,"key":"Strength Potion"},{"floor":11.0,"key":"Poison Potion"},{"floor":13.0,"key":"LiquidBronze"},{"floor":14.0,"key":"SpeedPotion"},{"floor":19.0,"key":"Explosive Potion"},{"floor":24.0,"key":"Swift Potion"},{"floor":31.0,"key":"PowerPotion"},{"floor":33,"key":"LiquidMemories"},{"floor":35,"key":"Block Potion"}],"is_trial":false,"path_per_floor":["M","?","?","M","$","E","R","?","T","R","M","?","M","M","R","B",null,"M","M","?","$","M","R","M","R","T","?","M","R","$","E","R","B",null,"M","M","$","?","M","R","$","M","T","?","T","T","R","E","R","B",null],"character_chosen":"THE_SILENT","items_purchased":["Fire Potion","Leg Sweep","Accuracy","Adrenaline"],"campfire_rested":1,"item_purchase_floors":[5,21,21,37],"current_hp_per_floor":[57,57,39,39,39,31,31,30,30,30,30,30,24,24,42,19,50,50,31,25,25,21,21,21,21,21,21,20,20,20,20,20,13,48,38,16,16,70,70,70,70,67,67,69,69,69,69,67,67,26],"gold":166,"neow_bonus":"ONE_RARE_RELIC","is_daily":false,"chose_seed":false,"campfire_upgraded":9,"win_rate":0.0,"timestamp":1610733235,"path_taken":["M","?","?","M","$","E","R","?","T","R","M","?","?","M","R","BOSS","M","M","?","$","M","R","?","R","T","?","M","R","?","E","R","BOSS","M","M","$","?","M","R","?","M","T","?","?","?","R","E","R","BOSS"],"items_purchased_type":["Potion","Card","Card","Card"],"build_version":"2020-12-18","purchased_purges":1,"victory":true,"max_hp_per_floor":[60,60,60,60,60,60,60,60,60,60,60,60,60,60,60,60,60,60,60,60,60,60,60,60,60,60,60,60,60,60,60,60,60,60,60,60,60,70,70,70,70,70,70,70,70,70,70,70,70,70],"relic_stats":{"Blood Vial":5,"Nunchaku":[18],"counters":[22,109],"Pen Nib":[4],"Kunai":[35],"Orichalcum":[0],"Boot":[86],"obtain_stats":[{"Potion Belt":46,"Lantern":12,"Pen Nib":45,"Paper Crane":6,"Odd Mushroom":8,"Orichalcum":48,"Boot":3,"Blood Vial":43,"CaptainsWheel":0,"Nunchaku":26,"WristBlade":34,"Coffee Dripper":17,"Kunai":31,"InkBottle":9,"TungstenRod":44,"Ring of the Snake":0},{"Potion Belt":20,"Lantern":5,"Pen Nib":20,"Paper Crane":3,"Odd Mushroom":4,"Orichalcum":21,"Boot":1,"Blood Vial":19,"CaptainsWheel":0,"Nunchaku":12,"WristBlade":15,"Coffee Dripper":8,"Kunai":14,"InkBottle":4,"TungstenRod":20,"Ring of the Snake":0},{"Potion Belt":96,"Lantern":16,"Pen Nib":96,"Paper Crane":10,"Odd Mushroom":14,"Orichalcum":101,"Boot":3,"Blood Vial":91,"CaptainsWheel":0,"Nunchaku":52,"WristBlade":68,"Coffee Dripper":34,"Kunai":60,"InkBottle":14,"TungstenRod":96,"Ring of the Snake":0}],"InkBottle":[51],"TungstenRod":5,"Ring of the Snake":[44]},"card_choices":[{"not_picked":["Distraction","Underhanded Strike"],"picked":"All Out Attack","floor":1.0},{"not_picked":["Reflex","Catalyst"],"picked":"Acrobatics","floor":4.0},{"not_picked":["Accuracy","Riddle With Holes"],"picked":"Cloak And Dagger","floor":6.0},{"not_picked":["Deadly Poison","Terror"],"picked":"Blade Dance","floor":8.0},{"not_picked":["Endless Agony","Sucker Punch"],"picked":"Well Laid Plans","floor":11.0},{"not_picked":["Quick Slash","Masterful Stab","Concentrate"],"picked":"SKIP","floor":13.0},{"not_picked":["Outmaneuver","Concentrate"],"picked":"Dagger Throw","floor":14.0},{"not_picked":["Venomology","Phantasmal Killer"],"picked":"Grand Finale","floor":16.0},{"not_picked":["Outmaneuver","Flying Knee"],"picked":"Setup","floor":18.0},{"not_picked":["Dagger Throw","Skewer"],"picked":"Cloak And Dagger","floor":19.0},{"not_picked":["Sucker Punch","PiercingWail"],"picked":"Backflip","floor":22.0},{"not_picked":["Deflect","Deadly Poison"],"picked":"Prepared","floor":24.0},{"not_picked":["Poisoned Stab","Choke","Deflect"],"picked":"SKIP","floor":28.0},{"not_picked":["Skewer","Noxious Fumes"],"picked":"Slice","floor":31.0},{"not_picked":["Burst","Doppelganger"],"picked":"Storm of Steel","floor":33},{"not_picked":["Prepared","Heel Hook"],"picked":"Tactician","floor":35},{"not_picked":["Crippling Poison","Flying Knee"],"picked":"Backflip","floor":36},{"not_picked":["Caltrops","Underhanded Strike"],"picked":"Reflex","floor":39},{"not_picked":["Cloak And Dagger","Skewer"],"picked":"Leg Sweep+1","floor":42},{"not_picked":["Flechettes+1","Noxious Fumes+1"],"picked":"Terror+1","floor":44},{"not_picked":["Well Laid Plans","PiercingWail+1"],"picked":"Infinite Blades","floor":48}],"player_experience":1509609,"relics_obtained":[{"floor":6.0,"key":"Paper Crane"},{"floor":8.0,"key":"Odd Mushroom"},{"floor":9.0,"key":"InkBottle"},{"floor":26.0,"key":"Nunchaku"},{"floor":31.0,"key":"Kunai"},{"floor":43,"key":"Blood Vial"},{"floor":44,"key":"TungstenRod"},{"floor":45,"key":"Pen Nib"},{"floor":46,"key":"Potion Belt"},{"floor":48,"key":"Orichalcum"}],"event_choices":[{"cards_removed":["Defend_G"],"damage_healed":0.0,"max_hp_gain":0.0,"max_hp_loss":0.0,"gold_gain":0.0,"event_name":"The Cleric","player_choice":"Card Removal","floor":2.0,"gold_loss":75.0,"damage_taken":0.0},{"damage_healed":0.0,"max_hp_gain":0.0,"max_hp_loss":0.0,"gold_gain":0.0,"event_name":"Scrap Ooze","player_choice":"Success","floor":3.0,"gold_loss":0.0,"damage_taken":18.0,"relics_obtained":["Boot"]},{"damage_healed":0.0,"max_hp_gain":0.0,"max_hp_loss":0.0,"gold_gain":0.0,"event_name":"Mushrooms","player_choice":"Fought Mushrooms","floor":8.0,"gold_loss":0.0,"damage_taken":0.0},{"damage_healed":0.0,"max_hp_gain":0.0,"max_hp_loss":0.0,"gold_gain":0.0,"event_name":"WeMeetAgain","player_choice":"Paid Gold","floor":12.0,"gold_loss":60.0,"damage_taken":0.0,"relics_obtained":["Lantern"]},{"damage_healed":0.0,"max_hp_gain":0.0,"max_hp_loss":0.0,"gold_gain":0.0,"event_name":"Knowing Skull","player_choice":"","floor":20.0,"potions_obtained":[],"gold_loss":0.0,"damage_taken":6.0,"cards_obtained":[]},{"cards_removed":["Strike_G"],"damage_healed":0.0,"max_hp_gain":0.0,"max_hp_loss":0.0,"gold_gain":0.0,"event_name":"Purifier","player_choice":"Purged","floor":27.0,"gold_loss":0.0,"damage_taken":0.0},{"cards_removed":["Storm of Steel"],"damage_healed":44,"gold_gain":0,"player_choice":"Offered Rare","damage_taken":0,"max_hp_gain":10,"max_hp_loss":0,"event_name":"Bonfire Elementals","floor":38,"gold_loss":0},{"damage_healed":0,"gold_gain":0,"player_choice":"Fight","damage_taken":0,"max_hp_gain":0,"max_hp_loss":0,"event_name":"MindBloom","floor":44,"gold_loss":0}],"is_beta":true,"boss_relics":[{"not_picked":["SlaversCollar","Sozu"],"picked":"Coffee Dripper"},{"not_picked":["Runic Pyramid","Tiny House"],"picked":"WristBlade"}],"items_purged_floors":[21],"is_endless":false,"potions_floor_spawned":[1,11,13,14,19,24,28,31,33,35,36],"ascension_level":17}}