{"host":"vyjryxuuuxkt43k4","time":1610703922,"event":{"mods":["BaseMod","Colored Map","DeckTracker","Minty Spire (QoL Compilation)","Permanent Neow","Quick Restart","StSLib","SuperFastMode","everything is the same but u backflip on backflip"],"gold_per_floor":[113,40,50,68,85,85,95,122,122,122,47,62,75,87,87,187,187,202,202,33,43,142,142,17,17,17,17,30,47,78,95,95,196,196,207,219,265,265,265,265,299,299,345,356,157,177,177,190,190,190,190,190,12,41,41,41],"floor_reached":55,"language":"KOR","playtime":5603,"items_purged":["Strike_P","Defend_P","Strike_P","Establishment+1"],"score":746,"play_id":"720833ce-ee3a-4107-a107-31f034a58274","local_time":"20210115184522","is_ascension_mode":false,"campfire_choices":[{"data":"Eruption","floor":6.0,"key":"SMITH"},{"data":"EmptyFist","floor":10.0,"key":"SMITH"},{"data":"Establishment","floor":15.0,"key":"SMITH"},{"data":"Adaptation","floor":23.0,"key":"SMITH"},{"data":"Adaptation","floor":32.0,"key":"SMITH"},{"data":"ClearTheMind","floor":40.0,"key":"SMITH"},{"floor":47.0,"key":"RECALL"},{"data":"Scrawl","floor":49.0,"key":"SMITH"},{"data":"SandsOfTime","floor":52.0,"key":"SMITH"}],"circlet_count":0,"master_deck":["Strike_P","Strike_P","Defend_P","Eruption+1","Vigilance","SandsOfTime+1","EmptyFist+1","Adaptation+1","Adaptation+1","FlurryOfBlows+1","Crescendo+1","Scrawl+1","DeusExMachina","ClearTheMind+1","Ragnarok"],"relics":["PureWater","Pear","Gambling Chip","Coffee Dripper","Question Card","Singing Bowl","Runic Pyramid","Lizard Tail","GoldenEye","Mummified Hand"],"acts_visited":["Exordium","TheCity","TheBeyond","TheEnding"],"potions_floor_usage":[55],"damage_taken":[{"damage":0.0,"enemies":"Cultist","floor":1.0,"turns":3.0},{"damage":2.0,"enemies":"Jaw Worm","floor":3.0,"turns":3.0},{"damage":0.0,"enemies":"2 Louse","floor":4.0,"turns":2.0},{"damage":6.0,"enemies":"Large Slime","floor":5.0,"turns":5.0},{"damage":10.0,"enemies":"Lots of Slimes","floor":7.0,"turns":2.0},{"damage":0.0,"enemies":"Lagavulin","floor":8.0,"turns":3.0},{"damage":2.0,"enemies":"Blue Slaver","floor":12.0,"turns":3.0},{"damage":0.0,"enemies":"Looter","floor":13.0,"turns":1.0},{"damage":3.0,"enemies":"Large Slime","floor":14.0,"turns":2.0},{"damage":48.0,"enemies":"Hexaghost","floor":16.0,"turns":8.0},{"damage":0.0,"enemies":"Chosen","floor":18.0,"turns":4.0},{"damage":2.0,"enemies":"Spheric Guardian","floor":21.0,"turns":3.0},{"damage":2.0,"enemies":"Cultist and Chosen","floor":28.0,"turns":3.0},{"damage":5.0,"enemies":"Sentry and Sphere","floor":29.0,"turns":3.0},{"damage":0.0,"enemies":"Book of Stabbing","floor":30.0,"turns":3.0},{"damage":0.0,"enemies":"Centurion and Healer","floor":31.0,"turns":3.0},{"damage":23.0,"enemies":"Collector","floor":33.0,"turns":6.0},{"damage":0.0,"enemies":"3 Darklings","floor":35.0,"turns":2.0},{"damage":0.0,"enemies":"Orb Walker","floor":36.0,"turns":1.0},{"damage":30.0,"enemies":"2 Orb Walkers","floor":37.0,"turns":3.0},{"damage":32.0,"enemies":"Nemesis","floor":41.0,"turns":3.0},{"damage":0.0,"enemies":"3 Darklings","floor":44.0,"turns":2.0},{"damage":9.0,"enemies":"4 Shapes","floor":46.0,"turns":4.0},{"damage":4.0,"enemies":"Maw","floor":48.0,"turns":5.0},{"damage":30.0,"enemies":"Donu and Deca","floor":50.0,"turns":5.0},{"damage":49.0,"enemies":"Shield and Spear","floor":54.0,"turns":4.0},{"damage":65,"enemies":"The Heart","floor":55,"turns":2}],"seed_played":"6482496704178026491","potions_obtained":[{"floor":1.0,"key":"Ambrosia"},{"floor":4.0,"key":"Explosive Potion"},{"floor":7.0,"key":"FearPotion"},{"floor":8.0,"key":"AttackPotion"},{"floor":14.0,"key":"EssenceOfSteel"},{"floor":16.0,"key":"DistilledChaos"},{"floor":21.0,"key":"DuplicationPotion"},{"floor":30.0,"key":"Regen Potion"},{"floor":35.0,"key":"CultistPotion"},{"floor":37.0,"key":"Swift Potion"},{"floor":41.0,"key":"SteroidPotion"},{"floor":48.0,"key":"SteroidPotion"}],"is_trial":false,"path_per_floor":["M","$","M","M","M","R","M","E","T","R","$","M","M","M","R","B",null,"M","?","$","M","?","R","$","?","T","?","M","M","E","M","R","B",null,"M","M","?","?","?","R","E","?","T","M","$","M","R","M","R","B",null,"R","$","E","B"],"character_chosen":"WATCHER","items_purchased":["SandsOfTime","Adaptation","SkillPotion","Ragnarok","Energy Potion","Dexterity Potion"],"campfire_rested":0,"item_purchase_floors":[2,20,45,53,53,53],"current_hp_per_floor":[72,72,70,70,64,64,54,64,64,64,64,62,62,59,59,11,82,82,82,82,80,80,80,80,80,80,80,78,73,73,75,75,52,84,86,88,58,58,58,58,33,33,33,35,35,28,28,26,26,46,92,92,92,45,0,0],"gold":41,"neow_bonus":"REMOVE_CARD","is_daily":false,"chose_seed":false,"campfire_upgraded":8,"win_rate":0.0,"timestamp":1610703922,"path_taken":["M","$","M","M","M","R","M","E","T","R","$","M","M","M","R","BOSS","M","?","$","M","?","R","$","?","T","?","M","M","E","M","R","BOSS","M","?","?","?","?","R","E","?","T","M","$","?","R","M","R","BOSS","R","$","E","BOSS"],"items_purchased_type":["Card","Card","Potion","Card","Potion","Potion"],"build_version":"2020-12-22","purchased_purges":4,"victory":false,"max_hp_per_floor":[72,72,72,72,72,72,72,82,82,82,82,82,82,82,82,82,82,82,82,82,82,82,82,82,82,82,82,82,82,82,84,84,84,84,86,88,88,84,84,84,86,86,86,88,88,90,90,92,92,92,92,92,92,94,94,94],"card_choices":[{"not_picked":["ForeignInfluence","ThirdEye","FollowUp"],"picked":"SKIP","floor":1.0},{"not_picked":["Protect","Pray","Crescendo"],"picked":"SKIP","floor":3.0},{"not_picked":["EmptyBody","ForeignInfluence"],"picked":"EmptyFist","floor":4.0},{"not_picked":["CrushJoints","EmptyFist","Wallop"],"picked":"SKIP","floor":5.0},{"not_picked":["ThirdEye","Consecrate","CrushJoints"],"picked":"SKIP","floor":7.0},{"not_picked":["JustLucky","SashWhip","SignatureMove"],"picked":"SKIP","floor":8.0},{"not_picked":["Consecrate","BowlingBash"],"picked":"CutThroughFate","floor":12.0},{"not_picked":["SashWhip","CarveReality"],"picked":"Establishment","floor":13.0},{"not_picked":["FlurryOfBlows","LikeWater","TalkToTheHand"],"picked":"SKIP","floor":14.0},{"not_picked":["CrushJoints","Swivel"],"picked":"Adaptation","floor":18.0},{"not_picked":["Weave","Sanctity+1"],"picked":"FlurryOfBlows+1","floor":21.0},{"not_picked":["BowlingBash","PathToVictory","LikeWater","Vengeance"],"picked":"SKIP","floor":28.0},{"not_picked":["Consecrate","ClearTheMind","FlyingSleeves"],"picked":"Crescendo+1","floor":29.0},{"not_picked":["WindmillStrike+1","Crescendo","ThirdEye"],"picked":"Scrawl","floor":30.0},{"not_picked":["Collect","EmptyFist","FlurryOfBlows+1","BowlingBash+1"],"picked":"Singing Bowl","floor":31.0},{"not_picked":["Scrawl","Devotion","ConjureBlade"],"picked":"DeusExMachina","floor":33.0},{"not_picked":["ThirdEye+1","Swivel","PathToVictory","BowlingBash"],"picked":"Singing Bowl","floor":35.0},{"not_picked":["JustLucky","ThirdEye","Halt+1","Prostrate"],"picked":"Singing Bowl","floor":36.0},{"not_picked":["Consecrate","EmptyBody+1","Pray"],"picked":"ClearTheMind","floor":37.0},{"not_picked":["LessonLearned","PathToVictory+1","BowlingBash+1","ForeignInfluence+1"],"picked":"Singing Bowl","floor":41.0},{"not_picked":["CrushJoints","WindmillStrike","Protect","Indignation"],"picked":"Singing Bowl","floor":44.0},{"not_picked":["BowlingBash+1","Collect+1","PathToVictory","Protect"],"picked":"Singing Bowl","floor":46.0},{"not_picked":["Vengeance","Wallop","FollowUp+1","Evaluate+1"],"picked":"Singing Bowl","floor":48.0},{"not_picked":["ReachHeaven","WindmillStrike","Protect+1","Crescendo"],"picked":"Singing Bowl","floor":54.0}],"player_experience":321620,"relics_obtained":[{"floor":8.0,"key":"Pear"},{"floor":9.0,"key":"Gambling Chip"},{"floor":26.0,"key":"Question Card"},{"floor":30.0,"key":"Singing Bowl"},{"floor":37.0,"key":"Lizard Tail"},{"floor":41.0,"key":"GoldenEye"},{"floor":54.0,"key":"Mummified Hand"}],"event_choices":[{"damage_healed":0.0,"max_hp_gain":0.0,"max_hp_loss":0.0,"gold_gain":0.0,"event_name":"The Mausoleum","player_choice":"Ignored","floor":19.0,"gold_loss":0.0,"damage_taken":0.0},{"damage_healed":0.0,"max_hp_gain":0.0,"max_hp_loss":0.0,"gold_gain":99.0,"event_name":"Nest","player_choice":"Stole From Cult","floor":22.0,"gold_loss":0.0,"damage_taken":0.0},{"cards_removed":["Defend_P"],"damage_healed":0.0,"max_hp_gain":0.0,"max_hp_loss":0.0,"gold_gain":0.0,"event_name":"Back to Basics","player_choice":"Elegance","floor":25.0,"gold_loss":0.0,"damage_taken":0.0},{"damage_healed":0.0,"max_hp_gain":0.0,"max_hp_loss":0.0,"gold_gain":0.0,"event_name":"Lab","player_choice":"Got Potions","floor":27.0,"gold_loss":0.0,"damage_taken":0.0},{"damage_healed":0.0,"max_hp_gain":0.0,"max_hp_loss":0.0,"gold_gain":0.0,"event_name":"Mysterious Sphere","player_choice":"Fight","floor":37.0,"gold_loss":0.0,"damage_taken":0.0},{"damage_healed":0.0,"max_hp_gain":0.0,"max_hp_loss":4.0,"gold_gain":0.0,"event_name":"Winding Halls","player_choice":"Max HP","floor":38.0,"gold_loss":0.0,"damage_taken":0.0},{"cards_removed":["CutThroughFate"],"damage_healed":0.0,"max_hp_gain":0.0,"max_hp_loss":0.0,"gold_gain":0.0,"event_name":"Falling","player_choice":"Removed Attack","floor":39.0,"gold_loss":0.0,"damage_taken":0.0},{"damage_healed":0.0,"max_hp_gain":0.0,"max_hp_loss":0.0,"gold_gain":0.0,"event_name":"The Moai Head","player_choice":"Ignored","floor":42.0,"gold_loss":0.0,"damage_taken":0.0}],"is_beta":false,"boss_relics":[{"not_picked":["Velvet Choker","Black Star"],"picked":"Coffee Dripper"},{"not_picked":["Calling Bell","Runic Dome"],"picked":"Runic Pyramid"}],"items_purged_floors":[11,20,24,45],"is_endless":false,"potions_floor_spawned":[1,4,7,8,14,16,21,30,35,37,41,48],"killed_by":"The Heart","ascension_level":0}}