{"host":"eu5wvbbtjeiar27l","time":1610730839,"event":{"mods":["Astrologer","BaseMod","Colored Powertips","Conspire","Energized Spire","Hubris","Infinite Spire","Mad Scientist","Melee Mod","Minty Spire (QoL Compilation)","Potionbrewer","Rare Cards Sparkle","StSLib","The Construct","The Factory","The Jungle","The Runesmith","The Valiant","Treasure Hunter","themimic","vexMod"],"gold_per_floor":[12,12,12,31,51,82,82,99,122,122,147,184,196,226,238,376,388,424,436,464,476,488,535,547,580,592,604,616,616],"floor_reached":28,"language":"ENG","playtime":1621,"items_purged":[],"score":273,"play_id":"d31e418b-efae-4c72-8aad-5eccbba703f1","local_time":"20210115171359","is_ascension_mode":false,"campfire_choices":[{"data":"TearSoul","floor":7,"key":"SMITH"},{"data":"AbandonReason","floor":15,"key":"SMITH"},{"data":"Bite","floor":27,"key":"SMITH"}],"circlet_count":0,"master_deck":["Defend_Valiant","Defend_Valiant","Defend_Valiant","BlindingLight","MinorHealing","MinorHealing","SeekAnswers","TearSoul+1","MercilessSmite","UnyieldingZeal","ItsSmitingTime","ZealousAmbition","ArcaneHealing","FuriousSmite","AbandonReason+1","WideSmite+1","J.A.X.","Bite+1","Bite","Bite","Bite","Bite","MercilessSmite"],"relics":["Cross Pendant","Orb Of Light","vexMod:MemoryStick","MawBank","Golden Idol","conspire:RoyalGoblet","White Beast Statue"],"acts_visited":["Exordium","TheCity"],"potions_floor_usage":[11,11,12],"damage_taken":[{"damage":8,"enemies":"Jaw Worm","floor":1,"turns":5},{"damage":0,"enemies":"2 Louse","floor":4,"turns":3},{"damage":6,"enemies":"Small Slimes","floor":5,"turns":3},{"damage":56,"enemies":"Lagavulin","floor":6,"turns":7},{"damage":6,"enemies":"Blue Slaver","floor":8,"turns":5},{"damage":61,"enemies":"Gremlin Nob","floor":11,"turns":6},{"damage":21,"enemies":"3 Louse","floor":12,"turns":4},{"damage":6,"enemies":"Red Slaver","floor":14,"turns":3},{"damage":57,"enemies":"Hexaghost","floor":16,"turns":9},{"damage":25,"enemies":"Shell Parasite","floor":18,"turns":5},{"damage":23,"enemies":"Chosen","floor":20,"turns":5},{"damage":71,"enemies":"Slavers","floor":23,"turns":8},{"damage":58,"enemies":"Shelled Parasite and Fungi","floor":25,"turns":6},{"damage":57,"enemies":"Book of Stabbing","floor":28,"turns":4}],"seed_played":"6892235656226751319","potions_obtained":[{"floor":6,"key":"Block Potion"},{"floor":8,"key":"Block Potion"},{"floor":11,"key":"potionbrewer:MidasPotion"}],"is_trial":false,"path_per_floor":["M","?","?","M","M","E","R","M","T","?","E","M","?","M","R","B",null,"M","?","M","?","?","E","$","M","T","R","E"],"character_chosen":"TheValiant","items_purchased":[],"campfire_rested":0,"item_purchase_floors":[],"current_hp_per_floor":[98,98,98,98,98,54,54,62,62,67,29,45,19,34,34,7,105,89,89,89,73,73,46,46,32,32,32,0,0],"gold":616,"neow_bonus":"REMOVE_TWO","is_daily":false,"chose_seed":false,"campfire_upgraded":3,"win_rate":0.0,"timestamp":1610730839,"path_taken":["M","?","?","M","M","E","R","M","T","?","E","M","?","M","R","BOSS","M","?","M","?","?","E","$","?","T","R","E"],"items_purchased_type":[],"build_version":"2020-12-22","purchased_purges":0,"victory":false,"max_hp_per_floor":[100,100,100,100,100,100,100,100,100,105,105,105,105,105,105,105,105,105,105,105,73,73,73,73,73,73,73,73,73],"card_choices":[{"not_picked":["MightForm","Uprising"],"picked":"SeekAnswers","floor":1},{"not_picked":["Meaballize","DelvingPrayer"],"picked":"UnyieldingZeal","floor":4},{"not_picked":["RecklessSmite","FuriousSmite"],"picked":"ItsSmitingTime","floor":5},{"not_picked":["Uprising","CombatDance"],"picked":"ZealousAmbition","floor":6},{"not_picked":["TH:Mimic","TH:ArmorSpikes"],"picked":"SKIP","floor":6},{"not_picked":["ZealousPersecution","UnyieldingZeal"],"picked":"ArcaneHealing","floor":8},{"not_picked":["TH:CopperCoins","TH:ElvenBoots"],"picked":"SKIP","floor":9},{"not_picked":["ToweringCharge","EmpoweringForce"],"picked":"FuriousSmite","floor":11},{"not_picked":["TH:BikiniMail","TH:EnergyPotion"],"picked":"SKIP","floor":11},{"not_picked":["Radiance","TearSoul"],"picked":"AbandonReason","floor":12},{"not_picked":["ZealousPersecution","MightBracer","TakeAim"],"picked":"SKIP","floor":14},{"not_picked":["ZealousPersecution","MightBracer","TakeAim"],"picked":"SKIP","floor":14},{"not_picked":["ZealousPersecution","Quickstep"],"picked":"WideSmite+1","floor":18},{"not_picked":["ToweringCharge","BraceThePain","ZealousPersecution"],"picked":"SKIP","floor":20},{"not_picked":["ZealousPersecution+1","MightBracer"],"picked":"MercilessSmite","floor":23},{"not_picked":["TH:ElvenBoots","TH:ArmorSpikes"],"picked":"SKIP","floor":23},{"not_picked":["Cleanse","GracefulSiphon","EmpoweringForce"],"picked":"SKIP","floor":25},{"not_picked":["TH:ArmorSpikes","TH:CopperCoins"],"picked":"SKIP","floor":26}],"player_experience":177542,"relics_obtained":[{"floor":6,"key":"Orb Of Light"},{"floor":9,"key":"vexMod:MemoryStick"},{"floor":11,"key":"MawBank"},{"floor":23,"key":"White Beast Statue"}],"event_choices":[{"damage_healed":0,"gold_gain":0,"cards_transformed":["Strike_Valiant"],"player_choice":"Change","damage_taken":0,"max_hp_gain":0,"max_hp_loss":0,"event_name":"Living Wall","floor":2,"gold_loss":0,"cards_obtained":["TearSoul"]},{"damage_healed":0,"gold_gain":0,"player_choice":"Donut","damage_taken":0,"max_hp_gain":5,"max_hp_loss":0,"event_name":"Big Fish","floor":10,"gold_loss":0},{"damage_healed":0,"gold_gain":0,"player_choice":"Take Damage","damage_taken":26,"relics_obtained":["Golden Idol"],"max_hp_gain":0,"max_hp_loss":0,"event_name":"Golden Idol","floor":13,"gold_loss":0},{"damage_healed":0,"gold_gain":0,"player_choice":"Obtain J.A.X.","damage_taken":0,"max_hp_gain":0,"max_hp_loss":0,"event_name":"Drug Dealer","floor":19,"gold_loss":0,"cards_obtained":["J.A.X."]},{"damage_healed":0,"gold_gain":0,"player_choice":"Became a vampire","damage_taken":0,"max_hp_gain":0,"max_hp_loss":32,"event_name":"Vampires","floor":21,"gold_loss":0,"cards_obtained":["Bite","Bite","Bite","Bite","Bite"]},{"damage_healed":0,"gold_gain":0,"player_choice":"Ignored","damage_taken":0,"max_hp_gain":0,"max_hp_loss":0,"event_name":"N\u0027loth","floor":22,"gold_loss":0}],"is_beta":false,"boss_relics":[{"not_picked":["Calling Bell","energizedSpire:EnergizedDie"],"picked":"conspire:RoyalGoblet"}],"items_purged_floors":[],"is_endless":false,"potions_floor_spawned":[6,8,11,25],"killed_by":"Book of Stabbing","ascension_level":0}}