{"host":"yuhibl5o0ay6idau","time":1610748184,"event":{"mods":["Aspiration","BaseMod","Better Altar","Better Match","Better Note","Better Sensory Stone","Better Skull","Better Third Choice","Colored Map","Colored Powertips","Conspire","Highlight Path","Minty Spire (QoL Compilation)","Quick Restart","Replay The Spire","StSLib","SuperFastMode"],"gold_per_floor":[215,235,248,248,248,276,276,308,308,334,351,351,370,380,380,480,480,491,416,416,435,435,460,460,494,520,520,537,563,563,583,583,679,729,742,742,742,757,757,791,791,804,829,854,869,869,898,563,563,563,563,563,563,598,598],"floor_reached":56,"language":"ENG","playtime":8885,"items_purged":["ReplayTheSpireMod:Omega Cannon+1"],"score":1735,"play_id":"a4bac309-2e74-451c-ab29-b36700f239fa","local_time":"20210115140304","is_ascension_mode":true,"campfire_choices":[{"floor":7,"key":"REST"},{"data":"Heatsinks","floor":12,"key":"SMITH"},{"data":"Capacitor","floor":15,"key":"SMITH"},{"data":"Buffer","floor":24,"key":"SMITH"},{"data":"ReplayTheSpireMod:Brewmster","floor":27,"key":"SMITH"},{"data":"ReplayTheSpireMod:Calculation Training","floor":30,"key":"SMITH"},{"data":"Creative AI","floor":32,"key":"SMITH"},{"data":"Go for the Eyes","floor":41,"key":"SMITH"},{"floor":46,"key":"REST"},{"floor":49,"key":"RECALL"},{"data":"Reinforced Body","floor":52,"key":"SMITH"}],"circlet_count":0,"master_deck":["Defend_B","Defend_B","Defend_B","Defend_B","Go for the Eyes+1","Heatsinks+1","Machine Learning","Capacitor+1","Storm","Storm","Seek","Buffer+1","Creative AI+1","Conserve Battery+1","ReplayTheSpireMod:Brewmster+1","Creative AI+1","Meteor Strike","Conserve Battery","ReplayTheSpireMod:Calculation Training+1","Reinforced Body+1","Leap","Leap","Good Instincts","Reinforced Body+1","Panache"],"relics":["Replay:Wanted Poster","Replay:PocketPolymizer","Replay:Antivirus Software","Meat on the Bone","Torii","conspire:SeveredTorchhead","Vajra","aspiration:DSix","Blue Doll","conspire:TopHat","Tiny House","aspiration:Lifesprig","Art of War","aspiration:EnhancedActuators","conspire:DeflatedDodgeball","Mummified Hand"],"acts_visited":["Exordium","TheCity","TheBeyond","TheEnding"],"potions_floor_usage":[10,11,25,25,29,29,31,33,35,38,38,38,40,40,40,42,44,45,47,50,50,50,54,54,54,54,55,55,55,55],"damage_taken":[{"damage":3,"enemies":"Jaw Worm","floor":1,"turns":4},{"damage":1,"enemies":"Cultist","floor":2,"turns":4},{"damage":0,"enemies":"conspire:RoseBush","floor":3,"turns":3},{"damage":27,"enemies":"Replay:BlueRogue","floor":6,"turns":7},{"damage":28,"enemies":"Lagavulin","floor":8,"turns":8},{"damage":36,"enemies":"Gremlin Nob","floor":10,"turns":5},{"damage":1,"enemies":"Red Slaver","floor":11,"turns":3},{"damage":1,"enemies":"Blue Slaver","floor":13,"turns":3},{"damage":8,"enemies":"3 Louse","floor":14,"turns":2},{"damage":9,"enemies":"Fading Forest","floor":16,"turns":11},{"damage":0,"enemies":"3 Byrds","floor":18,"turns":3},{"damage":0,"enemies":"Shell Parasite","floor":21,"turns":4},{"damage":0,"enemies":"conspire:SneckoGhost","floor":23,"turns":7},{"damage":10,"enemies":"Slavers","floor":25,"turns":3},{"damage":0,"enemies":"Sentry and Sphere","floor":28,"turns":3},{"damage":19,"enemies":"Gremlin Leader","floor":29,"turns":5},{"damage":8,"enemies":"Centurion and Healer","floor":31,"turns":6},{"damage":0,"enemies":"Collector","floor":33,"turns":7},{"damage":0,"enemies":"Orb Walker","floor":35,"turns":5},{"damage":24,"enemies":"3 Darklings","floor":38,"turns":5},{"damage":0,"enemies":"Nemesis","floor":40,"turns":7},{"damage":0,"enemies":"Transient","floor":42,"turns":5},{"damage":0,"enemies":"R_Hoarder","floor":44,"turns":6},{"damage":35,"enemies":"Jaw Worm Horde","floor":45,"turns":5},{"damage":0,"enemies":"Nemesis","floor":47,"turns":5},{"damage":15,"enemies":"Time Eater","floor":50,"turns":9},{"damage":0,"enemies":"Shield and Spear","floor":54,"turns":7},{"damage":36,"enemies":"The Heart","floor":55,"turns":7}],"seed_played":"3010287136401386460","potions_obtained":[{"floor":3,"key":"Dexterity Potion"},{"floor":6,"key":"Adrenaline Potion"},{"floor":8,"key":"SpeedPotion"},{"floor":13,"key":"Weak Potion"},{"floor":14,"key":"Regen Potion"},{"floor":28,"key":"ColorlessPotion"},{"floor":31,"key":"SneckoOil"},{"floor":34,"key":"SneckoOil"},{"floor":38,"key":"Explosive Potion"},{"floor":42,"key":"Weak Potion"},{"floor":45,"key":"PowerPotion"}],"is_trial":false,"path_per_floor":["M","M","M","$","?","E","R","E","T","E","M","R","M","M","R","B",null,"M","?","$","M","?","E","R","E","T","R","M","E","R","M","R","B",null,"M","?","?","M","?","E","R","M","T","E","M","R","E","$","R","B",null,"R","$","E","B",null],"character_chosen":"DEFECT","items_purchased":["conspire:DeflatedDodgeball"],"campfire_rested":2,"item_purchase_floors":[48],"current_hp_per_floor":[72,71,71,71,71,44,66,38,38,14,25,25,36,40,40,57,71,71,71,71,71,71,71,71,61,61,61,61,56,56,48,48,48,73,73,73,63,51,51,51,51,51,51,51,28,52,52,52,52,49,72,72,72,72,48],"gold":598,"neow_bonus":"BOSS_RELIC","is_daily":false,"chose_seed":false,"campfire_upgraded":8,"win_rate":0.0,"timestamp":1610748184,"path_taken":["M","M","M","$","?","E","R","E","T","E","?","R","M","M","R","BOSS","M","?","$","M","?","E","R","E","T","R","M","E","R","M","R","BOSS","M","?","?","M","?","E","R","M","T","E","M","R","E","$","R","BOSS","R","$","E","BOSS"],"items_purchased_type":["Relic"],"build_version":"2020-12-22","purchased_purges":1,"victory":true,"max_hp_per_floor":[75,75,75,75,75,75,75,75,75,75,75,75,75,75,75,75,75,75,75,75,75,75,75,75,75,75,75,75,75,75,75,75,75,80,80,80,80,80,80,80,80,80,80,80,80,80,80,80,80,80,80,80,80,80,80],"card_choices":[{"not_picked":["Panic Button","Stack"],"picked":"Go for the Eyes","floor":1},{"not_picked":["Hologram","Darkness"],"picked":"Melter","floor":2},{"not_picked":["Ball Lightning","Stack"],"picked":"Heatsinks","floor":3},{"not_picked":["ReplayTheSpireMod:Repulse","Gash","Turbo"],"picked":"SKIP","floor":6},{"not_picked":["Seek","Rip and Tear"],"picked":"Capacitor","floor":8},{"not_picked":["Beam Cell","Sunder"],"picked":"Storm","floor":10},{"not_picked":["Coolheaded","Lockon"],"picked":"Storm","floor":11},{"not_picked":["Lockon","Coolheaded","Aggregate"],"picked":"SKIP","floor":13},{"not_picked":["ReplayGash","Beam Cell","Panic Button"],"picked":"SKIP","floor":14},{"not_picked":["Seek","Mirror Shield"],"picked":"Buffer","floor":16},{"not_picked":["Darkness","aspiration:Polymerization","ReplaySort"],"picked":"SKIP","floor":18},{"not_picked":["Rainbow+1","Core Surge+1"],"picked":"Creative AI+1","floor":19},{"not_picked":["Cold Snap+1","Steam+1"],"picked":"Conserve Battery+1","floor":19},{"not_picked":["Sweeping Beam","Rebound+1","Gash"],"picked":"SKIP","floor":21},{"not_picked":["Replay:Sssssssssstrike","Bandage Up"],"picked":"ReplayTheSpireMod:Brewmster","floor":22},{"not_picked":["Heatsinks+1","conspire:SharedLibrary"],"picked":"Creative AI","floor":23},{"not_picked":["Mirror Shield","Go for the Eyes","Fusion"],"picked":"SKIP","floor":25},{"not_picked":["Stack","Go for the Eyes"],"picked":"Conserve Battery","floor":28},{"not_picked":["Beam Cell","Redo+1","ReplaySolidLightProjector"],"picked":"SKIP","floor":29},{"not_picked":["Rebound","Fusion","Defragment"],"picked":"SKIP","floor":31},{"not_picked":["Redo+1","Sweeping Beam+1"],"picked":"Leap","floor":35},{"not_picked":["Turbo+1","Rip and Tear+1","Steam"],"picked":"SKIP","floor":38},{"not_picked":["All For One","Cold Snap","ReplayTheSpireMod:System Scan"],"picked":"SKIP","floor":40},{"not_picked":["Static Discharge+1","ReplayTheSpireMod:GoodbyeWorld+1"],"picked":"Leap","floor":42},{"not_picked":["Panic Button+1","Amplify","Sweeping Beam"],"picked":"SKIP","floor":44},{"not_picked":["Go for the Eyes+1","Hologram+1","Barrage+1"],"picked":"SKIP","floor":45},{"not_picked":["Defragment","Hello World+1"],"picked":"Reinforced Body+1","floor":47},{"not_picked":["Rebound","Heatsinks","Storm+1"],"picked":"SKIP","floor":54}],"player_experience":417657,"relics_obtained":[{"floor":6,"key":"Replay:PocketPolymizer"},{"floor":8,"key":"Replay:Antivirus Software"},{"floor":9,"key":"Meat on the Bone"},{"floor":10,"key":"Torii"},{"floor":23,"key":"Vajra"},{"floor":25,"key":"aspiration:DSix"},{"floor":26,"key":"Blue Doll"},{"floor":29,"key":"conspire:TopHat"},{"floor":40,"key":"aspiration:Lifesprig"},{"floor":44,"key":"Art of War"},{"floor":47,"key":"aspiration:EnhancedActuators"},{"floor":54,"key":"Mummified Hand"}],"event_choices":[{"damage_healed":0,"gold_gain":0,"player_choice":"Bought 0 Potions","damage_taken":0,"max_hp_gain":0,"max_hp_loss":0,"event_name":"The Woman in Blue","floor":5,"gold_loss":0},{"damage_healed":0,"gold_gain":0,"player_choice":"2","damage_taken":0,"max_hp_gain":0,"max_hp_loss":0,"event_name":"betterMatch:BetterMatch","floor":19,"gold_loss":0,"cards_obtained":["betterMatch:CommonCard","betterMatch:RareCard"]},{"damage_healed":0,"gold_gain":2,"player_choice":"1","damage_taken":0,"max_hp_gain":0,"max_hp_loss":0,"event_name":"betterStone:BetterStone","floor":22,"gold_loss":0},{"cards_removed":["Dualcast"],"damage_healed":0,"gold_gain":0,"player_choice":"Removed Skill","damage_taken":0,"max_hp_gain":0,"max_hp_loss":0,"event_name":"Falling","floor":36,"gold_loss":0},{"damage_healed":0,"gold_gain":0,"player_choice":"Embrace Madness","damage_taken":10,"max_hp_gain":0,"max_hp_loss":0,"event_name":"Winding Halls","floor":37,"gold_loss":0,"cards_obtained":["Madness","Madness"]},{"damage_healed":0,"gold_gain":0,"player_choice":"Ignored","damage_taken":0,"max_hp_gain":0,"max_hp_loss":0,"event_name":"Tomb of Lord Red Mask","floor":39,"gold_loss":0}],"is_beta":false,"boss_relics":[{"not_picked":["SacredBark","Kintsugi"],"picked":"conspire:SeveredTorchhead"},{"not_picked":["aspiration:RunicSpoon","aspiration:SecretTechniqueScroll"],"picked":"Tiny House"}],"items_purged_floors":[48],"is_endless":false,"potions_floor_spawned":[3,6,8,13,14,21,23,28,31,38,42,45],"ascension_level":5}}