{"host":"cny2hboix4qtzjgl","time":1610725441,"event":{"mods":["AchievementEnabler","BaseMod","Colored Map","Colored Powertips","Highlight Path","Minty Spire (QoL Compilation)","Relic Stats","Shop Mod","StSLib"],"gold_per_floor":[118,130,130,144,43,77,77,112,112,112,129,129,129,95,95,199,199,219,235,235,81,96,96,96,96],"floor_reached":24,"language":"ZHS","playtime":663,"items_purged":["Strike_P"],"score":279,"play_id":"c0f438f5-3280-474d-82ab-ef513c2d426a","local_time":"20210115234401","is_ascension_mode":false,"campfire_choices":[{"data":"BattleHymn","floor":7,"key":"SMITH"},{"data":"Eruption","floor":12,"key":"SMITH"},{"floor":15,"key":"REST"},{"floor":23,"key":"REST"}],"circlet_count":0,"master_deck":["Strike_P","Strike_P","Defend_P","Defend_P","Defend_P+1","Eruption+1","Vigilance+1","BattleHymn+1","Crescendo","BowlingBash","Conclude","Perseverance+1","Regret","Alpha+1","Crescendo+1","Protect+1","Ghostly+1","Ghostly+1","Ghostly+1","Ghostly+1","Ghostly+1","Meditate+1"],"relics":["PureWater","Question Card","Toxic Egg 2","Frozen Egg 2","Letter Opener","Busted Crown","War Paint"],"acts_visited":["Exordium","TheCity"],"potions_floor_usage":[8,18],"damage_taken":[{"damage":0,"enemies":"Jaw Worm","floor":1,"turns":2},{"damage":2,"enemies":"Small Slimes","floor":2,"turns":3},{"damage":0,"enemies":"Cultist","floor":4,"turns":2},{"damage":13,"enemies":"3 Sentries","floor":6,"turns":5},{"damage":10,"enemies":"Lagavulin","floor":8,"turns":3},{"damage":1,"enemies":"2 Fungi Beasts","floor":11,"turns":2},{"damage":9,"enemies":"Slime Boss","floor":16,"turns":6},{"damage":27,"enemies":"2 Thieves","floor":18,"turns":3},{"damage":28,"enemies":"Spheric Guardian","floor":19,"turns":4},{"damage":17,"enemies":"Snake Plant","floor":22,"turns":4},{"damage":16,"enemies":"Gremlin Leader","floor":24,"turns":1}],"seed_played":"-1499998315306783220","potions_obtained":[{"floor":1,"key":"Dexterity Potion"},{"floor":2,"key":"Fire Potion"},{"floor":4,"key":"Dexterity Potion"},{"floor":8,"key":"Strength Potion"},{"floor":18,"key":"Fruit Juice"}],"is_trial":false,"path_per_floor":["M","M","$","M","$","E","R","E","T","?","M","R","?","?","R","B",null,"M","M","?","$","M","R","E"],"character_chosen":"WATCHER","items_purchased":["BowlingBash","War Paint"],"campfire_rested":2,"item_purchase_floors":[5,21],"current_hp_per_floor":[72,70,70,70,70,57,57,47,47,40,39,39,39,39,60,51,72,50,22,22,22,5,16,0,0],"gold":96,"neow_bonus":"REMOVE_CARD","is_daily":false,"chose_seed":false,"campfire_upgraded":2,"win_rate":0.0,"timestamp":1610725441,"path_taken":["M","M","$","M","$","E","R","E","T","?","M","R","?","?","R","BOSS","M","M","?","$","M","R","E"],"items_purchased_type":["Card","Relic"],"build_version":"2020-12-22","purchased_purges":1,"victory":false,"max_hp_per_floor":[72,72,72,72,72,72,72,72,72,72,72,72,72,72,72,72,72,77,77,38,38,38,38,38,38],"relic_stats":{"Busted Crown":6,"counters":[11,35],"Letter Opener":[17],"War Paint":["Defend_P","Vigilance"],"Question Card":6,"obtain_stats":[{"Busted Crown":17,"Letter Opener":13,"PureWater":0,"Toxic Egg 2":8,"Frozen Egg 2":9,"War Paint":21,"Question Card":6},{"Busted Crown":7,"Letter Opener":6,"PureWater":0,"Toxic Egg 2":5,"Frozen Egg 2":5,"War Paint":9,"Question Card":4},{"Busted Crown":23,"Letter Opener":17,"PureWater":0,"Toxic Egg 2":15,"Frozen Egg 2":15,"War Paint":30,"Question Card":12}]},"card_choices":[{"not_picked":["WaveOfTheHand","FlyingSleeves"],"picked":"BattleHymn","floor":1},{"not_picked":["WreathOfFlame","SashWhip"],"picked":"Crescendo","floor":2},{"not_picked":["CrushJoints","Evaluate","Halt"],"picked":"SKIP","floor":4},{"not_picked":["Sanctity","Protect","WaveOfTheHand"],"picked":"SKIP","floor":6},{"not_picked":["CutThroughFate","SignatureMove","FlyingSleeves"],"picked":"Conclude","floor":8},{"not_picked":["FearNoEvil","EmptyBody+1","Scrawl+1"],"picked":"Perseverance+1","floor":11},{"not_picked":["SpiritShield+1","Ragnarok","Scrawl+1"],"picked":"Alpha+1","floor":16},{"not_picked":["Prostrate+1"],"picked":"Crescendo+1","floor":18},{"not_picked":["CutThroughFate"],"picked":"Protect+1","floor":19},{"not_picked":["Halt+1"],"picked":"Meditate+1","floor":22}],"player_experience":96760,"relics_obtained":[{"floor":6,"key":"Question Card"},{"floor":8,"key":"Toxic Egg 2"},{"floor":9,"key":"Frozen Egg 2"}],"event_choices":[{"cards_removed":["Strike_P"],"damage_healed":0,"gold_gain":0,"player_choice":"Card Removal","damage_taken":7,"max_hp_gain":0,"max_hp_loss":0,"event_name":"Golden Wing","floor":10,"gold_loss":0},{"damage_healed":0,"gold_gain":0,"player_choice":"Box","damage_taken":0,"relics_obtained":["Letter Opener"],"max_hp_gain":0,"max_hp_loss":0,"event_name":"Big Fish","floor":13,"gold_loss":0,"cards_obtained":["Regret"]},{"damage_healed":0,"gold_gain":0,"player_choice":"Left Gold","damage_taken":0,"max_hp_gain":0,"max_hp_loss":0,"event_name":"World of Goop","floor":14,"gold_loss":34},{"damage_healed":0,"gold_gain":0,"player_choice":"Became a Ghost","damage_taken":0,"max_hp_gain":0,"max_hp_loss":39,"event_name":"Ghosts","floor":20,"gold_loss":0,"cards_obtained":["Ghostly","Ghostly","Ghostly","Ghostly","Ghostly"]}],"is_beta":false,"boss_relics":[{"not_picked":["Empty Cage","Astrolabe"],"picked":"Busted Crown"}],"items_purged_floors":[5],"is_endless":false,"potions_floor_spawned":[1,2,4,8,18],"killed_by":"Gremlin Leader","ascension_level":0}}