{"host":"y4sghvfd0ewtcchd","time":1610702650,"event":{"mods":["Aspiration","BaseMod","Better Debug","Better Note","Better Third Choice","BetterRewards","Block Reminder","Colored Map","Colored Powertips","Downfall","Highlight Path","Hubris","Infinite Spire","Minty Spire (QoL Compilation)","Relic Sorter","Relic Stats","Replay The Spire","Shop Mod","StSLib","The Jungle","The Saiyan"],"gold_per_floor":[118,2,2,2,2,2,33,33,33,47,47,63,63,76,76,202,202,223,248,266,266,466,466,79,79,79,94,128,128,147,147,147,268,268,288,313,326,340,365,365,698,730,730,186,186,186,198,208,208,208,208,208,508,596,596],"floor_reached":56,"language":"ENG","playtime":3153,"items_purged":["Strike_R","Amnesia"],"score":2109,"play_id":"49dc5e17-d993-46bf-9642-c615f01d632a","local_time":"20210115122410","is_ascension_mode":true,"campfire_choices":[{"floor":6.0,"key":"REST"},{"data":"expansioncontent:HyperBeam","floor":8.0,"key":"SMITH"},{"data":"Metallicize","floor":11.0,"key":"SMITH"},{"data":"Saiyan:PlotArmor","floor":13.0,"key":"SMITH"},{"data":"Saiyan:PlotArmor","floor":15.0,"key":"SMITH"},{"data":"Barricade","floor":23.0,"key":"SMITH"},{"data":"Replay:SS_hec_2","floor":25.0,"key":"SMITH"},{"data":"Seeing Red","floor":29,"key":"SMITH"},{"floor":32,"key":"RECALL"},{"floor":40,"key":"REST"},{"data":"Heavy Blade","floor":45,"key":"SMITH"},{"floor":49,"key":"REST"},{"data":"Clothesline","floor":52,"key":"SMITH"}],"circlet_count":0,"master_deck":["Strike_R","Strike_R","Strike_R","Defend_R","Defend_R","Defend_R","Defend_R","Bash","Berserk+1","Spot Weakness","Shrug It Off","Heavy Blade+1","Cleave","expansioncontent:Flail","expansioncontent:DashGenerateEvil+1","Metallicize+1","Pommel Strike","Pommel Strike","hubris:ReadiedAction","expansioncontent:HyperBeam+1","Sword Boomerang","Evolve+1","Clothesline+1","expansioncontent:CaCaw+1","Twin Strike","Saiyan:PlotArmor+1","Saiyan:PlotArmor+1","Saiyan:MonkeyTail","Impervious","Replay:SS_hec_2+1","hubris:InfiniteBlow+30","Saiyan:SuperSaiyanThree","Barricade+1","Feel No Pain","Seeing Red+1","Flame Barrier+1","hubris:ReadiedAction","hubris:SharpeningStone+1","ReplayTheSpireMod:Stacked+1"],"relics":["Burning Blood","BargainBundle","Gremlin Horn","Sling","Blue Doll","Guide Book","Singing Bowl","hubris:DisguiseKit","ReplayTheSpireMod:SealedPack","Anchor","aspiration:Nostalgia","hexamod:SpiritBrand","hubris:Potato","Omamori","aspiration:RitualStick","ChewingGum","Onion Ring","ClockworkSouvenir","FossilizedHelix","infinitespire:EvilPickle","hubris:NiceRug","Replay:Bandana","Golden Egg","TheAbacus","hubris:Metronome"],"acts_visited":["Exordium","TheCity","TheBeyond","TheEnding"],"potions_floor_usage":[28,28,28,33,36,42,50,53,55,55,55],"damage_taken":[{"damage":4.0,"enemies":"Jaw Worm","floor":1.0,"turns":2.0},{"damage":7.0,"enemies":"3 Sentries","floor":7.0,"turns":3.0},{"damage":0.0,"enemies":"Cultist","floor":10.0,"turns":2.0},{"damage":0.0,"enemies":"Small Slimes","floor":12.0,"turns":2.0},{"damage":7.0,"enemies":"Looter","floor":14.0,"turns":3.0},{"damage":22.0,"enemies":"The Guardian","floor":16.0,"turns":11.0},{"damage":0.0,"enemies":"3 Byrds","floor":18.0,"turns":2.0},{"damage":6.0,"enemies":"Shell Parasite","floor":19.0,"turns":5.0},{"damage":10.0,"enemies":"Snake Plant","floor":20.0,"turns":6.0},{"damage":14.0,"enemies":"Centurion and Healer","floor":27.0,"turns":7.0},{"damage":13,"enemies":"Slavers","floor":28,"turns":4},{"damage":5,"enemies":"Chosen and Byrds","floor":30,"turns":5},{"damage":0,"enemies":"Pondfish","floor":33,"turns":4},{"damage":0,"enemies":"Orb Walker","floor":35,"turns":4},{"damage":26,"enemies":"3 Darklings","floor":36,"turns":6},{"damage":7,"enemies":"Jaw Worm Horde","floor":37,"turns":4},{"damage":13,"enemies":"Writhing Mass","floor":38,"turns":7},{"damage":15,"enemies":"4 Shapes","floor":39,"turns":4},{"damage":29,"enemies":"Nemesis","floor":42,"turns":5},{"damage":10,"enemies":"3 Darklings","floor":47,"turns":4},{"damage":32,"enemies":"Transient","floor":48,"turns":5},{"damage":0,"enemies":"Replay:Hell Engine","floor":50,"turns":7},{"damage":6,"enemies":"hubris:Merchant","floor":53,"turns":3},{"damage":24,"enemies":"Shield and Spear","floor":54,"turns":8},{"damage":0,"enemies":"The Heart","floor":55,"turns":11}],"seed_played":"2091658770006940003","potions_obtained":[{"floor":10.0,"key":"Explosive Potion"},{"floor":16.0,"key":"Strength Potion"},{"floor":20.0,"key":"DuplicationPotion"},{"floor":28,"key":"PowerPotion"},{"floor":30,"key":"LiquidMemories"},{"floor":33,"key":"SkillPotion"},{"floor":36,"key":"LiquidMemories"},{"floor":42,"key":"BlessingOfTheForge"},{"floor":47,"key":"DuplicationPotion"},{"floor":53,"key":"BloodPotion"},{"floor":53,"key":"FearPotion"}],"is_trial":false,"path_per_floor":["M","$","?","$","?","R","E","R","T","M","R","M","R","M","R","B",null,"M","M","M","?","?","R","$","R","T","M","E","R","M","?","R","B",null,"M","M","M","M","M","R","?","E","T","$","R","?","M","M","R","B",null,"R","$","E","B",null],"character_chosen":"IRONCLAD","items_purchased":["BargainBundle","Berserk","Spot Weakness","Shrug It Off","Heavy Blade","Cleave","expansioncontent:Flail","expansioncontent:DashGenerateEvil","Gremlin Horn","Dexterity Potion","Explosive Potion","sneckomod:MuddlingPotion","Sling","Metallicize","Pommel Strike","Blue Doll","hubris:ReadiedAction","Guide Book","expansioncontent:HyperBeam","Sword Boomerang","Evolve+1","expansioncontent:CaCaw+1","Twin Strike","Feel No Pain","Anchor","aspiration:Nostalgia","ClockworkSouvenir","FossilizedHelix"],"campfire_rested":3,"item_purchase_floors":[0,0,0,0,0,0,0,0,0,0,0,0,0,0,0,0,0,0,0,0,0,2,2,24,24,24,44,44],"current_hp_per_floor":[34,34,34,34,34,56,57,57,57,65,65,71,71,70,70,54,74,80,82,78,78,78,78,78,78,78,72,65,65,68,51,51,59,81,89,69,70,65,58,86,86,65,65,65,65,65,63,37,67,73,93,93,105,89,114],"gold":596,"neow_bonus":"","is_daily":false,"chose_seed":false,"campfire_upgraded":9,"win_rate":0.0,"timestamp":1610702650,"path_taken":["M","$","?","$","?","R","E","R","T","?","R","M","R","M","R","BOSS","M","M","M","?","?","R","$","R","T","?","E","R","M","?","R","BOSS","M","M","M","M","M","R","?","E","T","$","R","?","M","M","R","BOSS","R","$","E","BOSS"],"items_purchased_type":["Relic","Card","Card","Card","Card","Card","Card","Card","Relic","Potion","Potion","Potion","Relic","Card","Card","Relic","Card","Relic","Card","Card","Card","Card","Card","Card","Relic","Relic","Relic","Relic"],"build_version":"2020-12-22","purchased_purges":2,"victory":true,"max_hp_per_floor":[80,80,74,74,74,74,76,76,76,78,78,78,78,78,78,78,80,80,82,82,82,82,82,82,82,82,84,84,84,86,86,86,88,88,90,90,92,94,96,96,96,98,98,98,98,98,100,100,100,100,100,100,112,114,114],"relic_stats":{"TheAbacus":[12],"Gremlin Horn":[20,20],"Singing Bowl":40,"counters":[128,601],"obtain_stats":[{"infinitespire:BottledMercury":26,"Golden Egg":53,"Tiny House":17,"Gremlin Horn":0,"Vajra":0,"infinitespire:Cubic Diamond":2,"aspiration:PoetsPen_weak":17,"Whetstone":53,"Sling":0,"aspiration:RitualStick":31,"Centennial Puzzle":54,"Replay:Bronze Core":17,"hubris:DeckOfHolding":10,"Prayer Wheel":7,"HandDrill":53,"hexamod:SpiritBrand":24,"Happy Flower":0,"ReplayTheSpireMod:CursedCoin":4,"aspiration:Nostalgia":24,"Blue Candle":7,"ReplayTheSpireMod:SealedPack":17,"aspiration:FrozenJewel":46,"infinitespire:EvilPickle":33,"ReplayTheSpireMod:Shallot":45,"Bronze Scales":29,"MutagenicStrength":29,"aspiration:SilentSkillbook":34,"Onion Ring":42,"ReplayTheSpireMod:TigerMarble":29,"hubris:ToyBattleship":6,"Mirror":0,"ReplayTheSpireMod:DimensionalGlitch":34,"infinitespire:PuzzleCube":0,"Abe\u0027s Treasure":17,"hubris:Reverence":46,"Darkstone Periapt":13,"Regal Pillow":6,"aspiration:Lifesprig":0,"Lantern":0,"hubris:Metronome":54,"Singing Bowl":7,"Magic Flower":47,"Blue Doll":0,"Bag of Preparation":9,"Juzu Bracelet":19,"Burning Blood":0,"Replay:Rubber Ducky":9,"ClockworkSouvenir":47,"Replay:Bandana":7,"hubris:Icosahedron":42,"Chameleon Ring":38,"hubris:Backtick":46,"TheAbacus":53,"Mummified Hand":0,"infinitespire:Bottled Soul":28,"aspiration:AnachronicSnailShell":36,"Tiny Chest":14,"hubris:FunFungus":11,"WingedGreaves":23,"Cracked Core":0,"hubris:DisguiseKit":9,"Lee\u0027s Waffle":0,"BargainBundle":0,"ReplayTheSpireMod:Ninjato":41,"NeowsBlessing":0,"Golden Idol":3,"Guide Book":0,"The Courier":38,"hubris:MedicalManual":46,"Omamori":28,"infinitespire:Lucky Rock":25,"White Beast Statue":53,"Peace Pipe":31,"Strange Spoon":0,"Anchor":24,"infinitespire:WardingShard":9,"infinitespire:Satchel":4,"ChewingGum":34,"hubris:BundleOfHerbs":41,"Coffee Dripper":17,"hubris:GrandSneckoEye":17,"hubris:Potato":26,"FossilizedHelix":44,"m_BurningSludge":2,"hubris:NiceRug":53},{"infinitespire:BottledMercury":66,"Golden Egg":126,"Tiny House":10,"Gremlin Horn":103,"Vajra":39,"infinitespire:Cubic Diamond":19,"aspiration:PoetsPen_weak":85,"Whetstone":101,"Sling":103,"aspiration:RitualStick":115,"Centennial Puzzle":102,"Replay:Bronze Core":47,"hubris:DeckOfHolding":21,"Prayer Wheel":56,"HandDrill":101,"hexamod:SpiritBrand":112,"Happy Flower":39,"ReplayTheSpireMod:CursedCoin":80,"aspiration:Nostalgia":112,"Blue Candle":42,"ReplayTheSpireMod:SealedPack":109,"aspiration:FrozenJewel":72,"infinitespire:EvilPickle":68,"ReplayTheSpireMod:Shallot":98,"Bronze Scales":66,"MutagenicStrength":91,"aspiration:SilentSkillbook":68,"Onion Ring":122,"ReplayTheSpireMod:TigerMarble":66,"hubris:ToyBattleship":82,"Mirror":51,"ReplayTheSpireMod:DimensionalGlitch":94,"infinitespire:PuzzleCube":12,"Abe\u0027s Treasure":33,"hubris:Reverence":98,"Darkstone Periapt":8,"Regal Pillow":3,"aspiration:Lifesprig":39,"Lantern":77,"hubris:Metronome":127,"Singing Bowl":105,"Magic Flower":73,"Blue Doll":103,"Bag of Preparation":5,"Juzu Bracelet":48,"Burning Blood":0,"Replay:Rubber Ducky":82,"ClockworkSouvenir":98,"Replay:Bandana":29,"hubris:Icosahedron":71,"Chameleon Ring":97,"hubris:Backtick":98,"TheAbacus":126,"Mummified Hand":26,"infinitespire:Bottled Soul":66,"aspiration:AnachronicSnailShell":96,"Tiny Chest":46,"hubris:FunFungus":57,"WingedGreaves":65,"Cracked Core":0,"hubris:DisguiseKit":105,"Lee\u0027s Waffle":39,"BargainBundle":77,"ReplayTheSpireMod:Ninjato":98,"NeowsBlessing":0,"Golden Idol":104,"Guide Book":77,"The Courier":70,"hubris:MedicalManual":98,"Omamori":114,"infinitespire:Lucky Rock":66,"White Beast Statue":101,"Peace Pipe":93,"Strange Spoon":39,"Anchor":112,"infinitespire:WardingShard":14,"infinitespire:Satchel":2,"ChewingGum":116,"hubris:BundleOfHerbs":71,"Coffee Dripper":24,"hubris:GrandSneckoEye":59,"hubris:Potato":112,"FossilizedHelix":122,"m_BurningSludge":19,"hubris:NiceRug":101},{"infinitespire:BottledMercury":326,"Golden Egg":582,"Tiny House":30,"Gremlin Horn":477,"Vajra":175,"infinitespire:Cubic Diamond":63,"aspiration:PoetsPen_weak":417,"Whetstone":468,"Sling":477,"aspiration:RitualStick":529,"Centennial Puzzle":471,"Replay:Bronze Core":225,"hubris:DeckOfHolding":83,"Prayer Wheel":267,"HandDrill":468,"hexamod:SpiritBrand":513,"Happy Flower":175,"ReplayTheSpireMod:CursedCoin":401,"aspiration:Nostalgia":513,"Blue Candle":196,"ReplayTheSpireMod:SealedPack":500,"aspiration:FrozenJewel":357,"infinitespire:EvilPickle":338,"ReplayTheSpireMod:Shallot":457,"Bronze Scales":326,"MutagenicStrength":436,"aspiration:SilentSkillbook":338,"Onion Ring":563,"ReplayTheSpireMod:TigerMarble":326,"hubris:ToyBattleship":406,"Mirror":248,"ReplayTheSpireMod:DimensionalGlitch":445,"infinitespire:PuzzleCube":39,"Abe\u0027s Treasure":146,"hubris:Reverence":457,"Darkstone Periapt":22,"Regal Pillow":3,"aspiration:Lifesprig":175,"Lantern":393,"hubris:Metronome":590,"Singing Bowl":482,"Magic Flower":364,"Blue Doll":477,"Bag of Preparation":11,"Juzu Bracelet":230,"Burning Blood":0,"Replay:Rubber Ducky":406,"ClockworkSouvenir":457,"Replay:Bandana":131,"hubris:Icosahedron":353,"Chameleon Ring":452,"hubris:Backtick":457,"TheAbacus":582,"Mummified Hand":119,"infinitespire:Bottled Soul":326,"aspiration:AnachronicSnailShell":450,"Tiny Chest":215,"hubris:FunFungus":272,"WingedGreaves":322,"Cracked Core":0,"hubris:DisguiseKit":482,"Lee\u0027s Waffle":175,"BargainBundle":393,"ReplayTheSpireMod:Ninjato":457,"NeowsBlessing":0,"Golden Idol":479,"Guide Book":393,"The Courier":347,"hubris:MedicalManual":457,"Omamori":524,"infinitespire:Lucky Rock":326,"White Beast Statue":468,"Peace Pipe":440,"Strange Spoon":175,"Anchor":513,"infinitespire:WardingShard":45,"infinitespire:Satchel":2,"ChewingGum":533,"hubris:BundleOfHerbs":353,"Coffee Dripper":106,"hubris:GrandSneckoEye":290,"hubris:Potato":513,"FossilizedHelix":563,"m_BurningSludge":63,"hubris:NiceRug":468}],"Burning Blood":429,"aspiration:RitualStick":[0]},"card_choices":[{"not_picked":["Warcry","hubris:ReadiedAction"],"picked":"Clothesline","floor":1.0},{"not_picked":["True Grit","Bludgeon","Run Through"],"picked":"Singing Bowl","floor":7.0},{"not_picked":["Dual Wield","Twin Strike","Cleave","Saiyan:Reset"],"picked":"Singing Bowl","floor":10.0},{"not_picked":["Sword Boomerang","Replay:Undeath\u0027s Touch","hubris:ReadiedAction"],"picked":"Saiyan:PlotArmor","floor":12.0},{"not_picked":["Cleave","Iron Wave","Life Link"],"picked":"Saiyan:PlotArmor","floor":14.0},{"not_picked":["Juggernaut","Berserk","Corruption"],"picked":"Saiyan:MonkeyTail","floor":16.0},{"not_picked":["Guardian:CurlUp","Survivor","Saiyan:RuthlessBlow","Bash"],"picked":"Singing Bowl","floor":17.0},{"not_picked":["Berserk","Replay:Many Hands","hubris:StunningStrike"],"picked":"Impervious","floor":17.0},{"not_picked":["Jack Of All Trades","expansioncontent:FaceSlap","Replay:SS_fish_1"],"picked":"Replay:SS_hec_2","floor":17.0},{"not_picked":["ReplayTheSpireMod:Chaos Vortex","ReplayTheSpireMod:Black Plague","infinitespire:FinalStrike"],"picked":"hubris:InfiniteBlow+15","floor":17.0},{"not_picked":["Feel No Pain","Entrench","Defy Death"],"picked":"Saiyan:SuperSaiyanThree","floor":18.0},{"not_picked":["Flex","Armaments","Body Slam","Saiyan:Scouter"],"picked":"Singing Bowl","floor":19.0},{"not_picked":["Heavy Blade","Clash","Saiyan:KiExplosion"],"picked":"Barricade","floor":20.0},{"not_picked":["Warcry","ReplayTheSpireMod:Strike From Hell+1","Cleave","Saiyan:Quickening"],"picked":"Singing Bowl","floor":27.0},{"not_picked":["Exhume","Headbutt+1","Saiyan:Medicine"],"picked":"Seeing Red","floor":28},{"not_picked":["Rampage","Thunderclap","Perfected Strike+1","Saiyan:RemoveWeights"],"picked":"Singing Bowl","floor":30},{"not_picked":["Feed","Replay:Many Hands","Brutality","Saiyan:MonkeyTail"],"picked":"Singing Bowl","floor":33},{"not_picked":["Run Through+1","Anger","Sword Boomerang","Saiyan:Makankosappo"],"picked":"Singing Bowl","floor":35},{"not_picked":["Warcry","Power Through","Saiyan:ThirstForFight"],"picked":"Flame Barrier+1","floor":36},{"not_picked":["Thunderclap+1","Perfected Strike","Whirlwind+1","Saiyan:PowerUp"],"picked":"Singing Bowl","floor":37},{"not_picked":["Run Through+1","Replay:Undeath\u0027s Touch","Thunderclap","Saiyan:Momentum"],"picked":"Singing Bowl","floor":38},{"not_picked":["Pommel Strike+1","ReplayTheSpireMod:Corrosion Curse+1","Infernal Blade+1","Saiyan:ExpandingShockwave"],"picked":"Singing Bowl","floor":39},{"not_picked":["Wild Strike","Armaments+1","Body Slam+1","Saiyan:MindBoom"],"picked":"Singing Bowl","floor":42},{"not_picked":["Exhume","Wild Strike+1","Metallicize","Saiyan:Quickening"],"picked":"Singing Bowl","floor":47},{"not_picked":["Carnage","Power Through+1","Saiyan:ConcussiveBlow"],"picked":"hubris:SharpeningStone+1","floor":48},{"not_picked":["Searing Blow"],"picked":"Singing Bowl","floor":53},{"not_picked":["Thunderclap+1"],"picked":"Singing Bowl","floor":53},{"not_picked":["hubris:ReadiedAction"],"picked":"Singing Bowl","floor":53},{"not_picked":[],"picked":"ReplayTheSpireMod:Stacked","floor":53},{"not_picked":["Combust"],"picked":"Singing Bowl","floor":53},{"not_picked":["Replay:SS_hec_4"],"picked":"Singing Bowl","floor":53},{"not_picked":["ReplayUltimateDefense"],"picked":"Singing Bowl","floor":53},{"not_picked":["Cleave","Shockwave","Shrug It Off","Saiyan:BigBangAttack"],"picked":"Singing Bowl","floor":54}],"player_experience":572648,"relics_obtained":[{"floor":7.0,"key":"Singing Bowl"},{"floor":9.0,"key":"hubris:DisguiseKit"},{"floor":26.0,"key":"hubris:Potato"},{"floor":28,"key":"Omamori"},{"floor":42,"key":"Onion Ring"},{"floor":53,"key":"Replay:Bandana"},{"floor":53,"key":"Golden Egg"},{"floor":53,"key":"TheAbacus"},{"floor":54,"key":"hubris:Metronome"}],"event_choices":[{"damage_healed":0.0,"max_hp_gain":0.0,"max_hp_loss":6.0,"gold_gain":0.0,"event_name":"Golden Idol","player_choice":"Lose Max HP","floor":3.0,"gold_loss":0.0,"damage_taken":0.0,"relics_obtained":["Golden Idol"]},{"damage_healed":0.0,"max_hp_gain":0.0,"max_hp_loss":0.0,"gold_gain":0.0,"event_name":"FaceTrader","player_choice":"Leave","floor":5.0,"gold_loss":0.0,"damage_taken":0.0},{"damage_healed":0.0,"max_hp_gain":0.0,"max_hp_loss":0.0,"gold_gain":200.0,"event_name":"Wheel of Change","player_choice":"Gold","floor":22.0,"gold_loss":0.0,"damage_taken":0.0},{"damage_healed":0,"gold_gain":333,"player_choice":"Gave Idol","damage_taken":0,"max_hp_gain":0,"max_hp_loss":0,"event_name":"The Moai Head","floor":41,"relics_lost":["Golden Idol"],"gold_loss":0},{"damage_healed":0,"gold_gain":0,"cards_transformed":["Strike_R"],"player_choice":"Transformed","damage_taken":0,"max_hp_gain":0,"max_hp_loss":0,"event_name":"Transmorgrifier","floor":46,"gold_loss":0,"cards_obtained":["hubris:ReadiedAction"]}],"is_beta":false,"boss_relics":[{"not_picked":["Honey Jar","aspiration:WatcherSkillbook"],"picked":"ReplayTheSpireMod:SealedPack"},{"not_picked":["Replay:Drink Me","Black Blood"],"picked":"ChewingGum"}],"items_purged_floors":[0,44],"is_endless":false,"potions_floor_spawned":[10,16,20,27,28,30,33,36,42,47,54],"ascension_level":5}}