{"host":"5dk97cf2ubw2v967","time":1610742156,"event":{"mods":["BaseMod","Better Altar","Better Vampires","Block Reminder","Colored Powertips","Downfall","Googly Eyes","Highlight Path","Minty Spire (QoL Compilation)","Permanent Neow","Potion Indicator Mod","Quick Restart","Relic Filter","Relic Stats","Say the Spire","Spicy Shops","StSLib","Waifu the Spire","everything is the same but u backflip on backflip"],"gold_per_floor":[99,99,99,24,24,24,0,0,0,0,0,0,0,0,0,0,0,0,0,0,0,0,0,0,0,0,0,0,0,0,0,0,0,0],"floor_reached":33,"language":"ENG","playtime":1548,"items_purged":["Strike_G"],"score":676,"play_id":"8e970457-6c0c-41a2-96fa-3e619d7cbfb6","local_time":"20210115202236","is_ascension_mode":true,"campfire_choices":[{"data":"Choke","floor":6,"key":"SMITH"},{"data":"A Thousand Cuts","floor":11,"key":"SMITH"},{"data":"Neutralize","floor":13,"key":"SMITH"},{"floor":15,"key":"REST"},{"floor":24,"key":"REST"},{"data":"Pain","floor":32,"key":"PURGE"}],"circlet_count":0,"master_deck":["AscendersBane","Strike_G","Strike_G","Defend_G","Defend_G","Defend_G","Defend_G","Survivor","Neutralize+1","Acrobatics","Choke+1","Flying Knee","Underhanded Strike","Backstab","Dash","A Thousand Cuts+1","Venomology","Malaise+1","Outmaneuver+1","Reflex+1","Backflip","Predator","Backstab+1","Backstab","Flying Knee"],"relics":["Ectoplasm","Strawberry","Tiny Chest","Pen Nib","GremlinMask","Astrolabe","Peace Pipe","Matryoshka","Potion Belt","Thread and Needle","WarpedTongs","Dead Branch","Frozen Eye"],"acts_visited":["Exordium","TheCity"],"potions_floor_usage":[16,18,23,29,29,29,31,33,33],"damage_taken":[{"damage":2,"enemies":"Jaw Worm","floor":1,"turns":5},{"damage":0,"enemies":"Cultist","floor":2,"turns":5},{"damage":0,"enemies":"Small Slimes","floor":3,"turns":4},{"damage":4,"enemies":"Blue Slaver","floor":5,"turns":5},{"damage":0,"enemies":"Looter","floor":7,"turns":3},{"damage":20,"enemies":"Lagavulin","floor":8,"turns":7},{"damage":7,"enemies":"3 Sentries","floor":10,"turns":8},{"damage":31,"enemies":"Hexaghost","floor":16,"turns":10},{"damage":8,"enemies":"2 Thieves","floor":18,"turns":3},{"damage":22,"enemies":"Shell Parasite","floor":19,"turns":5},{"damage":14,"enemies":"Book of Stabbing","floor":23,"turns":6},{"damage":10,"enemies":"Sentry and Sphere","floor":28,"turns":5},{"damage":1,"enemies":"Gremlin Leader","floor":29,"turns":4},{"damage":12,"enemies":"Centurion and Healer","floor":30,"turns":7},{"damage":20,"enemies":"Slavers","floor":31,"turns":6},{"damage":74,"enemies":"Collector","floor":33,"turns":8}],"seed_played":"1580826359845265776","potions_obtained":[{"floor":8,"key":"Dexterity Potion"},{"floor":10,"key":"DuplicationPotion"},{"floor":16,"key":"ColorlessPotion"},{"floor":23,"key":"ColorlessPotion"},{"floor":28,"key":"FearPotion"}],"is_trial":false,"path_per_floor":["M","M","M","$","M","R","M","E","T","E","R","?","R","$","R","B",null,"M","M","?","$","T","E","R","$","T","?","M","E","M","E","R","B"],"character_chosen":"THE_SILENT","items_purchased":[],"campfire_rested":2,"item_purchase_floors":[],"current_hp_per_floor":[57,57,57,57,53,53,53,40,40,33,33,33,33,33,54,23,61,53,31,46,46,46,32,53,53,53,53,43,42,30,10,10,7,7],"gold":0,"neow_bonus":"BOSS_RELIC","is_daily":false,"chose_seed":false,"campfire_upgraded":3,"win_rate":0.0,"timestamp":1610742156,"path_taken":["M","M","M","$","M","R","M","E","T","E","R","?","R","?","R","BOSS","M","M","?","$","?","E","R","?","T","?","?","E","M","E","R","BOSS"],"items_purchased_type":[],"build_version":"2020-12-22","purchased_purges":1,"victory":false,"max_hp_per_floor":[66,66,66,66,66,66,66,73,73,73,73,73,73,73,73,73,73,73,73,73,73,73,73,73,73,73,73,73,73,73,73,73,73,73],"relic_stats":{"Peace Pipe":1,"counters":[16,91],"Astrolabe":["Malaise","Outmaneuver","Reflex"],"Dead Branch":[24],"Tiny Chest":1,"Ectoplasm":491,"Pen Nib":[11],"obtain_stats":[{"Potion Belt":26,"Astrolabe":17,"Dead Branch":29,"GremlinMask":12,"Thread and Needle":26,"Pen Nib":10,"WarpedTongs":27,"Peace Pipe":22,"Frozen Eye":31,"Matryoshka":23,"Strawberry":8,"Tiny Chest":9,"Ectoplasm":0,"Ring of the Snake":0},{"Potion Belt":11,"Astrolabe":8,"Dead Branch":13,"GremlinMask":7,"Thread and Needle":11,"Pen Nib":7,"WarpedTongs":11,"Peace Pipe":10,"Frozen Eye":15,"Matryoshka":11,"Strawberry":6,"Tiny Chest":6,"Ectoplasm":0,"Ring of the Snake":0},{"Potion Belt":61,"Astrolabe":47,"Dead Branch":70,"GremlinMask":37,"Thread and Needle":61,"Pen Nib":37,"WarpedTongs":61,"Peace Pipe":55,"Frozen Eye":83,"Matryoshka":61,"Strawberry":29,"Tiny Chest":29,"Ectoplasm":0,"Ring of the Snake":0}],"WarpedTongs":[30]},"card_choices":[{"not_picked":["Prepared","Flying Knee"],"picked":"Acrobatics","floor":1},{"not_picked":["Bane","Infinite Blades"],"picked":"Choke","floor":2},{"not_picked":["Acrobatics","Calculated Gamble"],"picked":"Flying Knee","floor":3},{"not_picked":["Predator","PiercingWail"],"picked":"Underhanded Strike","floor":5},{"not_picked":["Noxious Fumes","Endless Agony"],"picked":"Backstab","floor":7},{"not_picked":["Bane","Distraction"],"picked":"Dash","floor":8},{"not_picked":["Bane","Escape Plan"],"picked":"A Thousand Cuts","floor":10},{"not_picked":["Adrenaline","Glass Knife"],"picked":"Venomology","floor":16},{"not_picked":["Setup","Sucker Punch"],"picked":"Backflip","floor":18},{"not_picked":["Distraction","Finisher+1"],"picked":"Predator","floor":19},{"not_picked":["Backflip","Underhanded Strike"],"picked":"Backstab+1","floor":23},{"not_picked":["Slice","Dagger Spray","Deflect"],"picked":"SKIP","floor":28},{"not_picked":["Sucker Punch","Predator","PiercingWail"],"picked":"SKIP","floor":29},{"not_picked":["Bouncing Flask","Setup"],"picked":"Backstab","floor":30},{"not_picked":["Deadly Poison","Well Laid Plans"],"picked":"Flying Knee","floor":31}],"player_experience":1161982,"relics_obtained":[{"floor":8,"key":"Strawberry"},{"floor":9,"key":"Tiny Chest"},{"floor":10,"key":"Pen Nib"},{"floor":22,"key":"Peace Pipe"},{"floor":23,"key":"Matryoshka"},{"floor":26,"key":"Potion Belt"},{"floor":26,"key":"Thread and Needle"},{"floor":29,"key":"Dead Branch"},{"floor":31,"key":"Frozen Eye"}],"event_choices":[{"damage_healed":0,"gold_gain":0,"player_choice":"Trade","damage_taken":0,"relics_obtained":["GremlinMask"],"max_hp_gain":0,"max_hp_loss":0,"event_name":"FaceTrader","floor":12,"gold_loss":0},{"damage_healed":15,"gold_gain":0,"player_choice":"Heal","damage_taken":0,"max_hp_gain":0,"max_hp_loss":0,"event_name":"The Library","floor":20,"gold_loss":0},{"damage_healed":0,"gold_gain":0,"player_choice":"Rummage","damage_taken":0,"relics_obtained":["WarpedTongs"],"max_hp_gain":0,"max_hp_loss":0,"event_name":"Accursed Blacksmith","floor":27,"gold_loss":0,"cards_obtained":["Pain"]}],"is_beta":false,"boss_relics":[{"not_picked":["SlaversCollar","Runic Dome"],"picked":"Astrolabe"}],"items_purged_floors":[4],"is_endless":false,"potions_floor_spawned":[8,10,16,23,28],"killed_by":"Collector","ascension_level":20}}