{"host":"z2t3rxuzpenn68te","time":1610700266,"event":{"mods":["BaseMod","Marisa£®ÏF”Í°°ƒß¿Ì…≥£©","Minty Spire (QoL Compilation)","Replay The Spire","StSLib"],"gold_per_floor":[118,133,133,30,63,94,94,114,114,153,184,216,216,228,228,370,370,445,462,462,462,243,243,278,320,320,332,332,349,366,398,398,493,493,524,84,99,113,123,151,179,223,304,316,328,340,367,379,404,433,445,469,481,493,202,229,229,229],"floor_reached":57,"language":"ZHS","playtime":7117,"items_purged":["Sickly"],"score":1072,"play_id":"9f3a0783-4cbd-445b-81d7-b83ffe622089","local_time":"20210115164426","is_ascension_mode":false,"campfire_choices":[{"data":"BlazeAway","floor":7.0,"key":"SMITH"},{"data":"UltimateShortwave","floor":13.0,"key":"SMITH"},{"floor":15.0,"key":"REST"},{"data":"JA","floor":23.0,"key":"SMITH"},{"data":"MilkyWay","floor":28.0,"key":"SMITH"},{"floor":32.0,"key":"RECALL"},{"floor":51,"key":"DIG"},{"data":"PropBag","floor":54,"key":"SMITH"}],"circlet_count":0,"master_deck":["Strike_MRS","Strike_MRS","Strike_MRS","Strike_MRS","Defend_MRS","Defend_MRS","Defend_MRS","Defend_MRS","MasterSpark","UpSweep","ShootTheMoon","SprinkleStarSeal","Robbery","MachineGunSpark","NonDirectionalLaser","BlazeAway+1","MysteriousBeam","UnstableBomb","UltimateShortwave+1","EventHorizon","EarthLightRay","FinalSpark+1","PowerUp+1","PowerUp","MachineGunSpark","JA+1","MilkyWay+1","MagicAbsorber","UnstableBomb+1","TreasureHunter+1","PropBag+1","MagicChant","GravityBeat+1","MillisecondPulsars+1","FinalSpark+1","AlicesGift","RefractionSpark+1","Acceleration","AsteroidBelt+1","SporeBomb","ShootingEcho+1","Singularity","GravityBeat"],"relics":["MiniHakkero","Lantern","Onion Ring","SproutingBranch","Durian","ExperimentalFamiliar","Divine Protection","Orrery","Golden Egg","Question Card","Regal Pillow","RampagingMagicTools","Toolbox","Gambling Chip","MawBank","Replay:Baseball","StoneCalendar","Bottled Lightning","Kunai","Meat on the Bone"],"acts_visited":["Exordium","TheCity","TheBeyond","TheEnding"],"potions_floor_usage":[52,56],"damage_taken":[{"damage":1.0,"enemies":"Cultist","floor":1.0,"turns":3.0},{"damage":0.0,"enemies":"2 Louse","floor":2.0,"turns":2.0},{"damage":3.0,"enemies":"Jaw Worm","floor":5.0,"turns":3.0},{"damage":29.0,"enemies":"3 Sentries","floor":6.0,"turns":7.0},{"damage":0.0,"enemies":"3 Louse","floor":8.0,"turns":2.0},{"damage":8.0,"enemies":"Exordium Thugs","floor":10.0,"turns":2.0},{"damage":13.0,"enemies":"Replay:BlueRogue","floor":11.0,"turns":3.0},{"damage":0.0,"enemies":"2 Fungi Beasts","floor":12.0,"turns":2.0},{"damage":0.0,"enemies":"Looter","floor":14.0,"turns":1.0},{"damage":55.0,"enemies":"Hexaghost","floor":16.0,"turns":8.0},{"damage":12.0,"enemies":"Shell Parasite","floor":18.0,"turns":2.0},{"damage":0.0,"enemies":"Chosen","floor":19.0,"turns":1.0},{"damage":0.0,"enemies":"Book of Stabbing","floor":24.0,"turns":2.0},{"damage":6.0,"enemies":"Centurion and Healer","floor":25.0,"turns":2.0},{"damage":0.0,"enemies":"Snecko","floor":27.0,"turns":3.0},{"damage":0.0,"enemies":"Snake Plant","floor":29.0,"turns":1.0},{"damage":0.0,"enemies":"Chosen and Byrds","floor":30.0,"turns":2.0},{"damage":13.0,"enemies":"Slavers","floor":31.0,"turns":2.0},{"damage":3.0,"enemies":"Pondfish","floor":33.0,"turns":7.0},{"damage":12.0,"enemies":"3 Darklings","floor":35.0,"turns":4.0},{"damage":0.0,"enemies":"Orb Walker","floor":37.0,"turns":1.0},{"damage":0.0,"enemies":"4 Shapes","floor":38.0,"turns":1.0},{"damage":13.0,"enemies":"Writhing Mass","floor":39.0,"turns":2.0},{"damage":0,"enemies":"Giant Head","floor":40,"turns":1},{"damage":0,"enemies":"Maw","floor":41,"turns":2},{"damage":5,"enemies":"Reptomancer","floor":42,"turns":2},{"damage":0,"enemies":"Jaw Worm Horde","floor":47,"turns":1},{"damage":11,"enemies":"Writhing Mass","floor":49,"turns":2},{"damage":0,"enemies":"Maw","floor":50,"turns":3},{"damage":89,"enemies":"Time Eater","floor":52,"turns":8},{"damage":32,"enemies":"Shield and Spear","floor":56,"turns":3},{"damage":63,"enemies":"The Heart","floor":57,"turns":5}],"seed_played":"712785045635231036","potions_obtained":[{"floor":2.0,"key":"Block Potion"},{"floor":11.0,"key":"GamblersBrew"},{"floor":14.0,"key":"Cursed Concoction"},{"floor":18.0,"key":"Strength Potion"},{"floor":25.0,"key":"Adrenaline Potion"},{"floor":27.0,"key":"Death Potion"},{"floor":35.0,"key":"LifebloodPotion"},{"floor":42,"key":"FearPotion"},{"floor":49,"key":"SmokeBomb"}],"is_trial":false,"path_per_floor":["M","M","?","$","M","E","R","M","T","M","E","M","R","M","R","B",null,"M","M","?","?","$","R","E","M","T","M","R","M","M","E","R","B",null,"M","$","M","M","M","E","M","E","T","?","PTL","PTL","M","?","M","M","R","B",null,"R","$","E","B"],"character_chosen":"MARISA","items_purchased":["Robbery","MachineGunSpark","Orrery","Toolbox","Gambling Chip","Bottled Lightning","Adrenaline Potion"],"campfire_rested":1,"item_purchase_floors":[4,4,22,36,36,55,55],"current_hp_per_floor":[74,74,74,74,71,42,42,42,42,39,40,45,45,45,69,31,80,68,68,68,68,68,68,73,72,72,80,80,80,80,67,67,79,80,74,74,74,74,66,66,71,71,71,71,71,71,71,71,65,74,74,1,76,76,76,44,0,0],"gold":229,"neow_bonus":"RANDOM_COMMON_RELIC","is_daily":false,"chose_seed":false,"campfire_upgraded":5,"win_rate":0.0,"timestamp":1610700266,"path_taken":["M","?","?","?","M","E","R","M","T","M","E","M","R","M","R","BOSS","M","M","?","?","$","R","E","M","T","M","R","?","M","E","R","BOSS","M","$","M","M","M","E","M","E","T","?","PTL","PTL","M","?","M","M","R","BOSS","R","$","E","BOSS"],"items_purchased_type":["Card","Card","Relic","Relic","Relic","Relic","Potion"],"build_version":"2020-12-22","purchased_purges":1,"victory":false,"max_hp_per_floor":[75,75,75,75,75,75,75,75,75,75,80,80,80,80,80,80,80,80,80,80,80,80,80,80,80,80,80,80,80,80,80,80,80,80,80,80,80,80,80,80,80,80,80,80,80,80,80,76,76,76,76,76,76,76,76,76,76,76],"card_choices":[{"not_picked":["GravityBeat","GalacticHalo"],"picked":"6A","floor":1.0},{"not_picked":["WitchOfGreed","LuminesStrike"],"picked":"ShootTheMoon","floor":2.0},{"not_picked":["WitchOfGreed","EnergyRecoil"],"picked":"NonDirectionalLaser","floor":5.0},{"not_picked":["Acceleration","ChargeUpSpray"],"picked":"BlazeAway","floor":6.0},{"not_picked":["SprinkleStarSeal","EnergyRecoil"],"picked":"MysteriousBeam","floor":8.0},{"not_picked":["WitchOfGreed","DC"],"picked":"UnstableBomb","floor":10.0},{"not_picked":["MagicAbsorber","LuminesStrike"],"picked":"UltimateShortwave","floor":11.0},{"not_picked":["SporeBomb","ShootingEcho"],"picked":"EventHorizon","floor":12.0},{"not_picked":["MilkyWay","OrrerysSun"],"picked":"EarthLightRay","floor":14.0},{"not_picked":["SatelliteIllusion","BigCrunch"],"picked":"FinalSpark","floor":16.0},{"not_picked":["SporeBomb","ChargingUp+1"],"picked":"PowerUp+1","floor":18.0},{"not_picked":["StarBarrage","ShootingEcho"],"picked":"PowerUp","floor":19.0},{"not_picked":["UnstableBomb","Acceleration"],"picked":"MachineGunSpark","floor":22.0},{"not_picked":["OpenUniverse","LuminesStrike"],"picked":"JA","floor":22.0},{"not_picked":["WitchOfGreed+1","6A+1"],"picked":"MilkyWay","floor":22.0},{"not_picked":["MysteriousBeam","SprinkleStarSeal"],"picked":"MagicAbsorber","floor":22.0},{"not_picked":["SprinkleStarSeal","IllusionStar+1"],"picked":"UnstableBomb+1","floor":24.0},{"not_picked":["WitchOfGreed+1","Orbital"],"picked":"TreasureHunter","floor":25.0},{"not_picked":["WitchLeyline","GravityBeat","EarthLightRay"],"picked":"PropBag","floor":27.0},{"not_picked":["ShootingEcho+1","ManaConvection","SporeBomb+1"],"picked":"MagicChant","floor":29.0},{"not_picked":["IllusionStar","MysteriousBeam","DC"],"picked":"GravityBeat+1","floor":30.0},{"not_picked":["BinaryStars","EnergyRecoil","SuperPerseids"],"picked":"MillisecondPulsars","floor":31.0},{"not_picked":["BigCrunch","SatelliteIllusion","ManaRampage"],"picked":"FinalSpark","floor":33.0},{"not_picked":["EnergyRecoil","MysteriousBeam","UnstableBomb"],"picked":"AlicesGift","floor":35.0},{"not_picked":["GravityBeat","Occultation+1","LuminesStrike","BlazingStar"],"picked":"SKIP","floor":37.0},{"not_picked":["StarlightTyphoon","MysteriousBeam+1","IllusionStar+1"],"picked":"RefractionSpark+1","floor":38.0},{"not_picked":["GrandCross","WitchOfGreed","ShootTheMoon"],"picked":"Acceleration","floor":39.0},{"not_picked":["StarlightTyphoon+1","StarDustReverie","DeepEcoloBomb+1"],"picked":"AsteroidBelt+1","floor":40},{"not_picked":["NonDirectionalLaser+1","SprinkleStarSeal+1","6A"],"picked":"SporeBomb","floor":41},{"not_picked":["WitchLeyline","DarkSpark","OortCloud"],"picked":"ShootingEcho+1","floor":42},{"not_picked":["MysteriousBeam","6A","OpenUniverse+1"],"picked":"Singularity","floor":47},{"not_picked":["UnstableBomb","DragonMeteor","Acceleration"],"picked":"GravityBeat","floor":49},{"not_picked":["MillisecondPulsars","ManaConvection+1","WitchLeyline+1","SporeBomb"],"picked":"SKIP","floor":50},{"not_picked":["OrrerysSun","DarkMatter+1","MeteoricShower","GrandCross"],"picked":"SKIP","floor":56}],"player_experience":155899,"relics_obtained":[{"floor":6.0,"key":"Onion Ring"},{"floor":9.0,"key":"SproutingBranch"},{"floor":11.0,"key":"Durian"},{"floor":24.0,"key":"Golden Egg"},{"floor":26.0,"key":"Question Card"},{"floor":31.0,"key":"Regal Pillow"},{"floor":40,"key":"MawBank"},{"floor":42,"key":"Replay:Baseball"},{"floor":51,"key":"StoneCalendar"},{"floor":56,"key":"Kunai"}],"event_choices":[{"damage_healed":0.0,"max_hp_gain":0.0,"max_hp_loss":0.0,"gold_gain":0.0,"cards_transformed":["6A"],"event_name":"Transmorgrifier","player_choice":"Transformed","floor":3.0,"gold_loss":0.0,"damage_taken":0.0,"cards_obtained":["SprinkleStarSeal"]},{"damage_healed":0.0,"max_hp_gain":0.0,"max_hp_loss":0.0,"gold_gain":0.0,"event_name":"Upgrade Shrine","player_choice":"Upgraded","floor":21.0,"gold_loss":0.0,"damage_taken":0.0,"cards_upgraded":["FinalSpark"]},{"damage_healed":0,"gold_gain":0,"player_choice":"Ignored","damage_taken":0,"max_hp_gain":0,"max_hp_loss":0,"event_name":"Tomb of Lord Red Mask","floor":44,"gold_loss":0},{"damage_healed":0,"gold_gain":0,"player_choice":"Max HP","damage_taken":0,"max_hp_gain":0,"max_hp_loss":4,"event_name":"Winding Halls","floor":48,"gold_loss":0}],"is_beta":false,"boss_relics":[{"not_picked":["ChewingGum","Astrolabe"],"picked":"ExperimentalFamiliar"},{"not_picked":["Replay:Ancient Bell","Calling Bell"],"picked":"RampagingMagicTools"}],"items_purged_floors":[22],"is_endless":false,"potions_floor_spawned":[2,11,14,18,25,27,35,42,47,49,50],"killed_by":"The Heart","ascension_level":0}}