{"host":"w4b7hmige5bnqipq","time":1610677286,"event":{"mods":["2.2 Compatiblity","BaseMod","Colored Map","DeckTracker","Keyboard Shortcuts","Minty Spire (QoL Compilation)","Permanent Neow","Rare Cards Sparkle","SuperFastMode","everything is the same but u backflip on backflip","slay the spire mod where everything is the same but ironclad has a cowboy hat"],"gold_per_floor":[112,112,187,202,215,230,230,240,294,314,314,349,367,398,398,473,473,488,468,468,481,481,481,481],"floor_reached":23,"language":"KOR","playtime":631,"items_purged":[],"score":410,"play_id":"34e6432a-8ac9-452b-84ec-a66d1ef20165","local_time":"20210115112126","is_ascension_mode":true,"campfire_choices":[{"data":"Noxious Fumes","floor":7.0,"key":"SMITH"},{"data":"Bouncing Flask","floor":11.0,"key":"SMITH"},{"data":"Calculated Gamble","floor":15.0,"key":"SMITH"}],"circlet_count":0,"master_deck":["AscendersBane","Strike_G","Strike_G","Strike_G","Defend_G","Defend_G","Defend_G","Defend_G","Defend_G","Survivor","Neutralize","Masterful Stab","Tactician","Calculated Gamble+1","Noxious Fumes+1","Bouncing Flask+1","Footwork","Backflip","After Image","Deadly Poison+1","Acrobatics","Deflect"],"relics":["Ring of the Snake","NeowsBlessing","Toy Ornithopter","Paper Crane","Dream Catcher","Runic Dome"],"acts_visited":["Exordium","TheCity"],"potions_floor_usage":[23],"damage_taken":[{"damage":0.0,"enemies":"Cultist","floor":1.0,"turns":1.0},{"damage":0.0,"enemies":"2 Louse","floor":4.0,"turns":1.0},{"damage":0.0,"enemies":"Jaw Worm","floor":5.0,"turns":1.0},{"damage":0.0,"enemies":"Lots of Slimes","floor":6.0,"turns":6.0},{"damage":0.0,"enemies":"2 Fungi Beasts","floor":8.0,"turns":4.0},{"damage":3.0,"enemies":"Looter","floor":10.0,"turns":3.0},{"damage":6.0,"enemies":"Gremlin Nob","floor":12.0,"turns":3.0},{"damage":9.0,"enemies":"Gremlin Gang","floor":13.0,"turns":4.0},{"damage":3.0,"enemies":"Lagavulin","floor":14.0,"turns":5.0},{"damage":2.0,"enemies":"Hexaghost","floor":16.0,"turns":7.0},{"damage":10.0,"enemies":"3 Byrds","floor":18.0,"turns":5.0},{"damage":15.0,"enemies":"2 Thieves","floor":19.0,"turns":4.0},{"damage":26,"enemies":"Cultist and Chosen","floor":21,"turns":7},{"damage":41,"enemies":"Book of Stabbing","floor":23,"turns":4}],"seed_played":"769498591672602481","potions_obtained":[{"floor":1.0,"key":"Block Potion"},{"floor":5.0,"key":"BlessingOfTheForge"},{"floor":6.0,"key":"Block Potion"},{"floor":8.0,"key":"SneckoOil"},{"floor":13.0,"key":"Fruit Juice"},{"floor":14.0,"key":"LiquidBronze"},{"floor":18.0,"key":"GamblersBrew"},{"floor":21,"key":"Poison Potion"}],"is_trial":false,"path_per_floor":["M","?","?","M","M","M","R","M","T","M","R","E","M","E","R","B",null,"M","M","?","M","?","E"],"character_chosen":"THE_SILENT","items_purchased":[],"campfire_rested":0,"item_purchase_floors":[],"current_hp_per_floor":[59,59,48,48,48,48,48,48,48,45,45,44,40,47,47,50,66,56,46,60,34,34,0,0],"gold":481,"neow_bonus":"THREE_ENEMY_KILL","is_daily":false,"chose_seed":false,"campfire_upgraded":3,"win_rate":0.0,"timestamp":1610677286,"path_taken":["M","?","?","M","?","M","R","M","T","M","R","E","?","E","R","BOSS","M","M","?","M","?","E"],"items_purchased_type":[],"build_version":"2020-12-22","purchased_purges":0,"victory":false,"max_hp_per_floor":[66,66,66,66,66,66,66,66,66,66,66,66,66,71,71,71,71,71,71,71,71,71,71,71],"card_choices":[{"not_picked":["Bane","Terror"],"picked":"Masterful Stab","floor":1.0},{"not_picked":["Flying Knee","Masterful Stab"],"picked":"Tactician","floor":4.0},{"not_picked":["Footwork","Blade Dance"],"picked":"Calculated Gamble","floor":5.0},{"not_picked":["Dodge and Roll","Backflip"],"picked":"Noxious Fumes","floor":6.0},{"not_picked":["Adrenaline","Masterful Stab"],"picked":"Bouncing Flask","floor":8.0},{"not_picked":["Flying Knee","Bane"],"picked":"Footwork","floor":10.0},{"not_picked":["Caltrops","Terror","Expertise"],"picked":"SKIP","floor":12.0},{"not_picked":["Dagger Throw","Prepared"],"picked":"Backflip","floor":13.0},{"not_picked":["Underhanded Strike","Bane","Quick Slash"],"picked":"SKIP","floor":14.0},{"not_picked":["Night Terror","Wraith Form v2"],"picked":"After Image","floor":16.0},{"not_picked":["Deadly Poison+1","Sucker Punch","Poisoned Stab+1"],"picked":"SKIP","floor":18.0},{"not_picked":["Sucker Punch","Poisoned Stab+1"],"picked":"Deadly Poison+1","floor":18.0},{"not_picked":["Flying Knee","Expertise+1"],"picked":"Acrobatics","floor":19.0},{"not_picked":["Bane","Riddle With Holes","Calculated Gamble+1"],"picked":"SKIP","floor":21}],"player_experience":490324,"relics_obtained":[{"floor":9.0,"key":"Toy Ornithopter"},{"floor":12.0,"key":"Paper Crane"},{"floor":14.0,"key":"Dream Catcher"}],"event_choices":[{"cards_removed":["Strike_G"],"damage_healed":0.0,"max_hp_gain":0.0,"max_hp_loss":0.0,"gold_gain":0.0,"event_name":"Living Wall","player_choice":"Forget","floor":2.0,"gold_loss":0.0,"damage_taken":0.0},{"damage_healed":0.0,"max_hp_gain":0.0,"max_hp_loss":0.0,"gold_gain":75.0,"event_name":"World of Goop","player_choice":"Gather Gold","floor":3.0,"gold_loss":0.0,"damage_taken":11.0},{"damage_healed":14,"gold_gain":0,"player_choice":"Heal","damage_taken":0,"max_hp_gain":0,"max_hp_loss":0,"event_name":"The Library","floor":20,"gold_loss":0},{"damage_healed":0,"gold_gain":0,"cards_transformed":["Strike_G"],"player_choice":"Transformed","damage_taken":0,"max_hp_gain":0,"max_hp_loss":0,"event_name":"Transmorgrifier","floor":22,"gold_loss":0,"cards_obtained":["Deflect"]}],"is_beta":false,"boss_relics":[{"not_picked":["Cursed Key","Calling Bell"],"picked":"Runic Dome"}],"items_purged_floors":[],"is_endless":false,"potions_floor_spawned":[1,5,6,8,13,14,18,21],"killed_by":"Book of Stabbing","ascension_level":20}}