{"host":"g5k24uqcth2ihc11","time":1610678770,"event":{"mods":["Arknights The Spire","BaseMod","Downfall","Jorbs\u0027s Wanderer Trilogy","Marisa????????","Minty Spire (QoL Compilation)","Robot Space Explorer","StSLib","The Cursed","The Dragon Tamer","The Marked","The Servant 0.9.4"],"gold_per_floor":[118,130,144,164,164,164,164,164,164,164,164,164,177,189,189,288,288,300,319,147,165,177,208,208,237,237,250,250,264,20,36,36,135,135,154,167,184,184,184,184,184,184,184],"floor_reached":44,"language":"ENG","playtime":5307,"items_purged":[],"score":592,"play_id":"d357d40f-c6ef-4acd-b2a8-b1ab160635fa","local_time":"20210114184610","daily_mods":["SealedDeck","Vintage","Flight"],"is_ascension_mode":false,"campfire_choices":[{"data":"Slimebound:SplitAcid","floor":6,"key":"SMITH"},{"data":"Slimebound:SplitLeeching","floor":7,"key":"SMITH"},{"data":"Slimebound:SplitBruiser","floor":8,"key":"SMITH"},{"data":"Slimebound:LivingWall","floor":10,"key":"SMITH"},{"data":"Slimebound:GrowthPunch","floor":11,"key":"SMITH"},{"data":"Slimebound:Schlurp","floor":12,"key":"SMITH"},{"data":"Slimebound:FinishingTackle","floor":15,"key":"SMITH"},{"data":"Slimebound:TongueLash","floor":24,"key":"SMITH"},{"data":"Slimebound:LevelUp","floor":32,"key":"SMITH"},{"data":"Slimebound:CheckThePlaybook","floor":40,"key":"SMITH"},{"data":"Slimebound:Schlurp","floor":41,"key":"SMITH"}],"circlet_count":0,"master_deck":["Slimebound:FinishingTackle+1","Slimebound:SplitAcid+1","Slimebound:SplitLeeching+1","Slimebound:SplitBruiser+1","Slimebound:GrowthPunch+1","Slimebound:Schlurp+1","Slimebound:LivingWall+1","Slimebound:SplitBruiser+1","Slimebound:SplitAcid","Slimebound:SplitLeeching","Slimebound:CheckThePlaybook+1","Slimebound:LevelUp+1","Slimebound:MegaLick+1","Slimebound:Schlurp+1","Slimebound:TongueLash+1","Slimebound:SlimeSpikes+1","J.A.X.+1","expansioncontent:DarkVoid","Slimebound:PrepareCrush+1","Slimebound:Darklings+1"],"relics":["Slimebound:AbsorbEndCombat","HornCleat","Question Card","Lantern","Ginger","Slimebound:MaxSlimesRelic","Mummified Hand","InkBottle","Ornamental Fan","Cursed Key","Whetstone","Gremlin Horn","Vajra","Toxic Egg 2","Bottled Flame","Regal Pillow","Shuriken","Toy Ornithopter","Toolbox","Mango","Slimebound:TarBlob","War Paint","Boot","Pen Nib"],"acts_visited":["Exordium","TheCity","TheBeyond"],"potions_floor_usage":[23,43,43],"damage_taken":[{"damage":20,"enemies":"Cultist","floor":1,"turns":2},{"damage":12,"enemies":"2 Louse","floor":2,"turns":2},{"damage":12,"enemies":"Small Slimes","floor":3,"turns":2},{"damage":33,"enemies":"Exordium Thugs","floor":4,"turns":3},{"damage":12,"enemies":"Blue Slaver","floor":13,"turns":2},{"damage":20,"enemies":"Looter","floor":14,"turns":2},{"damage":38,"enemies":"Slime Boss","floor":16,"turns":6},{"damage":24,"enemies":"3 Byrds","floor":18,"turns":2},{"damage":16,"enemies":"2 Thieves","floor":19,"turns":3},{"damage":20,"enemies":"Snake Plant","floor":21,"turns":2},{"damage":20,"enemies":"Centurion and Healer","floor":22,"turns":2},{"damage":31,"enemies":"Slavers","floor":23,"turns":2},{"damage":17,"enemies":"Gremlin Leader","floor":25,"turns":3},{"damage":8,"enemies":"Sentry and Sphere","floor":27,"turns":3},{"damage":16,"enemies":"3 Cultists","floor":29,"turns":3},{"damage":20,"enemies":"Centurion and Healer","floor":31,"turns":3},{"damage":26,"enemies":"Collector","floor":33,"turns":5},{"damage":37,"enemies":"3 Shapes","floor":35,"turns":3},{"damage":24,"enemies":"3 Darklings","floor":36,"turns":3},{"damage":18,"enemies":"Maw","floor":37,"turns":4},{"damage":98,"enemies":"Donu and Deca","floor":43,"turns":6}],"seed_played":"-9038983086305036105","potions_obtained":[{"floor":2,"key":"Slimebound:SpawnSlimePotion"},{"floor":13,"key":"champ:CounterPotion"},{"floor":16,"key":"Fire Potion"},{"floor":25,"key":"sneckomod:MuddlingPotion"},{"floor":27,"key":"EssenceOfSteel"}],"is_trial":true,"path_per_floor":["M","M","M","M","T","R","R","R","T","R","R","R","M","M","R","B",null,"M","M","$","M","M","E","R","E","T","M","?","M","$","M","R","B",null,"M","M","M","?","T","R","R","?","B",null],"character_chosen":"SLIMEBOUND","items_purchased":["Slimebound:LevelUp","Slimebound:MegaLick","Slimebound:Schlurp","expansioncontent:DarkVoid","Toolbox"],"campfire_rested":0,"item_purchase_floors":[20,20,20,30,30],"current_hp_per_floor":[56,56,56,45,45,45,45,45,45,45,45,45,47,49,49,43,60,58,60,60,60,58,51,51,56,56,60,60,60,60,74,74,74,74,70,74,74,74,74,74,74,74,34],"gold":184,"neow_bonus":"","is_daily":false,"chose_seed":false,"campfire_upgraded":11,"win_rate":0.0,"timestamp":1610678770,"path_taken":["M","M","M","M","?","R","R","R","T","R","R","R","M","M","R","BOSS","M","M","$","M","M","E","R","E","T","M","?","M","$","M","R","BOSS","M","M","M","?","?","R","R","?","BOSS"],"items_purchased_type":["Card","Card","Card","Card","Relic"],"build_version":"2020-12-22","purchased_purges":0,"victory":true,"max_hp_per_floor":[60,60,60,60,60,60,60,60,60,60,60,60,60,60,60,60,60,60,60,60,60,60,60,60,60,60,60,60,60,60,74,74,74,74,74,74,74,74,74,74,74,74,74],"card_choices":[{"not_picked":["Slimebound:MassRepurpose","Slimebound:DuplicatedForm","Slimebound:SlimeSlap"],"picked":"Slimebound:CheckThePlaybook","floor":16},{"not_picked":["Slimebound:SplitLeeching+1","Slimebound:MassFeed","Slimebound:SplitMire+1"],"picked":"Slimebound:TongueLash","floor":23},{"not_picked":["Slimebound:FinishingTackle","Slimebound:GoopSpray+1","Slimebound:SplitAcid+1"],"picked":"Slimebound:SlimeSpikes+1","floor":25},{"not_picked":["Slimebound:SlimeSlap","Slimebound:OozeBath+1","Slimebound:RallyTheTroops"],"picked":"Slimebound:PrepareCrush+1","floor":33}],"player_experience":19701,"relics_obtained":[{"floor":1,"key":"HornCleat"},{"floor":2,"key":"Question Card"},{"floor":3,"key":"Lantern"},{"floor":4,"key":"Ginger"},{"floor":5,"key":"Slimebound:MaxSlimesRelic"},{"floor":9,"key":"Mummified Hand"},{"floor":13,"key":"InkBottle"},{"floor":14,"key":"Ornamental Fan"},{"floor":18,"key":"Whetstone"},{"floor":19,"key":"Gremlin Horn"},{"floor":21,"key":"Vajra"},{"floor":22,"key":"Toxic Egg 2"},{"floor":23,"key":"Bottled Flame"},{"floor":25,"key":"Regal Pillow"},{"floor":27,"key":"Shuriken"},{"floor":29,"key":"Toy Ornithopter"},{"floor":31,"key":"Mango"},{"floor":35,"key":"War Paint"},{"floor":36,"key":"Boot"},{"floor":37,"key":"Pen Nib"}],"event_choices":[{"damage_healed":0,"gold_gain":0,"player_choice":"Obtain J.A.X.","damage_taken":0,"max_hp_gain":0,"max_hp_loss":0,"event_name":"Drug Dealer","floor":28,"gold_loss":0,"cards_obtained":["J.A.X."]},{"damage_healed":0,"gold_gain":0,"player_choice":"Took Portal","damage_taken":0,"max_hp_gain":0,"max_hp_loss":0,"event_name":"SecretPortal","floor":42,"gold_loss":0}],"is_beta":false,"boss_relics":[{"not_picked":["Slimebound:AbsorbEndCombatUpgraded","Calling Bell"],"picked":"Cursed Key"},{"not_picked":["Runic Pyramid","Snecko Eye"],"picked":"Slimebound:TarBlob"}],"items_purged_floors":[],"is_endless":false,"potions_floor_spawned":[2,13,16,19,22,25,27,35,36],"ascension_level":0}}