{"host":"cv77zuuuekizn3ic","time":1610704498,"event":{"mods":["AchievementEnabler","Act Like it!","BaseMod","Gensokyo","Marisa£®ÏF”Í°°ƒß¿Ì…≥£©","Minty Spire (QoL Compilation)","StSLib","Waifu the Spire","everything is the same but u backflip on backflip","slay the spire mod where everything is the same but ironclad has a cowboy hat"],"gold_per_floor":[113,132,132,144,144,144,144,157,182,197,226,226,226,226],"floor_reached":13,"language":"ZHS","playtime":337,"items_purged":[],"score":156,"play_id":"14a893a8-2132-4e27-abed-3596f25c7cca","local_time":"20210115175458","is_ascension_mode":true,"campfire_choices":[{"data":"Skewer","floor":6.0,"key":"SMITH"}],"circlet_count":0,"master_deck":["AscendersBane","Strike_G","Strike_G","Strike_G","Strike_G","Strike_G","Defend_G","Defend_G","Defend_G","Defend_G","Defend_G","Survivor","Neutralize","Skewer+1","Distraction","Cloak And Dagger","Infinite Blades","Backstab","Envenom+1"],"relics":["Ring of the Snake","NeowsBlessing","Pear","Bag of Marbles","Oddly Smooth Stone"],"acts_visited":["Exordium"],"potions_floor_usage":[],"damage_taken":[{"damage":0.0,"enemies":"Gensokyo:Python","floor":1.0,"turns":1.0},{"damage":0.0,"enemies":"Gensokyo:2_Kodama","floor":2.0,"turns":1.0},{"damage":0.0,"enemies":"Gensokyo:Gryphon","floor":4.0,"turns":1.0},{"damage":6.0,"enemies":"Gensokyo:VengefulSpirit","floor":8.0,"turns":3.0},{"damage":2,"enemies":"Gensokyo:2_Rabbits","floor":10,"turns":6},{"damage":25,"enemies":"Gensokyo:Mamizou","floor":11,"turns":10},{"damage":12,"enemies":"Gensokyo:Cirno","floor":13,"turns":2}],"seed_played":"-6032341269418717758","potions_obtained":[{"floor":4.0,"key":"SneckoOil"},{"floor":10,"key":"Dexterity Potion"}],"is_trial":false,"path_per_floor":["M","M","?","M","?","R","?","M","T","M","E","?","E"],"character_chosen":"THE_SILENT","items_purchased":[],"campfire_rested":0,"item_purchase_floors":[],"current_hp_per_floor":[59,59,49,49,49,49,40,34,34,32,7,7,0,0],"gold":226,"neow_bonus":"THREE_ENEMY_KILL","is_daily":false,"chose_seed":false,"campfire_upgraded":1,"win_rate":0.0,"timestamp":1610704498,"path_taken":["M","M","?","?","?","R","?","?","T","M","E","?","E"],"items_purchased_type":[],"build_version":"2020-12-22","purchased_purges":0,"victory":false,"max_hp_per_floor":[66,66,76,76,76,76,76,76,76,76,76,76,76,76],"card_choices":[{"not_picked":["Quick Slash","Predator","Sucker Punch"],"picked":"SKIP","floor":1.0},{"not_picked":["Slice","Deflect"],"picked":"Skewer","floor":2.0},{"not_picked":["Setup","Underhanded Strike","Bane"],"picked":"SKIP","floor":4.0},{"not_picked":["Underhanded Strike","Flying Knee"],"picked":"Distraction","floor":5.0},{"not_picked":["Endless Agony","Skewer"],"picked":"Cloak And Dagger","floor":5.0},{"not_picked":["Dagger Throw","Distraction"],"picked":"Infinite Blades","floor":8.0},{"not_picked":["Flying Knee","Poisoned Stab"],"picked":"Backstab","floor":10},{"not_picked":["Dagger Spray","Riddle With Holes"],"picked":"Envenom","floor":11}],"player_experience":911544,"relics_obtained":[{"floor":9.0,"key":"Bag of Marbles"},{"floor":11,"key":"Oddly Smooth Stone"}],"event_choices":[],"is_beta":false,"boss_relics":[],"items_purged_floors":[],"is_endless":false,"potions_floor_spawned":[4,10],"killed_by":"Gensokyo:Cirno","ascension_level":19}}