{"host":"utcbn1j9ebmpc40m","time":1610671127,"event":{"mods":["BaseMod","Better Altar","Better Match","GifTheSpireLib","Minty Spire (QoL Compilation)","Poor People Problems","StSLib","SuperFastMode","The IronCluck","The Servant 0.9.4"],"gold_per_floor":[114,126,126,51,69,100,100,111,111,128,128,192,192,225,225,324,324,343,393,408,557,334,359,201,201,201,226,226,226],"floor_reached":28,"language":"ENG","playtime":676,"items_purged":["Defend_R"],"score":426,"play_id":"beeec828-eb3f-46c7-b906-e8694e69713e","local_time":"20210114193847","is_ascension_mode":true,"campfire_choices":[{"floor":7,"key":"REST"},{"floor":13,"key":"REST"},{"floor":15,"key":"REST"},{"floor":25,"key":"REST"}],"circlet_count":0,"master_deck":["AscendersBane","Strike_R","Strike_R","Strike_R","Defend_R","Defend_R","Bash","Hemokinesis","Flex","Shrug It Off","Flame Barrier","Armaments","Bludgeon","Fire Breathing+1","Clash+1","Body Slam+1","Bloodletting+1","Metallicize","Havoc","Impervious"],"relics":["Philosopher\u0027s Stone","SsserpentHead","Mercury Hourglass","Ornamental Fan","Meat on the Bone","Astrolabe","MutagenicStrength","Oddly Smooth Stone","Frozen Egg 2","Du-Vu Doll","Unceasing Top"],"acts_visited":["Exordium","TheCity"],"potions_floor_usage":[6,16,23,27,27],"damage_taken":[{"damage":8,"enemies":"Jaw Worm","floor":1,"turns":3},{"damage":4,"enemies":"Cultist","floor":2,"turns":3},{"damage":2,"enemies":"Small Slimes","floor":5,"turns":2},{"damage":29,"enemies":"Lagavulin","floor":6,"turns":4},{"damage":9,"enemies":"Looter","floor":8,"turns":2},{"damage":6,"enemies":"2 Fungi Beasts","floor":10,"turns":3},{"damage":3,"enemies":"Blue Slaver","floor":12,"turns":3},{"damage":11,"enemies":"3 Sentries","floor":14,"turns":5},{"damage":62,"enemies":"The Guardian","floor":16,"turns":12},{"damage":0,"enemies":"Spheric Guardian","floor":18,"turns":2},{"damage":24,"enemies":"3 Byrds","floor":20,"turns":4},{"damage":12,"enemies":"Slavers","floor":23,"turns":5},{"damage":62,"enemies":"Gremlin Leader","floor":27,"turns":7},{"damage":20,"enemies":"3 Cultists","floor":28,"turns":4}],"seed_played":"403749212744279151","potions_obtained":[{"floor":1,"key":"BloodPotion"},{"floor":5,"key":"HeartOfIron"},{"floor":6,"key":"SpeedPotion"},{"floor":16,"key":"AttackPotion"},{"floor":18,"key":"EssenceOfSteel"},{"floor":23,"key":"DuplicationPotion"}],"is_trial":false,"path_per_floor":["M","M","?","$","M","E","R","M","T","M","$","M","R","E","R","B",null,"M","?","M","?","$","E","$","R","T","E","M"],"character_chosen":"IRONCLAD","items_purchased":["Metallicize","Oddly Smooth Stone","Impervious"],"campfire_rested":4,"item_purchase_floors":[22,22,24],"current_hp_per_floor":[64,60,60,60,58,29,53,44,44,38,38,35,59,48,72,38,70,70,70,46,46,46,46,46,70,70,20,0,0],"gold":226,"neow_bonus":"BOSS_RELIC","is_daily":false,"chose_seed":false,"campfire_upgraded":0,"win_rate":0.0,"timestamp":1610671127,"path_taken":["M","M","?","$","M","E","R","M","T","M","$","?","R","E","R","BOSS","M","?","M","?","$","E","$","R","T","E","M"],"items_purchased_type":["Card","Relic","Card"],"build_version":"2020-12-22","purchased_purges":1,"victory":false,"max_hp_per_floor":[80,80,80,80,80,80,80,80,80,80,80,80,80,80,80,80,80,80,80,80,80,80,80,80,80,80,80,80,80],"card_choices":[{"not_picked":["Carnage","Havoc"],"picked":"Hemokinesis","floor":1},{"not_picked":["Intimidate","Warcry"],"picked":"Flex","floor":2},{"not_picked":["Sentinel","Twin Strike"],"picked":"Shrug It Off","floor":5},{"not_picked":["Iron Wave","Brutality","Warcry"],"picked":"SKIP","floor":6},{"not_picked":["Twin Strike","Disarm"],"picked":"Flame Barrier","floor":8},{"not_picked":["Clothesline","Havoc","Wild Strike"],"picked":"SKIP","floor":10},{"not_picked":["True Grit","Cleave"],"picked":"Armaments","floor":12},{"not_picked":["Clash","Warcry","Sever Soul"],"picked":"SKIP","floor":14},{"not_picked":["Offering","Double Tap"],"picked":"Bludgeon","floor":16},{"not_picked":["Clothesline","Iron Wave","Rampage"],"picked":"SKIP","floor":18},{"not_picked":["Ghostly Armor","Heavy Blade"],"picked":"Bloodletting+1","floor":20},{"not_picked":["Armaments","Twin Strike"],"picked":"Havoc","floor":23},{"not_picked":["Dual Wield","Flex","Sword Boomerang"],"picked":"SKIP","floor":27}],"player_experience":488272,"relics_obtained":[{"floor":6,"key":"Mercury Hourglass"},{"floor":9,"key":"Ornamental Fan"},{"floor":14,"key":"Meat on the Bone"},{"floor":23,"key":"Frozen Egg 2"},{"floor":26,"key":"Du-Vu Doll"},{"floor":27,"key":"Unceasing Top"}],"event_choices":[{"damage_healed":0,"gold_gain":0,"player_choice":"Trade","damage_taken":0,"relics_obtained":["SsserpentHead"],"max_hp_gain":0,"max_hp_loss":0,"event_name":"FaceTrader","floor":3,"gold_loss":0},{"damage_healed":0,"gold_gain":0,"player_choice":"Inject Mutagens","damage_taken":0,"relics_obtained":["MutagenicStrength"],"max_hp_gain":0,"max_hp_loss":0,"event_name":"Drug Dealer","floor":19,"gold_loss":0},{"damage_healed":0,"gold_gain":99,"player_choice":"Stole From Cult","damage_taken":0,"max_hp_gain":0,"max_hp_loss":0,"event_name":"Nest","floor":21,"gold_loss":0}],"is_beta":false,"boss_relics":[{"not_picked":["Cursed Key","SacredBark"],"picked":"Astrolabe"}],"items_purged_floors":[4],"is_endless":false,"potions_floor_spawned":[1,5,6,16,18,23],"killed_by":"3 Cultists","ascension_level":12}}