{"host":"9u9ci7gr6x9ja244","time":1610699573,"event":{"mods":["BaseMod","Downfall","Minty Spire (QoL Compilation)","StSLib"],"gold_per_floor":[99,114,127,302,161,161,161,178,178,190,190,207,207,217,230,230,230,230],"floor_reached":16,"language":"ZHS","playtime":564,"items_purged":["Doubt"],"score":94,"play_id":"fa1acf69-df67-4cd0-94eb-f7f461e38f49","local_time":"20210115163253","is_ascension_mode":false,"campfire_choices":[{"data":"expansioncontent:HyperBeam","floor":1,"key":"SMITH"},{"floor":6,"key":"RECALL"},{"data":"Slimebound:RainOfGoop","floor":9,"key":"SMITH"},{"data":"Slimebound:SamplingLick","floor":11,"key":"SMITH"},{"data":"Slimebound:ProtectTheBoss","floor":13,"key":"SMITH"}],"circlet_count":0,"master_deck":["Slimebound:Strike_Slimebound","Slimebound:Strike_Slimebound","Slimebound:Strike_Slimebound","Slimebound:Tackle","Slimebound:Defend_Slimebound","Slimebound:Defend_Slimebound","Slimebound:Defend_Slimebound","Slimebound:Defend_Slimebound","Slimebound:Split","Slimebound:CorrosiveSpit","expansioncontent:HyperBeam+1","Slimebound:ProtectTheBoss+1","Slimebound:Gluttony","Slimebound:OneTwoCombo","Slimebound:SamplingLick+1","Slimebound:RainOfGoop+1","Slimebound:RollThrough","Slimebound:SplitAcid","Slimebound:SplitMire"],"relics":["Slimebound:AbsorbEndCombat","Matryoshka"],"acts_visited":["Exordium"],"potions_floor_usage":[],"damage_taken":[{"damage":10,"enemies":"Cultist","floor":2,"turns":3},{"damage":5,"enemies":"Jaw Worm","floor":3,"turns":4},{"damage":17,"enemies":"downfall:FleeingMerchant","floor":5,"turns":4},{"damage":4,"enemies":"2 Louse","floor":8,"turns":2},{"damage":11,"enemies":"Blue Slaver","floor":10,"turns":3},{"damage":12,"enemies":"2 Fungi Beasts","floor":12,"turns":2},{"damage":17,"enemies":"3 Louse","floor":14,"turns":2},{"damage":19,"enemies":"Large Slime","floor":15,"turns":3},{"damage":40,"enemies":"downfall:Silent","floor":16,"turns":4}],"seed_played":"-8538675164264740399","potions_obtained":[{"floor":2,"key":"Dexterity Potion"},{"floor":14,"key":"Dexterity Potion"}],"is_trial":false,"path_per_floor":["R","M","M","?","$","R","T","M","R","M","R","M","R","M","M","B"],"character_chosen":"SLIMEBOUND","items_purchased":["Slimebound:SamplingLick"],"campfire_rested":0,"item_purchase_floors":[5],"current_hp_per_floor":[60,54,59,59,55,55,55,53,53,50,50,42,42,35,32,0,0,0],"gold":230,"neow_bonus":"RANDOM_COLORLESS","is_daily":false,"chose_seed":false,"campfire_upgraded":4,"win_rate":0.0,"timestamp":1610699573,"path_taken":["R","M","?","?","$","R","T","M","R","M","R","M","R","M","M","BOSS"],"items_purchased_type":["Card"],"build_version":"2020-12-22","purchased_purges":1,"victory":false,"max_hp_per_floor":[60,60,60,60,60,60,60,60,60,60,60,60,60,60,60,60,60,60],"card_choices":[{"not_picked":["Dramatic Entrance","expansioncontent:LastStand"],"picked":"expansioncontent:HyperBeam","floor":0},{"not_picked":["Slimebound:SamplingLick","Slimebound:LeechingTouch"],"picked":"Slimebound:ProtectTheBoss","floor":2},{"not_picked":["Slimebound:DisruptingSlam","Slimebound:GoopTackle"],"picked":"Slimebound:Gluttony","floor":3},{"not_picked":["Slimebound:BestDefense","Slimebound:LeechEnergy"],"picked":"Slimebound:OneTwoCombo","floor":5},{"not_picked":["Slimebound:ServeAndProtect","Slimebound:MegaLick"],"picked":"Slimebound:RainOfGoop","floor":8},{"not_picked":["Slimebound:Nibble","Slimebound:Schlurp"],"picked":"Slimebound:RollThrough","floor":10},{"not_picked":["Slimebound:LivingWall","Slimebound:PressTheAttack"],"picked":"Slimebound:SplitAcid","floor":12},{"not_picked":["Slimebound:GoopSpray","Slimebound:PressTheAttack","Slimebound:FormOfPuddle"],"picked":"SKIP","floor":14},{"not_picked":["Slimebound:SplitLeeching","Slimebound:DisruptingSlam"],"picked":"Slimebound:SplitMire","floor":15}],"player_experience":244705,"relics_obtained":[{"floor":7,"key":"Matryoshka"}],"event_choices":[],"is_beta":false,"boss_relics":[],"items_purged_floors":[5],"is_endless":false,"potions_floor_spawned":[2,14],"killed_by":"downfall:Silent","ascension_level":0}}