{"host":"1c52r9kaxdyo25eq","time":1610738228,"event":{"mods":["AchievementEnabler","BaseMod","Minty Spire (QoL Compilation)","Rare Cards Sparkle","SuperFastMode","everything is the same but u backflip on backflip"],"gold_per_floor":[113,188,188,201,201,201,236,236,236,256,256,270,289,289,289,289,289],"floor_reached":16,"language":"KOR","playtime":309,"items_purged":[],"score":196,"play_id":"85f35521-6983-4c6d-9b14-35969be39f89","local_time":"20210116041708","is_ascension_mode":true,"campfire_choices":[{"data":"Bouncing Flask","floor":6,"key":"SMITH"},{"floor":8,"key":"REST"},{"floor":11,"key":"REST"},{"floor":15,"key":"REST"}],"circlet_count":0,"master_deck":["AscendersBane","Strike_G","Strike_G","Strike_G","Strike_G","Defend_G","Defend_G","Defend_G","Defend_G","Survivor","Neutralize","Bouncing Flask+1","Outmaneuver","Finisher","Leg Sweep+1","Setup+1","Tactician+1"],"relics":["Ring of the Snake","FossilizedHelix","Toxic Egg 2","Odd Mushroom","Golden Idol"],"acts_visited":["Exordium"],"potions_floor_usage":[7,10],"damage_taken":[{"damage":0,"enemies":"2 Louse","floor":1,"turns":3},{"damage":4,"enemies":"Jaw Worm","floor":4,"turns":5},{"damage":35,"enemies":"3 Sentries","floor":7,"turns":8},{"damage":20,"enemies":"The Mushroom Lair","floor":10,"turns":5},{"damage":0,"enemies":"Small Slimes","floor":12,"turns":2},{"damage":0,"enemies":"2 Fungi Beasts","floor":13,"turns":3},{"damage":46,"enemies":"Hexaghost","floor":16,"turns":10}],"seed_played":"-7957068020568732809","potions_obtained":[{"floor":1,"key":"Weak Potion"},{"floor":4,"key":"LiquidMemories"}],"is_trial":false,"path_per_floor":["M","?","?","M","?","R","E","R","T","?","R","M","M","?","R","B"],"character_chosen":"THE_SILENT","items_purchased":[],"campfire_rested":3,"item_purchase_floors":[],"current_hp_per_floor":[59,48,48,44,44,44,9,28,28,8,27,27,27,27,45,0,0],"gold":289,"neow_bonus":"REMOVE_CARD","is_daily":false,"chose_seed":false,"campfire_upgraded":1,"win_rate":0.0,"timestamp":1610738228,"path_taken":["M","?","?","M","?","R","E","R","T","?","R","M","M","?","R","BOSS"],"items_purchased_type":[],"build_version":"2020-12-22","purchased_purges":0,"victory":false,"max_hp_per_floor":[66,66,66,66,66,66,66,66,66,66,66,66,66,60,60,60,60],"card_choices":[{"not_picked":["Finisher","Dagger Throw"],"picked":"Bouncing Flask","floor":1},{"not_picked":["Distraction","Poisoned Stab"],"picked":"Outmaneuver","floor":4},{"not_picked":["Poisoned Stab","Cloak And Dagger","Bouncing Flask"],"picked":"SKIP","floor":7},{"not_picked":["Outmaneuver+1","Flying Knee"],"picked":"Leg Sweep+1","floor":10},{"not_picked":["Footwork","Bane"],"picked":"Setup+1","floor":12},{"not_picked":["Dagger Throw","Leg Sweep+1"],"picked":"Tactician+1","floor":13}],"player_experience":588813,"relics_obtained":[{"floor":7,"key":"FossilizedHelix"},{"floor":9,"key":"Toxic Egg 2"},{"floor":10,"key":"Odd Mushroom"}],"event_choices":[{"damage_healed":0,"gold_gain":75,"player_choice":"Gather Gold","damage_taken":11,"max_hp_gain":0,"max_hp_loss":0,"event_name":"World of Goop","floor":2,"gold_loss":0},{"damage_healed":0,"gold_gain":0,"player_choice":"Ignored","damage_taken":0,"max_hp_gain":0,"max_hp_loss":0,"event_name":"Liars Game","floor":3,"gold_loss":0},{"damage_healed":0,"gold_gain":0,"cards_transformed":["Strike_G"],"player_choice":"Change","damage_taken":0,"max_hp_gain":0,"max_hp_loss":0,"event_name":"Living Wall","floor":5,"gold_loss":0,"cards_obtained":["Finisher"]},{"damage_healed":0,"gold_gain":0,"player_choice":"Fought Mushrooms","damage_taken":0,"max_hp_gain":0,"max_hp_loss":0,"event_name":"Mushrooms","floor":10,"gold_loss":0},{"damage_healed":0,"gold_gain":0,"player_choice":"Lose Max HP","damage_taken":0,"relics_obtained":["Golden Idol"],"max_hp_gain":0,"max_hp_loss":6,"event_name":"Golden Idol","floor":14,"gold_loss":0}],"is_beta":false,"boss_relics":[],"items_purged_floors":[],"is_endless":false,"potions_floor_spawned":[1,4],"killed_by":"Hexaghost","ascension_level":20}}