{"host":"6he3f0ic6yesrium","time":1610685071,"event":{"mods":["BaseMod","Better Altar","Better Match","Better Note","Better Sensory Stone","Better Skull","Better Third Choice","Colored Map","Conspire","Hubris","Marisa????????","Minty Spire (QoL Compilation)","Replay The Spire","Shade Mod","StSLib","The Alterego","The Mystic","The Necromancer","The Runesmith"],"gold_per_floor":[18,32,51,51,51,51,66,84,84,99,131,144,144,95,95,198,198,210,210,210,150,150,179,189,43,90,90,90,90,90,104,104,104,104],"floor_reached":33,"language":"ENG","playtime":1381,"items_purged":[],"score":340,"play_id":"69b29713-7908-481c-abf9-2c05219b2386","local_time":"20210114233111","is_ascension_mode":false,"campfire_choices":[{"data":"Runesmith:CraftMagma","floor":6,"key":"SMITH"},{"floor":15,"key":"REST"},{"floor":28,"key":"REST"},{"floor":30,"key":"REST"},{"floor":32,"key":"REST"}],"circlet_count":0,"master_deck":["conspire:GhostlyStrike","conspire:GhostlyStrike+1","conspire:GhostlyStrike","conspire:GhostlyDefend","conspire:GhostlyDefend","conspire:GhostlyDefend","Runesmith:CraftFirestone+1","Runesmith:Fortify","Runesmith:CraftMagma+1","Runesmith:Firewall","Runesmith:CraftMagma","Runesmith:CraftIncendium","Runesmith:Firewall","Runesmith:LightningRod","Runesmith:RuneHurl","Parasite"],"relics":["Runesmith:BrokenRuby","Replay:Wax Seal","Mummified Hand","hubris:Stopwatch","Nilry\u0027s Codex","conspire:TopHat","ReplayTheSpireMod:CursedCoin","Strawberry","Vajra","ReplayFunnel","hubris:Towel","Blood Vial"],"acts_visited":["Exordium","TheCity"],"potions_floor_usage":[11,11,16,23,24,24],"damage_taken":[{"damage":0,"enemies":"Small Slimes","floor":1,"turns":3},{"damage":0,"enemies":"Jaw Worm","floor":2,"turns":5},{"damage":0,"enemies":"2 Louse","floor":3,"turns":4},{"damage":6,"enemies":"Exordium Wildlife","floor":7,"turns":5},{"damage":11,"enemies":"Lots of Slimes","floor":8,"turns":4},{"damage":0,"enemies":"Looter","floor":10,"turns":4},{"damage":0,"enemies":"Replay:BlueRogue","floor":11,"turns":5},{"damage":0,"enemies":"2 Fungi Beasts","floor":12,"turns":3},{"damage":0,"enemies":"Hexaghost","floor":16,"turns":9},{"damage":7,"enemies":"Shell Parasite","floor":18,"turns":8},{"damage":9,"enemies":"2 Thieves","floor":21,"turns":4},{"damage":37,"enemies":"Slavers","floor":23,"turns":6},{"damage":0,"enemies":"Chosen and Byrds","floor":24,"turns":6},{"damage":20,"enemies":"Shelled Parasite and Fungi","floor":31,"turns":7},{"damage":45,"enemies":"Collector","floor":33,"turns":6}],"seed_played":"-7240757592762767076","potions_obtained":[{"floor":2,"key":"Reflective Coating"},{"floor":8,"key":"Fire Potion"},{"floor":10,"key":"Dexterity Potion"},{"floor":12,"key":"Reflective Coating"},{"floor":18,"key":"LifebloodPotion"}],"is_trial":false,"path_per_floor":["M","M","M","?","?","R","M","M","T","M","E","M","?","$","R","B",null,"M","?","?","M","?","E","M","$","T","?","R","?","R","M","R","B"],"character_chosen":"RUNESMITH_CLASS","items_purchased":["PowerPotion","ReplayTheSpireMod:CursedCoin","Strawberry","Vajra"],"campfire_rested":4,"item_purchase_floors":[14,25,25,25],"current_hp_per_floor":[70,70,70,56,56,56,50,39,39,39,39,39,27,27,48,48,70,63,63,63,54,38,1,1,8,8,8,31,11,34,16,39,0,0],"gold":104,"neow_bonus":"REMOVE_TWO","is_daily":false,"chose_seed":false,"campfire_upgraded":1,"win_rate":0.0,"timestamp":1610685071,"path_taken":["M","M","M","?","?","R","M","M","T","M","E","?","?","$","R","BOSS","M","?","?","M","?","E","M","$","T","?","R","?","R","M","R","BOSS"],"items_purchased_type":["Potion","Relic","Relic","Relic"],"build_version":"2020-12-22","purchased_purges":0,"victory":false,"max_hp_per_floor":[70,70,70,70,70,70,70,70,70,70,70,70,70,70,70,70,70,70,70,70,70,70,70,70,77,77,77,77,77,77,77,77,77,77],"card_choices":[{"not_picked":["Runesmith:MakeshiftArmor","Runesmith:HammerThrow"],"picked":"Runesmith:CraftMagma","floor":1},{"not_picked":["Runesmith:HammerThrow","Runesmith:CraftSpiculum","Runesmith:ElementalConversion"],"picked":"SKIP","floor":2},{"not_picked":["Runesmith:CraftReservo","Runesmith:HammerThrow"],"picked":"Runesmith:Firewall","floor":3},{"not_picked":["Runesmith:Accelerate","Runesmith:Grindstone","Runesmith:ChaoticBlast"],"picked":"SKIP","floor":7},{"not_picked":["Runesmith:UnstableHammer","Runesmith:Malloc"],"picked":"Runesmith:CraftMagma","floor":8},{"not_picked":["Runesmith:CraftProtectio","Runesmith:Overpower"],"picked":"Runesmith:CraftIncendium","floor":10},{"not_picked":["Runesmith:PerfectChisel","Runesmith:DuctTape","Runesmith:StaticCage"],"picked":"SKIP","floor":11},{"not_picked":["Runesmith:HammerTime","Runesmith:Retool"],"picked":"Runesmith:Firewall","floor":12},{"not_picked":["Runesmith:Duplicate","Runesmith:CraftMedicinae"],"picked":"Runesmith:LightningRod","floor":16},{"not_picked":["Runesmith:CraftSpiculum","Runesmith:EnergizedChisel","Runesmith:HammerAndChisel"],"picked":"SKIP","floor":18},{"not_picked":["Runesmith:OneForEveryone+1","Runesmith:Grindstone+1"],"picked":"Runesmith:RuneHurl","floor":21},{"not_picked":["Runesmith:ShiftingStrike","Runesmith:WhiteBalance+1","Runesmith:HammerThrow"],"picked":"SKIP","floor":23},{"not_picked":["Runesmith:StaticCage","Runesmith:EnergizedChisel","Runesmith:LithiumIon"],"picked":"SKIP","floor":24},{"not_picked":["Runesmith:Empowerment","Runesmith:Overpower+1","Runesmith:CraftReservo"],"picked":"SKIP","floor":31}],"player_experience":313433,"relics_obtained":[{"floor":9,"key":"Replay:Wax Seal"},{"floor":11,"key":"Mummified Hand"},{"floor":22,"key":"Nilry\u0027s Codex"},{"floor":23,"key":"conspire:TopHat"},{"floor":26,"key":"ReplayFunnel"}],"event_choices":[{"damage_healed":70,"gold_gain":0,"player_choice":"Upgrade","damage_taken":14,"max_hp_gain":0,"max_hp_loss":70,"event_name":"betterThird:BetterShining","floor":4,"gold_loss":0,"cards_upgraded":["Runesmith:CraftFirestone","Runesmith:Strike_RS"]},{"damage_healed":0,"gold_gain":0,"player_choice":"Agree","damage_taken":0,"max_hp_gain":0,"max_hp_loss":0,"event_name":"conspire:LoneGhost","floor":5,"gold_loss":0},{"damage_healed":0,"gold_gain":1,"player_choice":"LEAVE","damage_taken":12,"max_hp_gain":0,"max_hp_loss":0,"event_name":"betterThird:BetterScrap","floor":13,"gold_loss":0,"cards_obtained":["hubris:Sniper"]},{"cards_removed":["Runesmith:CraftFirestone"],"damage_healed":0,"gold_gain":0,"player_choice":"Give","damage_taken":0,"max_hp_gain":0,"max_hp_loss":0,"event_name":"betterNote:BetterNote","floor":19,"gold_loss":0,"cards_obtained":["Runesmith:Strike_RS"]},{"damage_healed":0,"gold_gain":0,"player_choice":"Leave","damage_taken":0,"max_hp_gain":0,"max_hp_loss":0,"event_name":"conspire:Investor","floor":20,"gold_loss":0},{"damage_healed":0,"gold_gain":0,"player_choice":"Obtained Book","damage_taken":16,"max_hp_gain":0,"max_hp_loss":0,"event_name":"Cursed Tome","floor":22,"gold_loss":0},{"damage_healed":0,"gold_gain":0,"player_choice":" Vial ","damage_taken":20,"relics_obtained":["Blood Vial"],"max_hp_gain":31,"max_hp_loss":11,"event_name":"betterAltar:BetterAltar","floor":29,"potions_obtained":[],"relics_lost":[],"gold_loss":0}],"is_beta":false,"boss_relics":[{"not_picked":["hubris:VirtuousBlindfold","Replay:Drink Me"],"picked":"hubris:Stopwatch"}],"items_purged_floors":[],"is_endless":false,"potions_floor_spawned":[2,8,10,12,18],"killed_by":"Collector","ascension_level":0}}