{"host":"8gp6t7ud4bifk0zs","time":1610712863,"event":{"mods":["AchievementEnabler","BaseMod","Minty Spire (QoL Compilation)","StSLib","everything is the same but u backflip on backflip"],"gold_per_floor":[117,135,146,163,113,113,146,146,173,204,204,224,68,85,85,180,180,199,216,216,230,230,255,88,88,112,12,42,42,42,58,58,155,155,171,181,181,181,191,216,216,40,67,167,167,177,27,27,27,27],"floor_reached":51,"language":"KOR","playtime":2301,"items_purged":["Strike_P","Strike_P","Defend_P","Defend_P"],"score":920,"play_id":"51fdd877-e90c-412d-8c18-1c365c73443b","local_time":"20210115211423","is_ascension_mode":true,"campfire_choices":[{"floor":6.0,"key":"REST"},{"floor":8.0,"key":"REST"},{"floor":15.0,"key":"REST"},{"floor":25.0,"key":"REST"},{"floor":29.0,"key":"REST"},{"floor":32.0,"key":"REST"},{"floor":45,"key":"REST"},{"floor":49,"key":"REST"}],"circlet_count":0,"master_deck":["Strike_P","Defend_P","Eruption","Vigilance","Protect+1","Halt+1","Crescendo+1","Study+1","SashWhip+1","WindmillStrike+1","Tantrum+1","EmptyMind+1","EmptyFist+1","Establishment+1","Adaptation+1","ForeignInfluence+1","Scrawl+1","SandsOfTime+1","Blasphemy+1","Vault+1"],"relics":["PureWater","Molten Egg 2","Frozen Egg 2","Toxic Egg 2","Fusion Hammer","Strawberry","Nunchaku","Anchor","Black Star","Damaru","Letter Opener","Lizard Tail","Bronze Scales","Bird Faced Urn","Dream Catcher","SacredBark","Potion Belt","Bottled Flame","Juzu Bracelet"],"acts_visited":["Exordium","TheCity","TheBeyond"],"potions_floor_usage":[48,50],"damage_taken":[{"damage":4.0,"enemies":"Jaw Worm","floor":1.0,"turns":2.0},{"damage":4.0,"enemies":"Small Slimes","floor":2.0,"turns":3.0},{"damage":0.0,"enemies":"2 Louse","floor":3.0,"turns":3.0},{"damage":0.0,"enemies":"2 Fungi Beasts","floor":4.0,"turns":2.0},{"damage":21.0,"enemies":"Gremlin Nob","floor":7.0,"turns":4.0},{"damage":8.0,"enemies":"Lagavulin","floor":10.0,"turns":6.0},{"damage":0.0,"enemies":"Exordium Wildlife","floor":12.0,"turns":3.0},{"damage":0.0,"enemies":"Blue Slaver","floor":14.0,"turns":2.0},{"damage":9.0,"enemies":"The Guardian","floor":16.0,"turns":6.0},{"damage":9.0,"enemies":"Chosen","floor":18.0,"turns":4.0},{"damage":0.0,"enemies":"Shell Parasite","floor":19.0,"turns":4.0},{"damage":0.0,"enemies":"Chosen and Byrds","floor":21.0,"turns":3.0},{"damage":29.0,"enemies":"Book of Stabbing","floor":23.0,"turns":5.0},{"damage":31.0,"enemies":"Slavers","floor":28.0,"turns":3.0},{"damage":0.0,"enemies":"Snecko","floor":31.0,"turns":2.0},{"damage":1,"enemies":"Champ","floor":33,"turns":6},{"damage":4,"enemies":"Orb Walker","floor":35,"turns":3},{"damage":11,"enemies":"3 Darklings","floor":36,"turns":3},{"damage":21,"enemies":"Maw","floor":39,"turns":6},{"damage":7,"enemies":"Giant Head","floor":40,"turns":6},{"damage":23,"enemies":"Jaw Worm Horde","floor":46,"turns":3},{"damage":0,"enemies":"4 Shapes","floor":48,"turns":1},{"damage":64,"enemies":"Awakened One","floor":50,"turns":7}],"seed_played":"-4794542821526122296","potions_obtained":[{"floor":4.0,"key":"SteroidPotion"},{"floor":7.0,"key":"EssenceOfSteel"},{"floor":10.0,"key":"GamblersBrew"},{"floor":12.0,"key":"BlessingOfTheForge"},{"floor":16.0,"key":"SmokeBomb"},{"floor":21.0,"key":"PowerPotion"},{"floor":23.0,"key":"BottledMiracle"},{"floor":33,"key":"Dexterity Potion"},{"floor":46,"key":"SpeedPotion"}],"is_trial":true,"path_per_floor":["M","M","M","M","?","R","E","R","T","E","?","M","$","M","R","B",null,"M","M","?","M","?","E","$","R","T","$","E","R","$","M","R","B",null,"M","M","?","?","M","E","?","$","T","?","R","M","$","M","R","B",null],"character_chosen":"WATCHER","items_purchased":["EmptyMind+1","SandsOfTime+1","Fruit Juice","SteroidPotion"],"campfire_rested":8,"item_purchase_floors":[13,24,24,42],"current_hp_per_floor":[68,64,64,64,64,72,58,79,79,71,71,71,71,71,79,70,79,70,70,70,70,70,41,46,71,71,71,40,65,65,69,84,84,84,80,73,73,73,58,57,57,57,57,57,82,61,61,61,84,24],"gold":27,"neow_bonus":"","is_daily":false,"chose_seed":false,"campfire_upgraded":0,"win_rate":0.0,"timestamp":1610712863,"path_taken":["M","M","M","M","?","R","E","R","T","E","?","M","$","M","R","BOSS","M","M","?","M","?","E","?","R","T","$","E","R","?","M","R","BOSS","M","M","?","?","M","E","?","$","T","?","R","M","$","M","R","BOSS"],"items_purchased_type":["Card","Card","Potion","Potion"],"build_version":"2020-12-22","purchased_purges":4,"victory":true,"max_hp_per_floor":[72,72,72,72,72,72,79,79,79,79,79,79,79,79,79,79,79,79,79,79,79,79,79,84,84,84,84,84,84,84,84,84,84,84,84,84,84,84,84,84,84,84,84,84,84,84,84,84,84,84],"card_choices":[{"not_picked":["BowlingBash+1","InnerPeace+1"],"picked":"Protect+1","floor":1.0},{"not_picked":["Prostrate+1","FlurryOfBlows+1"],"picked":"Halt+1","floor":2.0},{"not_picked":["ClearTheMind+1","LessonLearned+1"],"picked":"Crescendo+1","floor":3.0},{"not_picked":["Crescendo+1","ThirdEye+1"],"picked":"Study+1","floor":4.0},{"not_picked":["DeceiveReality+1","BattleHymn+1"],"picked":"SashWhip+1","floor":7.0},{"not_picked":["Study+1","Consecrate+1"],"picked":"WindmillStrike+1","floor":10.0},{"not_picked":["Indignation+1","CarveReality+1"],"picked":"Tantrum+1","floor":12.0},{"not_picked":["FlurryOfBlows+1","WindmillStrike+1"],"picked":"EmptyFist+1","floor":14.0},{"not_picked":["SpiritShield+1","LessonLearned+1"],"picked":"Establishment+1","floor":16.0},{"not_picked":["JustLucky+1","Evaluate+1"],"picked":"Adaptation+1","floor":18.0},{"not_picked":["BowlingBash+1","FlyingSleeves+1","Sanctity+1"],"picked":"SKIP","floor":19.0},{"not_picked":["ClearTheMind+1","Prostrate+1"],"picked":"ForeignInfluence+1","floor":21.0},{"not_picked":["Conclude+1","FlurryOfBlows+1"],"picked":"Scrawl+1","floor":23.0},{"not_picked":["Halt+1","PathToVictory+1","ThirdEye+1"],"picked":"SKIP","floor":28.0},{"not_picked":["PathToVictory+1","ClearTheMind+1","SignatureMove+1"],"picked":"SKIP","floor":31.0},{"not_picked":["Consecrate+1","FollowUp+1"],"picked":"Blasphemy+1","floor":32.0},{"not_picked":["MasterReality+1","Brilliance+1"],"picked":"Vault+1","floor":33},{"not_picked":["FollowUp+1","CrushJoints+1","EmptyFist+1"],"picked":"SKIP","floor":35},{"not_picked":["ClearTheMind+1","BowlingBash+1","FlurryOfBlows+1"],"picked":"SKIP","floor":36},{"not_picked":["Indignation+1","WaveOfTheHand+1","EmptyFist+1"],"picked":"SKIP","floor":39},{"not_picked":["Study+1","Perseverance+1","WheelKick+1"],"picked":"SKIP","floor":40},{"not_picked":["EmptyFist+1","Worship+1","Conclude+1"],"picked":"SKIP","floor":46}],"player_experience":221741,"relics_obtained":[{"floor":7.0,"key":"Strawberry"},{"floor":9.0,"key":"Nunchaku"},{"floor":10.0,"key":"Anchor"},{"floor":23.0,"key":"Letter Opener"},{"floor":23.0,"key":"Lizard Tail"},{"floor":26.0,"key":"Bronze Scales"},{"floor":28.0,"key":"Bird Faced Urn"},{"floor":28.0,"key":"Dream Catcher"},{"floor":40,"key":"Potion Belt"},{"floor":40,"key":"Bottled Flame"},{"floor":43,"key":"Juzu Bracelet"}],"event_choices":[{"cards_removed":["Defend_P"],"damage_healed":0.0,"max_hp_gain":0.0,"max_hp_loss":0.0,"gold_gain":0.0,"event_name":"The Cleric","player_choice":"Card Removal","floor":5.0,"gold_loss":50.0,"damage_taken":0.0},{"damage_healed":0.0,"max_hp_gain":0.0,"max_hp_loss":0.0,"gold_gain":0.0,"event_name":"Shining Light","player_choice":"Ignored","floor":11.0,"gold_loss":0.0,"damage_taken":0.0},{"damage_healed":0.0,"max_hp_gain":0.0,"max_hp_loss":0.0,"gold_gain":0.0,"event_name":"Ghosts","player_choice":"Ignored","floor":20.0,"gold_loss":0.0,"damage_taken":0.0},{"damage_healed":0.0,"max_hp_gain":0.0,"max_hp_loss":0.0,"gold_gain":0.0,"event_name":"The Mausoleum","player_choice":"Opened","floor":22.0,"gold_loss":0.0,"damage_taken":0.0,"relics_obtained":["Damaru"]},{"damage_healed":0,"gold_gain":0,"player_choice":"Memory 1","damage_taken":0,"max_hp_gain":0,"max_hp_loss":0,"event_name":"SensoryStone","floor":37,"gold_loss":0},{"damage_healed":0,"gold_gain":0,"player_choice":"Ignored","damage_taken":0,"max_hp_gain":0,"max_hp_loss":0,"event_name":"Tomb of Lord Red Mask","floor":38,"gold_loss":0},{"cards_removed":["Strike_P"],"damage_healed":0,"gold_gain":0,"player_choice":"Removed Attack","damage_taken":0,"max_hp_gain":0,"max_hp_loss":0,"event_name":"Falling","floor":41,"gold_loss":0},{"damage_healed":0,"gold_gain":100,"player_choice":"Pray","damage_taken":0,"max_hp_gain":0,"max_hp_loss":0,"event_name":"Golden Shrine","floor":44,"gold_loss":0}],"is_beta":false,"boss_relics":[{"not_picked":["Coffee Dripper","Busted Crown"],"picked":"Black Star"},{"not_picked":["VioletLotus","Velvet Choker"],"picked":"SacredBark"}],"items_purged_floors":[13,27,42,47],"is_endless":false,"potions_floor_spawned":[4,7,10,12,16,21,23,33,35,46,48],"ascension_level":2}}