{"host":"g2yp6paluzgljz05","time":1610671012,"event":{"mods":["BaseMod","Bestiary","Colored Powertips","DeckTracker","Highlight Path","Minty Spire (QoL Compilation)","Quick Restart"],"gold_per_floor":[109,109,109,126,145,180,180,190,190,42,42,62,62,72,72,167,167,185,195,45,45,45,70,70,95,95,95,128,128,145,173,173,173,173],"floor_reached":33,"language":"ENG","playtime":1609,"items_purged":[],"score":448,"play_id":"25dc5c25-997c-45ae-8aa7-02e2df47a745","local_time":"20210115113652","is_ascension_mode":true,"campfire_choices":[{"data":"Heavy Blade","floor":11,"key":"SMITH"},{"data":"Perfected Strike","floor":13,"key":"SMITH"},{"floor":15,"key":"REST"},{"data":"Demon Form","floor":24,"key":"SMITH"},{"floor":27,"key":"REST"},{"data":"Perfected Strike","floor":29,"key":"SMITH"},{"floor":32,"key":"REST"}],"circlet_count":0,"master_deck":["Strike_R+1","Strike_R","Strike_R","Strike_R","Strike_R+1","Defend_R","Defend_R","Defend_R","Defend_R","Bash","Pummel","Headbutt","Cleave","Wild Strike","Heavy Blade+1","Perfected Strike+1","Pommel Strike","Demon Form+1","Corruption","Shame","Perfected Strike+1","Pummel+1"],"relics":["Burning Blood","NeowsBlessing","Bronze Scales","Oddly Smooth Stone","Brimstone","Snecko Eye","Eternal Feather","Gambling Chip","White Beast Statue","StoneCalendar","Matryoshka","Pantograph"],"acts_visited":["Exordium","TheCity"],"potions_floor_usage":[23,23,28,30,33,33,33],"damage_taken":[{"damage":0,"enemies":"Cultist","floor":1,"turns":1},{"damage":0,"enemies":"Jaw Worm","floor":4,"turns":1},{"damage":0,"enemies":"2 Louse","floor":5,"turns":1},{"damage":32,"enemies":"Gremlin Nob","floor":6,"turns":4},{"damage":15,"enemies":"Exordium Wildlife","floor":8,"turns":2},{"damage":7,"enemies":"Lots of Slimes","floor":12,"turns":2},{"damage":10,"enemies":"Large Slime","floor":14,"turns":3},{"damage":0,"enemies":"Slime Boss","floor":16,"turns":6},{"damage":8,"enemies":"Chosen","floor":18,"turns":2},{"damage":12,"enemies":"3 Byrds","floor":19,"turns":3},{"damage":54,"enemies":"Book of Stabbing","floor":23,"turns":3},{"damage":31,"enemies":"Slavers","floor":25,"turns":3},{"damage":31,"enemies":"Book of Stabbing","floor":28,"turns":3},{"damage":17,"enemies":"Snake Plant","floor":30,"turns":3},{"damage":22,"enemies":"Gremlin Leader","floor":31,"turns":3},{"damage":88,"enemies":"Champ","floor":33,"turns":5}],"seed_played":"2430421442066122209","potions_obtained":[{"floor":4,"key":"Weak Potion"},{"floor":6,"key":"Regen Potion"},{"floor":14,"key":"ColorlessPotion"},{"floor":19,"key":"BloodPotion"},{"floor":23,"key":"AttackPotion"},{"floor":25,"key":"Ancient Potion"},{"floor":28,"key":"LiquidBronze"},{"floor":30,"key":"ColorlessPotion"},{"floor":31,"key":"Block Potion"}],"is_trial":false,"path_per_floor":["M","?","?","M","M","E","?","M","T","$","R","M","R","M","R","B",null,"M","M","$","?","$","E","R","E","T","R","E","R","M","E","R","B"],"character_chosen":"IRONCLAD","items_purchased":["Brimstone","Corruption"],"campfire_rested":3,"item_purchase_floors":[10,20],"current_hp_per_floor":[80,64,64,70,76,50,50,41,41,41,41,40,40,36,60,66,80,78,72,72,72,72,40,52,27,27,63,38,50,39,23,59,0,0],"gold":173,"neow_bonus":"THREE_ENEMY_KILL","is_daily":false,"chose_seed":false,"campfire_upgraded":4,"win_rate":0.0,"timestamp":1610671012,"path_taken":["M","?","?","?","M","E","?","M","T","?","R","M","R","M","R","BOSS","M","?","$","?","$","E","R","E","T","R","E","R","M","E","R","BOSS"],"items_purchased_type":["Relic","Card"],"build_version":"2020-12-22","purchased_purges":0,"victory":false,"max_hp_per_floor":[80,80,80,80,80,80,80,80,80,80,80,80,80,80,80,80,80,80,80,80,80,80,80,80,80,80,80,80,80,80,80,80,80,80],"card_choices":[{"not_picked":["Clothesline","Wild Strike"],"picked":"Pummel","floor":1},{"not_picked":["Sword Boomerang","Iron Wave"],"picked":"Headbutt","floor":4},{"not_picked":["Fire Breathing","Whirlwind"],"picked":"Cleave","floor":5},{"not_picked":["Rupture","True Grit"],"picked":"Wild Strike","floor":6},{"not_picked":["Armaments","Reaper"],"picked":"Heavy Blade","floor":8},{"not_picked":["True Grit","Wild Strike"],"picked":"Perfected Strike","floor":12},{"not_picked":["Clothesline","Metallicize"],"picked":"Pommel Strike","floor":14},{"not_picked":["Bludgeon","Juggernaut"],"picked":"Demon Form","floor":16},{"not_picked":["Body Slam","Second Wind","True Grit"],"picked":"SKIP","floor":18},{"not_picked":["Second Wind","Anger","Wild Strike"],"picked":"SKIP","floor":19},{"not_picked":["Thunderclap","Clash+1"],"picked":"Perfected Strike","floor":23},{"not_picked":["Twin Strike+1","Dual Wield","Havoc"],"picked":"SKIP","floor":25},{"not_picked":["Clash","Reckless Charge","Barricade"],"picked":"SKIP","floor":28},{"not_picked":["True Grit+1","Body Slam+1","Sentinel+1"],"picked":"SKIP","floor":30},{"not_picked":["Clothesline","Reckless Charge"],"picked":"Pummel+1","floor":31}],"player_experience":190687,"relics_obtained":[{"floor":6,"key":"Bronze Scales"},{"floor":9,"key":"Oddly Smooth Stone"},{"floor":23,"key":"Gambling Chip"},{"floor":25,"key":"White Beast Statue"},{"floor":26,"key":"StoneCalendar"},{"floor":28,"key":"Matryoshka"},{"floor":31,"key":"Pantograph"}],"event_choices":[{"damage_healed":0,"gold_gain":0,"player_choice":"Entered Light","damage_taken":16,"max_hp_gain":0,"max_hp_loss":0,"event_name":"Shining Light","floor":2,"gold_loss":0,"cards_upgraded":["Strike_R","Strike_R"]},{"damage_healed":0,"gold_gain":0,"player_choice":"Ignored","damage_taken":0,"max_hp_gain":0,"max_hp_loss":0,"event_name":"WeMeetAgain","floor":3,"gold_loss":0},{"damage_healed":0,"gold_gain":0,"player_choice":"Ignored","damage_taken":0,"max_hp_gain":0,"max_hp_loss":0,"event_name":"Liars Game","floor":7,"gold_loss":0},{"damage_healed":0,"gold_gain":0,"player_choice":"Stole Relic","damage_taken":0,"relics_obtained":["Eternal Feather"],"max_hp_gain":0,"max_hp_loss":0,"event_name":"Addict","floor":21,"gold_loss":0,"cards_obtained":["Shame"]}],"is_beta":false,"boss_relics":[{"not_picked":["Fusion Hammer","Tiny House"],"picked":"Snecko Eye"}],"items_purged_floors":[],"is_endless":false,"potions_floor_spawned":[4,6,14,19,23,25,28,30,31],"killed_by":"Champ","ascension_level":4}}