{"host":"wjw2tk2y2rycscg9","time":1610683628,"event":{"mods":["2.2 Compatiblity","Act Like it!","Aspiration","BaseMod","Colored Map","Dota2Spire","Downfall","Hallownest","Hubris","Infinite Spire","Marisa????????","Minty Spire (QoL Compilation)","Relic Stats","Replay The Spire","Shade Mod","StSLib","The Alterego","The Servant 0.9.4","Unceasing Turn Reminder"],"gold_per_floor":[118,118,128,128,128,128,144,144,144,169,182,182,182,200,200,295,295,313,313,63,63,63,82,82,82,129,140,165,176,186,238,238,336,336,346,346,360,214,234,234,284,301,301,301,311,335,335,353,353,358],"floor_reached":51,"language":"ENG","playtime":2660,"items_purged":[],"score":619,"play_id":"c100f83e-e858-4cec-b99f-720c8548236c","local_time":"20210114210708","is_ascension_mode":false,"campfire_choices":[{"data":"alterego_mod:BrynhildrsRune","floor":6,"key":"SMITH"},{"data":"alterego_mod:BigMeatyClaws","floor":8,"key":"SMITH"},{"data":"alterego_mod:Impale","floor":15,"key":"SMITH"},{"data":"alterego_mod:Nekomimi","floor":25,"key":"SMITH"},{"floor":32,"key":"REST"},{"floor":40,"key":"REST"},{"floor":47,"key":"REST"}],"circlet_count":0,"master_deck":["alterego_mod:Strike+1","alterego_mod:Strike+1","alterego_mod:Strike+1","alterego_mod:Strike","alterego_mod:Defend","alterego_mod:Defend","alterego_mod:Defend","alterego_mod:Defend","alterego_mod:Impale+1","alterego_mod:BigMeatyClaws+1","alterego_mod:BrynhildrsRune+1","alterego_mod:Mirror+1","alterego_mod:GoddessCore","alterego_mod:Valkyrie","alterego_mod:SakuraLabyrinth","alterego_mod:Nekomimi+1","alterego_mod:Collar+1","alterego_mod:BrynhildrRomantia","alterego_mod:Cushion","expansioncontent:FaceSlap","alterego_mod:Pet+1","alterego_mod:Mirror+1","alterego_mod:GoddessCore+1","alterego_mod:Belle+1","alterego_mod:Clones+1","alterego_mod:SakuraFive+1","alterego_mod:Pet"],"relics":["alterego_mod:MasochisticConstitution","Hallownest:DreamNailRelic","Calipers","Gremlin Food","hubris:Towel","SlaversCollar","Hallownest:WatcherSealRelic","Hallownest:UnbreakableCardRelic","Whetstone","Toy Ornithopter","Dota2Spire:ArcaneBoots","Honey Jar","Akabeko","Replay:Towering Pillar of Hats","hubris:SphereOfDissonance"],"acts_visited":["Exordium","Hallownest:Greenpath","TheBeyond"],"potions_floor_usage":[28,29,30,33,33,37,42,46,48],"damage_taken":[{"damage":10,"enemies":"Hallownest:monsterHuskWarrior","floor":1,"turns":6},{"damage":9,"enemies":"2_ Uuma","floor":3,"turns":8},{"damage":0,"enemies":"Hallownest:2_Baldur","floor":7,"turns":8},{"damage":15,"enemies":"Hallownest:eliteCrystalGuardian","floor":10,"turns":5},{"damage":2,"enemies":"Hallownest:monsterMossCharger","floor":11,"turns":4},{"damage":3,"enemies":"Hallownest:Wandering_and_Horned","floor":14,"turns":5},{"damage":57,"enemies":"Hallownest:BossFalseKnight","floor":16,"turns":9},{"damage":26,"enemies":"Hallownest:Guard_and_Sentry","floor":18,"turns":8},{"damage":0,"enemies":"Hallownest:3_Youths","floor":23,"turns":7},{"damage":52,"enemies":"Hallownest:2_Flukemon","floor":27,"turns":8},{"damage":11,"enemies":"Hallownest:Nosk","floor":28,"turns":7},{"damage":29,"enemies":"Hallownest:2_Husk_Sentries","floor":29,"turns":9},{"damage":26,"enemies":"Hallownest:monsterShrumalOgre","floor":30,"turns":7},{"damage":74,"enemies":"Hallownest:BossMantisLord","floor":33,"turns":8},{"damage":26,"enemies":"Orb Walker","floor":35,"turns":5},{"damage":39,"enemies":"3 Shapes","floor":37,"turns":7},{"damage":27,"enemies":"Maw","floor":39,"turns":9},{"damage":6,"enemies":"Mind Bloom Boss Battle","floor":41,"turns":7},{"damage":33,"enemies":"Transient","floor":42,"turns":5},{"damage":9,"enemies":"Sphere and 2 Shapes","floor":45,"turns":4},{"damage":31,"enemies":"4 Shapes","floor":46,"turns":7},{"damage":25,"enemies":"Spire Growth","floor":48,"turns":7},{"damage":51,"enemies":"Replay:Hell Engine","floor":50,"turns":6}],"seed_played":"-847060434965598462","potions_obtained":[{"floor":10,"key":"Swift Potion"},{"floor":16,"key":"Reflective Coating"},{"floor":18,"key":"SmokeBomb"},{"floor":28,"key":"Explosive Potion"},{"floor":30,"key":"Dota2Spire:HealingSalve"},{"floor":33,"key":"ColorlessPotion"},{"floor":37,"key":"hexamod:EctoCoolerPotion"},{"floor":45,"key":"Languid Potion"},{"floor":46,"key":"Fruit Juice"}],"is_trial":true,"path_per_floor":["M","?","M","$","?","R","M","R","T","E","M","?","?","M","R","B",null,"M","?","?","$","?","M","$","R","T","M","E","M","M","T","R","B",null,"M","?","M","$","M","R","?","M","T","?","M","M","R","M","R_BF","B",null],"character_chosen":"The_Alterego","items_purchased":["Akabeko"],"campfire_rested":3,"item_purchase_floors":[38],"current_hp_per_floor":[68,68,67,67,67,67,72,72,72,60,61,52,52,66,66,12,76,65,65,65,65,65,77,77,77,77,54,51,42,22,22,46,21,82,57,57,51,51,25,52,57,37,37,37,46,53,84,75,75,25],"gold":358,"neow_bonus":"","is_daily":false,"chose_seed":false,"campfire_upgraded":4,"win_rate":0.0,"timestamp":1610683628,"path_taken":["M","?","M","?","?","R","?","R","T","E","M","?","?","M","R","BOSS","M","?","?","$","?","M","?","R","T","M","E","M","?","?","R","BOSS","M","?","M","$","M","R","?","M","T","?","M","M","R","M","R_BF","BOSS"],"items_purchased_type":["Relic"],"build_version":"2020-12-22","purchased_purges":0,"victory":true,"max_hp_per_floor":[71,71,72,72,72,72,72,72,72,73,74,74,74,75,75,76,76,77,77,77,77,77,77,77,77,77,78,79,80,81,81,81,82,82,83,83,90,90,91,91,95,96,96,96,100,105,105,109,109,110],"relic_stats":{"counters":[23,156],"Whetstone":["alterego_mod:Strike","alterego_mod:Strike"],"obtain_stats":[{"Gremlin Food":10,"alterego_mod:MasochisticConstitution":0,"Calipers":9,"Replay:Towering Pillar of Hats":41,"Hallownest:UnbreakableCardRelic":20,"hubris:SphereOfDissonance":43,"Hallownest:DreamNailRelic":5,"Whetstone":26,"hubris:Towel":13,"Akabeko":38,"SlaversCollar":17,"Hallownest:WatcherSealRelic":19,"Honey Jar":34,"Dota2Spire:ArcaneBoots":31,"Toy Ornithopter":28},{"Gremlin Food":4,"alterego_mod:MasochisticConstitution":0,"Calipers":3,"Replay:Towering Pillar of Hats":18,"Hallownest:UnbreakableCardRelic":8,"hubris:SphereOfDissonance":19,"Hallownest:DreamNailRelic":2,"Whetstone":9,"hubris:Towel":5,"Akabeko":16,"SlaversCollar":7,"Hallownest:WatcherSealRelic":8,"Honey Jar":14,"Dota2Spire:ArcaneBoots":13,"Toy Ornithopter":11},{"Gremlin Food":27,"alterego_mod:MasochisticConstitution":0,"Calipers":22,"Replay:Towering Pillar of Hats":127,"Hallownest:UnbreakableCardRelic":53,"hubris:SphereOfDissonance":132,"Hallownest:DreamNailRelic":14,"Whetstone":60,"hubris:Towel":31,"Akabeko":111,"SlaversCollar":45,"Hallownest:WatcherSealRelic":53,"Honey Jar":99,"Dota2Spire:ArcaneBoots":91,"Toy Ornithopter":75}],"Toy Ornithopter":40},"card_choices":[{"not_picked":["alterego_mod:Jiggle","alterego_mod:DestructionOfProperty"],"picked":"alterego_mod:Mirror","floor":1},{"not_picked":["alterego_mod:Cooking","alterego_mod:Table","alterego_mod:Cycle"],"picked":"SKIP","floor":3},{"not_picked":["alterego_mod:PresenceConcealment","alterego_mod:TrashNCrash"],"picked":"alterego_mod:Birthday","floor":7},{"not_picked":["alterego_mod:PurpleHair","alterego_mod:BoobPocket","alterego_mod:DeftHands"],"picked":"SKIP","floor":10},{"not_picked":["alterego_mod:Cooking","alterego_mod:HighServant"],"picked":"alterego_mod:GoddessCore","floor":11},{"not_picked":["alterego_mod:Pet","alterego_mod:HighServant","alterego_mod:SideboobHour"],"picked":"SKIP","floor":14},{"not_picked":["alterego_mod:Alter","alterego_mod:GIGAMILK"],"picked":"alterego_mod:Valkyrie","floor":16},{"not_picked":["alterego_mod:DestructionOfProperty","alterego_mod:Skirt"],"picked":"alterego_mod:SakuraLabyrinth","floor":18},{"not_picked":["alterego_mod:Crossover","alterego_mod:Bloomers+1"],"picked":"alterego_mod:Nekomimi","floor":23},{"not_picked":["alterego_mod:Weigh","alterego_mod:TrashNCrash","alterego_mod:Maid"],"picked":"SKIP","floor":27},{"not_picked":["alterego_mod:BusterCard","alterego_mod:Lingerie+1","alterego_mod:SakuraPetals"],"picked":"SKIP","floor":28},{"not_picked":["alterego_mod:Bounce","alterego_mod:TrashNCrash","alterego_mod:Swimsuit"],"picked":"SKIP","floor":29},{"not_picked":["alterego_mod:DiscoLights","alterego_mod:Mirror"],"picked":"alterego_mod:Collar","floor":30},{"not_picked":["alterego_mod:Vow","alterego_mod:IdEs"],"picked":"alterego_mod:BrynhildrRomantia","floor":33},{"not_picked":["alterego_mod:Skirt+1","alterego_mod:DiscoLights","alterego_mod:DeftHands+1"],"picked":"alterego_mod:Cushion","floor":35},{"not_picked":["Violence","Purity","expansioncontent:AwakenDeath"],"picked":"expansioncontent:FaceSlap","floor":36},{"not_picked":["alterego_mod:Schoolgirl+1","alterego_mod:Rip+1","alterego_mod:Birthday"],"picked":"alterego_mod:Belle","floor":37},{"not_picked":["alterego_mod:TrashNCrash","alterego_mod:Jiggle+1","alterego_mod:Maid+1"],"picked":"alterego_mod:Pet","floor":39},{"not_picked":["alterego_mod:Jiggle","alterego_mod:RingBreak","alterego_mod:TrashNCrash+1"],"picked":"alterego_mod:Mirror+1","floor":41},{"not_picked":["alterego_mod:BiFurious","alterego_mod:Table","alterego_mod:Cycle"],"picked":"alterego_mod:GoddessCore+1","floor":42},{"not_picked":["alterego_mod:BiFurious","alterego_mod:GachaTicket+1","alterego_mod:Rip"],"picked":"alterego_mod:Belle+1","floor":45},{"not_picked":["alterego_mod:STier","alterego_mod:HighServant","alterego_mod:Collar"],"picked":"alterego_mod:Clones+1","floor":46},{"not_picked":["alterego_mod:Skirt","alterego_mod:RingBreak","alterego_mod:Bounce"],"picked":"alterego_mod:SakuraFive+1","floor":48}],"player_experience":1184365,"relics_obtained":[{"floor":9,"key":"Calipers"},{"floor":10,"key":"Gremlin Food"},{"floor":26,"key":"Whetstone"},{"floor":28,"key":"Toy Ornithopter"},{"floor":31,"key":"Dota2Spire:ArcaneBoots"},{"floor":41,"key":"Replay:Towering Pillar of Hats"},{"floor":43,"key":"hubris:SphereOfDissonance"}],"event_choices":[{"damage_healed":0,"gold_gain":0,"player_choice":"Memory 1","damage_taken":0,"max_hp_gain":0,"max_hp_loss":0,"event_name":"SensoryStone","floor":36,"gold_loss":0},{"damage_healed":0,"gold_gain":0,"player_choice":"Fight","damage_taken":0,"max_hp_gain":0,"max_hp_loss":0,"event_name":"MindBloom","floor":41,"gold_loss":0},{"damage_healed":0,"gold_gain":0,"player_choice":"Ignored","damage_taken":0,"max_hp_gain":0,"max_hp_loss":0,"event_name":"Transmorgrifier","floor":44,"gold_loss":0},{"damage_healed":0,"gold_gain":0,"player_choice":"1 cards matched","damage_taken":0,"max_hp_gain":0,"max_hp_loss":0,"event_name":"Match and Keep!","floor":49,"gold_loss":0,"cards_obtained":["alterego_mod:Pet"]}],"is_beta":false,"boss_relics":[{"not_picked":["ChewingGum","hubris:TerracottaHorce"],"picked":"SlaversCollar"},{"not_picked":["Coffee Dripper","hubris:BlackHole"],"picked":"Honey Jar"}],"items_purged_floors":[],"is_endless":false,"potions_floor_spawned":[3,10,16,18,28,30,33,37,45,46],"ascension_level":0}}