{"host":"55yei7x27djrlaep","time":1610723654,"event":{"mods":["Act Like it!","Aspiration","BaseMod","Better Altar","Better Match","Better Note","Better Sensory Stone","Better Skull","Better Third Choice","BetterRewards","Colored Map","Evolution","Friendly Minions","GifTheSpireLib","Hubris","Minty Spire (QoL Compilation)","Pale of the Ancients","Replay The Spire","StSLib","The Bladedancer","The Runesmith"],"gold_per_floor":[114,114,90,101,276,301,301,301,374,374,415,431,53,69,69,198,198,213,233,246,265,265,306,306,347,347,390,408,408,439,455,455,576,576,594,618,222,236,61,99,99,139,191,224,224,224,224,248,248,248,269,287,342,342,342,362,362,43,43,43],"floor_reached":61,"language":"ENG","playtime":2931,"items_purged":["Decay","Strike_R","Doubt","Strike_R","Strike_R"],"score":3186,"play_id":"70ae01b8-dc24-4c69-98af-40220c724900","local_time":"20210115181414","is_ascension_mode":true,"campfire_choices":[{"data":"Searing Blow+10","floor":7,"key":"SMITH"},{"floor":10,"key":"REST"},{"data":"Armaments","floor":15,"key":"SMITH"},{"data":"Searing Blow+11","floor":24,"key":"SMITH"},{"data":"Searing Blow+13","floor":32,"key":"SMITH"},{"data":"Searing Blow+14","floor":41,"key":"SMITH"},{"data":"Searing Blow+15","floor":45,"key":"SMITH"},{"floor":47,"key":"RECALL"},{"data":"Searing Blow+16","floor":49,"key":"SMITH"},{"data":"Searing Blow+17","floor":55,"key":"SMITH"},{"data":"Searing Blow+18","floor":57,"key":"SMITH"}],"circlet_count":0,"master_deck":["Searing Blow+19","Strike_R","Defend_R","Defend_R","Defend_R","Bash","Inflame","Seeing Red","True Grit","Sentinel","Shrug It Off","ReplayTheSpireMod:Strike From Hell","Intimidate","Feed","Armaments+1","Impervious","Headbutt","Flame Barrier","Dual Wield","Burning Pact","Double Tap","Barricade","ReplayTheSpireMod:Strike From Hell+1","Pommel Strike+1","ReplayTheSpireMod:Strike From Hell","Shrug It Off+1","Master of Strategy"],"relics":["Burning Blood","EVO:Axolotl","Garlic","Question Card","ReplayTheSpireMod:CursedCoin","Charon\u0027s Ashes","Gambling Chip","hubris:Icosahedron","InkBottle","Golden Idol","hubris:ToyBattleship","Gremlin Horn","hubris:TerracottaHorce","Enchiridion","ReplayTheSpireMod:TigerMarble","Unceasing Top","Meat on the Bone","Replay:Bottled Eggs","hubris:FunFungus","aspiration:SecretTechniqueScroll","hubris:SphereOfDissonance","Shuriken","Dream Catcher","Ancient Tea Set","Replay:WaspNest","paleoftheancients:Timepiece","paleoftheancients:KeyRelic","Bronze Scales","paleoftheancients:SoulOfTheWatcher","Replay:Baseball","hubris:MedicalManual","Frozen Eye"],"acts_visited":["Exordium","TheCity","TheBeyond","paleoftheancients:PaleOfTheAncients"],"potions_floor_usage":[36,40,44,56,56],"damage_taken":[{"damage":0,"enemies":"2 Louse","floor":1,"turns":2},{"damage":2,"enemies":"Small Slimes","floor":4,"turns":2},{"damage":6,"enemies":"3 Sentries","floor":6,"turns":6},{"damage":0,"enemies":"Gremlin Nob","floor":11,"turns":1},{"damage":0,"enemies":"Jaw Worm","floor":12,"turns":1},{"damage":0,"enemies":"Blue Slaver","floor":14,"turns":1},{"damage":0,"enemies":"Slime Boss","floor":16,"turns":2},{"damage":0,"enemies":"Shell Parasite","floor":18,"turns":3},{"damage":0,"enemies":"Chosen","floor":19,"turns":3},{"damage":0,"enemies":"Snecko","floor":20,"turns":1},{"damage":4,"enemies":"Centurion and Healer","floor":21,"turns":2},{"damage":0,"enemies":"Gremlin Leader","floor":23,"turns":3},{"damage":0,"enemies":"Replay:Snechameleon","floor":25,"turns":1},{"damage":6,"enemies":"Gremlin Leader","floor":27,"turns":1},{"damage":2,"enemies":"Shelled Parasite and Fungi","floor":28,"turns":3},{"damage":0,"enemies":"Replay:Snechameleon","floor":30,"turns":4},{"damage":0,"enemies":"Snake Plant","floor":31,"turns":1},{"damage":0,"enemies":"Collector","floor":33,"turns":2},{"damage":0,"enemies":"3 Darklings","floor":35,"turns":3},{"damage":0,"enemies":"3 Shapes","floor":36,"turns":3},{"damage":4,"enemies":"3 Darklings","floor":38,"turns":5},{"damage":0,"enemies":"Giant Head","floor":40,"turns":1},{"damage":1,"enemies":"R_Hoarder","floor":42,"turns":2},{"damage":0,"enemies":"Reptomancer","floor":44,"turns":1},{"damage":0,"enemies":"Maw","floor":48,"turns":2},{"damage":1,"enemies":"hubris:GrandSnecko","floor":50,"turns":4},{"damage":0,"enemies":"hubris:GrandSnecko","floor":51,"turns":2},{"damage":0,"enemies":"hubris:GrandSnecko","floor":52,"turns":1},{"damage":103,"enemies":"hubris:GrandSnecko","floor":56,"turns":5},{"damage":3,"enemies":"paleoftheancients:N","floor":60,"turns":6}],"seed_played":"7031598142566495520","potions_obtained":[{"floor":4,"key":"SteroidPotion"},{"floor":6,"key":"BloodPotion"},{"floor":11,"key":"DistilledChaos"},{"floor":14,"key":"CultistPotion"},{"floor":38,"key":"SkillPotion"},{"floor":40,"key":"EssenceOfSteel"},{"floor":44,"key":"Fruit Juice"},{"floor":52,"key":"SpeedPotion"}],"is_trial":false,"path_per_floor":["M","?","$","M","?","E","R","?","T","R","E","M","$","M","R_BF","B",null,"M","M","M","M","?","E","R","E","T","E","M","?","E","M","R","B",null,"M","M","$","M","$","E","R","E","T","E","R","?","R","M","R","B","M","M","T","T","R","M","R","$","?","B",null],"character_chosen":"IRONCLAD","items_purchased":["Garlic","Question Card","ReplayTheSpireMod:CursedCoin","Inflame","Seeing Red","True Grit","Shrug It Off","Gremlin Horn","hubris:SphereOfDissonance","Frozen Eye","Master of Strategy"],"campfire_rested":1,"item_purchase_floors":[0,0,0,0,0,0,3,13,37,58,58],"current_hp_per_floor":[31,31,31,35,35,35,35,15,15,39,45,51,51,57,57,63,76,80,80,80,80,64,70,70,76,76,76,83,83,83,83,83,86,86,86,86,86,86,86,86,86,86,86,94,94,94,94,94,94,94,94,94,94,94,94,94,94,94,94,94],"gold":43,"neow_bonus":"","is_daily":false,"chose_seed":false,"campfire_upgraded":9,"win_rate":0.0,"timestamp":1610723654,"path_taken":["M","?","$","M","?","E","R","?","T","R","E","M","?","?","R_BF","BOSS","M","M","?","M","?","E","R","E","T","E","M","?","E","?","R","BOSS","M","?","$","M","?","E","R","E","T","E","R","?","R","M","R","BOSS","M","M","?","T","R","M","R","$","?","BOSS"],"items_purchased_type":["Relic","Relic","Relic","Card","Card","Card","Card","Relic","Relic","Relic","Card"],"build_version":"2020-12-22","purchased_purges":5,"victory":true,"max_hp_per_floor":[80,80,80,80,80,80,80,80,80,80,80,80,80,80,80,80,80,80,80,80,80,80,80,80,80,80,80,83,83,83,83,83,86,86,86,86,86,86,86,86,86,86,86,94,94,94,94,94,94,94,94,94,94,94,94,94,94,94,94,94],"card_choices":[{"not_picked":["Armaments","Warcry","Feel No Pain"],"picked":"Sentinel","floor":1},{"not_picked":["Iron Wave","Infernal Blade","True Grit"],"picked":"ReplayTheSpireMod:Strike From Hell","floor":4},{"not_picked":["Warcry","Heavy Blade","Eclipse"],"picked":"Intimidate","floor":6},{"not_picked":["Defy Death","Cleave","Perfected Strike"],"picked":"Feed","floor":11},{"not_picked":["ReplayReversal","Heavy Blade","Clash","Carnage"],"picked":"SKIP","floor":12},{"not_picked":["Dropkick","Spot Weakness","Replay:Undeath\u0027s Touch"],"picked":"Armaments","floor":14},{"not_picked":["Hemogenesis","Immolate","hubris:StunningStrike"],"picked":"Impervious","floor":16},{"not_picked":["Clash","Armaments","Heavy Blade","Feel No Pain"],"picked":"SKIP","floor":18},{"not_picked":["Feel No Pain","Body Slam","Run Through+1","Wild Strike"],"picked":"SKIP","floor":19},{"not_picked":["Iron Wave","Eclipse","Havoc"],"picked":"Headbutt","floor":20},{"not_picked":["Pummel","Flex","Rupture","Twin Strike+1"],"picked":"SKIP","floor":21},{"not_picked":["Shockwave","Clash","Sword Boomerang","Armaments"],"picked":"SKIP","floor":23},{"not_picked":["Life Link","Sever Soul","Hemogenesis"],"picked":"Flame Barrier","floor":25},{"not_picked":["Shrug It Off","Body Slam","Perfected Strike","Entrench"],"picked":"SKIP","floor":27},{"not_picked":["Dual Wield","Run Through","Brutality","Second Wind"],"picked":"SKIP","floor":28},{"not_picked":["Run Through","Brutality","Second Wind"],"picked":"Dual Wield","floor":28},{"not_picked":["Pommel Strike","Dual Wield","Replay:Many Hands"],"picked":"Burning Pact","floor":30},{"not_picked":["ReplayTheSpireMod:Limb From Limb","Cleave","Wild Strike","Sword Boomerang"],"picked":"SKIP","floor":31},{"not_picked":["Demon Form","Exhume","Brutality"],"picked":"Double Tap","floor":33},{"not_picked":["ReplayTheSpireMod:Strike From Hell","Wild Strike","Perfected Strike","Replay:Undeath\u0027s Touch+1"],"picked":"SKIP","floor":35},{"not_picked":["Headbutt","ReplayTheSpireMod:Strike From Hell","Sword Boomerang","Dropkick"],"picked":"SKIP","floor":36},{"not_picked":["Uppercut","Replay:Undeath\u0027s Touch","ReplayTheSpireMod:Limb From Limb"],"picked":"Barricade","floor":38},{"not_picked":["Clash","Metallicize+1","ReplayReversal"],"picked":"ReplayTheSpireMod:Strike From Hell+1","floor":40},{"not_picked":["Wild Strike","Massacre","Spot Weakness"],"picked":"Pommel Strike+1","floor":42},{"not_picked":["Dual Wield","Anger+1","ReplayTheSpireMod:Strike From Hell","hubris:ReadiedAction"],"picked":"SKIP","floor":44},{"not_picked":["Berserk","ReplayTheSpireMod:Limb From Limb","Flex","Anger"],"picked":"SKIP","floor":48},{"not_picked":["Inflame+1","Thunderclap","Feel No Pain+1"],"picked":"Shrug It Off+1","floor":51},{"not_picked":["Disarm","Flex+1","Pommel Strike","Warcry"],"picked":"SKIP","floor":52}],"player_experience":405974,"relics_obtained":[{"floor":6,"key":"InkBottle"},{"floor":11,"key":"hubris:ToyBattleship"},{"floor":22,"key":"Enchiridion"},{"floor":23,"key":"ReplayTheSpireMod:TigerMarble"},{"floor":25,"key":"Unceasing Top"},{"floor":26,"key":"Meat on the Bone"},{"floor":27,"key":"Replay:Bottled Eggs"},{"floor":30,"key":"hubris:FunFungus"},{"floor":40,"key":"Shuriken"},{"floor":42,"key":"Dream Catcher"},{"floor":43,"key":"Ancient Tea Set"},{"floor":44,"key":"Replay:WaspNest"},{"floor":51,"key":"paleoftheancients:SoulOfTheWatcher"},{"floor":52,"key":"paleoftheancients:SoulOfTheCollector"},{"floor":53,"key":"Replay:Baseball"},{"floor":54,"key":"hubris:MedicalManual"}],"event_choices":[{"damage_healed":0,"gold_gain":175,"player_choice":"AGREE","damage_taken":101,"max_hp_gain":0,"max_hp_loss":0,"event_name":"betterThird:BetterSerpent","floor":5,"gold_loss":0},{"damage_healed":0,"gold_gain":0,"player_choice":"Take Damage","damage_taken":20,"relics_obtained":["Golden Idol"],"max_hp_gain":0,"max_hp_loss":0,"event_name":"Golden Idol","floor":8,"gold_loss":0},{"damage_healed":0,"gold_gain":0,"player_choice":"Obtained Book","damage_taken":16,"max_hp_gain":0,"max_hp_loss":0,"event_name":"Cursed Tome","floor":22,"gold_loss":0},{"cards_removed":["Strike_R"],"damage_healed":0,"gold_gain":0,"player_choice":"Purged","damage_taken":0,"max_hp_gain":0,"max_hp_loss":0,"event_name":"Purifier","floor":29,"gold_loss":0},{"damage_healed":0,"gold_gain":0,"cards_transformed":["Defend_R"],"player_choice":"Transformed","damage_taken":0,"max_hp_gain":0,"max_hp_loss":0,"event_name":"Transmorgrifier","floor":46,"gold_loss":0,"cards_obtained":["ReplayTheSpireMod:Strike From Hell"]}],"is_beta":false,"boss_relics":[{"not_picked":["hubris:ScarierMask","Ooze Armor"],"picked":"hubris:TerracottaHorce"},{"not_picked":["Velvet Choker","hubris:BlackHole"],"picked":"aspiration:SecretTechniqueScroll"}],"items_purged_floors":[0,0,13,37,39],"is_endless":false,"potions_floor_spawned":[4,6,11,14,19,20,25,27,28,30,35,38,40,44,52],"ascension_level":12}}