{"host":"9dr4xkxgnke2i0td","time":1610742721,"event":{"mods":["AchievementEnabler","BaseMod","DeckTracker","Highlight Path","Minty Spire (QoL Compilation)","Shop Mod","StSLib"],"gold_per_floor":[114,129,144,159,85,115,130,145,170,170,185,185,31,46,46,146,146,161,146,161,176,47,47,62,62,87,87,102,201,201,201,201],"floor_reached":31,"language":"ENG","playtime":1251,"items_purged":["Concentrate"],"score":418,"play_id":"d26648f8-b575-41f7-85cc-31e7e098e47d","local_time":"20210115143201","daily_mods":["Insanity","Uncertain Future","Binary"],"is_ascension_mode":false,"campfire_choices":[{"floor":12.0,"key":"REST"},{"data":"Venomology","floor":15.0,"key":"SMITH"},{"floor":23.0,"key":"REST"},{"floor":27.0,"key":"REST"}],"circlet_count":0,"master_deck":["Dash","Sucker Punch","Accuracy","Deadly Poison","Terror","Poisoned Stab","Distraction","Backstab","Blade Dance","Dagger Throw","Dodge and Roll","Crippling Poison","Acrobatics","Distraction","Dash","Skewer","Expertise","Deflect","Heel Hook","Deadly Poison","Deflect","Acrobatics","PiercingWail","Dodge and Roll","Distraction","Dodge and Roll","Cloak And Dagger","Outmaneuver","Leg Sweep","Bane","Prepared","Catalyst","Blade Dance","Flying Knee","Acrobatics","Prepared","All Out Attack","Backflip","Reflex","Predator","Dagger Spray","Catalyst","Slice","Tactician","Eviscerate","PiercingWail","Well Laid Plans","Deadly Poison","Blade Dance","PiercingWail","Acrobatics","Flying Knee","Accuracy","Finisher","Crippling Poison","Adrenaline","Cloak And Dagger","Venomology+1","Calculated Gamble","Malaise","Deadly Poison+1","Sucker Punch","Deflect","Venomology","Blade Dance+1","Infinite Blades","Slice"],"relics":["Ring of the Snake","Regal Pillow","Oddly Smooth Stone","Smiling Mask","SacredBark","Ancient Tea Set"],"acts_visited":["Exordium","TheCity"],"potions_floor_usage":[],"damage_taken":[{"damage":0.0,"enemies":"Cultist","floor":1.0,"turns":2.0},{"damage":0.0,"enemies":"2 Louse","floor":2.0,"turns":2.0},{"damage":3.0,"enemies":"Small Slimes","floor":3.0,"turns":2.0},{"damage":1.0,"enemies":"Blue Slaver","floor":4.0,"turns":3.0},{"damage":18.0,"enemies":"Lagavulin","floor":6.0,"turns":5.0},{"damage":0.0,"enemies":"3 Louse","floor":7.0,"turns":1.0},{"damage":6.0,"enemies":"Gremlin Gang","floor":8.0,"turns":4.0},{"damage":4.0,"enemies":"Red Slaver","floor":11.0,"turns":4.0},{"damage":1.0,"enemies":"Blue Slaver","floor":14.0,"turns":2.0},{"damage":0.0,"enemies":"Slime Boss","floor":16.0,"turns":4.0},{"damage":12.0,"enemies":"Chosen","floor":18.0,"turns":5.0},{"damage":11.0,"enemies":"2 Thieves","floor":19.0,"turns":4.0},{"damage":18.0,"enemies":"Centurion and Healer","floor":20.0,"turns":8.0},{"damage":0.0,"enemies":"Snake Plant","floor":21.0,"turns":4.0},{"damage":16.0,"enemies":"Sentry and Sphere","floor":24.0,"turns":6.0},{"damage":3.0,"enemies":"Snecko","floor":28.0,"turns":4.0},{"damage":0,"enemies":"Slavers","floor":31,"turns":1}],"seed_played":"-4891952413640654339","potions_obtained":[{"floor":1.0,"key":"Dexterity Potion"},{"floor":2.0,"key":"SteroidPotion"},{"floor":4.0,"key":"Poison Potion"},{"floor":11.0,"key":"SkillPotion"},{"floor":19.0,"key":"Weak Potion"},{"floor":24.0,"key":"Fire Potion"}],"is_trial":false,"path_per_floor":["M","M","M","M","$","E","M","M","T","?","M","R","$","M","R","B",null,"M","M","M","M","$","R","M","?","T","R","M","?","?","E"],"character_chosen":"THE_SILENT","items_purchased":["Accuracy","Venomology","Venomology"],"campfire_rested":3,"item_purchase_floors":[5,13,22],"current_hp_per_floor":[70,70,67,66,66,48,48,42,42,30,26,62,62,61,61,61,70,58,47,29,29,29,65,49,49,49,70,67,67,67,67,67],"gold":201,"neow_bonus":"","is_daily":true,"chose_seed":false,"campfire_upgraded":1,"win_rate":0.0,"timestamp":1610742721,"path_taken":["M","M","M","?","?","E","M","M","T","?","M","R","$","M","R","BOSS","M","M","M","M","$","R","M","?","T","R","M","?","?","E"],"items_purchased_type":["Card","Card","Card"],"build_version":"2020-12-22","purchased_purges":1,"victory":false,"max_hp_per_floor":[70,70,70,70,70,70,70,70,70,70,70,70,70,70,70,70,70,70,70,70,70,70,70,70,70,70,70,70,70,70,70,70],"card_choices":[{"not_picked":["Dodge and Roll"],"picked":"Blade Dance","floor":1.0},{"not_picked":["Sucker Punch"],"picked":"PiercingWail","floor":2.0},{"not_picked":["Underhanded Strike"],"picked":"Acrobatics","floor":3.0},{"not_picked":["Blade Dance"],"picked":"Flying Knee","floor":4.0},{"not_picked":["PiercingWail"],"picked":"Finisher","floor":6.0},{"not_picked":["Dagger Throw"],"picked":"Crippling Poison","floor":7.0},{"not_picked":["Prepared"],"picked":"Adrenaline","floor":8.0},{"not_picked":["Calculated Gamble"],"picked":"Cloak And Dagger","floor":11.0},{"not_picked":["Prepared"],"picked":"Calculated Gamble","floor":14.0},{"not_picked":["Night Terror"],"picked":"Malaise","floor":16.0},{"not_picked":["Sucker Punch+1"],"picked":"Deadly Poison+1","floor":18.0},{"not_picked":["Outmaneuver","Unload"],"picked":"SKIP","floor":19.0},{"not_picked":["Prepared"],"picked":"Sucker Punch","floor":20.0},{"not_picked":["Dodge and Roll"],"picked":"Deflect","floor":21.0},{"not_picked":["Flying Knee"],"picked":"Blade Dance+1","floor":24.0},{"not_picked":["Flying Knee"],"picked":"Infinite Blades","floor":28.0}],"player_experience":714382,"relics_obtained":[{"floor":6.0,"key":"Regal Pillow"},{"floor":9.0,"key":"Oddly Smooth Stone"},{"floor":26.0,"key":"Ancient Tea Set"}],"event_choices":[{"damage_healed":0.0,"max_hp_gain":0.0,"max_hp_loss":0.0,"gold_gain":0.0,"event_name":"Scrap Ooze","player_choice":"Success","floor":10.0,"gold_loss":0.0,"damage_taken":12.0,"relics_obtained":["Smiling Mask"]},{"damage_healed":0.0,"max_hp_gain":0.0,"max_hp_loss":0.0,"gold_gain":0.0,"event_name":"Ghosts","player_choice":"Ignored","floor":25.0,"gold_loss":0.0,"damage_taken":0.0},{"damage_healed":0.0,"max_hp_gain":0.0,"max_hp_loss":0.0,"gold_gain":99.0,"event_name":"Nest","player_choice":"Stole From Cult","floor":29.0,"gold_loss":0.0,"damage_taken":0.0},{"damage_healed":0.0,"max_hp_gain":0.0,"max_hp_loss":0.0,"gold_gain":0.0,"cards_transformed":["Distraction"],"event_name":"Transmorgrifier","player_choice":"Transformed","floor":30.0,"gold_loss":0.0,"damage_taken":0.0,"cards_obtained":["Slice"]}],"is_beta":false,"boss_relics":[{"not_picked":["Sozu","Ectoplasm"],"picked":"SacredBark"}],"items_purged_floors":[22],"is_endless":false,"potions_floor_spawned":[1,2,4,7,11,19,20,24],"killed_by":"Slavers","ascension_level":0}}