{"host":"x21cvmfdo17nyhii","time":1610677910,"event":{"mods":["AchievementEnabler","BaseMod","Colored Map","Colored Powertips","DeckTracker","Highlight Path","Minty Spire (QoL Compilation)","Quick Restart","Rare Cards Sparkle","SuperFastMode"],"gold_per_floor":[113,125,0,0,17,17,28,28,81,97,129,156,168,196,208,325,337,361,392,404,435,466,478,518,530,590,621,662,674,50,50,50,149,199,215,225,242,242,242,242,267,267,267,279,292,10,22,22,22,22,22,22,22,50,50],"floor_reached":56,"language":"ENG","playtime":7754,"items_purged":["Defend_B","Strike_B"],"score":1276,"play_id":"0b3f071d-0720-4fb1-941a-dfae9652e922","local_time":"20210114183150","is_ascension_mode":false,"campfire_choices":[{"data":"Dualcast","floor":6.0,"key":"SMITH"},{"data":"Hologram","floor":8.0,"key":"SMITH"},{"floor":13.0,"key":"REST"},{"floor":15.0,"key":"REST"},{"floor":23.0,"key":"REST"},{"floor":29.0,"key":"REST"},{"data":"Zap","floor":32.0,"key":"SMITH"},{"data":"Madness","floor":40.0,"key":"SMITH"},{"floor":42.0,"key":"REST"},{"floor":49.0,"key":"RECALL"},{"data":"Seek","floor":52.0,"key":"SMITH"}],"circlet_count":0,"master_deck":["Strike_B+1","Strike_B","Strike_B","Defend_B","Defend_B","Defend_B","Zap+1","Dualcast+1","Hologram+1","Go for the Eyes","Genetic Algorithm+1","Conserve Battery+1","Gash","Gash","Rebound","Gash+1","Steam","All For One","Seek+1","CurseOfTheBell","Go for the Eyes","Genetic Algorithm","BootSequence","Rebound+1","RitualDagger","Reinforced Body","Gash","Skim","Gash","Echo Form","Turbo","Beam Cell+1","Madness+1","Madness+1","Hologram","Reinforced Body+1","FTL","Turbo+1"],"relics":["Cracked Core","Nunchaku","Happy Flower","MawBank","Calling Bell","Ancient Tea Set","Pantograph","Calipers","Red Mask","Whetstone","Oddly Smooth Stone","FossilizedHelix","Sling","Shuriken","Tiny House","Smiling Mask","OrangePellets","Turnip"],"acts_visited":["Exordium","TheCity","TheBeyond","TheEnding"],"potions_floor_usage":[],"damage_taken":[{"damage":0.0,"enemies":"Cultist","floor":1.0,"turns":3.0},{"damage":6.0,"enemies":"Jaw Worm","floor":2.0,"turns":3.0},{"damage":0.0,"enemies":"Small Slimes","floor":5.0,"turns":4.0},{"damage":0.0,"enemies":"Gremlin Gang","floor":7.0,"turns":5.0},{"damage":0.0,"enemies":"Looter","floor":10.0,"turns":3.0},{"damage":25.0,"enemies":"Gremlin Nob","floor":11.0,"turns":4.0},{"damage":17.0,"enemies":"3 Louse","floor":12.0,"turns":3.0},{"damage":4.0,"enemies":"Blue Slaver","floor":14.0,"turns":3.0},{"damage":40.0,"enemies":"The Guardian","floor":16.0,"turns":7.0},{"damage":6.0,"enemies":"2 Thieves","floor":18.0,"turns":4.0},{"damage":14.0,"enemies":"Spheric Guardian","floor":19.0,"turns":4.0},{"damage":8.0,"enemies":"Centurion and Healer","floor":21.0,"turns":6.0},{"damage":13.0,"enemies":"Cultist and Chosen","floor":22.0,"turns":8.0},{"damage":0.0,"enemies":"Masked Bandits","floor":24.0,"turns":3.0},{"damage":9.0,"enemies":"Shelled Parasite and Fungi","floor":27.0,"turns":6.0},{"damage":8.0,"enemies":"Book of Stabbing","floor":28.0,"turns":5.0},{"damage":0.0,"enemies":"Champ","floor":33.0,"turns":8.0},{"damage":0.0,"enemies":"Orb Walker","floor":35.0,"turns":4.0},{"damage":0.0,"enemies":"3 Shapes","floor":36.0,"turns":4.0},{"damage":0.0,"enemies":"3 Darklings","floor":37.0,"turns":4.0},{"damage":34.0,"enemies":"Reptomancer","floor":41.0,"turns":8.0},{"damage":0.0,"enemies":"Spire Growth","floor":44.0,"turns":5.0},{"damage":0.0,"enemies":"4 Shapes","floor":45.0,"turns":5.0},{"damage":0.0,"enemies":"Maw","floor":47.0,"turns":3.0},{"damage":36.0,"enemies":"Awakened One","floor":50.0,"turns":10.0},{"damage":48.0,"enemies":"Shield and Spear","floor":54.0,"turns":5.0},{"damage":114,"enemies":"The Heart","floor":55,"turns":11}],"seed_played":"-2474302168396912384","potions_obtained":[{"floor":1.0,"key":"PotionOfCapacity"},{"floor":5.0,"key":"Swift Potion"},{"floor":11.0,"key":"Ancient Potion"},{"floor":19.0,"key":"FairyPotion"},{"floor":20.0,"key":"SkillPotion"},{"floor":20.0,"key":"Block Potion"},{"floor":22.0,"key":"PowerPotion"},{"floor":28.0,"key":"Explosive Potion"},{"floor":33.0,"key":"Fruit Juice"},{"floor":34.0,"key":"GamblersBrew"},{"floor":37.0,"key":"FairyPotion"},{"floor":44.0,"key":"Swift Potion"},{"floor":45.0,"key":"DistilledChaos"}],"is_trial":false,"path_per_floor":["M","M","$","?","M","R","M","R","T","M","E","M","R","M","R","B",null,"M","M","?","M","M","R","?","?","T","M","E","R","$","T","R","B",null,"M","M","M","?","?","R","E","R","T","M","M","$","M","?","R","B",null,"R","$","E","B",null],"character_chosen":"DEFECT","items_purchased":["Genetic Algorithm","Conserve Battery","FossilizedHelix","Sling","Skim","Gash","FTL","OrangePellets"],"campfire_rested":5,"item_purchase_floors":[3,3,30,30,30,30,46,46],"current_hp_per_floor":[75,69,69,69,69,69,69,69,69,69,44,27,49,45,67,27,75,69,55,55,47,34,56,56,50,50,41,33,55,55,55,55,80,85,85,85,85,74,74,74,40,65,65,65,65,65,65,65,65,49,85,85,85,37,9],"gold":50,"neow_bonus":"RANDOM_COMMON_RELIC","is_daily":false,"chose_seed":false,"campfire_upgraded":5,"win_rate":0.0,"timestamp":1610677910,"path_taken":["M","?","$","?","M","R","M","R","T","M","E","M","R","M","R","BOSS","M","M","?","?","?","R","?","?","T","M","E","R","$","?","R","BOSS","M","?","?","?","?","R","E","R","T","M","M","$","?","?","R","BOSS","R","$","E","BOSS"],"items_purchased_type":["Card","Card","Relic","Relic","Card","Card","Card","Relic"],"build_version":"2020-12-22","purchased_purges":2,"victory":true,"max_hp_per_floor":[75,75,75,75,75,75,75,75,75,75,75,75,75,75,75,75,75,75,75,75,75,75,75,75,75,75,75,75,75,75,75,75,80,85,85,85,85,85,85,85,85,85,85,85,85,85,85,85,85,85,85,85,85,85,85],"card_choices":[{"not_picked":["Consume","Steam"],"picked":"Hologram","floor":1.0},{"not_picked":["Leap","Capacitor"],"picked":"Go for the Eyes","floor":2.0},{"not_picked":["Barrage","Beam Cell"],"picked":"Gash","floor":5.0},{"not_picked":["Compile Driver","Redo"],"picked":"Gash","floor":7.0},{"not_picked":["Hologram","Fusion"],"picked":"Rebound","floor":10.0},{"not_picked":["Double Energy","Leap"],"picked":"Gash","floor":11.0},{"not_picked":["Ball Lightning","Go for the Eyes"],"picked":"Steam","floor":12.0},{"not_picked":["Cold Snap","Streamline"],"picked":"All For One","floor":14.0},{"not_picked":["Thunder Strike","Rainbow"],"picked":"Seek","floor":16.0},{"not_picked":["Turbo","Fusion+1"],"picked":"Go for the Eyes","floor":18.0},{"not_picked":["Rip and Tear","Capacitor"],"picked":"Genetic Algorithm","floor":19.0},{"not_picked":["Capacitor","Reinforced Body"],"picked":"BootSequence","floor":21.0},{"not_picked":["Barrage+1","Darkness"],"picked":"Rebound+1","floor":22.0},{"not_picked":["Rebound+1","Glacier"],"picked":"Reinforced Body","floor":27.0},{"not_picked":["Heatsinks","Leap"],"picked":"Gash","floor":28.0},{"not_picked":["Thunder Strike","Machine Learning"],"picked":"Echo Form","floor":33.0},{"not_picked":["Barrage+1","Redo+1"],"picked":"Turbo","floor":35.0},{"not_picked":["Fission","Conserve Battery"],"picked":"Beam Cell+1","floor":36.0},{"not_picked":["Sweeping Beam","Tempest","Ball Lightning+1"],"picked":"SKIP","floor":37.0},{"not_picked":["Heatsinks+1","Sweeping Beam+1"],"picked":"Hologram","floor":41.0},{"not_picked":["Tempest","Compile Driver"],"picked":"Reinforced Body+1","floor":44.0},{"not_picked":["Cold Snap","Compile Driver","Rip and Tear+1"],"picked":"SKIP","floor":45.0},{"not_picked":["Force Field+1","Stack"],"picked":"Gash","floor":47.0},{"not_picked":["Reprogram+1","Echo Form"],"picked":"Turbo+1","floor":54.0}],"player_experience":394351,"relics_obtained":[{"floor":9.0,"key":"Happy Flower"},{"floor":11.0,"key":"MawBank"},{"floor":17.0,"key":"Ancient Tea Set"},{"floor":17.0,"key":"Pantograph"},{"floor":17.0,"key":"Calipers"},{"floor":24.0,"key":"Red Mask"},{"floor":26.0,"key":"Whetstone"},{"floor":28.0,"key":"Oddly Smooth Stone"},{"floor":31.0,"key":"Shuriken"},{"floor":41.0,"key":"Smiling Mask"},{"floor":54.0,"key":"Turnip"}],"event_choices":[{"damage_healed":0.0,"max_hp_gain":0.0,"max_hp_loss":0.0,"gold_gain":0.0,"event_name":"Living Wall","player_choice":"Grow","floor":4.0,"gold_loss":0.0,"damage_taken":0.0,"cards_upgraded":["Genetic Algorithm"]},{"damage_healed":0.0,"max_hp_gain":0.0,"max_hp_loss":0.0,"gold_gain":0.0,"event_name":"Lab","player_choice":"Got Potions","floor":20.0,"gold_loss":0.0,"damage_taken":0.0},{"damage_healed":0.0,"max_hp_gain":0.0,"max_hp_loss":0.0,"gold_gain":0.0,"event_name":"Masked Bandits","player_choice":"Fought Bandits","floor":24.0,"gold_loss":0.0,"damage_taken":0.0},{"damage_healed":0.0,"max_hp_gain":0.0,"max_hp_loss":0.0,"gold_gain":0.0,"event_name":"Nest","player_choice":"Joined the Cult","floor":25.0,"gold_loss":0.0,"damage_taken":6.0,"cards_obtained":["RitualDagger"]},{"damage_healed":0.0,"max_hp_gain":0.0,"max_hp_loss":0.0,"gold_gain":0.0,"event_name":"Winding Halls","player_choice":"Embrace Madness","floor":38.0,"gold_loss":0.0,"damage_taken":11.0,"cards_obtained":["Madness","Madness"]},{"damage_healed":0.0,"max_hp_gain":0.0,"max_hp_loss":0.0,"gold_gain":0.0,"event_name":"Upgrade Shrine","player_choice":"Upgraded","floor":39.0,"gold_loss":0.0,"damage_taken":0.0,"cards_upgraded":["Madness"]},{"cards_removed":["Gash"],"damage_healed":0.0,"max_hp_gain":0.0,"max_hp_loss":0.0,"gold_gain":0.0,"event_name":"Falling","player_choice":"Removed Attack","floor":48.0,"gold_loss":0.0,"damage_taken":0.0}],"is_beta":false,"boss_relics":[{"not_picked":["Sozu","Snecko Eye"],"picked":"Calling Bell"},{"not_picked":["Black Star","Runic Dome"],"picked":"Tiny House"}],"items_purged_floors":[30,46],"is_endless":false,"potions_floor_spawned":[1,5,11,19,22,28,33,37,44,45],"ascension_level":0}}