{"host":"fxrgx7wt2cpkbhka","time":1610690445,"event":{"mods":["AchievementEnabler","BaseMod","Colored Powertips","Minty Spire (QoL Compilation)","Permanent Neow","Slay-I","StSLib","Waifu the Spire"],"gold_per_floor":[209,225,225,250,268,268,300,319,319,337,100,116,136,146,146,242,242,252,269,280,51,70,70,70,103,150,150,164,164,164,164,164,164,164],"floor_reached":33,"language":"ENG","playtime":794,"items_purged":[],"score":434,"play_id":"93083bec-fe0b-4199-8f16-735704839945","local_time":"20210114220045","is_ascension_mode":true,"campfire_choices":[{"data":"Bash","floor":6,"key":"SMITH"},{"floor":15,"key":"REST"},{"floor":23,"key":"REST"},{"floor":27,"key":"REST"},{"data":"Perfected Strike","floor":32,"key":"SMITH"}],"circlet_count":0,"master_deck":["AscendersBane","Strike_R+1","Strike_R","Strike_R","Strike_R","Defend_R","Defend_R","Bash+1","Twin Strike+1","Twin Strike","Dropkick","Cleave","Spot Weakness","Perfected Strike","Fiend Fire+1","Corruption+1","Pommel Strike+1","Perfected Strike+1","Dropkick","Perfected Strike+1"],"relics":["Burning Blood","Regal Pillow","Charon\u0027s Ashes","Darkstone Periapt","Blood Vial","Astrolabe","Vajra","Whetstone","Juzu Bracelet"],"acts_visited":["Exordium","TheCity"],"potions_floor_usage":[1,16,19,22,25,33],"damage_taken":[{"damage":1,"enemies":"Cultist","floor":1,"turns":4},{"damage":6,"enemies":"Jaw Worm","floor":2,"turns":4},{"damage":9,"enemies":"2 Louse","floor":5,"turns":2},{"damage":20,"enemies":"Gremlin Nob","floor":7,"turns":4},{"damage":15,"enemies":"Exordium Wildlife","floor":8,"turns":3},{"damage":6,"enemies":"Looter","floor":10,"turns":2},{"damage":22,"enemies":"Lots of Slimes","floor":12,"turns":4},{"damage":7,"enemies":"3 Louse","floor":13,"turns":3},{"damage":13,"enemies":"Large Slime","floor":14,"turns":5},{"damage":41,"enemies":"The Guardian","floor":16,"turns":10},{"damage":33,"enemies":"Spheric Guardian","floor":18,"turns":4},{"damage":14,"enemies":"Shell Parasite","floor":19,"turns":2},{"damage":13,"enemies":"Snecko","floor":20,"turns":3},{"damage":29,"enemies":"Sentry and Sphere","floor":22,"turns":5},{"damage":52,"enemies":"Book of Stabbing","floor":25,"turns":4},{"damage":6,"enemies":"3 Cultists","floor":28,"turns":3},{"damage":61,"enemies":"Collector","floor":33,"turns":3}],"seed_played":"-7774636041415745864","potions_obtained":[{"floor":1,"key":"Fruit Juice"},{"floor":7,"key":"Dexterity Potion"},{"floor":10,"key":"CultistPotion"},{"floor":18,"key":"Energy Potion"},{"floor":19,"key":"Block Potion"},{"floor":25,"key":"BlessingOfTheForge"},{"floor":28,"key":"AttackPotion"}],"is_trial":false,"path_per_floor":["M","M","$","T","M","R","E","M","T","M","$","M","M","M","R","B",null,"M","M","M","$","M","R","$","E","T","R","M","?","?","?","R","B"],"character_chosen":"IRONCLAD","items_purchased":["Spot Weakness","Blood Vial","Vajra","Dropkick"],"campfire_rested":3,"item_purchase_floors":[11,11,21,21],"current_hp_per_floor":[82,82,82,82,79,79,65,56,56,56,56,42,43,38,78,45,75,50,44,39,39,18,58,58,14,14,54,56,56,56,56,56,0,0],"gold":164,"neow_bonus":"HUNDRED_GOLD","is_daily":false,"chose_seed":false,"campfire_upgraded":2,"win_rate":0.0,"timestamp":1610690445,"path_taken":["M","?","$","?","M","R","E","M","T","M","$","M","M","M","R","BOSS","M","M","M","$","M","R","?","E","T","R","M","?","?","?","R","BOSS"],"items_purchased_type":["Card","Relic","Relic","Card"],"build_version":"2020-12-22","purchased_purges":0,"victory":false,"max_hp_per_floor":[85,85,85,85,85,85,85,85,85,85,85,85,85,85,85,85,85,85,85,85,85,85,85,85,85,85,85,85,85,85,85,85,85,85],"card_choices":[{"not_picked":["Dark Embrace","Shrug It Off"],"picked":"Twin Strike","floor":1},{"not_picked":["Clothesline","Armaments"],"picked":"Twin Strike","floor":2},{"not_picked":["Carnage","Warcry"],"picked":"Dropkick","floor":5},{"not_picked":["Warcry","Fire Breathing"],"picked":"Cleave","floor":7},{"not_picked":["True Grit","Wild Strike","Warcry"],"picked":"SKIP","floor":8},{"not_picked":["Fiend Fire","Anger","Feel No Pain"],"picked":"SKIP","floor":10},{"not_picked":["Body Slam","Sentinel"],"picked":"Perfected Strike","floor":12},{"not_picked":["Combust","Headbutt","True Grit"],"picked":"SKIP","floor":13},{"not_picked":["Body Slam","Clothesline","Hemokinesis"],"picked":"SKIP","floor":14},{"not_picked":["Flex","True Grit","Headbutt"],"picked":"SKIP","floor":18},{"not_picked":["Entrench","Heavy Blade","Headbutt"],"picked":"SKIP","floor":19},{"not_picked":["Rage+1","Blood for Blood"],"picked":"Perfected Strike+1","floor":20},{"not_picked":["Sever Soul","Warcry","Pummel"],"picked":"SKIP","floor":22},{"not_picked":["Feel No Pain","Shrug It Off","Impervious"],"picked":"SKIP","floor":25},{"not_picked":["Heavy Blade","Entrench+1","Headbutt"],"picked":"SKIP","floor":28}],"player_experience":708762,"relics_obtained":[{"floor":4,"key":"Regal Pillow"},{"floor":7,"key":"Charon\u0027s Ashes"},{"floor":9,"key":"Darkstone Periapt"},{"floor":25,"key":"Whetstone"},{"floor":26,"key":"Juzu Bracelet"}],"event_choices":[{"damage_healed":0,"gold_gain":0,"player_choice":"Ignored","damage_taken":0,"max_hp_gain":0,"max_hp_loss":0,"event_name":"Vampires","floor":29,"gold_loss":0},{"damage_healed":0,"gold_gain":0,"player_choice":"Ignored","damage_taken":0,"max_hp_gain":0,"max_hp_loss":0,"event_name":"Ghosts","floor":30,"gold_loss":0},{"damage_healed":0,"gold_gain":0,"player_choice":"Read","damage_taken":0,"max_hp_gain":0,"max_hp_loss":0,"event_name":"The Library","floor":31,"gold_loss":0,"cards_obtained":["Perfected Strike"]}],"is_beta":false,"boss_relics":[{"not_picked":["SacredBark","Philosopher\u0027s Stone"],"picked":"Astrolabe"}],"items_purged_floors":[],"is_endless":false,"potions_floor_spawned":[1,7,10,12,13,18,19,25,28],"killed_by":"Collector","ascension_level":12}}