{"host":"cjhtzh7tp54jdfyv","time":1610698870,"event":{"mods":["AchievementEnabler","BaseMod","Colored Map","Colored Powertips","Curses Come First","DeckTracker","Filter the Spire","Minty Spire (QoL Compilation)","RNG Fix","Relic Sorter","Relic Stats","StSLib","UnlockEverythingMod","ojb\u0027s Better Paths Mod","ojb\u0027s Info Mod"],"gold_per_floor":[110,110,110,128,148,180,105,124,124,165,65,91,130,5,5,79,79,99,99,99,111,179,518,518,552,591,603,658,670,69,84,84,168,168,185,185,204,222,222,250,270,299,344,356,369,386,211,245,245,245,245,245,245,112,138,138],"floor_reached":57,"language":"ENG","playtime":4878,"items_purged":["Defend_P","Defend_P","Defend_P","Strike_P","Strike_P+1"],"score":3065,"play_id":"7ee7ead1-46e3-42e5-b585-8574f93f4762","local_time":"20210115032110","is_ascension_mode":true,"campfire_choices":[{"floor":15.0,"key":"REST"},{"data":"MentalFortress","floor":24.0,"key":"SMITH"},{"data":"Tantrum","floor":27.0,"key":"SMITH"},{"data":"Vigilance","floor":29.0,"key":"SMITH"},{"data":"FearNoEvil","floor":32.0,"key":"SMITH"},{"floor":49,"key":"RECALL"},{"data":"Scrawl","floor":53,"key":"SMITH"}],"circlet_count":0,"master_deck":["AscendersBane","Strike_P+1","Strike_P+1","Eruption+1","Vigilance+1","Tantrum+1","MentalFortress+1","FearNoEvil+1","FearNoEvil+1","BowlingBash+1","LessonLearned+1","Master of Strategy+1","Omniscience+1","Scrawl+1","SashWhip+1","Purity"],"relics":["Runic Pyramid","Mercury Hourglass","Singing Bowl","CeramicFish","Tiny Chest","Coffee Dripper","Mummified Hand","Old Coin","MawBank","WingedGreaves","Medical Kit","Toy Ornithopter","Question Card","Bronze Scales","Ornamental Fan","Strawberry"],"acts_visited":["Exordium","TheCity","TheBeyond","TheEnding"],"potions_floor_usage":[55,56,56],"damage_taken":[{"damage":5.0,"enemies":"Small Slimes","floor":1.0,"turns":3.0},{"damage":0.0,"enemies":"Jaw Worm","floor":4.0,"turns":2.0},{"damage":1.0,"enemies":"2 Louse","floor":5.0,"turns":2.0},{"damage":16.0,"enemies":"Gremlin Nob","floor":6.0,"turns":3.0},{"damage":8.0,"enemies":"Blue Slaver","floor":8.0,"turns":2.0},{"damage":15.0,"enemies":"3 Sentries","floor":10.0,"turns":4.0},{"damage":4.0,"enemies":"Exordium Wildlife","floor":12.0,"turns":3.0},{"damage":4.0,"enemies":"Gremlin Nob","floor":13.0,"turns":3.0},{"damage":8.0,"enemies":"Hexaghost","floor":16.0,"turns":6.0},{"damage":5.0,"enemies":"3 Byrds","floor":18.0,"turns":4.0},{"damage":4.0,"enemies":"Chosen","floor":21.0,"turns":3.0},{"damage":21.0,"enemies":"Book of Stabbing","floor":23.0,"turns":4.0},{"damage":13.0,"enemies":"Gremlin Leader","floor":25.0,"turns":4.0},{"damage":11.0,"enemies":"Slavers","floor":28.0,"turns":3.0},{"damage":0.0,"enemies":"Centurion and Healer","floor":31.0,"turns":1.0},{"damage":14.0,"enemies":"Champ","floor":33.0,"turns":8.0},{"damage":0.0,"enemies":"3 Darklings","floor":35.0,"turns":3.0},{"damage":20.0,"enemies":"3 Shapes","floor":37.0,"turns":2.0},{"damage":22.0,"enemies":"Sphere and 2 Shapes","floor":38.0,"turns":3.0},{"damage":1.0,"enemies":"Giant Head","floor":40.0,"turns":5.0},{"damage":0.0,"enemies":"Transient","floor":41.0,"turns":6.0},{"damage":0.0,"enemies":"Reptomancer","floor":42.0,"turns":2.0},{"damage":0.0,"enemies":"Maw","floor":44.0,"turns":6.0},{"damage":0.0,"enemies":"Spire Growth","floor":45.0,"turns":3.0},{"damage":0,"enemies":"4 Shapes","floor":46,"turns":5},{"damage":0,"enemies":"Giant Head","floor":48,"turns":6},{"damage":12,"enemies":"Donu and Deca","floor":50,"turns":6},{"damage":0,"enemies":"Awakened One","floor":51,"turns":9},{"damage":0,"enemies":"Shield and Spear","floor":55,"turns":8},{"damage":87,"enemies":"The Heart","floor":56,"turns":7}],"seed_played":"613247229368195090","potions_obtained":[{"floor":5.0,"key":"LiquidMemories"},{"floor":6.0,"key":"EntropicBrew"},{"floor":13.0,"key":"LiquidMemories"},{"floor":25.0,"key":"DuplicationPotion"},{"floor":28.0,"key":"Explosive Potion"},{"floor":31.0,"key":"Regen Potion"},{"floor":33.0,"key":"FearPotion"},{"floor":35.0,"key":"Fire Potion"},{"floor":44.0,"key":"FearPotion"},{"floor":45.0,"key":"BottledMiracle"},{"floor":48,"key":"GamblersBrew"},{"floor":55,"key":"LiquidBronze"}],"is_trial":false,"path_per_floor":["M","?","?","M","M","E","$","M","T","E","$","M","E","$","R","B",null,"M","?","?","M","T","E","R","E","T","R","E","R","$","M","R","B",null,"M","$","M","M","$","E","M","E","T","M","M","M","$","E","R","B","B",null,"R","$","E","B",null],"character_chosen":"WATCHER","items_purchased":["Medical Kit","Master of Strategy","Swift Potion","SteroidPotion","SashWhip","Purity"],"campfire_rested":1,"item_purchase_floors":[30,30,30,30,54,54],"current_hp_per_floor":[56,49,49,49,48,32,32,24,24,9,9,5,1,1,21,15,56,53,53,49,47,47,26,26,15,15,15,4,4,4,6,6,7,60,62,62,44,24,24,25,27,29,29,36,38,40,40,40,40,28,28,79,79,79,93,16],"gold":138,"neow_bonus":"BOSS_RELIC","is_daily":false,"chose_seed":false,"campfire_upgraded":5,"win_rate":0.0,"timestamp":1610698870,"path_taken":["M","?","?","M","M","E","$","M","T","E","$","?","E","?","R","BOSS","M","?","?","M","?","E","R","E","T","R","E","R","$","?","R","BOSS","M","$","M","M","$","E","M","E","T","M","M","M","$","E","R","BOSS","BOSS","R","$","E","BOSS"],"items_purchased_type":["Relic","Card","Potion","Potion","Card","Card"],"build_version":"2020-12-22","purchased_purges":5,"victory":true,"max_hp_per_floor":[68,68,68,68,68,68,68,68,68,68,68,68,68,68,68,70,70,72,72,72,74,74,74,74,76,76,76,76,76,76,78,78,78,78,80,80,82,84,84,86,88,90,90,92,94,96,96,96,96,96,96,96,96,96,105,105],"relic_stats":{"Singing Bowl":30,"counters":[30,125],"CeramicFish":90,"MawBank":60,"Medical Kit":[10],"Question Card":5,"Mercury Hourglass":[454],"Mummified Hand":[37],"Ornamental Fan":[128],"Bronze Scales":[214],"Tiny Chest":1,"obtain_stats":[{"Singing Bowl":9,"CeramicFish":10,"MawBank":25,"Medical Kit":30,"Question Card":42,"Mercury Hourglass":6,"Old Coin":23,"Mummified Hand":22,"Ornamental Fan":48,"Bronze Scales":43,"Strawberry":55,"Tiny Chest":13,"WingedGreaves":28,"Coffee Dripper":17,"PureWater":0,"Toy Ornithopter":40,"Runic Pyramid":0},{"Singing Bowl":5,"CeramicFish":6,"MawBank":13,"Medical Kit":14,"Question Card":22,"Mercury Hourglass":4,"Old Coin":12,"Mummified Hand":11,"Ornamental Fan":26,"Bronze Scales":22,"Strawberry":29,"Tiny Chest":8,"WingedGreaves":14,"Coffee Dripper":9,"PureWater":0,"Toy Ornithopter":20,"Runic Pyramid":0},{"Singing Bowl":12,"CeramicFish":16,"MawBank":42,"Medical Kit":45,"Question Card":75,"Mercury Hourglass":10,"Old Coin":38,"Mummified Hand":34,"Ornamental Fan":95,"Bronze Scales":75,"Strawberry":118,"Tiny Chest":22,"WingedGreaves":45,"Coffee Dripper":28,"PureWater":0,"Toy Ornithopter":67,"Runic Pyramid":0}],"Toy Ornithopter":20},"card_choices":[{"not_picked":["ThirdEye","Halt","FlyingSleeves"],"picked":"SKIP","floor":1.0},{"not_picked":["FollowUp","EmptyMind","JustLucky"],"picked":"SKIP","floor":4.0},{"not_picked":["Evaluate","Collect","CutThroughFate"],"picked":"SKIP","floor":5.0},{"not_picked":["Crescendo","WaveOfTheHand"],"picked":"Tantrum","floor":6.0},{"not_picked":["Collect","Fasting2","Indignation"],"picked":"SKIP","floor":8.0},{"not_picked":["JustLucky","FollowUp"],"picked":"MentalFortress","floor":10.0},{"not_picked":["WaveOfTheHand","Halt"],"picked":"FearNoEvil","floor":12.0},{"not_picked":["SandsOfTime","SignatureMove"],"picked":"FearNoEvil","floor":13.0},{"not_picked":["Wish","ConjureBlade","SpiritShield"],"picked":"Singing Bowl","floor":16.0},{"not_picked":["CrushJoints","CutThroughFate","SashWhip"],"picked":"Singing Bowl","floor":18.0},{"not_picked":["ClearTheMind","ReachHeaven","Evaluate"],"picked":"Singing Bowl","floor":21.0},{"not_picked":["ConjureBlade","Meditate"],"picked":"BowlingBash+1","floor":23.0},{"not_picked":["CrushJoints","BowlingBash","Crescendo"],"picked":"Singing Bowl","floor":25.0},{"not_picked":["BowlingBash+1","Perseverance"],"picked":"LessonLearned","floor":28.0},{"not_picked":["ForeignInfluence","ClearTheMind","Prostrate"],"picked":"Singing Bowl","floor":31.0},{"not_picked":["Wish","MasterReality"],"picked":"Omniscience","floor":33.0},{"not_picked":["PathToVictory+1","SashWhip+1","JustLucky"],"picked":"Singing Bowl","floor":35.0},{"not_picked":["Indignation","PathToVictory","FlurryOfBlows"],"picked":"Singing Bowl","floor":37.0},{"not_picked":["Devotion","LikeWater","FlurryOfBlows"],"picked":"Singing Bowl","floor":38.0},{"not_picked":["Tantrum+1","Weave","Halt"],"picked":"Singing Bowl","floor":40.0},{"not_picked":["PathToVictory","FollowUp","Consecrate"],"picked":"Singing Bowl","floor":41.0},{"not_picked":["Worship","ForeignInfluence","PathToVictory"],"picked":"Singing Bowl","floor":42.0},{"not_picked":["FlurryOfBlows","Conclude","WreathOfFlame","CarveReality+1"],"picked":"Singing Bowl","floor":44.0},{"not_picked":["SashWhip+1","Evaluate","JustLucky","Worship+1"],"picked":"Singing Bowl","floor":45.0},{"not_picked":["PathToVictory","Crescendo+1","JustLucky+1","FlyingSleeves"],"picked":"Singing Bowl","floor":46},{"not_picked":["ThirdEye+1","CutThroughFate","Consecrate"],"picked":"Scrawl","floor":48},{"not_picked":["Consecrate","FollowUp","EmptyBody","SignatureMove"],"picked":"Singing Bowl","floor":55}],"player_experience":4540954,"relics_obtained":[{"floor":6.0,"key":"Mercury Hourglass"},{"floor":9.0,"key":"Singing Bowl"},{"floor":10.0,"key":"CeramicFish"},{"floor":13.0,"key":"Tiny Chest"},{"floor":22.0,"key":"Mummified Hand"},{"floor":23.0,"key":"Old Coin"},{"floor":25.0,"key":"MawBank"},{"floor":28.0,"key":"WingedGreaves"},{"floor":40.0,"key":"Toy Ornithopter"},{"floor":42.0,"key":"Question Card"},{"floor":43.0,"key":"Bronze Scales"},{"floor":48,"key":"Ornamental Fan"},{"floor":55,"key":"Strawberry"}],"event_choices":[{"cards_removed":["Defend_P"],"damage_healed":0.0,"max_hp_gain":0.0,"max_hp_loss":0.0,"gold_gain":0.0,"event_name":"Golden Wing","player_choice":"Card Removal","floor":2.0,"gold_loss":0.0,"damage_taken":7.0},{"damage_healed":0.0,"max_hp_gain":0.0,"max_hp_loss":0.0,"gold_gain":0.0,"event_name":"Accursed Blacksmith","player_choice":"Forge","floor":3.0,"gold_loss":0.0,"damage_taken":0.0,"cards_upgraded":["Eruption"]},{"damage_healed":0.0,"max_hp_gain":0.0,"max_hp_loss":0.0,"gold_gain":0.0,"event_name":"The Woman in Blue","player_choice":"Bought 0 Potions","floor":20.0,"gold_loss":0.0,"damage_taken":0.0}],"is_beta":false,"boss_relics":[{"not_picked":["Cursed Key","SacredBark"],"picked":"Coffee Dripper"},{"not_picked":["Snecko Eye","Velvet Choker","Busted Crown"]}],"items_purged_floors":[7,11,14,30,47],"is_endless":false,"potions_floor_spawned":[5,6,13,25,28,31,33,35,38,44,45,48,55],"ascension_level":20}}