{"host":"ockkdcgl3b18tfz9","time":1610725255,"event":{"mods":["2.2 Compatiblity","BaseMod","Better Skull","Better Third Choice","BetterRewards","Hermit","Minty Spire (QoL Compilation)","Quick Restart","Replay The Spire","Spicy Shops","StSLib","SuperFastMode","The Jungle"],"gold_per_floor":[117,117,192,211,50,93,93,133,160,211,229,270,270,270,285,285,285,405,405,419,51,75,75,174,215,215,275,275,327,327,10,47,87,87,109,109],"floor_reached":35,"language":"ENG","playtime":749,"items_purged":["Injury"],"score":603,"play_id":"b33fb3e2-88ed-40c6-9801-3d69c184d775","local_time":"20210115224055","is_ascension_mode":true,"campfire_choices":[{"floor":7.0,"key":"REST"},{"floor":13.0,"key":"REST"},{"floor":17.0,"key":"REST"},{"floor":26,"key":"REST"},{"floor":30,"key":"RECALL"},{"floor":34,"key":"REST"}],"circlet_count":0,"master_deck":["Strike_R","Strike_R","Strike_R","Strike_R","Strike_R","Defend_R","Defend_R","Defend_R","Defend_R","Bash","Flame Barrier","Thunderclap","Iron Wave","ReplayReversal","Fiend Fire","Inflame","Whirlwind","Power Through+1","Reaper","CurseOfTheBell","Flex","Immolate","Berserk","Seeing Red+1","Bloodletting"],"relics":["Burning Blood","Replay:Baseball","Replay:Towering Pillar of Hats","Bag of Marbles","Golden Idol","Lantern","Counterbalance","Potion Belt","Vajra","Singing Bowl","Calling Bell","Toy Ornithopter","Matryoshka","FossilizedHelix","OrangePellets","Replay:Bandana","Art of War","CeramicFish","Bag of Preparation","Regal Pillow","Shuriken"],"acts_visited":["Exordium","TheCity"],"potions_floor_usage":[27,27,33],"damage_taken":[{"damage":0.0,"enemies":"2 Louse","floor":1.0,"turns":2.0},{"damage":6.0,"enemies":"Cultist","floor":4.0,"turns":3.0},{"damage":27.0,"enemies":"Gremlin Nob","floor":6.0,"turns":4.0},{"damage":22.0,"enemies":"Lagavulin","floor":8.0,"turns":7.0},{"damage":7.0,"enemies":"Jaw Worm","floor":11.0,"turns":3.0},{"damage":25.0,"enemies":"Replay:BlueRogue","floor":12.0,"turns":5.0},{"damage":13.0,"enemies":"Large Slime","floor":15.0,"turns":6.0},{"damage":9.0,"enemies":"Slime Boss","floor":18.0,"turns":9.0},{"damage":16,"enemies":"Shell Parasite","floor":20,"turns":4},{"damage":0,"enemies":"Spheric Guardian","floor":22,"turns":3},{"damage":32,"enemies":"Gremlin Leader","floor":25,"turns":8},{"damage":13,"enemies":"Replay:Snechameleon","floor":27,"turns":6},{"damage":43,"enemies":"Gremlin Leader","floor":29,"turns":8},{"damage":14,"enemies":"Chosen and Byrds","floor":32,"turns":5},{"damage":23,"enemies":"Centurion and Healer","floor":33,"turns":5},{"damage":80,"enemies":"Pondfish","floor":35,"turns":7}],"seed_played":"-622511809089434549","potions_obtained":[{"floor":4.0,"key":"Energy Potion"},{"floor":15.0,"key":"Toxic Potion"},{"floor":18.0,"key":"Regen Potion"},{"floor":25,"key":"Weak Potion"},{"floor":29,"key":"Energy Potion"},{"floor":32,"key":"SneckoOil"}],"is_trial":false,"path_per_floor":["M","?","?","M","$","E","R","E","T","T","M","E","R","?","M","?","R","B",null,"M","$","M","?","?","E","R","E","T","E","R","$","M","M","R","B"],"character_chosen":"IRONCLAD","items_purchased":["Replay:Baseball","Replay:Towering Pillar of Hats","Bag of Marbles","Flame Barrier","Thunderclap","Fiend Fire","FossilizedHelix","OrangePellets","Immolate","Shuriken"],"campfire_rested":5,"item_purchase_floors":[0,0,0,0,0,5,21,21,21,31],"current_hp_per_floor":[60,60,52,52,52,31,55,39,39,39,38,19,43,43,38,38,62,59,76,66,66,74,74,74,59,84,86,86,63,63,63,55,57,88,8,8],"gold":109,"neow_bonus":"","is_daily":false,"chose_seed":false,"campfire_upgraded":0,"win_rate":0.0,"timestamp":1610725255,"path_taken":["M","?","?","?","$","E","R","E","T","T","?","E","R","?","M","?","R","BOSS","M","$","M","?","?","E","R","E","T","E","R","?","M","M","R","BOSS"],"items_purchased_type":["Relic","Relic","Relic","Card","Card","Card","Relic","Relic","Card","Relic"],"build_version":"2020-12-22","purchased_purges":1,"victory":false,"max_hp_per_floor":[80,80,80,80,80,80,80,80,80,80,80,80,80,80,82,82,82,82,82,82,82,84,84,84,86,86,86,86,88,88,88,88,88,88,88,88],"card_choices":[{"not_picked":["Anger","Rampage"],"picked":"Iron Wave","floor":1.0},{"not_picked":["Replay:Undeath\u0027s Touch","Clothesline"],"picked":"ReplayReversal","floor":4.0},{"not_picked":["Heavy Blade","Shrug It Off"],"picked":"Inflame","floor":6.0},{"not_picked":["Fire Breathing","Sword Boomerang","Warcry"],"picked":"SKIP","floor":8.0},{"not_picked":["Rage","ReplayTheSpireMod:Limb From Limb"],"picked":"Whirlwind","floor":11.0},{"not_picked":["Life Link","Run Through"],"picked":"Clothesline","floor":12.0},{"not_picked":["Havoc","Cleave","Shrug It Off"],"picked":"Singing Bowl","floor":15.0},{"not_picked":["Brutality","Eclipse"],"picked":"Reaper","floor":18.0},{"not_picked":["ReplayTheSpireMod:Strike From Hell","Spot Weakness+1"],"picked":"Flex","floor":20},{"not_picked":["Intimidate","Ghostly Armor+1","Searing Blow"],"picked":"Singing Bowl","floor":22},{"not_picked":["Rampage","Dropkick","Replay:Undeath\u0027s Touch+1"],"picked":"Singing Bowl","floor":25},{"not_picked":["Iron Wave","Replay:Many Hands"],"picked":"Berserk","floor":27},{"not_picked":["ReplayTheSpireMod:Limb From Limb","Anger","Hemokinesis"],"picked":"Singing Bowl","floor":29},{"not_picked":["Rage","Fire Breathing"],"picked":"Seeing Red+1","floor":32},{"not_picked":["Replay:Undeath\u0027s Touch","Warcry"],"picked":"Bloodletting","floor":33}],"player_experience":276093,"relics_obtained":[{"floor":6.0,"key":"Lantern"},{"floor":8.0,"key":"Counterbalance"},{"floor":9.0,"key":"Potion Belt"},{"floor":10.0,"key":"Vajra"},{"floor":12.0,"key":"Singing Bowl"},{"floor":19,"key":"Toy Ornithopter"},{"floor":19,"key":"Matryoshka"},{"floor":25,"key":"Replay:Bandana"},{"floor":27,"key":"Art of War"},{"floor":28,"key":"CeramicFish"},{"floor":28,"key":"Bag of Preparation"},{"floor":29,"key":"Regal Pillow"}],"event_choices":[{"damage_healed":0.0,"max_hp_gain":0.0,"max_hp_loss":0.0,"gold_gain":0.0,"event_name":"Golden Idol","player_choice":"Take Wound","floor":2.0,"gold_loss":0.0,"damage_taken":0.0,"relics_obtained":["Golden Idol"],"cards_obtained":["Injury"]},{"damage_healed":0.0,"max_hp_gain":0.0,"max_hp_loss":0.0,"gold_gain":75.0,"event_name":"FaceTrader","player_choice":"Touch","floor":3.0,"gold_loss":0.0,"damage_taken":8.0},{"damage_healed":0.0,"max_hp_gain":0.0,"max_hp_loss":0.0,"gold_gain":0.0,"event_name":"Golden Wing","player_choice":"Ignored","floor":16.0,"gold_loss":0.0,"damage_taken":0.0},{"damage_healed":0,"gold_gain":0,"player_choice":"Ignored","damage_taken":0,"max_hp_gain":0,"max_hp_loss":0,"event_name":"Vampires","floor":23,"gold_loss":0},{"damage_healed":0,"gold_gain":99,"player_choice":"Steal","damage_taken":0,"max_hp_gain":0,"max_hp_loss":0,"event_name":"betterThird:BetterNest","floor":24,"gold_loss":0}],"is_beta":false,"boss_relics":[{"not_picked":["Runic Pyramid","Replay:Fungal Core"],"picked":"Calling Bell"}],"items_purged_floors":[31],"is_endless":false,"potions_floor_spawned":[4,15,18,25,29,32],"killed_by":"Pondfish","ascension_level":8}}