{"host":"vyjryxuuuxkt43k4","time":1610727083,"event":{"mods":["AchievementEnabler","BaseMod","Colored Map","DeckTracker","Minty Spire (QoL Compilation)","Permanent Neow","Quick Restart","StSLib","SuperFastMode","everything is the same but u backflip on backflip"],"gold_per_floor":[111,129,145,145,157,157,157,157],"floor_reached":7,"language":"KOR","playtime":240,"items_purged":[],"score":47,"play_id":"6aad376d-33a8-4b20-8f98-bf8afae8b3e2","local_time":"20210116011123","is_ascension_mode":true,"campfire_choices":[{"data":"Fission","floor":6,"key":"SMITH"}],"circlet_count":0,"master_deck":["Strike_B","Strike_B","Strike_B","Defend_B","Defend_B+1","Defend_B","Zap","Dualcast","Fission+1","Seek+1","Coolheaded","Ball Lightning","Compile Driver"],"relics":["Cracked Core"],"acts_visited":["Exordium"],"potions_floor_usage":[7,7],"damage_taken":[{"damage":0,"enemies":"Small Slimes","floor":1,"turns":3},{"damage":8,"enemies":"2 Louse","floor":2,"turns":2},{"damage":0,"enemies":"Cultist","floor":3,"turns":4},{"damage":14,"enemies":"Large Slime","floor":5,"turns":5},{"damage":19,"enemies":"Lagavulin","floor":7,"turns":3}],"seed_played":"8863967590874746951","potions_obtained":[{"floor":2,"key":"ColorlessPotion"},{"floor":5,"key":"SteroidPotion"}],"is_trial":false,"path_per_floor":["M","M","M","?","M","R","E"],"character_chosen":"DEFECT","items_purchased":[],"campfire_rested":0,"item_purchase_floors":[],"current_hp_per_floor":[54,46,46,31,17,17,0,0],"gold":157,"neow_bonus":"TRANSFORM_TWO_CARDS","is_daily":false,"chose_seed":false,"campfire_upgraded":1,"win_rate":0.0,"timestamp":1610727083,"path_taken":["M","M","M","?","M","R","E"],"items_purchased_type":[],"build_version":"2020-12-22","purchased_purges":0,"victory":false,"max_hp_per_floor":[75,75,75,75,75,75,75,75],"card_choices":[{"not_picked":["Steam","Gash"],"picked":"Coolheaded","floor":1},{"not_picked":["Stack","Chaos"],"picked":"Ball Lightning","floor":2},{"not_picked":["Force Field","Stack","Beam Cell"],"picked":"SKIP","floor":3},{"not_picked":["Ball Lightning","Chaos"],"picked":"Compile Driver","floor":5}],"player_experience":341841,"relics_obtained":[],"event_choices":[{"damage_healed":0,"gold_gain":0,"player_choice":"Entered Light","damage_taken":15,"max_hp_gain":0,"max_hp_loss":0,"event_name":"Shining Light","floor":4,"gold_loss":0,"cards_upgraded":["Seek","Defend_B"]}],"is_beta":false,"boss_relics":[],"items_purged_floors":[],"is_endless":false,"potions_floor_spawned":[2,5],"killed_by":"Lagavulin","ascension_level":2}}