{"host":"13o02hya6v6rzuva","time":1610708507,"event":{"mods":["BaseMod","Minty Spire (QoL Compilation)","Relic Stats"],"gold_per_floor":[119,131,81,81,6,41,41,41,41],"floor_reached":8,"language":"ENG","playtime":310,"items_purged":["Defend_R"],"score":81,"play_id":"e4ae0593-312d-49e1-ac9a-a227e22b2340","local_time":"20210115120147","is_ascension_mode":true,"campfire_choices":[{"floor":7,"key":"REST"}],"circlet_count":0,"master_deck":["AscendersBane","Strike_R","Strike_R","Strike_R","Strike_R","Defend_R","Defend_R","Defend_R","Bash","Metamorphosis","Iron Wave","Inflame","Metallicize"],"relics":["Burning Blood","Gremlin Horn","Pantograph"],"acts_visited":["Exordium"],"potions_floor_usage":[6],"damage_taken":[{"damage":0,"enemies":"Small Slimes","floor":1,"turns":3},{"damage":7,"enemies":"Jaw Worm","floor":2,"turns":3},{"damage":19,"enemies":"Lagavulin","floor":6,"turns":6},{"damage":39,"enemies":"3 Sentries","floor":8,"turns":4}],"seed_played":"7532503586022175891","potions_obtained":[{"floor":2,"key":"Weak Potion"}],"is_trial":false,"path_per_floor":["M","M","?","?","$","E","R","E"],"character_chosen":"IRONCLAD","items_purchased":[],"campfire_rested":1,"item_purchase_floors":[],"current_hp_per_floor":[57,56,56,23,23,10,34,0,0],"gold":41,"neow_bonus":"RANDOM_COLORLESS_2","is_daily":false,"chose_seed":false,"campfire_upgraded":0,"win_rate":0.0,"timestamp":1610708507,"path_taken":["M","M","?","?","?","E","R","E"],"items_purchased_type":[],"build_version":"2020-12-22","purchased_purges":1,"victory":false,"max_hp_per_floor":[80,80,80,80,80,80,80,80,80],"relic_stats":{"Gremlin Horn":[1,1],"counters":[4,16],"Pantograph":0,"obtain_stats":[{"Gremlin Horn":4,"Pantograph":6,"Burning Blood":0},{"Gremlin Horn":2,"Pantograph":3,"Burning Blood":0},{"Gremlin Horn":6,"Pantograph":12,"Burning Blood":0}],"Burning Blood":18},"card_choices":[{"not_picked":["Thinking Ahead","Master of Strategy"],"picked":"Metamorphosis","floor":0},{"not_picked":["Infernal Blade","True Grit"],"picked":"Iron Wave","floor":1},{"not_picked":["Clothesline","Flame Barrier"],"picked":"Inflame","floor":2},{"not_picked":["Carnage","Uppercut"],"picked":"Metallicize","floor":6}],"player_experience":1125929,"relics_obtained":[{"floor":6,"key":"Pantograph"}],"event_choices":[{"cards_removed":["Strike_R"],"damage_healed":0,"gold_gain":0,"player_choice":"Card Removal","damage_taken":0,"max_hp_gain":0,"max_hp_loss":0,"event_name":"The Cleric","floor":3,"gold_loss":50},{"damage_healed":0,"gold_gain":0,"player_choice":"Success","damage_taken":33,"relics_obtained":["Gremlin Horn"],"max_hp_gain":0,"max_hp_loss":0,"event_name":"Scrap Ooze","floor":4,"gold_loss":0}],"is_beta":false,"boss_relics":[],"items_purged_floors":[5],"is_endless":false,"potions_floor_spawned":[2],"killed_by":"3 Sentries","ascension_level":10}}