{"host":"7xbu8gt067z192g2","time":1610691000,"event":{"mods":["BaseMod","Better Note","Colored Map","Colored Powertips","Googly Eyes","Highlight Path","Minty Spire (QoL Compilation)","Rare Cards Sparkle","Replay The Spire","StSLib","The Bladedancer","The Cursed","The Hierophant","The Valiant","The Wild Card"],"gold_per_floor":[112,148,161,173,98,127,127,158,158,158,158,158,6,57,57,173,173,203,224,224,255,170,170,180,180],"floor_reached":24,"language":"ENG","playtime":989,"items_purged":["Strike_G"],"score":233,"play_id":"42ae9bd3-0ffc-42ed-b461-2149981d53e2","local_time":"20210115011000","is_ascension_mode":true,"campfire_choices":[{"data":"ReplayTheSpireMod:Necrosis","floor":7.0,"key":"SMITH"},{"data":"Deadly Poison","floor":10.0,"key":"SMITH"},{"data":"Deadly Poison","floor":12.0,"key":"SMITH"},{"floor":15.0,"key":"REST"},{"floor":23,"key":"REST"}],"circlet_count":0,"master_deck":["Strike_G","Strike_G","Strike_G","Strike_G","Defend_G+1","Defend_G","Defend_G","Defend_G","Survivor","Neutralize","Dagger Spray","Deadly Poison+1","Deadly Poison+1","ReplayTheSpireMod:Necrosis+1","Dagger Spray","After Image","Poisoned Stab","Poison Darts"],"relics":["Ring of the Snake","Byrd Skull","StoneCalendar","Art of War","Eternal Feather","Replay:Bandana","TwistedFunnel","Replay:Accelerometer","Empty Cage","ReplayTheSpireMod:Lightbulb"],"acts_visited":["Exordium","TheCity"],"potions_floor_usage":[],"damage_taken":[{"damage":3.0,"enemies":"Jaw Worm","floor":1.0,"turns":7.0},{"damage":0.0,"enemies":"2 Louse","floor":3.0,"turns":2.0},{"damage":0.0,"enemies":"Cultist","floor":4.0,"turns":4.0},{"damage":17.0,"enemies":"Lagavulin","floor":6.0,"turns":6.0},{"damage":23.0,"enemies":"3 Sentries","floor":8.0,"turns":7.0},{"damage":34.0,"enemies":"Replay:BlueRogue","floor":14.0,"turns":5.0},{"damage":10.0,"enemies":"Slime Boss","floor":16.0,"turns":7.0},{"damage":9.0,"enemies":"Chosen","floor":18.0,"turns":5.0},{"damage":20.0,"enemies":"Spheric Guardian","floor":19.0,"turns":5.0},{"damage":30,"enemies":"Shelled Parasite and Fungi","floor":21,"turns":6},{"damage":31,"enemies":"Centurion and Healer","floor":24,"turns":4}],"seed_played":"6410711731935450212","potions_obtained":[{"floor":3.0,"key":"BlessingOfTheForge"},{"floor":6.0,"key":"PowerPotion"},{"floor":8.0,"key":"SkillPotion"},{"floor":18.0,"key":"Ancient Potion"}],"is_trial":false,"path_per_floor":["M","?","M","M","$","E","R","E","T","R","?","R","$","E","R","B",null,"M","M","?","M","?","R","M"],"character_chosen":"THE_SILENT","items_purchased":["TwistedFunnel"],"campfire_rested":2,"item_purchase_floors":[13],"current_hp_per_floor":[60,60,60,60,60,43,43,20,20,29,29,38,38,4,31,21,63,54,34,34,4,4,31,0,0],"gold":180,"neow_bonus":"ONE_RARE_RELIC","is_daily":false,"chose_seed":false,"campfire_upgraded":3,"win_rate":0.0,"timestamp":1610691000,"path_taken":["M","?","M","M","$","E","R","E","T","R","?","R","$","E","R","BOSS","M","M","?","M","?","R","M"],"items_purchased_type":["Relic"],"build_version":"2020-12-22","purchased_purges":1,"victory":false,"max_hp_per_floor":[63,63,63,63,63,63,63,63,63,63,63,63,63,63,63,63,63,63,63,63,63,63,63,63,63],"card_choices":[{"not_picked":["Acrobatics","Dagger Throw"],"picked":"Dagger Spray","floor":1.0},{"not_picked":["Dodge and Roll","Underhanded Strike"],"picked":"Deadly Poison","floor":2.0},{"not_picked":["Draining Mist","Backflip"],"picked":"Hidden Blade","floor":3.0},{"not_picked":["Underhanded Strike","Calculated Gamble"],"picked":"Deadly Poison","floor":4.0},{"not_picked":["PiercingWail","Cloak And Dagger"],"picked":"ReplayTheSpireMod:Necrosis","floor":6.0},{"not_picked":["Outmaneuver","Backflip"],"picked":"Dagger Spray","floor":8.0},{"not_picked":["Accuracy","Finisher","Sucker Punch"],"picked":"SKIP","floor":14.0},{"not_picked":["Malaise","A Thousand Cuts"],"picked":"After Image","floor":16.0},{"not_picked":["Acrobatics","Dodge and Roll"],"picked":"Poisoned Stab","floor":18.0},{"not_picked":["ReplayTheSpireMod:The Works","Hidden Blade","Outmaneuver"],"picked":"SKIP","floor":19.0},{"not_picked":["Acrobatics+1","Blade Dance","Flying Knee"],"picked":"SKIP","floor":21}],"player_experience":190050,"relics_obtained":[{"floor":2.0,"key":"StoneCalendar"},{"floor":6.0,"key":"Art of War"},{"floor":8.0,"key":"Eternal Feather"},{"floor":9.0,"key":"Replay:Bandana"},{"floor":14.0,"key":"Replay:Accelerometer"}],"event_choices":[{"damage_healed":0.0,"max_hp_gain":0.0,"max_hp_loss":0.0,"gold_gain":0.0,"event_name":"The Library","player_choice":"Read","floor":20.0,"gold_loss":0.0,"damage_taken":0.0,"cards_obtained":["Poison Darts"]},{"damage_healed":0,"gold_gain":0,"player_choice":"Obtained Relic","damage_taken":0,"relics_obtained":["ReplayTheSpireMod:Lightbulb"],"max_hp_gain":0,"max_hp_loss":0,"event_name":"Addict","floor":22,"gold_loss":85}],"is_beta":false,"boss_relics":[{"not_picked":["SacredBark","Abe\u0027s Treasure"],"picked":"Empty Cage"}],"items_purged_floors":[5],"is_endless":false,"potions_floor_spawned":[3,6,8,18],"killed_by":"Centurion and Healer","ascension_level":2}}