{"host":"zxkjcgzis4pm3za5","time":1610735282,"event":{"mods":["AchievementEnabler","Act Like it!","BaseMod","Colored Map","Colored Powertips","Friendly Minions","GifTheSpireLib","Minty Spire (QoL Compilation)","Quick Restart","RNG Fix","Random Character Button","Relic Sorter","Relic Stats","StSLib"],"gold_per_floor":[16,26,43,56,131,162,181,181,204,216,262,274,286,308,320,332,332],"floor_reached":16,"language":"ENG","playtime":871,"items_purged":[],"score":196,"play_id":"f077297f-7c41-4c41-b99b-50994f005e25","local_time":"20210115235802","is_ascension_mode":true,"campfire_choices":[{"data":"Hologram","floor":8,"key":"SMITH"},{"data":"Electrodynamics","floor":10,"key":"SMITH"},{"data":"Genetic Algorithm","floor":12,"key":"SMITH"},{"floor":15,"key":"REST"}],"circlet_count":0,"master_deck":["AscendersBane","Strike_B","Strike_B","Strike_B","Defend_B","Defend_B","Defend_B","Zap","Dualcast","Go for the Eyes","Leap","Electrodynamics+1","Sweeping Beam","Rebound","Hologram+1","Genetic Algorithm+1","FTL"],"relics":["Cracked Core","Vajra","MawBank","Blue Candle"],"acts_visited":["Exordium"],"potions_floor_usage":[7,11,11,16],"damage_taken":[{"damage":4,"enemies":"Small Slimes","floor":1,"turns":3},{"damage":1,"enemies":"Cultist","floor":2,"turns":3},{"damage":7,"enemies":"Jaw Worm","floor":3,"turns":3},{"damage":2,"enemies":"3 Louse","floor":4,"turns":3},{"damage":11,"enemies":"3 Sentries","floor":6,"turns":4},{"damage":0,"enemies":"2 Fungi Beasts","floor":7,"turns":3},{"damage":16,"enemies":"Gremlin Nob","floor":11,"turns":4},{"damage":8,"enemies":"Large Slime","floor":14,"turns":5},{"damage":25,"enemies":"The Guardian","floor":16,"turns":7}],"seed_played":"5668376899683412999","potions_obtained":[{"floor":4,"key":"Block Potion"},{"floor":7,"key":"EntropicBrew"},{"floor":14,"key":"Weak Potion"}],"is_trial":false,"path_per_floor":["M","M","M","M","?","E","M","R","T","R","E","R","?","M","R","B"],"character_chosen":"DEFECT","items_purchased":[],"campfire_rested":1,"item_purchase_floors":[],"current_hp_per_floor":[60,59,52,50,39,28,28,28,28,28,12,12,12,4,25,0,0],"gold":332,"neow_bonus":"REMOVE_TWO","is_daily":false,"chose_seed":false,"campfire_upgraded":3,"win_rate":0.0,"timestamp":1610735282,"path_taken":["M","M","M","M","?","E","?","R","T","R","E","R","?","M","R","BOSS"],"items_purchased_type":[],"build_version":"2020-12-22","purchased_purges":0,"victory":false,"max_hp_per_floor":[71,71,71,71,71,71,71,71,71,71,71,71,71,71,71,71,71],"relic_stats":{"counters":[9,35],"Blue Candle":[0],"MawBank":84,"obtain_stats":[{"Blue Candle":11,"Vajra":6,"Cracked Core":0,"MawBank":9},{"Blue Candle":7,"Vajra":5,"Cracked Core":0,"MawBank":6},{"Blue Candle":23,"Vajra":16,"Cracked Core":0,"MawBank":19}]},"card_choices":[{"not_picked":["Rebound","Stack"],"picked":"Go for the Eyes","floor":1},{"not_picked":["Loop","Barrage"],"picked":"Leap","floor":2},{"not_picked":["Cold Snap","Capacitor"],"picked":"Electrodynamics","floor":3},{"not_picked":["Steam","Rip and Tear"],"picked":"Sweeping Beam","floor":4},{"not_picked":["Sunder","Go for the Eyes"],"picked":"Rebound","floor":6},{"not_picked":["Go for the Eyes","Redo"],"picked":"Hologram","floor":7},{"not_picked":["Reprogram","Ball Lightning"],"picked":"Genetic Algorithm","floor":11},{"not_picked":["Barrage","Beam Cell"],"picked":"FTL","floor":14}],"player_experience":226894,"relics_obtained":[{"floor":6,"key":"Vajra"},{"floor":9,"key":"MawBank"},{"floor":11,"key":"Blue Candle"}],"event_choices":[{"damage_healed":0,"gold_gain":75,"player_choice":"Gather Gold","damage_taken":11,"max_hp_gain":0,"max_hp_loss":0,"event_name":"World of Goop","floor":5,"gold_loss":0},{"damage_healed":0,"gold_gain":0,"player_choice":"Ignored","damage_taken":0,"max_hp_gain":0,"max_hp_loss":0,"event_name":"Shining Light","floor":13,"gold_loss":0}],"is_beta":false,"boss_relics":[],"items_purged_floors":[],"is_endless":false,"potions_floor_spawned":[4,7,14],"killed_by":"The Guardian","ascension_level":15}}