{"host":"07e1k1rk6c4zn0bu","time":1610747261,"event":{"mods":["AchievementEnabler","BaseMod","Bestiary","Colored Map","Colored Powertips","DeckTracker","Minty Spire (QoL Compilation)","StSLib"],"gold_per_floor":[116,133,133,152,171,171,346,362,362,40,59,59,7,7,7,112,112,129,141,141,141],"floor_reached":20,"language":"ENG","playtime":986,"items_purged":[],"score":166,"play_id":"58efb90c-d330-4aa7-9538-ffe76f996b0f","local_time":"20210115164741","is_ascension_mode":false,"campfire_choices":[{"data":"Capacitor","floor":6,"key":"SMITH"},{"floor":12,"key":"REST"},{"floor":15,"key":"REST"}],"circlet_count":0,"master_deck":["Zap","Dualcast","Ball Lightning","Genetic Algorithm","Stack","Capacitor+1","Doubt","Rebound","Fusion","Hello World","Barrage","Ball Lightning","Steam Power","Machine Learning","Hello World","BootSequence","Rainbow","Gash","Defragment","Hologram","Compile Driver","Multi-Cast","Lockon+1","Melter+1"],"relics":["Cracked Core","Kunai","Bottled Lightning","Juzu Bracelet","Pandora\u0027s Box"],"acts_visited":["Exordium","TheCity"],"potions_floor_usage":[5,16],"damage_taken":[{"damage":7,"enemies":"Small Slimes","floor":1,"turns":3},{"damage":1,"enemies":"Cultist","floor":2,"turns":3},{"damage":7,"enemies":"Jaw Worm","floor":4,"turns":3},{"damage":10,"enemies":"Large Slime","floor":5,"turns":3},{"damage":23,"enemies":"Lots of Slimes","floor":8,"turns":5},{"damage":10,"enemies":"2 Fungi Beasts","floor":11,"turns":4},{"damage":49,"enemies":"The Guardian","floor":16,"turns":8},{"damage":37,"enemies":"Spheric Guardian","floor":18,"turns":5},{"damage":26,"enemies":"2 Thieves","floor":19,"turns":4},{"damage":16,"enemies":"Sentry and Sphere","floor":20,"turns":2}],"seed_played":"-3543575904095174016","potions_obtained":[{"floor":4,"key":"Explosive Potion"},{"floor":8,"key":"Fire Potion"}],"is_trial":false,"path_per_floor":["M","M","?","M","M","R","?","M","T","$","M","R","$","?","R","B",null,"M","M","M"],"character_chosen":"DEFECT","items_purchased":["Fusion","Juzu Bracelet","Hello World","Barrage","Ball Lightning"],"campfire_rested":2,"item_purchase_floors":[10,10,10,10,13],"current_hp_per_floor":[68,67,67,60,50,50,50,27,27,27,17,39,39,39,61,12,75,38,12,0,0],"gold":141,"neow_bonus":"THREE_CARDS","is_daily":false,"chose_seed":false,"campfire_upgraded":1,"win_rate":0.0,"timestamp":1610747261,"path_taken":["M","M","?","?","M","R","?","M","T","$","M","R","$","?","R","BOSS","M","M","M"],"items_purchased_type":["Card","Relic","Card","Card","Card"],"build_version":"2020-12-22","purchased_purges":0,"victory":false,"max_hp_per_floor":[75,75,75,75,75,75,75,75,75,75,75,75,75,75,75,75,75,75,75,75,75],"card_choices":[{"not_picked":["Gash","Streamline"],"picked":"Ball Lightning","floor":0},{"not_picked":["Streamline","Ball Lightning"],"picked":"Defragment","floor":1},{"not_picked":["Conserve Battery","Go for the Eyes"],"picked":"Genetic Algorithm","floor":2},{"not_picked":["Glacier","Reprogram"],"picked":"Stack","floor":4},{"not_picked":["Amplify","Conserve Battery"],"picked":"Capacitor","floor":5},{"not_picked":["Chill","Gash"],"picked":"Rebound","floor":8},{"not_picked":["Hello World","Force Field","Streamline"],"picked":"SKIP","floor":11},{"not_picked":["Seek","All For One"],"picked":"Machine Learning","floor":16},{"not_picked":["Ball Lightning+1","Beam Cell"],"picked":"Lockon+1","floor":18},{"not_picked":["Streamline","White Noise+1"],"picked":"Melter+1","floor":19}],"player_experience":50176,"relics_obtained":[{"floor":9,"key":"Bottled Lightning"}],"event_choices":[{"cards_removed":["Defragment"],"damage_healed":0,"gold_gain":0,"player_choice":"Gave Card","damage_taken":0,"relics_obtained":["Kunai"],"max_hp_gain":0,"max_hp_loss":0,"event_name":"WeMeetAgain","floor":3,"gold_loss":0},{"damage_healed":0,"gold_gain":175,"player_choice":"AGREE","damage_taken":0,"max_hp_gain":0,"max_hp_loss":0,"event_name":"Liars Game","floor":7,"gold_loss":0,"cards_obtained":["Doubt"]},{"damage_healed":0,"gold_gain":0,"player_choice":"1 cards matched","damage_taken":0,"max_hp_gain":0,"max_hp_loss":0,"event_name":"Match and Keep!","floor":14,"gold_loss":0,"cards_obtained":["Steam Power"]}],"is_beta":false,"boss_relics":[{"not_picked":["Cursed Key","Sozu"],"picked":"Pandora\u0027s Box"}],"items_purged_floors":[],"is_endless":false,"potions_floor_spawned":[4,8],"killed_by":"Sentry and Sphere","ascension_level":0}}