{"host":"ewfe3cr33ktd9xzj","time":1610690686,"event":{"mods":["AchievementEnabler","BaseMod","Colored Map","Custom Start","DeckTracker","Minty Spire (QoL Compilation)","Permanent Neow","Rare Cards Sparkle","StSLib","everything is the same but u backflip on backflip"],"gold_per_floor":[109,109,120,120,136,136,96,96,164,191,208,208,220,20,20,20,20],"floor_reached":16,"language":"KOR","playtime":389,"items_purged":[],"score":200,"play_id":"93fe68db-68a4-443b-82be-c0afc09a2218","local_time":"20210115150446","is_ascension_mode":true,"campfire_choices":[{"data":"Havoc","floor":6.0,"key":"SMITH"},{"data":"Combust","floor":8.0,"key":"SMITH"},{"floor":12.0,"key":"REST"},{"data":"Body Slam","floor":15.0,"key":"SMITH"}],"circlet_count":0,"master_deck":["AscendersBane","Strike_R","Strike_R","Strike_R","Strike_R","Defend_R","Defend_R","Defend_R","Defend_R","Bash","Rampage","True Grit","Havoc+1","Combust+1","True Grit","Body Slam+1","Dropkick"],"relics":["Burning Blood","Dead Branch","Singing Bowl","Membership Card"],"acts_visited":["Exordium"],"potions_floor_usage":[16],"damage_taken":[{"damage":6.0,"enemies":"Small Slimes","floor":1.0,"turns":3.0},{"damage":4.0,"enemies":"2 Louse","floor":3.0,"turns":3.0},{"damage":14.0,"enemies":"Jaw Worm","floor":5.0,"turns":5.0},{"damage":17.0,"enemies":"Lagavulin","floor":10.0,"turns":5.0},{"damage":15.0,"enemies":"Blue Slaver","floor":11.0,"turns":3.0},{"damage":2.0,"enemies":"Gremlin Gang","floor":13.0,"turns":2.0},{"damage":58,"enemies":"The Guardian","floor":16,"turns":9}],"seed_played":"4318873471617326290","potions_obtained":[{"floor":10.0,"key":"Ancient Potion"},{"floor":11.0,"key":"Explosive Potion"},{"floor":13.0,"key":"AttackPotion"}],"is_trial":false,"path_per_floor":["M","?","M","?","M","R","$","R","T","E","M","R","M","$","R","B"],"character_chosen":"IRONCLAD","items_purchased":["Combust","Membership Card","Dropkick"],"campfire_rested":1,"item_purchase_floors":[7,14,14],"current_hp_per_floor":[68,68,68,61,53,53,53,53,53,42,35,56,60,60,60,2,2],"gold":20,"neow_bonus":"ONE_RARE_RELIC","is_daily":false,"chose_seed":false,"campfire_upgraded":3,"win_rate":0.0,"timestamp":1610690686,"path_taken":["M","?","M","?","M","R","$","R","T","E","M","R","M","$","R","BOSS"],"items_purchased_type":["Card","Relic","Card"],"build_version":"2020-12-22","purchased_purges":0,"victory":false,"max_hp_per_floor":[68,68,68,68,68,68,68,68,68,68,70,70,70,70,70,70,70],"card_choices":[{"not_picked":["Armaments","Perfected Strike"],"picked":"Rampage","floor":1.0},{"not_picked":["Clothesline","Warcry"],"picked":"True Grit","floor":3.0},{"not_picked":["Demon Form","Clothesline"],"picked":"Havoc","floor":5.0},{"not_picked":["Clash","Anger"],"picked":"True Grit","floor":10.0},{"not_picked":["Havoc","Twin Strike","Anger"],"picked":"Singing Bowl","floor":11.0},{"not_picked":["Wild Strike","Ghostly Armor"],"picked":"Body Slam","floor":13.0}],"player_experience":36198,"relics_obtained":[{"floor":10.0,"key":"Singing Bowl"}],"event_choices":[{"damage_healed":0.0,"max_hp_gain":0.0,"max_hp_loss":0.0,"gold_gain":0.0,"event_name":"The Cleric","player_choice":"Leave","floor":2.0,"gold_loss":0.0,"damage_taken":0.0},{"cards_removed":["Strike_R"],"damage_healed":0.0,"max_hp_gain":0.0,"max_hp_loss":0.0,"gold_gain":0.0,"event_name":"Golden Wing","player_choice":"Card Removal","floor":4.0,"gold_loss":0.0,"damage_taken":7.0}],"is_beta":false,"boss_relics":[],"items_purged_floors":[],"is_endless":false,"potions_floor_spawned":[10,11,13],"killed_by":"The Guardian","ascension_level":20}}