{"host":"o5or1zybx7au40zl","time":1610724413,"event":{"mods":["Act Like it!","Aspiration","BaseMod","Better Third Choice","Conspire","Dota2Spire","GungeonMod","Halation","Hubris","Minty Spire (QoL Compilation)","Replay The Spire","StSLib","The Jungle","Yuri Mod","vexMod"],"gold_per_floor":[17,17,36,52,2,37,37,52,104,104,120,146,159,172,172,273,273,289,302,80,80,80,80,111,111,111,122,168,194,209,229,229,328,328,347,361,361,361,373,399,399,411,411,437,452,467,467,487,487,487,487],"floor_reached":50,"language":"ENG","playtime":1038,"items_purged":["Defend_R"],"score":683,"play_id":"878a1c5e-c69a-425e-bbf4-ff01552cada9","local_time":"20210115162653","is_ascension_mode":false,"campfire_choices":[{"floor":7,"key":"RECALL"},{"data":"Bash","floor":15,"key":"SMITH"},{"data":"Clothesline","floor":23,"key":"SMITH"},{"data":"Pummel","floor":25,"key":"SMITH"},{"data":"DemoMod:Casey","floor":32,"key":"SMITH"},{"floor":41,"key":"REST"},{"floor":47,"key":"REST"},{"data":"Heavy Blade","floor":49,"key":"SMITH"}],"circlet_count":0,"master_deck":["Strike_R","Strike_R","Strike_R","Strike_R","Strike_R","Defend_R","Bash+1","Immolate","Metallicize","Cleave","Clothesline+1","Twin Strike","Fiend Fire","Feel No Pain","Pummel","hubris:StunningStrike","Fire Breathing+1","Pummel+1","DemoMod:Casey+1","Berserk+1","Sword Boomerang+1","Iron Wave+1","Clothesline+1","Heavy Blade+1","Whirlwind+1"],"relics":["Burning Blood","halation:RedSoulGem","Akabeko","vexMod:BarristanHead","Replay:Bronze Core","Dota2Spire:ArcaneBoots","hubris:DisguiseKit","halation:AfternoonTea","hubris:ToyBattleship","Replay:Mystery Machine","Replay:Fungal Core","halation:StarCompass","Red Skull","Dota2Spire:PowerTreads","Vajra"],"acts_visited":["Exordium","Exordium","TheBeyond"],"potions_floor_usage":[12,40,42,50,50],"damage_taken":[{"damage":8,"enemies":"2 Louse","floor":1,"turns":2},{"damage":0,"enemies":"Small Slimes","floor":3,"turns":1},{"damage":2,"enemies":"Cultist","floor":4,"turns":3},{"damage":0,"enemies":"Gremlin Nob","floor":6,"turns":3},{"damage":0,"enemies":"Looter","floor":8,"turns":1},{"damage":0,"enemies":"Blue Slaver","floor":11,"turns":1},{"damage":0,"enemies":"Lagavulin","floor":12,"turns":2},{"damage":7,"enemies":"Red Slaver","floor":13,"turns":2},{"damage":0,"enemies":"2 Fungi Beasts","floor":14,"turns":2},{"damage":28,"enemies":"The Guardian","floor":16,"turns":5},{"damage":8,"enemies":"Shell Parasite","floor":18,"turns":2},{"damage":18,"enemies":"theJungle:Flameango_and_Byrd","floor":19,"turns":3},{"damage":0,"enemies":"theJungle:Cassacara","floor":24,"turns":2},{"damage":0,"enemies":"theJungle:2_Snecko_Cultists","floor":27,"turns":2},{"damage":0,"enemies":"theJungle:MamaSnecko","floor":29,"turns":3},{"damage":18,"enemies":"theJungle:2_Flameangoes","floor":30,"turns":3},{"damage":0,"enemies":"theJungle:Lyon","floor":31,"turns":1},{"damage":26,"enemies":"theJungle:FunGuy","floor":33,"turns":6},{"damage":0,"enemies":"3 Shapes","floor":35,"turns":1},{"damage":17,"enemies":"3 Darklings","floor":36,"turns":2},{"damage":47,"enemies":"4 Shapes","floor":39,"turns":3},{"damage":0,"enemies":"R_Hoarder","floor":40,"turns":4},{"damage":29,"enemies":"Jaw Worm Horde","floor":42,"turns":2},{"damage":10,"enemies":"Giant Head","floor":44,"turns":5},{"damage":3,"enemies":"Writhing Mass","floor":45,"turns":3},{"damage":3,"enemies":"3 Darklings","floor":46,"turns":3},{"damage":0,"enemies":"Spire Growth","floor":48,"turns":2},{"damage":109,"enemies":"conspire:OrnateMirror","floor":50,"turns":2}],"seed_played":"-6864204555754289691","potions_obtained":[{"floor":1,"key":"LifebloodPotion"},{"floor":3,"key":"Adrenaline Potion"},{"floor":6,"key":"Fire Potion"},{"floor":27,"key":"DuplicationPotion"},{"floor":40,"key":"BloodPotion"},{"floor":42,"key":"DistilledChaos"}],"is_trial":false,"path_per_floor":["M","?","M","M","?","E","R","M","T","?","M","E","M","M","R","B",null,"M","M","$","?","?","R","E","R","T","M","T","E","M","M","R","B",null,"M","M","?","?","M","E","R","M","T","E","M","M","R","M","R","B"],"character_chosen":"IRONCLAD","items_purchased":["Dota2Spire:ArcaneBoots"],"campfire_rested":2,"item_purchase_floors":[20],"current_hp_per_floor":[78,78,80,80,80,80,80,80,80,80,80,80,79,80,80,58,80,78,66,66,66,66,66,72,72,72,78,78,80,68,74,74,54,80,80,69,69,69,28,49,73,55,55,51,54,57,80,80,80,0,0],"gold":487,"neow_bonus":"THREE_RARE_CARDS","is_daily":false,"chose_seed":false,"campfire_upgraded":5,"win_rate":0.0,"timestamp":1610724413,"path_taken":["M","?","M","M","?","E","R","M","T","?","M","E","M","M","R","BOSS","M","M","$","?","?","R","E","R","T","M","?","E","M","M","R","BOSS","M","M","?","?","M","E","R","M","T","E","M","M","R","?","R","BOSS"],"items_purchased_type":["Relic"],"build_version":"2020-12-22","purchased_purges":1,"victory":false,"max_hp_per_floor":[80,80,80,80,80,80,80,80,80,80,80,80,80,80,80,80,80,80,80,80,80,80,80,80,80,80,80,80,80,80,80,80,80,80,80,80,80,80,80,80,80,80,80,80,80,80,80,80,80,80,80],"card_choices":[{"not_picked":["Replay:Many Hands","Impervious"],"picked":"Immolate","floor":0},{"not_picked":["Flex","Sword Boomerang"],"picked":"Metallicize","floor":1},{"not_picked":["Anger","Flex"],"picked":"Cleave","floor":3},{"not_picked":["conspire:Charge","ReplayTheSpireMod:Strike From Hell"],"picked":"Clothesline","floor":4},{"not_picked":["Brutality","Replay:Undeath\u0027s Touch"],"picked":"Twin Strike","floor":6},{"not_picked":["Flex","Seeing Red"],"picked":"Fiend Fire","floor":8},{"not_picked":["Clothesline","Thunderclap","Searing Blow"],"picked":"SKIP","floor":11},{"not_picked":["hubris:ReadiedAction","ReplayTheSpireMod:Muscle Training"],"picked":"Feel No Pain","floor":12},{"not_picked":["Second Wind","Rampage","Rupture"],"picked":"SKIP","floor":13},{"not_picked":["Inflame","Second Wind"],"picked":"Pummel","floor":14},{"not_picked":["Brutality","Double Tap"],"picked":"hubris:StunningStrike","floor":16},{"not_picked":["hubris:ReadiedAction","Armaments"],"picked":"Fire Breathing+1","floor":18},{"not_picked":["Battle Trance","ReplayTheSpireMod:Strike From Hell"],"picked":"Pummel","floor":19},{"not_picked":["Immolate","ReplayTheSpireMod:Muscle Training","Dropkick"],"picked":"SKIP","floor":24},{"not_picked":["Flex","Body Slam","Iron Wave","DemoMod:DoubleSwitch"],"picked":"SKIP","floor":27},{"not_picked":["Headbutt","Cleave","Hemokinesis","DemoMod:FastSwitch"],"picked":"SKIP","floor":29},{"not_picked":["Evolve","ReplayTheSpireMod:Corrosion Curse","Shrug It Off","DemoMod:Polaris"],"picked":"SKIP","floor":30},{"not_picked":["Armaments+1","Twin Strike","Feel No Pain"],"picked":"DemoMod:Casey","floor":31},{"not_picked":["Corruption","conspire:HitWhereItHurts","DemoMod:BulletBore"],"picked":"Berserk","floor":33},{"not_picked":["Carnage+1","Sword Boomerang","Havoc","DemoMod:GunstockTap"],"picked":"SKIP","floor":35},{"not_picked":["Rampage+1","Abandon","Combust","DemoMod:FeignSurrender"],"picked":"SKIP","floor":36},{"not_picked":["Anger","Clash+1","DemoMod:Unmoved"],"picked":"Sword Boomerang+1","floor":39},{"not_picked":["Fire Breathing","Corruption","Dual Wield","DemoMod:AbyssalTentacle"],"picked":"SKIP","floor":40},{"not_picked":["Bloodletting+1","Infernal Blade+1","DemoMod:AC15"],"picked":"Iron Wave+1","floor":42},{"not_picked":["ReplayTheSpireMod:Corrosion Curse+1","Armaments+1","DemoMod:Replace"],"picked":"Clothesline+1","floor":44},{"not_picked":["Dropkick","Clothesline","DemoMod:BoxingGlove"],"picked":"Heavy Blade","floor":45},{"not_picked":["Cleave","Abandon+1","DemoMod:ConditionalReflex"],"picked":"Whirlwind+1","floor":46},{"not_picked":["Sword Boomerang","Headbutt","Power Through","DemoMod:Unity"],"picked":"SKIP","floor":48}],"player_experience":966819,"relics_obtained":[{"floor":6,"key":"Akabeko"},{"floor":12,"key":"vexMod:BarristanHead"},{"floor":24,"key":"hubris:DisguiseKit"},{"floor":26,"key":"halation:AfternoonTea"},{"floor":28,"key":"hubris:ToyBattleship"},{"floor":29,"key":"Replay:Mystery Machine"},{"floor":40,"key":"Red Skull"},{"floor":43,"key":"Dota2Spire:PowerTreads"},{"floor":44,"key":"Vajra"}],"event_choices":[{"cards_removed":["Defend_R"],"damage_healed":0,"gold_gain":0,"player_choice":"Card Removal","damage_taken":0,"max_hp_gain":0,"max_hp_loss":0,"event_name":"The Cleric","floor":5,"gold_loss":50},{"cards_removed":["Defend_R"],"damage_healed":0,"gold_gain":0,"player_choice":"Offered Basic","damage_taken":0,"max_hp_gain":0,"max_hp_loss":0,"event_name":"Bonfire Elementals","floor":10,"gold_loss":0},{"damage_healed":0,"gold_gain":0,"player_choice":"Upgraded","damage_taken":0,"max_hp_gain":0,"max_hp_loss":0,"event_name":"Upgrade Shrine","floor":38,"gold_loss":0,"cards_upgraded":["Berserk"]}],"is_beta":false,"boss_relics":[{"not_picked":["aspiration:SilentSkillbook","Busted Crown"],"picked":"Replay:Bronze Core"},{"not_picked":["Snecko Eye","halation:PinkAlligatorPlush"],"picked":"Replay:Fungal Core"}],"items_purged_floors":[20],"is_endless":false,"potions_floor_spawned":[1,3,6,11,27,29,31,33,35,40,42,45,46],"killed_by":"conspire:OrnateMirror","ascension_level":0}}