{"host":"uy3vg6glkp8m6iit","time":1610703388,"event":{"mods":["AchievementEnabler","BaseMod","Colored Map","DeckTracker","Highlight Path","Keyboard Shortcuts","Minty Spire (QoL Compilation)","Quick Restart","Random Character Button","Rare Cards Sparkle","Relic Stats","StSLib","everything is the same but u backflip on backflip"],"gold_per_floor":[114,64,139,159,175,175,100,100,100,111,41,76,76,89,89,190,190,201,27,27,40,53,53,53,53],"floor_reached":24,"language":"KOR","playtime":880,"items_purged":["Strike_G","Distraction"],"score":314,"play_id":"41131d2c-4073-4f01-93a5-097eef97f40d","local_time":"20210115183628","is_ascension_mode":true,"campfire_choices":[{"data":"Dagger Spray","floor":6.0,"key":"SMITH"},{"data":"Deadly Poison","floor":8.0,"key":"SMITH"},{"floor":13.0,"key":"REST"},{"data":"Bouncing Flask","floor":15.0,"key":"SMITH"},{"data":"Malaise","floor":23,"key":"SMITH"}],"circlet_count":0,"master_deck":["AscendersBane","Strike_G","Defend_G","Defend_G","Defend_G","Defend_G","Survivor","Neutralize","Caltrops","Dagger Spray+1","Deadly Poison+1","Acrobatics","Dagger Throw","Bouncing Flask+1","Well Laid Plans","Malaise+1","Backflip","Corpse Explosion","Phantasmal Killer","PiercingWail"],"relics":["Ring of the Snake","Darkstone Periapt","HoveringKite"],"acts_visited":["Exordium","TheCity"],"potions_floor_usage":[22],"damage_taken":[{"damage":2.0,"enemies":"Small Slimes","floor":1.0,"turns":4.0},{"damage":0.0,"enemies":"Cultist","floor":4.0,"turns":5.0},{"damage":4.0,"enemies":"Jaw Worm","floor":5.0,"turns":4.0},{"damage":14.0,"enemies":"Lots of Slimes","floor":10.0,"turns":3.0},{"damage":17.0,"enemies":"Lagavulin","floor":12.0,"turns":5.0},{"damage":0.0,"enemies":"Looter","floor":14.0,"turns":4.0},{"damage":14.0,"enemies":"Hexaghost","floor":16.0,"turns":9.0},{"damage":4.0,"enemies":"Shell Parasite","floor":18.0,"turns":5.0},{"damage":11,"enemies":"3 Byrds","floor":21,"turns":3},{"damage":5,"enemies":"Cultist and Chosen","floor":22,"turns":4},{"damage":39,"enemies":"Gremlin Leader","floor":24,"turns":6}],"seed_played":"3604668099133652373","potions_obtained":[{"floor":12.0,"key":"DistilledChaos"}],"is_trial":false,"path_per_floor":["M","?","?","M","M","R","$","R","T","M","$","E","R","M","R","B",null,"M","$","?","M","M","R","E"],"character_chosen":"THE_SILENT","items_purchased":["Bouncing Flask","Corpse Explosion"],"campfire_rested":1,"item_purchase_floors":[11,19],"current_hp_per_floor":[61,61,55,55,51,51,51,51,51,37,37,20,38,38,38,24,53,49,49,49,38,33,33,0,0],"gold":53,"neow_bonus":"TRANSFORM_TWO_CARDS","is_daily":false,"chose_seed":false,"campfire_upgraded":4,"win_rate":0.0,"timestamp":1610703388,"path_taken":["M","?","?","?","?","R","$","R","T","M","$","E","R","M","R","BOSS","M","$","?","M","M","R","E"],"items_purchased_type":["Card","Card"],"build_version":"2020-12-22","purchased_purges":2,"victory":false,"max_hp_per_floor":[63,63,63,63,63,63,63,63,63,63,63,63,63,63,63,63,63,63,63,63,63,63,63,63,63],"relic_stats":{"Darkstone Periapt":0,"counters":[11,52],"HoveringKite":[12],"obtain_stats":[{"Darkstone Periapt":12,"HoveringKite":17,"Ring of the Snake":0},{"Darkstone Periapt":5,"HoveringKite":7,"Ring of the Snake":0},{"Darkstone Periapt":21,"HoveringKite":34,"Ring of the Snake":0}],"Ring of the Snake":[22]},"card_choices":[{"not_picked":["Cloak And Dagger","PiercingWail"],"picked":"Dagger Spray","floor":1.0},{"not_picked":["Blade Dance","Deflect"],"picked":"Deadly Poison","floor":4.0},{"not_picked":["Well Laid Plans","Sucker Punch"],"picked":"Acrobatics","floor":5.0},{"not_picked":["Quick Slash","Expertise"],"picked":"Dagger Throw","floor":10.0},{"not_picked":["Acrobatics","Escape Plan"],"picked":"Well Laid Plans","floor":12.0},{"not_picked":["Acrobatics","Underhanded Strike","Infinite Blades"],"picked":"SKIP","floor":14.0},{"not_picked":["After Image","Night Terror"],"picked":"Malaise","floor":16.0},{"not_picked":["Sucker Punch","Terror"],"picked":"Backflip","floor":18.0},{"not_picked":["Heel Hook","Deflect","Acrobatics"],"picked":"SKIP","floor":21},{"not_picked":["Heel Hook","Deflect","Acrobatics"],"picked":"SKIP","floor":21},{"not_picked":["Dagger Throw","Deadly Poison"],"picked":"PiercingWail","floor":22}],"player_experience":1477672,"relics_obtained":[{"floor":12.0,"key":"Darkstone Periapt"}],"event_choices":[{"cards_removed":["Strike_G"],"damage_healed":0.0,"max_hp_gain":0.0,"max_hp_loss":0.0,"gold_gain":0.0,"event_name":"The Cleric","player_choice":"Card Removal","floor":2.0,"gold_loss":50.0,"damage_taken":0.0},{"damage_healed":0.0,"max_hp_gain":0.0,"max_hp_loss":0.0,"gold_gain":75.0,"event_name":"FaceTrader","player_choice":"Touch","floor":3.0,"gold_loss":0.0,"damage_taken":6.0},{"damage_healed":0.0,"max_hp_gain":0.0,"max_hp_loss":0.0,"gold_gain":0.0,"cards_transformed":["Strike_G"],"event_name":"Transmorgrifier","player_choice":"Transformed","floor":20.0,"gold_loss":0.0,"damage_taken":0.0,"cards_obtained":["Phantasmal Killer"]}],"is_beta":false,"boss_relics":[{"not_picked":["Runic Pyramid","WristBlade"],"picked":"HoveringKite"}],"items_purged_floors":[7,19],"is_endless":false,"potions_floor_spawned":[12],"killed_by":"Gremlin Leader","ascension_level":12}}