{"host":"6hzrz31j95f2y1pa","time":1610670566,"event":{"mods":["BaseMod","Colored Map","Downfall","Minty Spire (QoL Compilation)","StSLib"],"gold_per_floor":[99,109,120,120,134,150,175,204,224,242,302,347,284,296,323,433,445,445,445,445,445,445,445,445,445,445,445,54,54,54,54,54,54,54,54,54,54,54,54,54,54,54,39,39,39,39,39,39,39,39,39,39,39,39,39],"floor_reached":56,"language":"ENG","playtime":2925,"items_purged":["Guardian:Strike_Guardian"],"score":1552,"play_id":"a5f66559-ce7c-44b2-8098-6d233eea5a7d","local_time":"20210114192926","is_ascension_mode":true,"campfire_choices":[{"data":"Guardian:CurlUp","floor":1.0,"key":"SMITH"},{"floor":13.0,"key":"REST"},{"floor":18.0,"key":"RECALL"},{"data":"Guardian:PrismaticBeam","floor":30,"key":"SMITH"},{"data":"Guardian:BronzeArmor","floor":35,"key":"SMITH"},{"data":"expansioncontent:Chronoboost","floor":54,"key":"SMITH"}],"circlet_count":0,"master_deck":["Guardian:Strike_Guardian","Guardian:Strike_Guardian","Guardian:Strike_Guardian+1","Guardian:Defend_Guardian","Guardian:Defend_Guardian","Guardian:Defend_Guardian","Guardian:CurlUp+1","Guardian:TwinSlam+1","Guardian:PolyBeam","Guardian:Reroute","Guardian:ChargeUp","Guardian:BronzeArmor+1","Guardian:GuardianWhirl","Guardian:RollAttack","Guardian:ChargeUp","Guardian:PrismaticBeam+1","Guardian:TemporalShield+1","Guardian:StasisEngine","Guardian:TimeSifter","Guardian:SentryBeam","Guardian:Orbwalk","Guardian:CrystalBeam+1","Guardian:ExploitGems","Guardian:EvasiveProtocol+1","Guardian:SpikerProtocol","expansioncontent:Chronoboost+1","Guardian:Gem_Cyan","Guardian:SentryBeam+1"],"relics":["Guardian:ModeShifterPlus","hexamod:BolsterEngine","Lantern","MawBank","Mango","downfall:HeartBlessingGreen","downfall:Hecktoplasm","Bag of Preparation","Vajra","Happy Flower","downfall:HeartBlessingBlue","downfall:HeartBlessingRed","Bottled Flame","TungstenRod","Whetstone","Oddly Smooth Stone","Orichalcum","Guardian:PickAxe"],"acts_visited":["Exordium","TheCity","TheBeyond","TheEnding"],"potions_floor_usage":[29,46,55],"damage_taken":[{"damage":1.0,"enemies":"Jaw Worm","floor":2.0,"turns":4.0},{"damage":0.0,"enemies":"Cultist","floor":3.0,"turns":3.0},{"damage":0.0,"enemies":"Small Slimes","floor":5.0,"turns":3.0},{"damage":7.0,"enemies":"2 Fungi Beasts","floor":6.0,"turns":4.0},{"damage":23.0,"enemies":"3 Sentries","floor":8.0,"turns":8.0},{"damage":1.0,"enemies":"Exordium Thugs","floor":9.0,"turns":5.0},{"damage":0.0,"enemies":"Blue Slaver","floor":10.0,"turns":3.0},{"damage":13.0,"enemies":"3 Sentries","floor":11.0,"turns":6.0},{"damage":14.0,"enemies":"Gremlin Nob","floor":12.0,"turns":3.0},{"damage":6.0,"enemies":"2 Fungi Beasts","floor":15.0,"turns":3.0},{"damage":20.0,"enemies":"downfall:Silent","floor":16.0,"turns":7.0},{"damage":0.0,"enemies":"Spheric Guardian","floor":19.0,"turns":3.0},{"damage":0.0,"enemies":"Chosen","floor":21.0,"turns":3.0},{"damage":10.0,"enemies":"Shelled Parasite and Fungi","floor":23.0,"turns":4.0},{"damage":0.0,"enemies":"Snecko","floor":25.0,"turns":3.0},{"damage":0.0,"enemies":"Centurion and Healer","floor":26.0,"turns":4.0},{"damage":12,"enemies":"Snake Plant","floor":27,"turns":3},{"damage":0,"enemies":"downfall:FleeingMerchant","floor":28,"turns":4},{"damage":10,"enemies":"Slavers","floor":29,"turns":5},{"damage":0,"enemies":"Gremlin Leader","floor":31,"turns":4},{"damage":0,"enemies":"Snecko","floor":32,"turns":2},{"damage":22,"enemies":"downfall:Watcher","floor":33,"turns":5},{"damage":0,"enemies":"3 Shapes","floor":36,"turns":2},{"damage":0,"enemies":"3 Darklings","floor":37,"turns":3},{"damage":24,"enemies":"2 Orb Walkers","floor":39,"turns":4},{"damage":11,"enemies":"Spire Growth","floor":40,"turns":3},{"damage":0,"enemies":"Giant Head","floor":42,"turns":5},{"damage":0,"enemies":"downfall:FleeingMerchant","floor":43,"turns":4},{"damage":0,"enemies":"Transient","floor":44,"turns":5},{"damage":0,"enemies":"Maw","floor":45,"turns":6},{"damage":0,"enemies":"Nemesis","floor":46,"turns":5},{"damage":0,"enemies":"3 Darklings","floor":47,"turns":4},{"damage":0,"enemies":"Writhing Mass","floor":49,"turns":5},{"damage":0,"enemies":"downfall:Defect","floor":50,"turns":5},{"damage":24,"enemies":"downfall:CharBossMerchant","floor":52,"turns":7},{"damage":44,"enemies":"downfall:NeowBoss","floor":55,"turns":13}],"seed_played":"-4803851949443080381","potions_obtained":[{"floor":2.0,"key":"Swift Potion"},{"floor":5.0,"key":"Swift Potion"},{"floor":8.0,"key":"Weak Potion"},{"floor":9.0,"key":"AttackPotion"},{"floor":15.0,"key":"Block Potion"},{"floor":19.0,"key":"SkillPotion"},{"floor":21.0,"key":"Strength Potion"},{"floor":26,"key":"SteroidPotion"},{"floor":32,"key":"Slimebound:ThreeZeroPotion"},{"floor":47,"key":"sneckomod:MuddlingPotion"},{"floor":49,"key":"BlessingOfTheForge"}],"is_trial":false,"path_per_floor":["R","M","M","?","M","M","T","E","M","M","?","E","R","?","M","B",null,"R","M","?","M","T","M","T","M","M","M","$","E","R","E","M","B",null,"R","M","M","?","?","M","T","E","$","M","M","E","M","$","M","B",null,"E","$","R","B",null],"character_chosen":"GUARDIAN","items_purchased":["Vajra","Guardian:SentryBeam","Guardian:Orbwalk"],"campfire_rested":1,"item_purchase_floors":[28,28,28],"current_hp_per_floor":[88,87,87,87,87,80,80,57,56,56,43,43,73,73,67,47,102,102,102,102,102,102,92,92,92,92,80,80,70,80,80,80,58,112,112,112,112,112,88,77,77,77,77,77,77,77,77,77,77,77,112,88,88,88,44],"gold":39,"neow_bonus":"TEN_PERCENT_HP_BONUS","is_daily":false,"chose_seed":false,"campfire_upgraded":4,"win_rate":0.0,"timestamp":1610670566,"path_taken":["R","M","M","?","?","M","T","E","M","M","?","E","R","?","M","BOSS","R","M","?","M","?","M","T","M","M","M","$","E","R","E","M","BOSS","R","M","M","?","?","M","T","E","?","?","M","E","M","$","M","BOSS","E","$","R","BOSS"],"items_purchased_type":["Relic","Card","Card"],"build_version":"2020-12-22","purchased_purges":1,"victory":true,"max_hp_per_floor":[88,88,88,88,88,88,88,88,88,88,88,102,102,102,102,102,102,102,102,102,102,102,102,102,102,102,102,102,102,112,112,112,112,112,112,112,112,112,112,112,112,112,112,112,112,112,112,112,112,112,112,112,112,112,112],"card_choices":[{"not_picked":["Guardian:RefractedBeam","Guardian:ShieldCharger"],"picked":"Guardian:PolyBeam","floor":2.0},{"not_picked":["Guardian:PrimingBeam","Guardian:RefractedBeam"],"picked":"Guardian:Gem_Crimson","floor":3.0},{"not_picked":["Guardian:Orbwalk","Guardian:VentSteam"],"picked":"Guardian:Reroute","floor":5.0},{"not_picked":["Guardian:RollAttack","Guardian:PolyBeam"],"picked":"Guardian:ChargeUp","floor":6.0},{"not_picked":["Guardian:Gem_Lightblue","Guardian:TemporalShield"],"picked":"Guardian:Gem_Red","floor":8.0},{"not_picked":["Guardian:ChargeUp","Guardian:ShieldSpikes"],"picked":"Guardian:BronzeArmor","floor":9.0},{"not_picked":["Guardian:VentSteam","Guardian:ArmoredProtocol"],"picked":"Guardian:GuardianWhirl","floor":10.0},{"not_picked":["Guardian:Emergency","Guardian:Gem_Lightblue"],"picked":"Guardian:RollAttack","floor":11.0},{"not_picked":["Guardian:Emergency","Guardian:Clone"],"picked":"Guardian:ChargeUp","floor":12.0},{"not_picked":["Guardian:SphericShield","Guardian:PrimingBeam"],"picked":"Guardian:Gem_Red","floor":15.0},{"not_picked":["Guardian:StasisField","Guardian:FierceBash"],"picked":"Guardian:Gem_Synthetic","floor":16.0},{"not_picked":["Guardian:Reroute","Guardian:Suspension+1"],"picked":"Guardian:PrismaticBeam","floor":19.0},{"not_picked":["Guardian:CrystalBeam","Guardian:Suspension"],"picked":"Guardian:TemporalShield+1","floor":21.0},{"not_picked":["Guardian:VentSteam","Guardian:Reroute"],"picked":"Guardian:StasisEngine","floor":23.0},{"not_picked":["Guardian:Suspension","Guardian:ArmoredProtocol","Guardian:PrimingBeam+1"],"picked":"SKIP","floor":25.0},{"not_picked":["Guardian:ChargeCore","Guardian:Emergency+1"],"picked":"Guardian:Gem_Red","floor":26},{"not_picked":["Guardian:ShieldCharger+1","Guardian:MultiBeam"],"picked":"Guardian:TimeSifter","floor":27},{"not_picked":["Guardian:FuturePlans","Guardian:GatlingBeam"],"picked":"Guardian:Gem_Red","floor":28},{"not_picked":["Guardian:ShieldCharger","Guardian:Reroute+1"],"picked":"Guardian:Gem_Red","floor":29},{"not_picked":["Guardian:CrystalBeam","Guardian:Preprogram+1"],"picked":"Guardian:Gem_Purple","floor":31},{"not_picked":["Guardian:Gem_Fragmented","Guardian:DecasProtection"],"picked":"Guardian:CrystalBeam+1","floor":32},{"not_picked":["Guardian:StasisEngine","Guardian:TimeSifter"],"picked":"Guardian:ExploitGems","floor":33},{"not_picked":["Guardian:TemporalStrike","Guardian:ShieldSpikes"],"picked":"Guardian:EvasiveProtocol+1","floor":36},{"not_picked":["Guardian:ShieldCharger","Guardian:ChargeUp+1"],"picked":"Guardian:SpikerProtocol","floor":37},{"not_picked":["expansioncontent:LastStand","expansioncontent:YouAreMine"],"picked":"expansioncontent:Chronoboost","floor":38},{"not_picked":["Guardian:VentSteam","Guardian:FuturePlans+1"],"picked":"Guardian:Gem_Cyan","floor":40},{"not_picked":["Guardian:VentSteam+1","Guardian:TimeSifter"],"picked":"Guardian:SentryBeam+1","floor":42},{"not_picked":["Guardian:TemporalShield","Guardian:Planning","Guardian:Gem_Green"],"picked":"SKIP","floor":43},{"not_picked":["Guardian:SentryBeam+1","Guardian:GuardianWhirl+1","Guardian:Incinerate+1"],"picked":"SKIP","floor":44},{"not_picked":["Guardian:Recover+1","Guardian:RollAttack+1","Guardian:ArmoredProtocol"],"picked":"SKIP","floor":45},{"not_picked":["Guardian:Recover+1","Guardian:RollAttack+1","Guardian:ArmoredProtocol"],"picked":"SKIP","floor":45},{"not_picked":["Guardian:Recover+1","Guardian:RollAttack+1","Guardian:ArmoredProtocol"],"picked":"SKIP","floor":45},{"not_picked":["Guardian:ShieldCharger+1","Guardian:Orbwalk","Guardian:Gem_Lightblue"],"picked":"SKIP","floor":46},{"not_picked":["Guardian:Suspension+1","Guardian:SphericShield","Guardian:WalkerClaw"],"picked":"SKIP","floor":47},{"not_picked":["Guardian:BronzeOrb+1","Guardian:GuardianWhirl"],"picked":"Guardian:Gem_Yellow","floor":49},{"not_picked":["Guardian:MultiBeam","Guardian:CrystalBeam","Guardian:Planning+1"],"picked":"SKIP","floor":52}],"player_experience":1327512,"relics_obtained":[{"floor":7.0,"key":"hexamod:BolsterEngine"},{"floor":8.0,"key":"Lantern"},{"floor":11.0,"key":"MawBank"},{"floor":12.0,"key":"Mango"},{"floor":22.0,"key":"Bag of Preparation"},{"floor":29,"key":"Happy Flower"},{"floor":31,"key":"Bottled Flame"},{"floor":39,"key":"TungstenRod"},{"floor":41,"key":"Whetstone"},{"floor":42,"key":"Oddly Smooth Stone"},{"floor":46,"key":"Orichalcum"},{"floor":52,"key":"Guardian:PickAxe"}],"event_choices":[{"damage_healed":0.0,"max_hp_gain":0.0,"max_hp_loss":0.0,"gold_gain":0.0,"cards_transformed":["Guardian:Defend_Guardian"],"event_name":"Living Wall","player_choice":"Change","floor":14.0,"gold_loss":0.0,"damage_taken":0.0,"cards_obtained":["Guardian:Gem_Fragmented"]},{"damage_healed":0,"gold_gain":0,"player_choice":"Fight","damage_taken":0,"max_hp_gain":0,"max_hp_loss":0,"event_name":"Mysterious Sphere","floor":39,"gold_loss":0}],"is_beta":false,"boss_relics":[{"not_picked":["Runic Dome","Philosopher\u0027s Stone"],"picked":"downfall:Hecktoplasm"},{"not_picked":["Calling Bell","Snecko Eye"],"picked":"Guardian:ModeShifterPlus"}],"items_purged_floors":[28],"is_endless":false,"potions_floor_spawned":[2,5,8,9,10,15,19,21,25,26,32,37,40,42,44,47,49,52],"ascension_level":3}}