{"host":"tq6qmx9nj4kgfpqr","time":1610754316,"event":{"mods":["AchievementEnabler","Bard","BaseMod","Bestiary","Better Match","Better Third Choice","ChefMod","Colored Map","Colored Powertips","Gremlin Skip","Hermit","Minty Spire (QoL Compilation)","Quarter Circle Forward PUNCH!","Quick Restart","READ ME - Guardian Mod","Somnambulant","StSLib","The Bladedancer","The Blue Laboratory","The Construct","The Cursed","The Juggle","The Poker Player","The Sage"],"gold_per_floor":[118,132,0,0,0,34,66,100,100,130,130,159,186,218,218,313,313,323,323,338,363,389,389,389,424,424,459,384,80,107,133,133,232,232,252,252,278,27,27,52,85,163,235,270,282,313,71,117,117,117],"floor_reached":51,"language":"ENG","playtime":3960,"items_purged":["blademaster:Thrust","blademaster:Safeguard"],"score":1562,"play_id":"6592521f-2345-46a4-9535-bfb24365f85a","local_time":"20210115184516","daily_mods":["SealedDeck","Colorless Cards","Time Dilation","Flight","DeadlyEvents","Elite Swarm"],"is_ascension_mode":false,"campfire_choices":[{"data":"blademaster:Empower","floor":11.0,"key":"SMITH"},{"floor":15.0,"key":"REST"},{"data":"Apotheosis","floor":23.0,"key":"SMITH"},{"data":"blademaster:Empower","floor":24.0,"key":"SMITH"},{"data":"Master of Strategy","floor":32.0,"key":"SMITH"},{"data":"Madness","floor":49.0,"key":"SMITH"}],"circlet_count":0,"master_deck":["blademaster:Vortex","blademaster:BrainBloom","Flash of Steel","Panacea","blademaster:Stability","blademaster:Slice","blademaster:DaggerAndCloak","blademaster:AspectOfWind","blademaster:AspectOfLightning","blademaster:ThunderSlash","Enlightenment","Apotheosis+1","blademaster:Empower+1","Master of Strategy+1","Sadistic Nature","blademaster:HighVoltage","blademaster:Empower+1","blademaster:Flash","blademaster:ThreePointStrike","Madness+1","blademaster:DaggerAndCloak","Apotheosis+1","Sadistic Nature","blademaster:EnchantedCuirass","blademaster:Blockade","blademaster:BrainBloom","Jack Of All Trades","Master of Strategy","Mayhem","Sadistic Nature","Swift Strike","Master of Strategy","Deep Breath","Secret Technique","Secret Weapon","Forethought+1","Master of Strategy","Madness+1","blademaster:Stability"],"relics":["blademaster:DancersAmulet"],"acts_visited":["Exordium","TheCity","TheBeyond"],"potions_floor_usage":[50,50,50],"damage_taken":[{"damage":3.0,"enemies":"Jaw Worm","floor":1.0,"turns":2.0},{"damage":2.0,"enemies":"2 Louse","floor":2.0,"turns":2.0},{"damage":9.0,"enemies":"3 Sentries","floor":6.0,"turns":3.0},{"damage":0.0,"enemies":"Gremlin Nob","floor":7.0,"turns":2.0},{"damage":12.0,"enemies":"Lagavulin","floor":8.0,"turns":3.0},{"damage":3.0,"enemies":"3 Sentries","floor":10.0,"turns":3.0},{"damage":0.0,"enemies":"Lagavulin","floor":12.0,"turns":2.0},{"damage":0.0,"enemies":"3 Sentries","floor":13.0,"turns":2.0},{"damage":0.0,"enemies":"Lagavulin","floor":14.0,"turns":1.0},{"damage":0.0,"enemies":"The Guardian","floor":16.0,"turns":1.0},{"damage":0.0,"enemies":"Chosen","floor":18.0,"turns":1.0},{"damage":0.0,"enemies":"2 Thieves","floor":20.0,"turns":1.0},{"damage":0.0,"enemies":"Gremlin Leader","floor":21.0,"turns":1.0},{"damage":0.0,"enemies":"Book of Stabbing","floor":25.0,"turns":1.0},{"damage":0.0,"enemies":"Gremlin Leader","floor":27.0,"turns":1.0},{"damage":0.0,"enemies":"Slavers","floor":30.0,"turns":1.0},{"damage":0.0,"enemies":"Book of Stabbing","floor":31.0,"turns":1.0},{"damage":0.0,"enemies":"Automaton","floor":33.0,"turns":1.0},{"damage":0.0,"enemies":"3 Shapes","floor":35.0,"turns":1.0},{"damage":0.0,"enemies":"Giant Head","floor":37.0,"turns":1.0},{"damage":0.0,"enemies":"Reptomancer","floor":40.0,"turns":1.0},{"damage":0.0,"enemies":"Nemesis","floor":41.0,"turns":1.0},{"damage":0.0,"enemies":"Giant Head","floor":44.0,"turns":1.0},{"damage":0.0,"enemies":"Orb Walker","floor":45.0,"turns":1.0},{"damage":0.0,"enemies":"Reptomancer","floor":46.0,"turns":1.0},{"damage":0,"enemies":"Time Eater","floor":50,"turns":3}],"seed_played":"-4745361885049818531","potions_obtained":[{"floor":6.0,"key":"Strength Potion"},{"floor":10.0,"key":"blueLaboratory:HorrorPotion"},{"floor":12.0,"key":"blueLaboratory:BottledHope"},{"floor":13.0,"key":"blueLaboratory:PyrophylliteBrew"},{"floor":27.0,"key":"blueLaboratory:StoneskinPotion"},{"floor":30.0,"key":"construct:ShiftPotion"},{"floor":31.0,"key":"construct:ShiftPotion"},{"floor":37.0,"key":"BlessingOfTheForge"},{"floor":40.0,"key":"blueLaboratory:FruitPunch"},{"floor":44.0,"key":"LiquidBronze"}],"is_trial":true,"path_per_floor":["M","M","?","?","?","E","E","E","T","E","R","E","E","E","R","B",null,"M","?","M","E","T","R","R","E","T","E","$","$","E","E","R","B",null,"M","?","E","$","?","E","E","T","T","E","M","E","$","T","R","B",null],"character_chosen":"THE_BLADEMASTER","items_purchased":["blademaster:Blockade","blademaster:BrainBloom","Jack Of All Trades","Sadistic Nature","Swift Strike","blueLaboratory:EnragingPotion","blueLaboratory:HorrorPotion","Madness","blademaster:Stability"],"campfire_rested":1,"item_purchase_floors":[29,29,29,38,38,47,47,47,47],"current_hp_per_floor":[72,70,76,81,81,72,72,60,60,57,57,57,57,57,82,82,86,86,86,86,86,86,86,86,86,86,86,86,86,86,86,86,86,86,86,86,86,86,76,76,78,78,78,84,88,88,88,88,88,88],"gold":117,"neow_bonus":"","is_daily":false,"chose_seed":false,"campfire_upgraded":5,"win_rate":0.0,"timestamp":1610754316,"path_taken":["M","M","?","?","?","E","E","E","T","E","R","E","E","E","R","BOSS","M","?","?","?","?","R","R","E","T","E","?","$","E","E","R","BOSS","M","?","?","$","?","E","E","?","T","?","?","?","$","?","R","BOSS"],"items_purchased_type":["Card","Card","Card","Card","Card","Potion","Potion","Card","Card"],"build_version":"2020-12-22","purchased_purges":2,"victory":true,"max_hp_per_floor":[75,75,81,86,86,86,86,86,86,86,86,86,86,86,86,86,86,86,86,86,86,86,86,86,86,86,86,86,86,86,86,86,86,86,86,86,86,86,86,86,88,88,88,88,88,88,88,88,88,88],"card_choices":[{"not_picked":["blademaster:Frontflip","blademaster:BladeMastery"],"picked":"blademaster:ThunderSlash","floor":1.0},{"not_picked":["blademaster:BloodyBlow","Blind"],"picked":"blademaster:Thrust","floor":2.0},{"not_picked":["blademaster:UnrelentingWind","blademaster:RagingBlow"],"picked":"blademaster:Empower","floor":6.0},{"not_picked":["HandOfGreed","Violence","Transmutation"],"picked":"SKIP","floor":7.0},{"not_picked":["blademaster:StanceMastery","Metamorphosis"],"picked":"Master of Strategy","floor":8.0},{"not_picked":["Transmutation","Secret Technique"],"picked":"Sadistic Nature","floor":10.0},{"not_picked":["Chrysalis","blademaster:StanceMastery"],"picked":"blademaster:HighVoltage","floor":12.0},{"not_picked":["blademaster:ThreePointStrike","Mayhem"],"picked":"blademaster:Empower","floor":13.0},{"not_picked":["blademaster:CloudOfSteel","blademaster:FlockOfBlades"],"picked":"blademaster:Flash","floor":14.0},{"not_picked":["Secret Weapon","blademaster:Blindside"],"picked":"blademaster:ThreePointStrike","floor":16.0},{"not_picked":["blademaster:AirSlash","blademaster:ThunderSlash"],"picked":"Madness+1","floor":18.0},{"not_picked":["Purity","blademaster:Frenzy"],"picked":"blademaster:AspectOfLightning","floor":20.0},{"not_picked":["blademaster:HighVoltage","blademaster:FlockOfBlades"],"picked":"Apotheosis","floor":21.0},{"not_picked":["Chrysalis","The Bomb"],"picked":"Sadistic Nature","floor":25.0},{"not_picked":["Panache","blademaster:RollingTyphoon"],"picked":"blademaster:EnchantedCuirass","floor":27.0},{"not_picked":["Chrysalis","blademaster:ColdBlood"],"picked":"Master of Strategy","floor":30.0},{"not_picked":["Violence","blademaster:RagingBlow","blademaster:CloudOfSteel"],"picked":"SKIP","floor":31.0},{"not_picked":["blademaster:DancingEdge","blademaster:BloodyBlow","blademaster:DragonStrike"],"picked":"SKIP","floor":35.0},{"not_picked":["Secret Weapon","blademaster:ColdBlood","blademaster:Flash"],"picked":"SKIP","floor":37.0},{"not_picked":["Good Instincts","Enlightenment"],"picked":"Master of Strategy","floor":39.0},{"not_picked":["Swift Strike","Chrysalis"],"picked":"Deep Breath","floor":39.0},{"not_picked":["Violence","Mind Blast"],"picked":"Secret Technique","floor":39.0},{"not_picked":["blademaster:Flash","blademaster:HighVoltage"],"picked":"Secret Weapon","floor":40.0},{"not_picked":["Transmutation","Mayhem","blademaster:ThreePointStrike"],"picked":"SKIP","floor":41.0},{"not_picked":["blademaster:ThreePointStrike","blademaster:Blindside","Thinking Ahead"],"picked":"SKIP","floor":44.0},{"not_picked":["blademaster:DragonStrike+1","blademaster:Reversal"],"picked":"Forethought+1","floor":45.0},{"not_picked":["Metamorphosis","Transmutation"],"picked":"Master of Strategy","floor":46.0}],"player_experience":216779,"relics_obtained":[{"floor":6.0,"key":"blademaster:ComboEveryTurnPerk"},{"floor":7.0,"key":"blademaster:StrongPerk"},{"floor":8.0,"key":"blademaster:RandomBladePerk"},{"floor":10.0,"key":"blademaster:FuryEveryTurnPerk"},{"floor":12.0,"key":"blademaster:BleedingLaceratePerk"},{"floor":13.0,"key":"blademaster:FinisherDrawCardPerk"},{"floor":14.0,"key":"blademaster:WindChargePerk"},{"floor":21.0,"key":"blademaster:OnAttackedChargePerk"},{"floor":25.0,"key":"blademaster:RandomStancePerk"},{"floor":27.0,"key":"blademaster:BleedingMoreDamagePerk"},{"floor":30.0,"key":"blademaster:BonusFuryPerk"},{"floor":31.0,"key":"blademaster:LightningChargePerk"},{"floor":37.0,"key":"blademaster:BonusComboPerk"},{"floor":40.0,"key":"blademaster:DextrousPerk"},{"floor":41.0,"key":"blademaster:StanceHealPerk"}],"event_choices":[{"damage_healed":0.0,"max_hp_gain":0.0,"max_hp_loss":0.0,"gold_gain":0.0,"event_name":"betterThird:BetterSerpent","player_choice":"RENOUNCE","floor":3.0,"gold_loss":132.0,"damage_taken":132.0,"cards_obtained":["Enlightenment"]},{"damage_healed":0.0,"max_hp_gain":5.0,"max_hp_loss":0.0,"gold_gain":0.0,"event_name":"Big Fish","player_choice":"Donut","floor":4.0,"gold_loss":0.0,"damage_taken":0.0},{"damage_healed":81.0,"max_hp_gain":0.0,"max_hp_loss":86.0,"gold_gain":0.0,"event_name":"betterThird:BetterShining","player_choice":"Embrace","floor":5.0,"gold_loss":0.0,"damage_taken":0.0},{"damage_healed":0.0,"max_hp_gain":0.0,"max_hp_loss":0.0,"gold_gain":0.0,"event_name":"The Library","player_choice":"Read","floor":19.0,"gold_loss":0.0,"damage_taken":0.0,"cards_obtained":["blademaster:DaggerAndCloak"]},{"damage_healed":0.0,"max_hp_gain":0.0,"max_hp_loss":0.0,"gold_gain":0.0,"cards_transformed":["blademaster:AspectOfLightning"],"event_name":"Transmorgrifier","player_choice":"Transformed","floor":36.0,"gold_loss":0.0,"damage_taken":0.0,"cards_obtained":["Mayhem"]},{"damage_healed":0.0,"max_hp_gain":0.0,"max_hp_loss":0.0,"gold_gain":0.0,"event_name":"SensoryStone","player_choice":"Memory 3","floor":39.0,"gold_loss":0.0,"damage_taken":10.0}],"is_beta":false,"boss_relics":[{"not_picked":["Snecko Eye","construct:WeddingRing","Empty Cage"]},{"not_picked":["qcfpunch:Crimson_Sash","qcfpunch:Dark_Gi","Tiny House"]}],"items_purged_floors":[28,29],"is_endless":false,"potions_floor_spawned":[6,10,12,13,14,27,30,31,37,40,44],"ascension_level":0}}