{"host":"f5gffvlv6a66yqkd","time":1610713816,"event":{"mods":["2.2 Compatiblity","Alarm Clock","BaseMod","Colored Map","Custom Start","DeckTracker","Keyboard Shortcuts","Minty Spire (QoL Compilation)","Permanent Neow","Quick Restart","Relic Stats","StSLib","SuperFastMode"],"gold_per_floor":[114,114,131,144,144,176,176,193,244,257,257,257,284,301,301,380,380,390,390,36,36,36,36,70,70,70,83,83,93,93,127,127,204,204,219,219,269,281,14,48,48,75,129,129,147,147,147,164,164,164,164,164,164,89,123,123],"floor_reached":57,"language":"KOR","playtime":3619,"items_purged":["Predator","Phantasmal Killer"],"score":2792,"play_id":"666ee11b-f66b-478f-8ef1-d0b2019a44c0","local_time":"20210115213016","is_ascension_mode":true,"campfire_choices":[{"floor":7.0,"key":"REST"},{"data":"Catalyst","floor":12.0,"key":"SMITH"},{"data":"Bouncing Flask","floor":15.0,"key":"SMITH"},{"data":"Venomology","floor":23.0,"key":"SMITH"},{"data":"Acrobatics","floor":30.0,"key":"SMITH"},{"data":"Acrobatics","floor":32.0,"key":"SMITH"},{"data":"Deflect","floor":41.0,"key":"SMITH"},{"data":"Heel Hook","floor":44.0,"key":"SMITH"},{"data":"Blur","floor":47.0,"key":"SMITH"},{"floor":49.0,"key":"RECALL"},{"data":"Escape Plan","floor":53.0,"key":"SMITH"}],"circlet_count":0,"master_deck":["AscendersBane","Survivor","Neutralize+1","Heel Hook+1","Bouncing Flask+1","PiercingWail+1","Catalyst+1","Acrobatics+1","Deflect+1","Venomology+1","Night Terror","Escape Plan+1","Doppelganger","Backstab","Blur+1","Acrobatics+1","Underhanded Strike","Concentrate+1","Calculated Gamble+1","Burst+1","Setup+1","Madness+1","Madness+1","Footwork"],"relics":["Ring of the Snake","Eternal Feather","Art of War","Blood Vial","Oddly Smooth Stone","Pandora\u0027s Box","Toxic Egg 2","MealTicket","Mercury Hourglass","Singing Bowl","SacredBark","Chemical X","Toy Ornithopter","Bronze Scales","Lantern"],"acts_visited":["Exordium","TheCity","TheBeyond","TheEnding"],"potions_floor_usage":[56],"damage_taken":[{"damage":2.0,"enemies":"Small Slimes","floor":1.0,"turns":3.0},{"damage":1.0,"enemies":"2 Louse","floor":3.0,"turns":3.0},{"damage":1.0,"enemies":"Jaw Worm","floor":4.0,"turns":3.0},{"damage":29.0,"enemies":"3 Sentries","floor":6.0,"turns":11.0},{"damage":23.0,"enemies":"Exordium Wildlife","floor":8.0,"turns":9.0},{"damage":1.0,"enemies":"3 Louse","floor":10.0,"turns":5.0},{"damage":3.0,"enemies":"Large Slime","floor":14.0,"turns":8.0},{"damage":11.0,"enemies":"The Guardian","floor":16.0,"turns":8.0},{"damage":16.0,"enemies":"Shell Parasite","floor":18.0,"turns":5.0},{"damage":0.0,"enemies":"Book of Stabbing","floor":24.0,"turns":4.0},{"damage":0.0,"enemies":"Spheric Guardian","floor":27.0,"turns":3.0},{"damage":10.0,"enemies":"Shelled Parasite and Fungi","floor":29.0,"turns":4.0},{"damage":0.0,"enemies":"Slavers","floor":31.0,"turns":2.0},{"damage":5.0,"enemies":"Collector","floor":33.0,"turns":7.0},{"damage":0.0,"enemies":"3 Darklings","floor":35.0,"turns":3.0},{"damage":21.0,"enemies":"3 Shapes","floor":38.0,"turns":5.0},{"damage":12.0,"enemies":"Nemesis","floor":40.0,"turns":5.0},{"damage":14.0,"enemies":"Reptomancer","floor":42.0,"turns":6.0},{"damage":5.0,"enemies":"Jaw Worm Horde","floor":45.0,"turns":4.0},{"damage":0.0,"enemies":"Transient","floor":48.0,"turns":3.0},{"damage":71.0,"enemies":"Awakened One","floor":50.0,"turns":11.0},{"damage":16.0,"enemies":"Time Eater","floor":51.0,"turns":5.0},{"damage":21.0,"enemies":"Shield and Spear","floor":55.0,"turns":7.0},{"damage":114,"enemies":"The Heart","floor":56,"turns":8}],"seed_played":"3673503184087352888","potions_obtained":[{"floor":1.0,"key":"Block Potion"},{"floor":8.0,"key":"Block Potion"},{"floor":10.0,"key":"Fire Potion"},{"floor":14.0,"key":"PowerPotion"},{"floor":27.0,"key":"Swift Potion"},{"floor":35.0,"key":"BlessingOfTheForge"},{"floor":48.0,"key":"AttackPotion"}],"is_trial":false,"path_per_floor":["M","?","M","M","?","E","R","M","T","M","?","R","T","M","R","B",null,"M","?","$","?","?","R","E","$","T","M","?","M","R","E","R","B",null,"M","?","?","M","$","E","R","E","T","R","M","?","R","M","R","B","B",null,"R","$","E","B",null],"character_chosen":"THE_SILENT","items_purchased":["Toxic Egg 2","Chemical X","Footwork"],"campfire_rested":1,"item_purchase_floors":[20,39,54],"current_hp_per_floor":[57,57,56,55,35,6,34,11,11,10,10,19,19,18,27,18,54,40,40,40,40,40,49,51,66,66,66,66,56,66,68,68,63,67,70,70,70,51,66,56,68,61,61,73,71,57,69,78,78,17,8,61,73,78,64,6],"gold":123,"neow_bonus":"ONE_RANDOM_RARE_CARD","is_daily":false,"chose_seed":false,"campfire_upgraded":9,"win_rate":0.0,"timestamp":1610713816,"path_taken":["M","?","M","M","?","E","R","M","T","?","?","R","?","M","R","BOSS","M","?","$","?","?","R","E","?","T","M","?","M","R","E","R","BOSS","M","?","?","M","$","E","R","E","T","R","?","?","R","M","R","BOSS","BOSS","R","$","E","BOSS"],"items_purchased_type":["Relic","Relic","Card"],"build_version":"2020-12-22","purchased_purges":2,"victory":true,"max_hp_per_floor":[66,66,66,66,66,66,66,66,66,66,66,66,66,66,66,66,66,66,66,66,66,66,66,66,66,66,66,66,66,66,68,68,68,68,70,70,70,72,72,72,72,74,74,74,76,76,76,78,78,78,78,78,78,78,80,80],"relic_stats":{"Singing Bowl":14,"counters":[24,132],"Eternal Feather":94,"Mercury Hourglass":[275],"Blood Vial":20,"Bronze Scales":[231],"Pandora\u0027s Box":["Night Terror","Escape Plan","Doppelganger","Backstab","Blur","Acrobatics","Underhanded Strike","Predator","Caltrops"],"MealTicket":35,"Art of War":[23],"Chemical X":[11],"obtain_stats":[{"Lantern":55,"Singing Bowl":31,"SacredBark":34,"Oddly Smooth Stone":13,"Eternal Feather":6,"Mercury Hourglass":26,"Blood Vial":11,"Bronze Scales":42,"Pandora\u0027s Box":17,"MealTicket":24,"Art of War":9,"Chemical X":39,"Toxic Egg 2":20,"Toy Ornithopter":40,"Ring of the Snake":0},{"Lantern":23,"Singing Bowl":13,"SacredBark":14,"Oddly Smooth Stone":6,"Eternal Feather":4,"Mercury Hourglass":10,"Blood Vial":6,"Bronze Scales":18,"Pandora\u0027s Box":8,"MealTicket":10,"Art of War":5,"Chemical X":16,"Toxic Egg 2":9,"Toy Ornithopter":17,"Ring of the Snake":0},{"Lantern":124,"Singing Bowl":68,"SacredBark":75,"Oddly Smooth Stone":34,"Eternal Feather":20,"Mercury Hourglass":59,"Blood Vial":34,"Bronze Scales":94,"Pandora\u0027s Box":50,"MealTicket":59,"Art of War":29,"Chemical X":83,"Toxic Egg 2":55,"Toy Ornithopter":88,"Ring of the Snake":0}],"Toy Ornithopter":33,"Ring of the Snake":[48]},"card_choices":[{"not_picked":["Blur","Distraction"],"picked":"Heel Hook","floor":1.0},{"not_picked":["Outmaneuver","Masterful Stab"],"picked":"PiercingWail","floor":3.0},{"not_picked":["Poisoned Stab","Deadly Poison"],"picked":"Catalyst","floor":4.0},{"not_picked":["Distraction","Quick Slash"],"picked":"Acrobatics","floor":6.0},{"not_picked":["Tools of the Trade","Accuracy","Setup"],"picked":"SKIP","floor":8.0},{"not_picked":["Sucker Punch","Calculated Gamble"],"picked":"Deflect","floor":10.0},{"not_picked":["All Out Attack","Predator","Prepared"],"picked":"SKIP","floor":14.0},{"not_picked":["Grand Finale","Phantasmal Killer"],"picked":"Venomology","floor":16.0},{"not_picked":["Expertise","Dodge and Roll","Bane"],"picked":"SKIP","floor":18.0},{"not_picked":["Distraction+1","Prepared+1"],"picked":"Concentrate+1","floor":24.0},{"not_picked":["Riddle With Holes","Deadly Poison+1"],"picked":"Calculated Gamble+1","floor":27.0},{"not_picked":["Leg Sweep+1","Deflect+1","Sucker Punch"],"picked":"SKIP","floor":29.0},{"not_picked":["Prepared+1","Blur+1","Crippling Poison+1"],"picked":"Singing Bowl","floor":31.0},{"not_picked":["Tools of the Trade","Doppelganger+1"],"picked":"Burst+1","floor":33.0},{"not_picked":["Underhanded Strike+1","Outmaneuver+1","Flying Knee"],"picked":"Singing Bowl","floor":35.0},{"not_picked":["Dodge and Roll+1","Outmaneuver+1","PiercingWail+1"],"picked":"Singing Bowl","floor":38.0},{"not_picked":["Prepared+1","Finisher"],"picked":"Setup+1","floor":40.0},{"not_picked":["Backstab","Escape Plan+1","Infinite Blades+1"],"picked":"Singing Bowl","floor":42.0},{"not_picked":["Prepared+1","Skewer+1","Riddle With Holes"],"picked":"Singing Bowl","floor":45.0},{"not_picked":["Deflect+1","Flying Knee","Sucker Punch"],"picked":"Singing Bowl","floor":48.0},{"not_picked":["Masterful Stab+1","Doppelganger+1","A Thousand Cuts"],"picked":"Singing Bowl","floor":55.0}],"player_experience":1560546,"relics_obtained":[{"floor":6.0,"key":"Eternal Feather"},{"floor":9.0,"key":"Art of War"},{"floor":13.0,"key":"Oddly Smooth Stone"},{"floor":24.0,"key":"MealTicket"},{"floor":26.0,"key":"Mercury Hourglass"},{"floor":31.0,"key":"Singing Bowl"},{"floor":40.0,"key":"Toy Ornithopter"},{"floor":42.0,"key":"Bronze Scales"},{"floor":55.0,"key":"Lantern"}],"event_choices":[{"damage_healed":0.0,"max_hp_gain":0.0,"max_hp_loss":0.0,"gold_gain":0.0,"cards_transformed":["Defend_G"],"event_name":"Living Wall","player_choice":"Change","floor":2.0,"gold_loss":0.0,"damage_taken":0.0,"cards_obtained":["Bouncing Flask"]},{"damage_healed":0.0,"max_hp_gain":0.0,"max_hp_loss":0.0,"gold_gain":0.0,"event_name":"Shining Light","player_choice":"Entered Light","floor":5.0,"gold_loss":0.0,"damage_taken":20.0,"cards_upgraded":["Neutralize","PiercingWail"]},{"damage_healed":0.0,"max_hp_gain":0.0,"max_hp_loss":0.0,"gold_gain":0.0,"event_name":"Dead Adventurer","player_choice":"Searched \u00271\u0027 times","floor":11.0,"gold_loss":0.0,"damage_taken":0.0,"relics_obtained":["Blood Vial"]},{"damage_healed":0.0,"max_hp_gain":0.0,"max_hp_loss":0.0,"gold_gain":0.0,"event_name":"Ghosts","player_choice":"Ignored","floor":19.0,"gold_loss":0.0,"damage_taken":0.0},{"damage_healed":0.0,"max_hp_gain":0.0,"max_hp_loss":0.0,"gold_gain":0.0,"event_name":"Cursed Tome","player_choice":"Ignored","floor":21.0,"gold_loss":0.0,"damage_taken":0.0},{"damage_healed":0.0,"max_hp_gain":0.0,"max_hp_loss":0.0,"gold_gain":0.0,"event_name":"Vampires","player_choice":"Ignored","floor":22.0,"gold_loss":0.0,"damage_taken":0.0},{"damage_healed":0.0,"max_hp_gain":0.0,"max_hp_loss":0.0,"gold_gain":0.0,"event_name":"The Mausoleum","player_choice":"Ignored","floor":28.0,"gold_loss":0.0,"damage_taken":0.0},{"cards_removed":["Caltrops"],"damage_healed":0.0,"max_hp_gain":0.0,"max_hp_loss":0.0,"gold_gain":0.0,"event_name":"Falling","player_choice":"Removed Power","floor":36.0,"gold_loss":0.0,"damage_taken":0.0},{"damage_healed":0.0,"max_hp_gain":0.0,"max_hp_loss":0.0,"gold_gain":50.0,"event_name":"Golden Shrine","player_choice":"Pray","floor":37.0,"gold_loss":0.0,"damage_taken":0.0},{"damage_healed":0.0,"max_hp_gain":0.0,"max_hp_loss":0.0,"gold_gain":0.0,"event_name":"Winding Halls","player_choice":"Embrace Madness","floor":46.0,"gold_loss":0.0,"damage_taken":14.0,"cards_obtained":["Madness","Madness"]}],"is_beta":false,"boss_relics":[{"not_picked":["Ectoplasm","WristBlade"],"picked":"Pandora\u0027s Box"},{"not_picked":["Philosopher\u0027s Stone","Calling Bell"],"picked":"SacredBark"}],"items_purged_floors":[20,39],"is_endless":false,"potions_floor_spawned":[1,8,10,14,18,27,35,45,48],"ascension_level":20}}