{"host":"guwca93h2ke9l2g3","time":1610692417,"event":{"mods":["100% Spire Juice","2.2 Compatiblity","Act Like it!","Arknights The Spire","Aspiration","BaseMod","Better Skull","ChefMod","Colored Powertips","Conspire","Dark Map","Downfall","Fox Events","GungeonMod","Halation","Hallownest","HololiveMod","Hubris","Infinite Spire","Lobotomy","LobotomyExtend","Marked Mod","Minty Spire (QoL Compilation)","Permanent Neow","Potionbrewer","Prisma Mod","Quick Restart","Relic Sorter","Relic Stats","Replay The Spire","Robot Space Explorer","Shade Mod","Spicy Shops","StSLib","The Alterego","The Animator","The Bug Knight","The Cursed","The Marked","The Mystic","The Necromancer","The Poker Player","TheVacant","TheWitcher","Waifu the Spire","WarShipGirlsR/????R mod","Yakumo Yukari mod","Yuri Mod","vexMod"],"gold_per_floor":[110,125,139,24,35,35,52,52,52,69,69,87,120,139,139,240,240,253,253,253,283,57,57,69,95,95,95,110,120,139,155,175,175,175,175,175],"floor_reached":35,"language":"ENG","playtime":1929,"items_purged":["DemoMod:Strike_Huntress","DemoMod:Defend_Huntress"],"score":481,"play_id":"58695dd3-d470-4cfc-abcf-8b8e1415070d","local_time":"20210115003337","is_ascension_mode":true,"campfire_choices":[{"data":"DemoMod:Polaris","floor":6.0,"key":"SMITH"},{"data":"DemoMod:TeaPot","floor":8.0,"key":"SMITH"},{"floor":11.0,"key":"RECALL"},{"data":"DemoMod:ManualReload","floor":15.0,"key":"SMITH"},{"data":"hubris:InfiniteBlow","floor":23.0,"key":"SMITH"},{"data":"DemoMod:Roll","floor":27.0,"key":"SMITH"},{"data":"hubris:InfiniteBlow+1","floor":33.0,"key":"SMITH"}],"circlet_count":0,"master_deck":["DemoMod:Strike_Huntress+1","DemoMod:Defend_Huntress","DemoMod:Defend_Huntress","DemoMod:Defend_Huntress","DemoMod:Roll+1","DemoMod:ManualReload+1","DemoMod:RustySidearm","DemoMod:CrossBow+1","DemoMod:TeaPot+1","DemoMod:Polaris+1","DemoMod:Evolver","DemoMod:StrategicReserve","hubris:InfiniteBlow+2"],"relics":["halation:SimulatedSpire","LetterFromLob","Whetstone","conspire:SeveredTorchhead","hubris:Potato","hubris:VirtuousBlindfold","Shade:YorickSkull","Onion Ring","DemoMod:MeatBun","DemoMod:GreenGuonStone"],"acts_visited":["Exordium","TheCity","TheCity"],"potions_floor_usage":[],"damage_taken":[{"damage":0.0,"enemies":"Cultist","floor":1.0,"turns":4.0},{"damage":7.0,"enemies":"2 Louse","floor":2.0,"turns":3.0},{"damage":0.0,"enemies":"Jaw Worm","floor":3.0,"turns":3.0},{"damage":20.0,"enemies":"Exordium Wildlife","floor":5.0,"turns":5.0},{"damage":13.0,"enemies":"3 Louse","floor":7.0,"turns":4.0},{"damage":0.0,"enemies":"Red Slaver","floor":10.0,"turns":1.0},{"damage":2.0,"enemies":"Blue Slaver","floor":12.0,"turns":2.0},{"damage":0.0,"enemies":"Gremlin Nob","floor":13.0,"turns":2.0},{"damage":6.0,"enemies":"Lots of Slimes","floor":14.0,"turns":2.0},{"damage":0.0,"enemies":"Slime Boss","floor":16.0,"turns":5.0},{"damage":0.0,"enemies":"Chosen","floor":18.0,"turns":1.0},{"damage":0.0,"enemies":"conspire:MimicChest","floor":21.0,"turns":2.0},{"damage":0.0,"enemies":"3 Byrds","floor":24.0,"turns":3.0},{"damage":0.0,"enemies":"Book of Stabbing","floor":25.0,"turns":1.0},{"damage":0.0,"enemies":"DemoMod:Veteran_shot_gun_kin_and_red_shotgun_kin","floor":28.0,"turns":1.0},{"damage":0.0,"enemies":"DemoMod:4_Bullet_Kins_with_one_veteran","floor":29.0,"turns":2.0},{"damage":0.0,"enemies":"DemoMod:Veteran_shot_gun_kin_and_red_shotgun_kin_with_gunsinger","floor":30.0,"turns":1.0},{"damage":0.0,"enemies":"DemoMod:Red_and_blue_shotgun_kin_with_gunsinger","floor":31.0,"turns":1.0},{"damage":0.0,"enemies":"DemoMod:Veteran_shot_gun_kin_and_blue_shotgun_kin_with_gunsinger","floor":32.0,"turns":2.0},{"damage":81,"enemies":"DemoMod:ResourcefulRat","floor":35,"turns":4}],"seed_played":"409529312658929415","potions_obtained":[{"floor":1.0,"key":"potionbrewer:CleansingPotion"},{"floor":7.0,"key":"potionbrewer:BoundlessPotion"},{"floor":12.0,"key":"potionbrewer:BoundlessPotion"},{"floor":14.0,"key":"SteroidPotion"},{"floor":21.0,"key":"potionbrewer:CleansingPotion"},{"floor":29.0,"key":"potionbrewer:NoxiousPotion"},{"floor":30.0,"key":"Elixir"}],"is_trial":false,"path_per_floor":["M","M","M","$","M","R","M","R","T","M","R","M","E","M","R","B",null,"M","AVR","?","?","$","R","M","E","T","R","M","M","M","M","M","R","B","B"],"character_chosen":"HUNTRESS","items_purchased":["DemoMod:GnawedKey","DemoMod:MeatBun"],"campfire_rested":0,"item_purchase_floors":[4,22],"current_hp_per_floor":[70,63,63,63,43,43,30,30,30,30,30,28,28,22,22,22,58,58,58,58,58,70,70,70,70,70,70,70,70,70,70,70,70,70,0,0],"gold":175,"neow_bonus":"SIMULATED_SPIRE","is_daily":false,"chose_seed":false,"campfire_upgraded":6,"win_rate":0.0,"timestamp":1610692417,"path_taken":["M","M","M","$","M","R","M","R","T","M","R","M","E","?","R","BOSS","M","AVR","?","?","?","R","M","E","T","R","M","M","M","M","M","R","BOSS","BOSS"],"items_purchased_type":["Relic","Relic"],"build_version":"2020-12-22","purchased_purges":2,"victory":false,"max_hp_per_floor":[70,70,70,70,70,70,70,70,70,70,70,70,70,70,70,70,70,70,70,70,70,70,70,70,70,70,70,70,70,70,70,70,70,70,70,70],"relic_stats":{"counters":[21,51],"Whetstone":["DemoMod:Strike_Huntress","DemoMod:CrossBow"],"obtain_stats":[{"DemoMod:GreenGuonStone":25,"DemoMod:Dog":0,"Shade:YorickSkull":20,"hubris:VirtuousBlindfold":19,"DemoMod:GlassGuonStoneRelic":1,"Whetstone":13,"conspire:SeveredTorchhead":17,"DemoMod:MeatBun":22,"halation:SimulatedSpire":0,"Onion Ring":21,"LetterFromLob":1,"DemoMod:GnawedKey":4,"hubris:Potato":19},{"DemoMod:GreenGuonStone":14,"DemoMod:Dog":0,"Shade:YorickSkull":11,"hubris:VirtuousBlindfold":11,"DemoMod:GlassGuonStoneRelic":1,"Whetstone":8,"conspire:SeveredTorchhead":10,"DemoMod:MeatBun":12,"halation:SimulatedSpire":0,"Onion Ring":12,"LetterFromLob":1,"DemoMod:GnawedKey":3,"hubris:Potato":11},{"DemoMod:GreenGuonStone":38,"DemoMod:Dog":0,"Shade:YorickSkull":32,"hubris:VirtuousBlindfold":32,"DemoMod:GlassGuonStoneRelic":4,"Whetstone":24,"conspire:SeveredTorchhead":31,"DemoMod:MeatBun":34,"halation:SimulatedSpire":0,"Onion Ring":34,"LetterFromLob":4,"DemoMod:GnawedKey":10,"hubris:Potato":32}]},"card_choices":[{"not_picked":["DemoMod:DoubleSwitch","DemoMod:ConditionalReflex"],"picked":"DemoMod:TeaPot","floor":1.0},{"not_picked":["DemoMod:ProbeStrike","DemoMod:Unmoved","DemoMod:Ejector"],"picked":"SKIP","floor":1.0},{"not_picked":["DemoMod:JK47","DemoMod:Casey","DemoMod:Replace"],"picked":"SKIP","floor":2.0},{"not_picked":["DemoMod:Polaris","DemoMod:DarkMarker","DemoMod:Unmoved"],"picked":"SKIP","floor":2.0},{"not_picked":["DemoMod:SkilledReload","DemoMod:Unmoved"],"picked":"DemoMod:Polaris","floor":3.0},{"not_picked":["DemoMod:PotionOfGunFriendShip","DemoMod:JK47","DemoMod:GunstockTap"],"picked":"SKIP","floor":3.0},{"not_picked":["DemoMod:SniperShot","DemoMod:RadGun","DemoMod:Camera"],"picked":"SKIP","floor":5.0},{"not_picked":["DemoMod:PracticeMakesPerfect","DemoMod:GunShield","DemoMod:Unmoved"],"picked":"SKIP","floor":5.0},{"not_picked":["DemoMod:HardPowerCard","DemoMod:StickyCrossBow"],"picked":"DemoMod:Evolver","floor":7.0},{"not_picked":["DemoMod:PotionOfGunFriendShip","DemoMod:ThirdPartyController","DemoMod:FastSwitch"],"picked":"SKIP","floor":7.0},{"not_picked":["DemoMod:MachoBrace","DemoMod:Ejector"],"picked":"DemoMod:StrategicReserve","floor":10.0},{"not_picked":["DemoMod:FortunesFavor","DemoMod:SAA","DemoMod:AC15"],"picked":"SKIP","floor":10.0},{"not_picked":["DemoMod:FastSwitch","DemoMod:TeaPot","DemoMod:ChanceBullets"],"picked":"SKIP","floor":12.0},{"not_picked":["DemoMod:HungryBullets","DemoMod:BoxingGlove","DemoMod:PracticeMakesPerfect"],"picked":"SKIP","floor":12.0},{"not_picked":["DemoMod:AC15","DemoMod:AWP","DemoMod:SpreadAmmo"],"picked":"SKIP","floor":13.0},{"not_picked":["DemoMod:StickyCrossBow","DemoMod:FastSwitch","DemoMod:MegaHand"],"picked":"SKIP","floor":13.0},{"not_picked":["DemoMod:Ejector","DemoMod:CombinedRifle","DemoMod:TeaPot"],"picked":"SKIP","floor":14.0},{"not_picked":["DemoMod:Camera","DemoMod:TripleGun","DemoMod:SpreadAmmo"],"picked":"SKIP","floor":14.0},{"not_picked":["DemoMod:Evolver","DemoMod:BoxingGlove","DemoMod:FortunesFavor"],"picked":"SKIP","floor":18.0},{"not_picked":["DemoMod:HardPowerCard","DemoMod:JK47+1","DemoMod:AbyssalTentacle"],"picked":"SKIP","floor":18.0},{"not_picked":["DemoMod:ShadowBullets","DemoMod:DoubleSwitch","DemoMod:AC15"],"picked":"SKIP","floor":24.0},{"not_picked":["DemoMod:AWP","DemoMod:Casey","DemoMod:ProbeStrike"],"picked":"SKIP","floor":24.0},{"not_picked":["DemoMod:SpreadAmmo","DemoMod:ConditionalReflex","DemoMod:HardPowerCard"],"picked":"SKIP","floor":25.0},{"not_picked":["DemoMod:FastSwitch","DemoMod:SpreadAmmo","DemoMod:GunstockTap"],"picked":"SKIP","floor":25.0},{"not_picked":["DemoMod:EasyReloadBullets+1","DemoMod:AC15+1","DemoMod:SpreadAmmo"],"picked":"SKIP","floor":28.0},{"not_picked":["DemoMod:BattleInHaste+1","DemoMod:Unmoved+1"],"picked":"DemoMod:Purify","floor":29.0},{"not_picked":["DemoMod:GunstockTap+1","DemoMod:DirectionalPad","DemoMod:AWP+1"],"picked":"SKIP","floor":29.0},{"not_picked":["DemoMod:ShadowBullets","DemoMod:StickyCrossBow","DemoMod:JK47"],"picked":"SKIP","floor":30.0},{"not_picked":["DemoMod:HuntsMan+1","DemoMod:FinishedGun","DemoMod:Purify"],"picked":"SKIP","floor":30.0},{"not_picked":["DemoMod:Unmoved+1","DemoMod:JK47","DemoMod:Casey"],"picked":"SKIP","floor":31.0},{"not_picked":["DemoMod:EasyReloadBullets","DemoMod:AC15","DemoMod:GunstockTap"],"picked":"SKIP","floor":31.0},{"not_picked":["DemoMod:ProbeStrike+1","DemoMod:Evolver","DemoMod:RadGun"],"picked":"SKIP","floor":32.0},{"not_picked":["DemoMod:JK47","DemoMod:TeaPot","DemoMod:MegaHand"],"picked":"SKIP","floor":32.0}],"player_experience":306631,"relics_obtained":[{"floor":1.0,"key":"LetterFromLob"},{"floor":13.0,"key":"Whetstone"},{"floor":21.0,"key":"Onion Ring"},{"floor":25.0,"key":"DemoMod:GreenGuonStone"}],"event_choices":[],"is_beta":false,"boss_relics":[{"not_picked":["conspire:RunicOctahedron","Snecko Eye"],"picked":"conspire:SeveredTorchhead"}],"items_purged_floors":[19,22],"is_endless":false,"potions_floor_spawned":[1,7,12,14,21,29,30],"killed_by":"DemoMod:ResourcefulRat","ascension_level":5}}