{"host":"wonp23fsqqcu31ie","time":1610691412,"event":{"mods":["2.2 Compatiblity","AchievementEnabler","Aspiration","BaseMod","Bestiary","Better Altar","Better Match","Better Sensory Stone","Better Skull","Better Third Choice","BetterRewards","Block Reminder","Colored Map","Colored Powertips","Conspire","Curses Come First","DeckTracker","Displayed Cursed Tome","Downfall","Energized Spire","Evolution","Hermit","Highlight Path","Hubris","Infinite Spire","Marisa????????","Minty Spire (QoL Compilation)","Permanent Neow","Prisma Mod","Quick Restart","Rare Cards Sparkle","Relic Stats","Replay The Spire","Robot Space Explorer","Shade Mod","Shop Mod","StSLib","SuperFastMode","The Animator","The Bug Knight","The Construct","The Cursed","The Disciple","The Dragon Tamer","The Gatherer","The Hierophant","The Marked","The Necromancer","The Poker Player","The Runesmith","The Saiyan","The Servant 0.9.4","TheBandit"],"gold_per_floor":[117,117,166,180,200,235,235,235,262,9,74,91,91,125,125,222,222,241,291,311,361,380,408,408,458,458,508,478,508,508,558,558],"floor_reached":31,"language":"ENG","playtime":868,"items_purged":[],"score":279,"play_id":"74c7d6b2-9200-4be7-b466-4aea2322b3a1","local_time":"20210115171652","is_ascension_mode":false,"campfire_choices":[{"data":"HollowMod:FallenFury","floor":8,"key":"SMITH"},{"floor":13,"key":"RECALL"},{"data":"HollowMod:MantisMark","floor":15,"key":"SMITH"},{"floor":24,"key":"REST"}],"circlet_count":0,"master_deck":["HollowMod:DashSlash","HollowMod:DashSlash","HollowMod:DashSlash","HollowMod:NailStrikeStart","HollowMod:QuickDashStart+1","HollowMod:QuickDashStart","HollowMod:QuickDashStart","HollowMod:QuickDashStart","HollowMod:FocusHealStart+1","HollowMod:PogoStrike","HollowMod:SoulStrike","HollowMod:DesolateDive","HollowMod:VoidDash","HollowMod:FallenFury+1","HollowMod:MantisMark+1","HollowMod:DungDefenderAura","HollowMod:AbyssShriek","HollowMod:ZotesMagnificence","HollowMod:GoodIntentions+1","HollowMod:VengefulVoid","HollowMod:NewJinnsSoul","HollowMod:MawleksShell","HollowMod:InfectedCysts","ReplayTheSpireMod:??????????????????????+1"],"relics":["HollowMod:VesselMask","EVO:Axolotl","Sizzling Blood","Replay:Rubber Ducky","SsserpentHead","MerchantsRug","Chemical X","infinitespire:FocusingShard","hubris:Backtick","animator:ShionDessert","hubris:Towel","MutagenicStrength","Blood Vial","Toxic Egg 2","infinitespire:BottledMercury","Frozen Egg 2","infinitespire:Lucky Rock","ReplayTheSpireMod:Ninjato"],"acts_visited":["Exordium","TheCity"],"potions_floor_usage":[5,14,14,14,16,22,23],"damage_taken":[{"damage":4,"enemies":"conspire:RoseBush","floor":1,"turns":2},{"damage":2,"enemies":"Jaw Worm","floor":4,"turns":4},{"damage":14,"enemies":"Replay:BlueRogue","floor":6,"turns":5},{"damage":4,"enemies":"Small Slimes","floor":11,"turns":4},{"damage":9,"enemies":"Looter","floor":12,"turns":3},{"damage":5,"enemies":"Lagavulin","floor":14,"turns":6},{"damage":48,"enemies":"Hexaghost","floor":16,"turns":11},{"damage":16,"enemies":"conspire:FuzzyDice","floor":18,"turns":5},{"damage":9,"enemies":"2 Thieves","floor":20,"turns":3},{"damage":65,"enemies":"Shelled Parasite and Fungi","floor":22,"turns":6},{"damage":13,"enemies":"Replay:Snechameleon","floor":23,"turns":4},{"damage":39,"enemies":"HollowMod:Nosk","floor":29,"turns":7},{"damage":17,"enemies":"Snake Plant","floor":31,"turns":3}],"seed_played":"8163883805254993326","potions_obtained":[{"floor":5,"key":"Fruit Juice"},{"floor":5,"key":"SneckoOil"},{"floor":5,"key":"Regen Potion"},{"floor":11,"key":"Reflective Coating"},{"floor":12,"key":"SkillPotion"},{"floor":14,"key":"SkillPotion"},{"floor":22,"key":"ColorlessPotion"}],"is_trial":false,"path_per_floor":["M","?","T","M","?","E","?","R","T","$","M","M","R","E","R","B",null,"M","?","M","?","M","E","R","T","T","?","?","E","AVR","M"],"character_chosen":"THE_BUGKNIGHT","items_purchased":["MerchantsRug","Chemical X"],"campfire_rested":1,"item_purchase_floors":[10,10],"current_hp_per_floor":[79,79,79,79,84,74,74,74,74,74,80,79,79,84,84,46,84,78,78,73,73,22,19,44,44,44,44,44,11,11,0,0],"gold":558,"neow_bonus":"NOSTALGIA","is_daily":false,"chose_seed":false,"campfire_upgraded":2,"win_rate":0.0,"timestamp":1610691412,"path_taken":["M","?","?","?","?","E","?","R","T","$","?","M","R","E","R","BOSS","M","?","M","?","M","E","R","?","T","?","?","E","AVR","?"],"items_purchased_type":["Relic","Relic"],"build_version":"2020-12-22","purchased_purges":0,"victory":false,"max_hp_per_floor":[79,79,79,79,84,84,84,84,84,84,84,84,84,84,84,84,84,84,84,84,84,84,84,84,84,84,84,84,84,84,84,84],"relic_stats":{"Blood Vial":4,"SsserpentHead":550,"counters":[37,177],"Chemical X":[1],"obtain_stats":[{"infinitespire:BottledMercury":14,"animator:ShionDessert":17,"Vajra":19,"HollowMod:VesselMask":0,"Mango":0,"Sizzling Blood":0,"EVO:Axolotl":0,"HollowMod:StagPassRelic":26,"Replay:Rubber Ducky":9,"Blood Vial":23,"SsserpentHead":8,"Nunchaku":6,"hubris:Backtick":17,"Replay:M_SmolderingBlood":0,"Mummified Hand":25,"Tiny Chest":4,"Chemical X":10,"Toxic Egg 2":9,"MerchantsRug":19,"ReplayTheSpireMod:Ninjato":30,"aspiration:Nostalgia":0,"aspiration:FetidBarrel":24,"Oddly Smooth Stone":26,"energizedSpire:EnergizedDie":17,"infinitespire:FocusingShard":31,"Pen Nib":20,"infinitespire:Lucky Rock":22,"War Paint":9,"hubris:Towel":19,"Frozen Egg 2":28,"HollowMod:KingsBrand":28,"WarpedTongs":19,"Bloody Idol":20,"MutagenicStrength":21,"Toy Ornithopter":12,"infinitespire:Cupcake":17},{"infinitespire:BottledMercury":5,"animator:ShionDessert":31,"Vajra":7,"HollowMod:VesselMask":0,"Mango":12,"Sizzling Blood":24,"EVO:Axolotl":0,"HollowMod:StagPassRelic":22,"Replay:Rubber Ducky":4,"Blood Vial":35,"SsserpentHead":14,"Nunchaku":3,"hubris:Backtick":31,"Replay:M_SmolderingBlood":0,"Mummified Hand":8,"Tiny Chest":14,"Chemical X":27,"Toxic Egg 2":14,"MerchantsRug":7,"ReplayTheSpireMod:Ninjato":36,"aspiration:Nostalgia":0,"aspiration:FetidBarrel":8,"Oddly Smooth Stone":8,"energizedSpire:EnergizedDie":18,"infinitespire:FocusingShard":11,"Pen Nib":19,"infinitespire:Lucky Rock":20,"War Paint":27,"hubris:Towel":32,"Frozen Egg 2":35,"HollowMod:KingsBrand":9,"WarpedTongs":19,"Bloody Idol":7,"MutagenicStrength":33,"Toy Ornithopter":16,"infinitespire:Cupcake":6},{"infinitespire:BottledMercury":14,"animator:ShionDessert":149,"Vajra":26,"HollowMod:VesselMask":0,"Mango":51,"Sizzling Blood":114,"EVO:Axolotl":0,"HollowMod:StagPassRelic":94,"Replay:Rubber Ducky":11,"Blood Vial":167,"SsserpentHead":56,"Nunchaku":9,"hubris:Backtick":149,"Replay:M_SmolderingBlood":0,"Mummified Hand":29,"Tiny Chest":56,"Chemical X":125,"Toxic Egg 2":56,"MerchantsRug":26,"ReplayTheSpireMod:Ninjato":174,"aspiration:Nostalgia":0,"aspiration:FetidBarrel":29,"Oddly Smooth Stone":29,"energizedSpire:EnergizedDie":73,"infinitespire:FocusingShard":45,"Pen Nib":77,"infinitespire:Lucky Rock":83,"War Paint":125,"hubris:Towel":154,"Frozen Egg 2":167,"HollowMod:KingsBrand":37,"WarpedTongs":77,"Bloody Idol":26,"MutagenicStrength":157,"Toy Ornithopter":63,"infinitespire:Cupcake":22}]},"card_choices":[{"not_picked":["HollowMod:WraithStrike","HollowMod:HeavyBlow"],"picked":"HollowMod:SoulStrike","floor":1},{"not_picked":["HollowMod:NewJinnsSoul","HollowMod:CornifersMapStart"],"picked":"HollowMod:DesolateDive","floor":4},{"not_picked":["HollowMod:CloakDash","HollowMod:DreamGate"],"picked":"HollowMod:VoidDash","floor":5},{"not_picked":["HollowMod:DoubleDash","HollowMod:ChannelNail"],"picked":"HollowMod:FallenFury","floor":6},{"not_picked":["HollowMod:PerfectDash","HollowMod:NewLittleFool"],"picked":"HollowMod:MantisMark","floor":11},{"not_picked":["HollowMod:VengefulVoid","HollowMod:CloakDash"],"picked":"HollowMod:DungDefenderAura","floor":12},{"not_picked":["HollowMod:SoulMaster","HollowMod:SharpenedNail"],"picked":"HollowMod:AbyssShriek","floor":14},{"not_picked":["HollowMod:MidwifesHunger","HollowMod:NewInfectedGuardian"],"picked":"HollowMod:ZotesMagnificence","floor":16},{"not_picked":["HollowMod:HeavyBlow","HollowMod:DescendingDark"],"picked":"HollowMod:GoodIntentions+1","floor":18},{"not_picked":["HollowMod:SiblingsShadow","HollowMod:MothsMistake"],"picked":"HollowMod:VengefulVoid","floor":20},{"not_picked":["HollowMod:DoubleDash","HollowMod:LifebloodCocoon"],"picked":"HollowMod:NewJinnsSoul","floor":22},{"not_picked":["HollowMod:InfectionAssault","HollowMod:Grubsong"],"picked":"HollowMod:MawleksShell","floor":23},{"not_picked":["HollowMod:CloakDash+1","HollowMod:HowlingWraiths"],"picked":"HollowMod:InfectedCysts","floor":29}],"player_experience":529978,"relics_obtained":[{"floor":6,"key":"Replay:Rubber Ducky"},{"floor":9,"key":"War Paint"},{"floor":14,"key":"infinitespire:FocusingShard"},{"floor":23,"key":"Blood Vial"},{"floor":25,"key":"Toxic Egg 2"},{"floor":26,"key":"infinitespire:BottledMercury"},{"floor":29,"key":"infinitespire:Lucky Rock"}],"event_choices":[{"damage_healed":0,"gold_gain":0,"player_choice":"Trade","damage_taken":0,"relics_obtained":["SsserpentHead"],"max_hp_gain":0,"max_hp_loss":0,"event_name":"FaceTrader","floor":7,"gold_loss":0},{"damage_healed":0,"gold_gain":0,"player_choice":"Inject Mutagens","damage_taken":0,"relics_obtained":["MutagenicStrength"],"max_hp_gain":0,"max_hp_loss":0,"event_name":"Drug Dealer","floor":21,"gold_loss":0},{"damage_healed":0,"gold_gain":0,"player_choice":"Paid Gold","damage_taken":0,"relics_obtained":["Frozen Egg 2"],"max_hp_gain":0,"max_hp_loss":0,"event_name":"WeMeetAgain","floor":28,"gold_loss":80}],"is_beta":false,"boss_relics":[{"not_picked":["Abe\u0027s Treasure","hubris:VirtuousBlindfold"],"picked":"hubris:Backtick"}],"items_purged_floors":[],"is_endless":false,"potions_floor_spawned":[11,12,14,22],"killed_by":"Snake Plant","ascension_level":0}}