{"host":"56ghxnzsglgdq727","time":1610743549,"event":{"mods":["AchievementEnabler","BaseMod","Downfall","Duelist Mod","Minty Spire (QoL Compilation)","Rare Cards Sparkle","StSLib","The Bug Knight","The Exalted","The Senshi","The Wild Card"],"gold_per_floor":[143,143,154,169,169,194,194,194,194,194,37,37,37,47,47,142,142,161,145,26,26,26,26,42,42,90,90,103,103,123,223,223,327,377,387,407,814,506,327,327,377,402,402,413,413,443,443,458,458,458],"floor_reached":51,"language":"ENG","playtime":3719,"items_purged":["theDuelist:ScrapBeast","theDuelist:Sparks","theDuelist:GravekeeperCurse"],"score":1051,"play_id":"e2c2572d-0f5e-4d3a-b64c-2a54ec83a246","local_time":"20210115154549","is_ascension_mode":true,"campfire_choices":[{"floor":7,"key":"REST"},{"data":"theWildCard:Scathach","floor":10,"key":"SMITH"},{"data":"theDuelist:MachineFactory","floor":13,"key":"SMITH"},{"data":"theDuelist:YellowGadget","floor":15,"key":"SMITH"},{"floor":23,"key":"REST"},{"data":"theDuelist:RevolvingSwitchyard","floor":25,"key":"SMITH"},{"data":"theDuelist:Linkuriboh","floor":27,"key":"SMITH"},{"data":"theDuelist:Nameless:War:BerserkerCrush","floor":32,"key":"SMITH"},{"data":"theDuelist:ChaosAncientGearGiant","floor":40,"key":"SMITH"},{"floor":45,"key":"REST"},{"floor":49,"key":"REST"}],"circlet_count":0,"master_deck":["theDuelist:CardsFromTheSky+1","theDuelist:Sparks+1","theDuelist:AncientGearWorkshop+1","theDuelist:CastleWalls+1","theDuelist:AllyJustice+1","theDuelist:CastleWalls+1","theDuelist:OrcustCrescendo+1","theDuelist:Deskbot004+1","theDuelist:WonderGarage+1","theDuelist:Deskbot005+1","theDuelist:Biofalcon+1","theDuelist:Deskbot003+1","theDuelist:YellowGadget+1","theWildCard:Scathach+1","theDuelist:Linkuriboh+1","theDuelist:Apoqliphort+1","theDuelist:RevolvingSwitchyard+1","theDuelist:CurseArmaments","theDuelist:GreenGadget+1","theDuelist:Deskbot005+1","theDuelist:ChaosAncientGearGiant+1","theDuelist:JunkKuriboh+1","theDuelist:SlotMachine+1","Writhe","theDuelist:PerfectMachineKing+1","theDuelist:MetalDragon+1","theDuelist:Nameless:War:BerserkerCrush+2","theDuelist:MachineFactory+1","theDuelist:Deskbot004+1"],"relics":["theDuelist:MillenniumPuzzle","theDuelist:CardPoolRelic","theDuelist:CardPoolBasicRelic","theDuelist:BoosterPackPoolRelic","theDuelist:CardPoolAddRelic","theDuelist:CardPoolMinusRelic","theDuelist:CardPoolSaveRelic","theDuelist:CardPoolOptionsRelic","theDuelist:NamelessPowerRelicB","WingedGreaves","Du-Vu Doll","theDuelist:MillenniumRod","Mark of Pain","Ancient Tea Set","Letter Opener","theDuelist:PointPass","Tiny House","theDuelist:SummonAnchor","theDuelist:MillenniumRod","Thread and Needle","theDuelist:MillenniumArmor","Happy Flower","Red Skull"],"acts_visited":["Exordium","TheCity","TheBeyond"],"potions_floor_usage":[0,6,16,16,19,36,42,42,50],"damage_taken":[{"damage":8,"enemies":"2 Louse","floor":1,"turns":2},{"damage":2,"enemies":"Cultist","floor":3,"turns":3},{"damage":19,"enemies":"Jaw Worm","floor":4,"turns":4},{"damage":42,"enemies":"Gremlin Nob","floor":6,"turns":6},{"damage":12,"enemies":"3 Louse","floor":14,"turns":3},{"damage":10,"enemies":"The Guardian","floor":16,"turns":10},{"damage":26,"enemies":"Spheric Guardian","floor":18,"turns":10},{"damage":19,"enemies":"2 Thieves","floor":19,"turns":4},{"damage":0,"enemies":"Snake Plant","floor":24,"turns":6},{"damage":3,"enemies":"Snecko","floor":28,"turns":5},{"damage":9,"enemies":"Centurion and Healer","floor":30,"turns":6},{"damage":0,"enemies":"Champ","floor":33,"turns":8},{"damage":26,"enemies":"3 Shapes","floor":35,"turns":5},{"damage":15,"enemies":"3 Darklings","floor":36,"turns":5},{"damage":0,"enemies":"Mind Bloom Boss Battle","floor":41,"turns":2},{"damage":33,"enemies":"Nemesis","floor":42,"turns":8},{"damage":26,"enemies":"Sphere and 2 Shapes","floor":44,"turns":5},{"damage":13,"enemies":"HollowMod:StalkingDevout","floor":46,"turns":6},{"damage":0,"enemies":"4 Shapes","floor":48,"turns":5},{"damage":59,"enemies":"Donu and Deca","floor":50,"turns":6}],"seed_played":"-2133792978095252211","potions_obtained":[{"floor":0,"key":"theDuelist:DestructPotionPotB"},{"floor":0,"key":"theDuelist:SummonArmorPotion"},{"floor":0,"key":"Fruit Juice"},{"floor":14,"key":"PowerPotion"},{"floor":18,"key":"DistilledChaos"},{"floor":28,"key":"Energy Potion"},{"floor":34,"key":"theDuelist:BombBottle"},{"floor":35,"key":"champ:CounterPotion"},{"floor":46,"key":"theDuelist:WaterBottle"}],"is_trial":false,"path_per_floor":["M","?","M","M","$","E","R","?","T","R","$","?","R","M","R","B",null,"M","M","$","?","$","R","M","R","T","R","M","?","M","$","R","B",null,"M","M","?","$","?","R","?","E","T","M","R","E","?","M","R","B",null],"character_chosen":"THE_DUELIST","items_purchased":["theDuelist:MachineFactory","theDuelist:YellowGadget","theDuelist:RevolvingSwitchyard","theDuelist:AncientGearWorkshop","theDuelist:PointPass","theDuelist:ChaosAncientGearGiant","theDuelist:SummonAnchor"],"campfire_rested":4,"item_purchase_floors":[11,11,20,20,31,38,38],"current_hp_per_floor":[69,89,87,68,68,26,56,56,56,56,56,111,111,99,99,89,106,80,61,61,61,61,94,94,94,94,94,91,91,82,82,82,82,109,83,68,68,68,68,68,68,35,35,9,43,30,30,30,64,5],"gold":458,"neow_bonus":"THREE_SMALL_POTIONS","is_daily":false,"chose_seed":false,"campfire_upgraded":7,"win_rate":0.0,"timestamp":1610743549,"path_taken":["M","?","M","M","?","E","R","?","T","R","?","?","R","?","R","BOSS","M","M","?","?","$","R","M","R","T","R","M","?","M","$","R","BOSS","M","M","?","$","?","R","?","E","T","?","R","E","?","M","R","BOSS"],"items_purchased_type":["Card","Card","Card","Card","Relic","Card","Relic"],"build_version":"2020-12-22","purchased_purges":3,"victory":true,"max_hp_per_floor":[85,101,101,101,101,101,101,101,101,101,101,111,111,111,111,111,111,111,111,111,111,111,111,111,111,111,111,111,111,111,111,111,111,116,116,116,116,116,116,116,116,116,116,116,116,116,116,116,116,116],"card_choices":[{"not_picked":["theDuelist:CardsFromTheSky","theDuelist:GearGigant","theDuelist:Factory100Machines","theDuelist:DoubleTool"],"picked":"theDuelist:ScrapBeast","floor":1},{"not_picked":["theDuelist:SolemnWarning","theDuelist:PineappleBlast"],"picked":"theDuelist:Deskbot009","floor":3},{"not_picked":["theDuelist:GenexAllyBirdman","theDuelist:CardsFromTheSky","theDuelist:Factory100Machines","theDuelist:Deskbot005"],"picked":"theDuelist:Deskbot003","floor":4},{"not_picked":["theDuelist:ScrapBeast","theDuelist:JunkWarrior","theDuelist:GearGigant","theDuelist:FrontlineObserver","theDuelist:GenexNeutron"],"picked":"SKIP","floor":6},{"not_picked":["theDuelist:LightningVortex","theDuelist:JunkSpeeder","theDuelist:TimeSeal","theDuelist:GoldenApples"],"picked":"theDuelist:Linkuriboh","floor":14},{"not_picked":["theDuelist:SolemnWarning","theDuelist:Overworked","theDuelist:NightmareWheel","theDuelist:GoldenBlastJuggler"],"picked":"theDuelist:OrcustCrescendo","floor":16},{"not_picked":["theDuelist:Deskbot001","theDuelist:Tuningware+1","theDuelist:CannonSoldier","theDuelist:Geargiauger+1","theDuelist:BarrelDragon"],"picked":"SKIP","floor":18},{"not_picked":["theDuelist:Deskbot004","theDuelist:Biofalcon","theDuelist:YellowGadget","theDuelist:Jinzo","theDuelist:BlizzardPrincess"],"picked":"SKIP","floor":19},{"not_picked":["theDuelist:BigFire","theDuelist:BlockGolem","theDuelist:JunkSpeeder","theDuelist:RedMedicine","theDuelist:LightningDarts"],"picked":"SKIP","floor":24},{"not_picked":["theDuelist:OrcustCrescendo+1","theDuelist:RevolvingSwitchyard","theDuelist:SparkBlaster+1","theDuelist:GravityBlaster"],"picked":"theDuelist:WonderGarage+1","floor":28},{"not_picked":["theDuelist:Hinotama","theDuelist:LightningDarts+1","theDuelist:JunkSpeeder","theDuelist:Sangan","theDuelist:WormWarlord+1"],"picked":"SKIP","floor":30},{"not_picked":["theDuelist:Shekhinaga","theDuelist:SevenCompleted+1","theDuelist:NightmareWheel","theDuelist:MachineKing"],"picked":"theDuelist:Apoqliphort","floor":33},{"not_picked":["theDuelist:BarrelDragon","theDuelist:AncientGearReactorDragon+1","theDuelist:AncientGearGadjiltron","theDuelist:MegafleetDragon+1"],"picked":"theDuelist:MetalDragon","floor":34},{"not_picked":["theDuelist:Hinotama","theDuelist:Sangan+1","theDuelist:JunkSpeeder+1","theDuelist:LightningVortex+1"],"picked":"theDuelist:PerfectMachineKing","floor":35},{"not_picked":["theDuelist:AirCrackingStorm","theDuelist:RedGadget+1","theDuelist:JumboDrill+1","theDuelist:NightmareWheel"],"picked":"theDuelist:AllyJustice+1","floor":36},{"not_picked":["theDuelist:Deskbot004+1","theDuelist:YellowGadget","theDuelist:Deskbot001","theDuelist:OrbitalBombardment"],"picked":"theDuelist:CardsFromTheSky+1","floor":42},{"not_picked":["theDuelist:BlastJuggler+1","theDuelist:AncientGearChimera","theDuelist:CyberRaider+1","theDuelist:BlackSalvo+1"],"picked":"theDuelist:JunkKuriboh","floor":44},{"not_picked":["theDuelist:Hinotama","theDuelist:PowerGiant","theDuelist:WingedKuriboh","theDuelist:LightningDarts","theDuelist:SeismicShockwave+1"],"picked":"SKIP","floor":46},{"not_picked":["theDuelist:SolemnStrike+1","theDuelist:OrcustCrescendo","theDuelist:MachineKing","theDuelist:GoldenBlastJuggler"],"picked":"theDuelist:SlotMachine","floor":48}],"player_experience":261413,"relics_obtained":[{"floor":6,"key":"WingedGreaves"},{"floor":9,"key":"Du-Vu Doll"},{"floor":26,"key":"Ancient Tea Set"},{"floor":41,"key":"Thread and Needle"},{"floor":42,"key":"theDuelist:MillenniumArmor"},{"floor":43,"key":"Happy Flower"},{"floor":46,"key":"Red Skull"}],"event_choices":[{"power_reward":3,"total_magic_score":21,"gold_gain":0,"duelist":true,"damage_taken":0,"relics_obtained":["theDuelist:NamelessPowerRelicB"],"points":11,"war_reward":4,"max_hp_gain":20,"max_hp_loss":4,"spent_points":{"magic":0,"greed":0,"war":4,"power":3,"hunger":4},"event_name":"Nameless Tomb","hunger_reward":4,"floor":2,"gold_loss":0,"cards_obtained":["theDuelist:Nameless:War:BerserkerCrush"]},{"cards_removed":["theDuelist:Deskbot009"],"damage_healed":45,"gold_gain":0,"player_choice":"Offered Rare","damage_taken":0,"max_hp_gain":10,"max_hp_loss":0,"event_name":"Bonfire Elementals","floor":12,"gold_loss":0},{"damage_healed":0,"gold_gain":0,"player_choice":"Opened","damage_taken":0,"relics_obtained":["Letter Opener"],"max_hp_gain":0,"max_hp_loss":0,"event_name":"The Mausoleum","floor":29,"gold_loss":0,"cards_obtained":["Writhe"]},{"damage_healed":0,"gold_gain":0,"player_choice":"Enrich - 2x gold","duelist":true,"damage_taken":0,"max_hp_gain":0,"max_hp_loss":0,"event_name":"Aknamkanon\u0027s Tomb","floor":37,"gold_loss":0},{"damage_healed":0,"gold_gain":0,"player_choice":"Duplicated Relic - Millennium Rod","duelist":true,"damage_taken":0,"max_hp_gain":0,"max_hp_loss":0,"event_name":"Relic Duplicator","floor":39,"gold_loss":0},{"damage_healed":0,"gold_gain":0,"player_choice":"Fight","damage_taken":0,"max_hp_gain":0,"max_hp_loss":0,"event_name":"MindBloom","floor":41,"gold_loss":0},{"damage_healed":0,"gold_gain":0,"player_choice":"Ignored","damage_taken":0,"max_hp_gain":0,"max_hp_loss":0,"event_name":"Mysterious Sphere","floor":47,"gold_loss":0}],"is_beta":false,"boss_relics":[{"not_picked":["HoveringKite","Runic Pyramid"],"picked":"Mark of Pain"},{"not_picked":["Cursed Key","Busted Crown"],"picked":"Tiny House"}],"items_purged_floors":[11,31,38],"is_endless":false,"potions_floor_spawned":[14,18,28,35,46],"ascension_level":6}}