{"host":"5p9hybygolzp0efr","time":1610689326,"event":{"mods":["BaseMod","Bestiary","Colored Map","Googly Eyes","Minty Spire (QoL Compilation)","Relic Stats"],"gold_per_floor":[110,60,70,80,94,129,129,145,145,145,145,172,172,25,25,120,120,139,139,165,165,59,94,112,124,124,156,176,21,21,21,21,122,122,135,146,146,166,166,166,200,218,244,244,270,33,47,66,66,66],"floor_reached":51,"language":"ENG","playtime":4168,"items_purged":[],"score":711,"play_id":"f3492a10-92d0-4afb-9402-5ba3bf58ca56","local_time":"20210115134206","is_ascension_mode":true,"campfire_choices":[{"data":"Eruption","floor":7.0,"key":"SMITH"},{"floor":11.0,"key":"REST"},{"data":"TalkToTheHand","floor":13.0,"key":"SMITH"},{"floor":15.0,"key":"REST"},{"floor":30.0,"key":"REST"},{"floor":32.0,"key":"REST"},{"data":"Wireheading","floor":40.0,"key":"SMITH"},{"data":"Protect","floor":44.0,"key":"SMITH"},{"floor":49.0,"key":"REST"}],"circlet_count":0,"master_deck":["Strike_P+1","Defend_P+1","Defend_P+1","Defend_P+1","Eruption+1","Vigilance+1","Collect+1","Collect+1","Wallop+1","CutThroughFate+1","Wireheading+1","Halt","Crescendo+1","Consecrate+1","TalkToTheHand+1","LessonLearned+1","EmptyMind+1","Tantrum+1","Adaptation+1","InnerPeace","ClearTheMind+1","Protect+1","Devotion+1","BowlingBash+1","Deep Breath+1","Prostrate+1","FlurryOfBlows"],"relics":["Astrolabe","Ginger","Mummified Hand","Shuriken","InkBottle","Anchor","Black Star","MealTicket","Damaru","Happy Flower","Bottled Tornado","Tiny Chest","Oddly Smooth Stone","Bronze Scales","Calling Bell","Bag of Marbles","The Courier","Thread and Needle","PreservedInsect","Regal Pillow","Strawberry","Lantern","Ornamental Fan"],"acts_visited":["Exordium","TheCity","TheBeyond"],"potions_floor_usage":[50],"damage_taken":[{"damage":0.0,"enemies":"Jaw Worm","floor":1.0,"turns":3.0},{"damage":2.0,"enemies":"2 Louse","floor":3.0,"turns":5.0},{"damage":0.0,"enemies":"Small Slimes","floor":4.0,"turns":3.0},{"damage":2.0,"enemies":"Exordium Wildlife","floor":5.0,"turns":4.0},{"damage":33.0,"enemies":"Gremlin Nob","floor":6.0,"turns":5.0},{"damage":12.0,"enemies":"3 Louse","floor":8.0,"turns":3.0},{"damage":31.0,"enemies":"3 Sentries","floor":12.0,"turns":3.0},{"damage":4.0,"enemies":"Hexaghost","floor":16.0,"turns":7.0},{"damage":23.0,"enemies":"3 Byrds","floor":18.0,"turns":5.0},{"damage":0.0,"enemies":"Chosen","floor":21.0,"turns":5.0},{"damage":30.0,"enemies":"Gremlin Leader","floor":23.0,"turns":7.0},{"damage":18.0,"enemies":"3 Cultists","floor":24.0,"turns":6.0},{"damage":2.0,"enemies":"Centurion and Healer","floor":25.0,"turns":3.0},{"damage":13.0,"enemies":"Slavers","floor":27.0,"turns":4.0},{"damage":0.0,"enemies":"Shelled Parasite and Fungi","floor":28.0,"turns":4.0},{"damage":10.0,"enemies":"Collector","floor":33.0,"turns":7.0},{"damage":0.0,"enemies":"3 Shapes","floor":35.0,"turns":4.0},{"damage":4.0,"enemies":"Orb Walker","floor":36.0,"turns":3.0},{"damage":6.0,"enemies":"Writhing Mass","floor":38.0,"turns":5.0},{"damage":23.0,"enemies":"Nemesis","floor":41.0,"turns":7.0},{"damage":6.0,"enemies":"Spire Growth","floor":42.0,"turns":4.0},{"damage":1.0,"enemies":"Sphere and 2 Shapes","floor":47.0,"turns":6.0},{"damage":22.0,"enemies":"4 Shapes","floor":48.0,"turns":4.0},{"damage":10,"enemies":"Awakened One","floor":50,"turns":8}],"seed_played":"8249968875331987897","potions_obtained":[{"floor":1.0,"key":"ColorlessPotion"},{"floor":8.0,"key":"ColorlessPotion"},{"floor":12.0,"key":"PowerPotion"},{"floor":16.0,"key":"LiquidBronze"},{"floor":18.0,"key":"FairyPotion"},{"floor":35.0,"key":"GamblersBrew"},{"floor":42.0,"key":"FearPotion"}],"is_trial":false,"path_per_floor":["M","?","M","M","M","E","R","M","T","?","R","E","R","$","R","B",null,"M","?","T","M","$","E","M","M","T","E","M","$","R","?","R","B",null,"M","M","?","M","?","R","E","M","T","R","T","$","M","M","R","B",null],"character_chosen":"WATCHER","items_purchased":["Anchor","Tantrum","Adaptation","Bronze Scales","Ornamental Fan","Strength Potion"],"campfire_rested":5,"item_purchase_floors":[14,22,22,29,46,46],"current_hp_per_floor":[72,72,70,70,68,35,35,23,23,11,32,1,1,1,22,18,72,49,49,49,49,64,34,16,14,14,1,1,16,37,24,47,37,77,77,73,73,67,67,67,44,38,45,45,45,60,59,37,77,67],"gold":66,"neow_bonus":"BOSS_RELIC","is_daily":false,"chose_seed":false,"campfire_upgraded":4,"win_rate":0.0,"timestamp":1610689326,"path_taken":["M","?","M","M","M","E","R","M","T","?","R","E","R","$","R","BOSS","M","?","?","M","$","E","M","M","T","E","M","$","R","?","R","BOSS","M","M","?","M","?","R","E","M","T","R","?","$","M","?","R","BOSS"],"items_purchased_type":["Relic","Card","Card","Relic","Relic","Potion"],"build_version":"2020-12-22","purchased_purges":0,"victory":true,"max_hp_per_floor":[72,72,72,72,72,72,72,72,72,72,72,72,72,72,72,72,72,72,72,72,72,72,72,72,72,72,72,72,72,72,77,77,77,77,77,77,77,77,77,77,77,77,84,84,84,84,84,84,84,84],"relic_stats":{"Regal Pillow":15,"Happy Flower":[21],"counters":[24,115],"Astrolabe":["Collect","Collect","Wallop"],"PreservedInsect":0,"Ginger":[11],"Mummified Hand":[45],"Shuriken":[37],"Ornamental Fan":[36],"Bronze Scales":[130],"MealTicket":45,"Tiny Chest":1,"Black Star":3,"obtain_stats":[{"Regal Pillow":41,"Lantern":45,"Happy Flower":23,"Astrolabe":0,"Damaru":23,"Oddly Smooth Stone":27,"Thread and Needle":34,"The Courier":34,"PreservedInsect":41,"Ginger":6,"Bottled Tornado":26,"Calling Bell":34,"Anchor":14,"Mummified Hand":9,"Shuriken":10,"Ornamental Fan":46,"Bronze Scales":29,"Strawberry":43,"MealTicket":20,"Tiny Chest":27,"Black Star":17,"Bag of Marbles":34,"PureWater":0,"InkBottle":12},{"Regal Pillow":20,"Lantern":21,"Happy Flower":11,"Astrolabe":0,"Damaru":11,"Oddly Smooth Stone":14,"Thread and Needle":16,"The Courier":16,"PreservedInsect":20,"Ginger":5,"Bottled Tornado":13,"Calling Bell":16,"Anchor":7,"Mummified Hand":6,"Shuriken":6,"Ornamental Fan":21,"Bronze Scales":15,"Strawberry":21,"MealTicket":9,"Tiny Chest":14,"Black Star":8,"Bag of Marbles":16,"PureWater":0,"InkBottle":7},{"Regal Pillow":93,"Lantern":97,"Happy Flower":50,"Astrolabe":0,"Damaru":50,"Oddly Smooth Stone":63,"Thread and Needle":74,"The Courier":74,"PreservedInsect":93,"Ginger":20,"Bottled Tornado":59,"Calling Bell":74,"Anchor":26,"Mummified Hand":23,"Shuriken":23,"Ornamental Fan":97,"Bronze Scales":67,"Strawberry":97,"MealTicket":38,"Tiny Chest":63,"Black Star":33,"Bag of Marbles":74,"PureWater":0,"InkBottle":26}],"InkBottle":[41]},"card_choices":[{"not_picked":["DeceiveReality","ForeignInfluence"],"picked":"CutThroughFate","floor":1.0},{"not_picked":["WreathOfFlame","DeceiveReality"],"picked":"Wireheading","floor":3.0},{"not_picked":["Perseverance","CrushJoints"],"picked":"Halt","floor":4.0},{"not_picked":["ReachHeaven","InnerPeace"],"picked":"Crescendo","floor":5.0},{"not_picked":["Swivel","FlyingSleeves"],"picked":"Consecrate","floor":6.0},{"not_picked":["SignatureMove","Prostrate","JustLucky"],"picked":"SKIP","floor":8.0},{"not_picked":["ForeignInfluence","Prostrate"],"picked":"TalkToTheHand","floor":12.0},{"not_picked":["Wish","DevaForm"],"picked":"LessonLearned","floor":16.0},{"not_picked":["CarveReality","PathToVictory"],"picked":"EmptyMind","floor":18.0},{"not_picked":["Worship","Vengeance+1","Adaptation"],"picked":"SKIP","floor":21.0},{"not_picked":["CutThroughFate","BattleHymn+1"],"picked":"InnerPeace","floor":23.0},{"not_picked":["JustLucky+1","DeceiveReality"],"picked":"ClearTheMind","floor":24.0},{"not_picked":["Sanctity+1","SashWhip"],"picked":"Protect","floor":25.0},{"not_picked":["MasterReality","PathToVictory","SashWhip"],"picked":"SKIP","floor":27.0},{"not_picked":["ThirdEye","Indignation+1"],"picked":"Prostrate","floor":28.0},{"not_picked":["Blasphemy","Brilliance"],"picked":"Devotion","floor":33.0},{"not_picked":["Study","Halt","WreathOfFlame+1"],"picked":"SKIP","floor":35.0},{"not_picked":["ThirdEye+1","Protect"],"picked":"BowlingBash+1","floor":36.0},{"not_picked":["Sanctity","Pray","JustLucky+1"],"picked":"SKIP","floor":38.0},{"not_picked":["Good Instincts","Purity"],"picked":"Deep Breath","floor":39.0},{"not_picked":["ThirdEye+1","LikeWater","CrushJoints+1"],"picked":"SKIP","floor":41.0},{"not_picked":["SashWhip+1","FlyingSleeves","Prostrate+1"],"picked":"SKIP","floor":42.0},{"not_picked":["SashWhip+1","FlyingSleeves"],"picked":"Prostrate+1","floor":42.0},{"not_picked":["CutThroughFate+1","ClearTheMind"],"picked":"FlurryOfBlows","floor":47.0},{"not_picked":["ClearTheMind+1","Wireheading+1","Consecrate"],"picked":"SKIP","floor":48.0}],"player_experience":446382,"relics_obtained":[{"floor":6.0,"key":"Ginger"},{"floor":9.0,"key":"Mummified Hand"},{"floor":12.0,"key":"InkBottle"},{"floor":20.0,"key":"MealTicket"},{"floor":23.0,"key":"Damaru"},{"floor":23.0,"key":"Happy Flower"},{"floor":26.0,"key":"Bottled Tornado"},{"floor":27.0,"key":"Tiny Chest"},{"floor":27.0,"key":"Oddly Smooth Stone"},{"floor":34.0,"key":"Bag of Marbles"},{"floor":34.0,"key":"The Courier"},{"floor":34.0,"key":"Thread and Needle"},{"floor":41.0,"key":"PreservedInsect"},{"floor":41.0,"key":"Regal Pillow"},{"floor":43.0,"key":"Strawberry"},{"floor":45.0,"key":"Lantern"}],"event_choices":[{"cards_removed":["Defend_P"],"damage_healed":0.0,"max_hp_gain":0.0,"max_hp_loss":0.0,"gold_gain":0.0,"event_name":"The Cleric","player_choice":"Card Removal","floor":2.0,"gold_loss":50.0,"damage_taken":0.0},{"damage_healed":0.0,"max_hp_gain":0.0,"max_hp_loss":0.0,"gold_gain":0.0,"event_name":"Scrap Ooze","player_choice":"Success","floor":10.0,"gold_loss":0.0,"damage_taken":12.0,"relics_obtained":["Shuriken"]},{"damage_healed":0.0,"max_hp_gain":0.0,"max_hp_loss":0.0,"gold_gain":0.0,"event_name":"Back to Basics","player_choice":"Simplicity","floor":19.0,"gold_loss":0.0,"damage_taken":0.0,"cards_upgraded":["Strike_P","Defend_P","Defend_P","Defend_P"]},{"damage_healed":0.0,"max_hp_gain":5.0,"max_hp_loss":0.0,"gold_gain":0.0,"event_name":"Forgotten Altar","player_choice":"Shed Blood","floor":31.0,"gold_loss":0.0,"damage_taken":18.0},{"cards_removed":["Prostrate"],"damage_healed":0.0,"max_hp_gain":0.0,"max_hp_loss":0.0,"gold_gain":0.0,"event_name":"Falling","player_choice":"Removed Skill","floor":37.0,"gold_loss":0.0,"damage_taken":0.0},{"damage_healed":0.0,"max_hp_gain":0.0,"max_hp_loss":0.0,"gold_gain":0.0,"event_name":"SensoryStone","player_choice":"Memory 1","floor":39.0,"gold_loss":0.0,"damage_taken":0.0}],"is_beta":false,"boss_relics":[{"not_picked":["Cursed Key","SlaversCollar"],"picked":"Black Star"},{"not_picked":["Sozu","VioletLotus"],"picked":"Calling Bell"}],"items_purged_floors":[],"is_endless":false,"potions_floor_spawned":[1,8,12,16,18,24,25,35,42,47,48],"ascension_level":1}}