{"host":"uonldg9uriwfhjjx","time":1610677178,"event":{"mods":["AchievementEnabler","BaseMod","Minty Spire (QoL Compilation)","Relic Stats","StSLib","The Cursed"],"gold_per_floor":[119,119,22,32,32,64,64,94,94,94,94,94,133,156,156,279,279,298,21,45,66,89,132,132,165,165,181,212,236,236,257,257,378,378,396,396,396,460,65,65,109,109,109,145,145,30,50,65,65,65],"floor_reached":51,"language":"ENG","playtime":4324,"items_purged":["TheCursedMod:Strike_TheCursed","TheCursedMod:Strike_TheCursed"],"score":1208,"play_id":"e29d26bc-bb50-4ee2-bad0-c9d3c0569c34","local_time":"20210114211938","is_ascension_mode":true,"campfire_choices":[{"data":"TheCursedMod:CleanUpWorkshop","floor":7,"key":"SMITH"},{"data":"TheCursedMod:CollectTribute","floor":15,"key":"SMITH"},{"data":"TheCursedMod:VoidForm","floor":24,"key":"SMITH"},{"floor":30,"key":"REST"},{"data":"TheCursedMod:NeowsMight","floor":32,"key":"SMITH"},{"floor":40,"key":"REST"},{"floor":42,"key":"REST"},{"data":"TheCursedMod:CircleOfAmplification","floor":49,"key":"SMITH"}],"circlet_count":0,"master_deck":["TheCursedMod:Strike_TheCursed+1","TheCursedMod:Defend_TheCursed","TheCursedMod:Defend_TheCursed","TheCursedMod:Defend_TheCursed","TheCursedMod:CursedWand","TheCursedMod:CleanUpWorkshop+1","TheCursedMod:Dregs","TheCursedMod:CursedMace","TheCursedMod:Neurasthenia","TheCursedMod:HellsGateOpen","TheCursedMod:SpitefulStrike","TheCursedMod:CircleOfFlame","TheCursedMod:WearCloak+1","TheCursedMod:TroublousMinions","TheCursedMod:CollectTribute+1","TheCursedMod:SmokeScreen","TheCursedMod:LuckyCharm","TheCursedMod:NeowsMight+1","TheCursedMod:LuckyCharm","TheCursedMod:ReleasedKnowledge+1","TheCursedMod:VoidForm+1","TheCursedMod:ManaBullet","TheCursedMod:VoidForm","Madness","Madness","TheCursedMod:CircleOfAmplification+1","TheCursedMod:CursedShiv+1","TheCursedMod:SpitefulPlan","TheCursedMod:CursedBoomerang+1","TheCursedMod:CursedSpellbook+1"],"relics":["TheCursedMod:BlackMagic101","Smiling Mask","Anchor","WingedGreaves","White Beast Statue","Pear","Golden Idol","Singing Bowl","Black Star","Nunchaku","TheCursedMod:DemonicMark","Happy Flower","Vajra","Pantograph","Omamori","Sundial","FossilizedHelix","TheCursedMod:FourLeafCloverCharm","Question Card","Calipers","Shuriken","Ice Cream","Dream Catcher","Boot","Molten Egg 2","Potion Belt"],"acts_visited":["Exordium","TheCity","TheBeyond"],"potions_floor_usage":[16,22,23,25,28,28,33,38,38,39,50,50,50],"damage_taken":[{"damage":3,"enemies":"Jaw Worm","floor":1,"turns":4},{"damage":0,"enemies":"Small Slimes","floor":4,"turns":3},{"damage":17,"enemies":"3 Sentries","floor":6,"turns":7},{"damage":8,"enemies":"Lagavulin","floor":8,"turns":7},{"damage":13,"enemies":"Gremlin Nob","floor":13,"turns":4},{"damage":0,"enemies":"2 Louse","floor":14,"turns":3},{"damage":0,"enemies":"Slime Boss","floor":16,"turns":6},{"damage":0,"enemies":"Shell Parasite","floor":18,"turns":6},{"damage":23,"enemies":"Chosen","floor":20,"turns":5},{"damage":0,"enemies":"Snake Plant","floor":21,"turns":6},{"damage":12,"enemies":"Snecko","floor":22,"turns":8},{"damage":0,"enemies":"Book of Stabbing","floor":23,"turns":7},{"damage":19,"enemies":"Gremlin Leader","floor":25,"turns":7},{"damage":8,"enemies":"Shelled Parasite and Fungi","floor":27,"turns":5},{"damage":20,"enemies":"Slavers","floor":28,"turns":4},{"damage":5,"enemies":"Sentry and Sphere","floor":29,"turns":5},{"damage":0,"enemies":"Snecko","floor":31,"turns":5},{"damage":52,"enemies":"Automaton","floor":33,"turns":9},{"damage":0,"enemies":"Orb Walker","floor":35,"turns":3},{"damage":44,"enemies":"2 Orb Walkers","floor":38,"turns":6},{"damage":0,"enemies":"Giant Head","floor":41,"turns":4},{"damage":27,"enemies":"Reptomancer","floor":44,"turns":6},{"damage":15,"enemies":"3 Shapes","floor":47,"turns":8},{"damage":0,"enemies":"Spire Growth","floor":48,"turns":4},{"damage":0,"enemies":"Awakened One","floor":50,"turns":16}],"seed_played":"-2740223045924533679","potions_obtained":[{"floor":13,"key":"Strength Potion"},{"floor":14,"key":"Fire Potion"},{"floor":16,"key":"FairyPotion"},{"floor":18,"key":"AttackPotion"},{"floor":22,"key":"DuplicationPotion"},{"floor":23,"key":"Swift Potion"},{"floor":25,"key":"Weak Potion"},{"floor":28,"key":"LiquidBronze"},{"floor":29,"key":"DuplicationPotion"},{"floor":31,"key":"Weak Potion"},{"floor":33,"key":"TheCursedMod:DregsPotion"},{"floor":38,"key":"Energy Potion"},{"floor":41,"key":"FearPotion"},{"floor":44,"key":"DistilledChaos"},{"floor":47,"key":"SkillPotion"}],"is_trial":false,"path_per_floor":["M","?","$","M","?","E","R","E","T","?","T","?","E","M","R","B",null,"M","$","M","M","M","E","R","E","T","M","E","M","R","M","R","B",null,"M","?","T","?","$","R","E","R","T","E","?","$","M","M","R","B",null],"character_chosen":"THE_CURSED","items_purchased":["TheCursedMod:SpitefulStrike","TheCursedMod:CircleOfFlame","TheCursedMod:LuckyCharm","Nunchaku","Shuriken","Fruit Juice","TheCursedMod:SpitefulPlan","TheCursedMod:CursedBoomerang+1"],"campfire_rested":3,"item_purchase_floors":[3,3,19,19,39,39,46,46],"current_hp_per_floor":[65,62,62,62,67,50,50,42,42,27,37,37,24,24,24,24,64,66,66,45,45,35,35,35,16,16,10,22,19,45,47,47,20,73,75,63,63,19,24,53,55,85,85,60,60,60,45,47,47,72],"gold":65,"neow_bonus":"TRANSFORM_TWO_CARDS","is_daily":false,"chose_seed":false,"campfire_upgraded":5,"win_rate":0.0,"timestamp":1610677178,"path_taken":["M","?","$","M","?","E","R","E","T","?","?","?","E","M","R","BOSS","M","$","M","M","M","E","R","E","T","M","E","M","R","M","R","BOSS","M","?","?","?","$","R","E","R","T","E","?","$","M","M","R","BOSS"],"items_purchased_type":["Card","Card","Card","Relic","Relic","Potion","Card","Card"],"build_version":"2020-12-22","purchased_purges":2,"victory":true,"max_hp_per_floor":[68,68,68,68,73,73,73,73,73,73,83,77,77,77,77,77,77,79,79,81,81,83,83,83,83,83,85,87,89,89,91,91,91,91,93,93,93,93,98,98,100,100,100,102,102,102,102,104,104,104],"relic_stats":{"Singing Bowl":22,"Happy Flower":[27],"counters":[25,148],"Golden Idol":178,"Smiling Mask":75,"Question Card":6,"Boot":[0],"Nunchaku":[17],"Dream Catcher":1,"Sundial":[8],"Shuriken":[8],"Pantograph":50,"Black Star":5,"obtain_stats":[{"Ice Cream":41,"TheCursedMod:FourLeafCloverCharm":34,"Calipers":38,"Singing Bowl":13,"Vajra":25,"Smiling Mask":2,"TheCursedMod:DemonicMark":23,"Boot":43,"Nunchaku":19,"Dream Catcher":41,"Sundial":28,"Pantograph":25,"WingedGreaves":8,"Potion Belt":44,"TheCursedMod:BlackMagic101":0,"Pear":11,"Happy Flower":23,"Golden Idol":12,"Omamori":26,"Question Card":37,"White Beast Statue":9,"Anchor":6,"Shuriken":39,"Molten Egg 2":44,"Black Star":17,"FossilizedHelix":28},{"Ice Cream":21,"TheCursedMod:FourLeafCloverCharm":18,"Calipers":20,"Singing Bowl":5,"Vajra":13,"Smiling Mask":1,"TheCursedMod:DemonicMark":12,"Boot":21,"Nunchaku":8,"Dream Catcher":21,"Sundial":15,"Pantograph":13,"WingedGreaves":4,"Potion Belt":22,"TheCursedMod:BlackMagic101":0,"Pear":4,"Happy Flower":12,"Golden Idol":4,"Omamori":13,"Question Card":19,"White Beast Statue":4,"Anchor":3,"Shuriken":20,"Molten Egg 2":22,"Black Star":7,"FossilizedHelix":15},{"Ice Cream":114,"TheCursedMod:FourLeafCloverCharm":101,"Calipers":110,"Singing Bowl":25,"Vajra":73,"Smiling Mask":4,"TheCursedMod:DemonicMark":66,"Boot":114,"Nunchaku":40,"Dream Catcher":114,"Sundial":82,"Pantograph":73,"WingedGreaves":21,"Potion Belt":120,"TheCursedMod:BlackMagic101":0,"Pear":21,"Happy Flower":66,"Golden Idol":21,"Omamori":73,"Question Card":104,"White Beast Statue":21,"Anchor":14,"Shuriken":110,"Molten Egg 2":120,"Black Star":34,"FossilizedHelix":82}]},"card_choices":[{"not_picked":["TheCursedMod:Obscuration","TheCursedMod:CursedAmulet"],"picked":"TheCursedMod:HellsGateOpen","floor":1},{"not_picked":["TheCursedMod:CursedBlade","TheCursedMod:Stretching"],"picked":"TheCursedMod:WearCloak","floor":4},{"not_picked":["TheCursedMod:Grudge","TheCursedMod:FleshFromBone"],"picked":"TheCursedMod:TroublousMinions","floor":6},{"not_picked":["TheCursedMod:Stigma","TheCursedMod:CursedSpellbook"],"picked":"TheCursedMod:CollectTribute","floor":8},{"not_picked":["TheCursedMod:Stretching","TheCursedMod:CircleOfFlame"],"picked":"TheCursedMod:SmokeScreen","floor":13},{"not_picked":["TheCursedMod:DoubleShield","TheCursedMod:Grudge"],"picked":"TheCursedMod:LuckyCharm","floor":14},{"not_picked":["TheCursedMod:Neurasthenia","TheCursedMod:CursedRelics"],"picked":"TheCursedMod:NeowsMight","floor":16},{"not_picked":["TheCursedMod:SoulReap+1","TheCursedMod:DoubleShield+1","TheCursedMod:SpreadPlague"],"picked":"Singing Bowl","floor":18},{"not_picked":["TheCursedMod:RapidMovement","TheCursedMod:Torture","TheCursedMod:CursedMace+1"],"picked":"Singing Bowl","floor":20},{"not_picked":["TheCursedMod:TacticalStrike","TheCursedMod:FleshFromBone+1"],"picked":"TheCursedMod:ReleasedKnowledge+1","floor":21},{"not_picked":["TheCursedMod:CursedShiv+1","TheCursedMod:Evocation","TheCursedMod:PrepareRite"],"picked":"Singing Bowl","floor":22},{"not_picked":["TheCursedMod:SoulReap","TheCursedMod:RapidMovement"],"picked":"TheCursedMod:VoidForm","floor":23},{"not_picked":["TheCursedMod:FleshFromBone+1","TheCursedMod:CircleOfCorruption"],"picked":"TheCursedMod:ManaBullet","floor":25},{"not_picked":["TheCursedMod:RavingStaff+1","TheCursedMod:Obscuration+1","TheCursedMod:CircleOfFlame"],"picked":"Singing Bowl","floor":27},{"not_picked":["TheCursedMod:SmokeScreen","TheCursedMod:TacticalStrike","TheCursedMod:ShockAndAwe"],"picked":"Singing Bowl","floor":28},{"not_picked":["TheCursedMod:Stigma","TheCursedMod:AshesToAshes","TheCursedMod:Mangle+1"],"picked":"Singing Bowl","floor":29},{"not_picked":["TheCursedMod:FleshFromBone","TheCursedMod:SurpriseAttack","TheCursedMod:Hemoplague"],"picked":"Singing Bowl","floor":31},{"not_picked":["TheCursedMod:ShockAndAwe","TheCursedMod:Neurasthenia"],"picked":"TheCursedMod:VoidForm","floor":33},{"not_picked":["TheCursedMod:VitalStrike+1","TheCursedMod:CursedMace+1","TheCursedMod:TroublousMinions"],"picked":"Singing Bowl","floor":35},{"not_picked":["TheCursedMod:RapidMovement","TheCursedMod:RavingStaff+1","TheCursedMod:WearCloak"],"picked":"TheCursedMod:CircleOfAmplification","floor":38},{"not_picked":["TheCursedMod:AbyssShockwave","TheCursedMod:FleshFromBone","TheCursedMod:WearCloak","TheCursedMod:Torture+1"],"picked":"Singing Bowl","floor":41},{"not_picked":["TheCursedMod:CursedBlade","TheCursedMod:WearCloak","TheCursedMod:TacticalStrike+1"],"picked":"TheCursedMod:CursedShiv+1","floor":42},{"not_picked":["TheCursedMod:CircleOfBlood","TheCursedMod:SpreadPlague+1","TheCursedMod:Obscuration+1","TheCursedMod:SaltUponWound+1"],"picked":"Singing Bowl","floor":44},{"not_picked":["TheCursedMod:VitalStrike+1","TheCursedMod:Torture+1","TheCursedMod:Stretching"],"picked":"TheCursedMod:CursedSpellbook+1","floor":47},{"not_picked":["TheCursedMod:CircleOfCorruption","TheCursedMod:Obscuration","TheCursedMod:PrepareRite+1","TheCursedMod:Evocation"],"picked":"Singing Bowl","floor":48}],"player_experience":803588,"relics_obtained":[{"floor":6,"key":"Anchor"},{"floor":8,"key":"WingedGreaves"},{"floor":9,"key":"White Beast Statue"},{"floor":11,"key":"Pear"},{"floor":13,"key":"Singing Bowl"},{"floor":23,"key":"TheCursedMod:DemonicMark"},{"floor":23,"key":"Happy Flower"},{"floor":25,"key":"Vajra"},{"floor":25,"key":"Pantograph"},{"floor":26,"key":"Omamori"},{"floor":28,"key":"Sundial"},{"floor":28,"key":"FossilizedHelix"},{"floor":37,"key":"Question Card"},{"floor":38,"key":"Calipers"},{"floor":41,"key":"Ice Cream"},{"floor":41,"key":"Dream Catcher"},{"floor":43,"key":"Boot"},{"floor":44,"key":"Molten Egg 2"},{"floor":44,"key":"Potion Belt"}],"event_choices":[{"damage_healed":0,"gold_gain":0,"player_choice":"Success","damage_taken":3,"relics_obtained":["Smiling Mask"],"max_hp_gain":0,"max_hp_loss":0,"event_name":"Scrap Ooze","floor":2,"gold_loss":0},{"damage_healed":0,"gold_gain":0,"player_choice":"Donut","damage_taken":0,"max_hp_gain":5,"max_hp_loss":0,"event_name":"Big Fish","floor":5,"gold_loss":0},{"damage_healed":0,"gold_gain":0,"player_choice":"Entered Light","damage_taken":15,"max_hp_gain":0,"max_hp_loss":0,"event_name":"Shining Light","floor":10,"gold_loss":0,"cards_upgraded":["TheCursedMod:WearCloak","TheCursedMod:Strike_TheCursed"]},{"damage_healed":0,"gold_gain":0,"player_choice":"Lose Max HP","damage_taken":0,"relics_obtained":["Golden Idol"],"max_hp_gain":0,"max_hp_loss":6,"event_name":"Golden Idol","floor":12,"gold_loss":0},{"damage_healed":0,"gold_gain":0,"player_choice":"Embrace Madness","damage_taken":12,"max_hp_gain":0,"max_hp_loss":0,"event_name":"Winding Halls","floor":36,"gold_loss":0,"cards_obtained":["Madness","Madness"]},{"damage_healed":0,"gold_gain":0,"player_choice":"Fight","damage_taken":0,"max_hp_gain":0,"max_hp_loss":0,"event_name":"Mysterious Sphere","floor":38,"gold_loss":0},{"damage_healed":0,"gold_gain":0,"player_choice":"Bought 0 Potions","damage_taken":0,"max_hp_gain":0,"max_hp_loss":0,"event_name":"The Woman in Blue","floor":45,"gold_loss":0}],"is_beta":false,"boss_relics":[{"not_picked":["SlaversCollar","Coffee Dripper"],"picked":"Black Star"},{"not_picked":["Runic Dome","Snecko Eye"],"picked":"TheCursedMod:FourLeafCloverCharm"}],"items_purged_floors":[19,39],"is_endless":false,"potions_floor_spawned":[13,14,16,18,20,21,22,23,25,27,28,29,31,33,35,38,41,44,47,48],"ascension_level":5}}