{"host":"0qlrtuw7bw78ucw4","time":1610713786,"event":{"mods":["BaseMod","Downfall","Minty Spire (QoL Compilation)","StSLib"],"gold_per_floor":[99,112,130,143,161,161,161,194,119,219,230,260,260,410,430,430,430,430],"floor_reached":16,"language":"ENG","playtime":5962,"items_purged":[],"score":134,"play_id":"c0755323-cfbb-4f5c-9854-16fa7368457f","local_time":"20210115232946","is_ascension_mode":true,"campfire_choices":[{"data":"hexamod:Float","floor":1,"key":"SMITH"},{"data":"hexamod:SearingWound","floor":6,"key":"SMITH"},{"data":"hexamod:InspiringFlames","floor":9,"key":"SMITH"}],"circlet_count":0,"master_deck":["hexamod:Strike","hexamod:Strike","hexamod:Strike","hexamod:Defend","hexamod:Defend","hexamod:Defend","hexamod:Sear","hexamod:Float+1","hexamod:Hexaguard","hexamod:GhostLash+1","hexamod:SearingWound+1","hexamod:SpectralSpark","hexamod:InspiringFlames+1","hexamod:HeatMetal","hexamod:HeatMetal","hexamod:SuperheatedStrike","hexamod:GhostOfSpireFuture","hexamod:ApocalypticArmor","Slimebound:Icky","hexamod:SecondSeal"],"relics":["hexamod:SpiritBrand","Kunai","Mercury Hourglass","downfall:HeartBlessingGreen","Bag of Marbles","Pen Nib"],"acts_visited":["Exordium"],"potions_floor_usage":[12,16],"damage_taken":[{"damage":3,"enemies":"Small Slimes","floor":2,"turns":4},{"damage":4,"enemies":"2 Louse","floor":3,"turns":2},{"damage":1,"enemies":"Jaw Worm","floor":4,"turns":3},{"damage":0,"enemies":"Exordium Thugs","floor":5,"turns":3},{"damage":19,"enemies":"Gremlin Nob","floor":8,"turns":4},{"damage":1,"enemies":"downfall:Heads","floor":10,"turns":6},{"damage":0,"enemies":"Large Slime","floor":11,"turns":4},{"damage":2,"enemies":"3 Sentries","floor":12,"turns":5},{"damage":0,"enemies":"Blue Slaver","floor":15,"turns":2},{"damage":27,"enemies":"downfall:Ironclad","floor":16,"turns":5}],"seed_played":"-5201325184071432027","potions_obtained":[{"floor":3,"key":"SteroidPotion"},{"floor":5,"key":"SkillPotion"},{"floor":8,"key":"PowerPotion"},{"floor":10,"key":"Block Potion"}],"is_trial":false,"path_per_floor":["R","M","M","M","M","R","T","E","R","?","M","E","?","?","M","B"],"character_chosen":"THE_SPIRIT","items_purchased":[],"campfire_rested":0,"item_purchase_floors":[],"current_hp_per_floor":[70,67,63,62,62,62,62,43,43,42,42,40,22,22,22,0,0,0],"gold":430,"neow_bonus":"THREE_CARDS","is_daily":false,"chose_seed":false,"campfire_upgraded":3,"win_rate":0.0,"timestamp":1610713786,"path_taken":["R","M","M","M","M","R","T","E","R","?","M","E","?","?","M","BOSS"],"items_purchased_type":[],"build_version":"2020-12-22","purchased_purges":0,"victory":false,"max_hp_per_floor":[70,70,70,70,70,70,70,70,70,70,70,70,70,70,70,70,70,70],"card_choices":[{"not_picked":["hexamod:FirstSeal","hexamod:InspiringFlames"],"picked":"hexamod:Hexaguard","floor":0},{"not_picked":["hexamod:RainOfEmbers","hexamod:ThermalTransfer"],"picked":"hexamod:GhostLash","floor":2},{"not_picked":["hexamod:PhantomCloak","hexamod:GhostOfSpirePast"],"picked":"hexamod:SearingWound","floor":3},{"not_picked":["hexamod:NightmareGuise","hexamod:Firestarter"],"picked":"hexamod:SpectralSpark","floor":4},{"not_picked":["hexamod:FourthSeal","hexamod:NightmareStrike"],"picked":"hexamod:InspiringFlames","floor":5},{"not_picked":["hexamod:RecurringNightmare","hexamod:Haunt"],"picked":"hexamod:HeatMetal","floor":8},{"not_picked":["hexamod:GhostLash","hexamod:Incineration"],"picked":"hexamod:SuperheatedStrike","floor":10},{"not_picked":["hexamod:GhostOfSpirePast","hexamod:BurningTouch"],"picked":"hexamod:GhostOfSpireFuture","floor":11},{"not_picked":["hexamod:PhantomCloak","hexamod:BacktrackSmack"],"picked":"hexamod:ApocalypticArmor","floor":12},{"not_picked":["hexamod:NightmareGuise","hexamod:ThermalTransfer"],"picked":"hexamod:SecondSeal","floor":15}],"player_experience":825438,"relics_obtained":[{"floor":7,"key":"Kunai"},{"floor":8,"key":"Mercury Hourglass"},{"floor":12,"key":"Bag of Marbles"}],"event_choices":[{"damage_healed":0,"gold_gain":0,"player_choice":"Success","damage_taken":18,"relics_obtained":["Pen Nib"],"max_hp_gain":0,"max_hp_loss":0,"event_name":"Scrap Ooze","floor":13,"gold_loss":0}],"is_beta":false,"boss_relics":[],"items_purged_floors":[],"is_endless":false,"potions_floor_spawned":[3,5,8,10],"killed_by":"downfall:Ironclad","ascension_level":4}}