{"host":"r8wnwrggzw8t210b","time":1610705604,"event":{"mods":["BaseMod","Colored Powertips","Downfall","Minty Spire (QoL Compilation)","StSLib"],"gold_per_floor":[99,99,99,24,41,54,54,384,401,44,194,194,194,210,224,329,329,329,342,362,78,78,78,78,109,109,109,109],"floor_reached":26,"language":"ZHS","playtime":2631,"items_purged":["hexamod:Strike","hexamod:Defend","Slimebound:Icky"],"score":235,"play_id":"02b1fc59-6987-4951-9209-452f417509f0","local_time":"20210115181324","is_ascension_mode":true,"campfire_choices":[{"data":"hexamod:Sear","floor":1.0,"key":"SMITH"},{"data":"hexamod:TimeOfNeed","floor":12.0,"key":"SMITH"},{"data":"hexamod:SkipABeat","floor":18.0,"key":"SMITH"}],"circlet_count":0,"master_deck":["hexamod:Strike","hexamod:Strike","hexamod:Defend","hexamod:Defend","hexamod:Sear+1","hexamod:Float","hexamod:AdvancingGuard","hexamod:StepThrough","hexamod:EmpoweredFlame","hexamod:SpectralSpark","hexamod:TimeOfNeed+1","hexamod:GhostflameInferno","hexamod:FastForward","hexamod:PowerFromBeyond","hexamod:WildfireWeapon","hexamod:SkipABeat+1","hexamod:VolcanoVisage","Slimebound:Icky","Metallicize"],"relics":["hexamod:SpiritBrand","downfall:HeartsMalice","Ornamental Fan","Old Coin","Bottled Lightning","Cursed Key","PrismaticShard","MutagenicStrength","Shuriken","Vajra"],"acts_visited":["Exordium","TheCity"],"potions_floor_usage":[25],"damage_taken":[{"damage":0.0,"enemies":"Jaw Worm","floor":2.0,"turns":1.0},{"damage":0.0,"enemies":"2 Louse","floor":3.0,"turns":1.0},{"damage":0.0,"enemies":"downfall:FleeingMerchant","floor":4.0,"turns":1.0},{"damage":0.0,"enemies":"Small Slimes","floor":5.0,"turns":3.0},{"damage":7.0,"enemies":"Blue Slaver","floor":6.0,"turns":3.0},{"damage":7.0,"enemies":"3 Sentries","floor":8.0,"turns":7.0},{"damage":0.0,"enemies":"Exordium Wildlife","floor":9.0,"turns":3.0},{"damage":4.0,"enemies":"downfall:FleeingMerchant","floor":10.0,"turns":4.0},{"damage":7.0,"enemies":"Large Slime","floor":14.0,"turns":4.0},{"damage":5.0,"enemies":"Gremlin Gang","floor":15.0,"turns":4.0},{"damage":14.0,"enemies":"downfall:Watcher","floor":16.0,"turns":6.0},{"damage":1.0,"enemies":"3 Byrds","floor":19.0,"turns":4.0},{"damage":16.0,"enemies":"Snecko","floor":20.0,"turns":6.0},{"damage":0.0,"enemies":"downfall:FleeingMerchant","floor":21.0,"turns":4.0},{"damage":37,"enemies":"Book of Stabbing","floor":25,"turns":6},{"damage":0,"enemies":"downfall:FleeingMerchant","floor":26,"turns":2}],"seed_played":"8023506075421578524","potions_obtained":[{"floor":5.0,"key":"EntropicBrew"},{"floor":9.0,"key":"Fire Potion"},{"floor":15.0,"key":"Regen Potion"},{"floor":16.0,"key":"SteroidPotion"},{"floor":19.0,"key":"Fire Potion"},{"floor":25,"key":"SteroidPotion"}],"is_trial":false,"path_per_floor":["R","M","M","$","M","M","T","E","M","$","?","R","?","M","M","B",null,"R","M","M","$","?","?","T","E","$"],"character_chosen":"THE_SPIRIT","items_purchased":["Bottled Lightning","PrismaticShard"],"campfire_rested":0,"item_purchase_floors":[10,21],"current_hp_per_floor":[70,70,70,70,70,63,63,56,56,52,52,52,52,45,40,40,70,70,69,53,53,53,53,53,16,16,16,16],"gold":109,"neow_bonus":"THREE_ENEMY_KILL","is_daily":false,"chose_seed":false,"campfire_upgraded":3,"win_rate":0.0,"timestamp":1610705604,"path_taken":["R","M","M","$","M","M","T","E","M","$","?","R","?","M","M","BOSS","R","M","M","$","?","?","T","E","$"],"items_purchased_type":["Relic","Relic"],"build_version":"2020-12-22","purchased_purges":3,"victory":false,"max_hp_per_floor":[70,70,70,70,70,70,70,70,70,70,70,70,70,70,70,70,70,70,70,70,70,70,70,70,70,70,70,70],"card_choices":[{"not_picked":["hexamod:GhostShield","hexamod:Again"],"picked":"hexamod:AdvancingGuard","floor":2.0},{"not_picked":["hexamod:AdvancingGuard","hexamod:SpectersWail"],"picked":"hexamod:StepThrough","floor":3.0},{"not_picked":["hexamod:SpectersWail","hexamod:SwordOfDarkness"],"picked":"hexamod:EmpoweredFlame","floor":4.0},{"not_picked":["hexamod:SwordOfDarkness","hexamod:SpectersWail"],"picked":"hexamod:SpectralSpark","floor":5.0},{"not_picked":["hexamod:BurningTouch","hexamod:BacktrackSmack"],"picked":"hexamod:TimeOfNeed","floor":6.0},{"not_picked":["hexamod:GhostShield","hexamod:NightmareStrike"],"picked":"hexamod:GhostflameInferno","floor":8.0},{"not_picked":["hexamod:ThermalTransfer","hexamod:SwordOfDarkness"],"picked":"hexamod:FastForward","floor":9.0},{"not_picked":["hexamod:ThirdSeal","hexamod:HeatCrush"],"picked":"hexamod:PowerFromBeyond","floor":10.0},{"not_picked":["hexamod:RainOfEmbers","hexamod:SecondSeal"],"picked":"hexamod:WildfireWeapon","floor":14.0},{"not_picked":["hexamod:FirstSeal","hexamod:SwordOfDarkness"],"picked":"hexamod:SkipABeat","floor":15.0},{"not_picked":["hexamod:UnlimitedPower","hexamod:TimeOfNeed"],"picked":"hexamod:VolcanoVisage","floor":16.0},{"not_picked":["hexamod:ChargedBarrage","hexamod:BacktrackSmack","hexamod:Firestarter"],"picked":"SKIP","floor":19.0},{"not_picked":["hexamod:FlamesFromBeyond","hexamod:ShieldOfDarkness+1","hexamod:HauntingEcho"],"picked":"SKIP","floor":20.0},{"not_picked":["hexamod:SoulSteal","hexamod:NightmareGuise","hexamod:ThermalTransfer+1"],"picked":"SKIP","floor":21.0},{"not_picked":["hexamod:EmpoweredFlame+1","hexamod:InspiringFlames"],"picked":"Metallicize","floor":25}],"player_experience":111494,"relics_obtained":[{"floor":7.0,"key":"Ornamental Fan"},{"floor":8.0,"key":"Old Coin"},{"floor":24,"key":"Shuriken"},{"floor":25,"key":"Vajra"}],"event_choices":[{"cards_removed":["hexamod:Defend"],"damage_healed":0.0,"max_hp_gain":0.0,"max_hp_loss":0.0,"gold_gain":0.0,"event_name":"The Cleric","player_choice":"Card Removal","floor":13.0,"gold_loss":0.0,"damage_taken":0.0},{"damage_healed":0,"gold_gain":0,"player_choice":"Inject Mutagens","damage_taken":0,"relics_obtained":["MutagenicStrength"],"max_hp_gain":0,"max_hp_loss":0,"event_name":"Drug Dealer","floor":22,"gold_loss":0},{"cards_removed":["hexamod:Strike"],"damage_healed":0,"gold_gain":0,"player_choice":"Elegance","damage_taken":0,"max_hp_gain":0,"max_hp_loss":0,"event_name":"Back to Basics","floor":23,"gold_loss":0}],"is_beta":false,"boss_relics":[{"not_picked":["Coffee Dripper","Astrolabe"],"picked":"Cursed Key"}],"items_purged_floors":[4,10,21],"is_endless":false,"potions_floor_spawned":[5,9,15,16,19,25],"killed_by":"downfall:FleeingMerchant","ascension_level":1}}