{"host":"9b7hrp48q3pna783","time":1610696957,"event":{"mods":["BaseMod","Colored Map","Colored Powertips","Highlight Path","Minty Spire (QoL Compilation)","Relic Stats"],"gold_per_floor":[115,128,128,78,101,136,146,158,158,176,190,250,250,141,141,239,239,257,277,277,277,288,288,288,248,294,313,213,227,244,261,261,356,356,376,391,409,209,223,223,73,73,125,152,179,191,216,236,236,236,236,236,11,37,37,37],"floor_reached":55,"language":"ENG","playtime":3562,"items_purged":["Strike_B","Redo","Undo","Ball Lightning"],"score":717,"play_id":"deb2733b-58f1-4264-9a4c-412f013c826c","local_time":"20210115024917","is_ascension_mode":true,"campfire_choices":[{"data":"Glacier","floor":13,"key":"SMITH"},{"floor":15,"key":"REST"},{"data":"Chaos","floor":23,"key":"SMITH"},{"data":"Fusion","floor":32,"key":"SMITH"},{"data":"Defragment","floor":40,"key":"SMITH"},{"data":"Dualcast","floor":42,"key":"SMITH"},{"floor":49,"key":"RECALL"},{"data":"Blizzard","floor":52,"key":"SMITH"}],"circlet_count":0,"master_deck":["Zap","Dualcast+1","Redo","FTL+1","Chaos+1","Glacier+1","Doom and Gloom+1","Seek","Fusion+1","Defragment+1","Hologram","Barrage+1","Go for the Eyes+1","Chill+1","Self Repair","Reinforced Body","Sweeping Beam+1","Thunder Strike","Rebound+1","Blizzard+1","Coolheaded","Compile Driver+1","Multi-Cast","Chaos+1"],"relics":["Cracked Core","Ornamental Fan","Bag of Preparation","Centennial Puzzle","StoneCalendar","TungstenRod","Pandora\u0027s Box","Enchiridion","Whetstone","Busted Crown","Pocketwatch","Strawberry","Lizard Tail","DollysMirror","Happy Flower"],"acts_visited":["Exordium","TheCity","TheBeyond","TheEnding"],"potions_floor_usage":[12,12,27,29,44,50,50],"damage_taken":[{"damage":1,"enemies":"Cultist","floor":1,"turns":4},{"damage":0,"enemies":"2 Louse","floor":2,"turns":1},{"damage":26,"enemies":"Gremlin Nob","floor":6,"turns":4},{"damage":0,"enemies":"Small Slimes","floor":7,"turns":2},{"damage":7,"enemies":"Blue Slaver","floor":8,"turns":4},{"damage":18,"enemies":"Lots of Slimes","floor":10,"turns":3},{"damage":3,"enemies":"Large Slime","floor":11,"turns":4},{"damage":0,"enemies":"Lagavulin Event","floor":12,"turns":4},{"damage":15,"enemies":"Slime Boss","floor":16,"turns":7},{"damage":12,"enemies":"2 Thieves","floor":18,"turns":4},{"damage":0,"enemies":"Spheric Guardian","floor":19,"turns":3},{"damage":4,"enemies":"Shelled Parasite and Fungi","floor":22,"turns":7},{"damage":10,"enemies":"Centurion and Healer","floor":27,"turns":4},{"damage":0,"enemies":"Snecko","floor":29,"turns":4},{"damage":6,"enemies":"Sentry and Sphere","floor":30,"turns":4},{"damage":0,"enemies":"Snake Plant","floor":31,"turns":3},{"damage":9,"enemies":"Champ","floor":33,"turns":12},{"damage":0,"enemies":"Orb Walker","floor":35,"turns":4},{"damage":4,"enemies":"3 Darklings","floor":36,"turns":3},{"damage":21,"enemies":"Spire Growth","floor":37,"turns":5},{"damage":13,"enemies":"Maw","floor":39,"turns":7},{"damage":7,"enemies":"Reptomancer","floor":44,"turns":7},{"damage":16,"enemies":"Jaw Worm Horde","floor":46,"turns":3},{"damage":53,"enemies":"Giant Head","floor":47,"turns":9},{"damage":0,"enemies":"4 Shapes","floor":48,"turns":3},{"damage":64,"enemies":"Awakened One","floor":50,"turns":14},{"damage":61,"enemies":"Shield and Spear","floor":54,"turns":8},{"damage":107,"enemies":"The Heart","floor":55,"turns":9}],"seed_played":"-4194275461028279563","potions_obtained":[{"floor":1,"key":"FairyPotion"},{"floor":2,"key":"SkillPotion"},{"floor":6,"key":"BlessingOfTheForge"},{"floor":12,"key":"Ancient Potion"},{"floor":16,"key":"Energy Potion"},{"floor":27,"key":"DuplicationPotion"},{"floor":29,"key":"FearPotion"},{"floor":39,"key":"Regen Potion"},{"floor":48,"key":"Weak Potion"}],"is_trial":false,"path_per_floor":["M","M","?","?","T","E","M","M","T","M","M","?","R","$","R","B",null,"M","M","?","?","M","R","?","?","T","M","$","M","M","M","R","B",null,"M","M","M","$","M","R","$","R","T","E","T","M","E","M","R","B",null,"R","$","E","B"],"character_chosen":"DEFECT","items_purchased":["Doom and Gloom","Blizzard","Multi-Cast","DollysMirror"],"campfire_rested":1,"item_purchase_floors":[14,38,53,53],"current_hp_per_floor":[74,74,71,71,71,45,45,38,38,20,17,17,17,17,39,24,75,63,63,51,51,47,47,34,34,34,24,24,24,25,25,25,23,80,80,80,66,66,60,60,60,60,60,75,82,73,27,27,27,17,87,87,87,33,0,0],"gold":37,"neow_bonus":"TRANSFORM_CARD","is_daily":false,"chose_seed":false,"campfire_upgraded":6,"win_rate":0.0,"timestamp":1610696957,"path_taken":["M","?","?","?","?","E","M","M","T","M","?","?","R","$","R","BOSS","M","M","?","?","M","R","?","?","T","M","$","M","M","M","R","BOSS","M","M","M","$","M","R","$","R","T","E","?","M","E","M","R","BOSS","R","$","E","BOSS"],"items_purchased_type":["Card","Card","Card","Relic"],"build_version":"2020-12-22","purchased_purges":4,"victory":false,"max_hp_per_floor":[75,75,75,75,75,75,75,75,75,75,75,75,75,75,75,75,75,75,75,75,75,75,75,80,80,80,80,80,80,80,80,80,80,80,80,80,80,80,80,80,80,80,80,80,87,87,87,87,87,87,87,87,87,87,87,87],"relic_stats":{"Happy Flower":[3],"counters":[28,146],"StoneCalendar":[360],"Bag of Preparation":[52],"Whetstone":["FTL","Doom and Gloom"],"Centennial Puzzle":[54],"Lizard Tail":43,"Busted Crown":18,"Ornamental Fan":[164],"Pandora\u0027s Box":["Redo","Undo","Fusion","Defragment","Hologram"],"obtain_stats":[{"Happy Flower":54,"Enchiridion":20,"StoneCalendar":9,"Bag of Preparation":5,"Whetstone":26,"Centennial Puzzle":6,"Lizard Tail":47,"Busted Crown":34,"Ornamental Fan":3,"DollysMirror":53,"Strawberry":45,"Pandora\u0027s Box":17,"Cracked Core":0,"TungstenRod":12,"Pocketwatch":44},{"Happy Flower":27,"Enchiridion":11,"StoneCalendar":5,"Bag of Preparation":2,"Whetstone":12,"Centennial Puzzle":3,"Lizard Tail":24,"Busted Crown":17,"Ornamental Fan":2,"DollysMirror":26,"Strawberry":22,"Pandora\u0027s Box":9,"Cracked Core":0,"TungstenRod":8,"Pocketwatch":22},{"Happy Flower":137,"Enchiridion":40,"StoneCalendar":15,"Bag of Preparation":5,"Whetstone":47,"Centennial Puzzle":9,"Lizard Tail":112,"Busted Crown":74,"Ornamental Fan":5,"DollysMirror":129,"Strawberry":100,"Pandora\u0027s Box":33,"Cracked Core":0,"TungstenRod":26,"Pocketwatch":100}],"TungstenRod":82,"Pocketwatch":[6]},"card_choices":[{"not_picked":["Consume","Static Discharge","Ball Lightning"],"picked":"SKIP","floor":1},{"not_picked":["Stack","Self Repair","Beam Cell"],"picked":"SKIP","floor":2},{"not_picked":["Hyperbeam","Coolheaded"],"picked":"Ball Lightning","floor":6},{"not_picked":["Turbo","Cold Snap"],"picked":"FTL","floor":7},{"not_picked":["Sunder","Go for the Eyes"],"picked":"Chaos","floor":8},{"not_picked":["Double Energy","Static Discharge"],"picked":"Glacier","floor":10},{"not_picked":["Coolheaded","Cold Snap","Conserve Battery"],"picked":"SKIP","floor":11},{"not_picked":["Thunder Strike","Meteor Strike"],"picked":"Seek","floor":16},{"not_picked":["Turbo+1","Beam Cell"],"picked":"Barrage","floor":18},{"not_picked":["Ball Lightning","Sweeping Beam"],"picked":"Go for the Eyes+1","floor":19},{"not_picked":["Stack","Lockon+1"],"picked":"Chill+1","floor":22},{"not_picked":["Coolheaded","Leap","Compile Driver"],"picked":"SKIP","floor":27},{"not_picked":["Aggregate","Heatsinks"],"picked":"Self Repair","floor":29},{"not_picked":["Heatsinks","Redo"],"picked":"Reinforced Body","floor":30},{"not_picked":["Sunder","Barrage"],"picked":"Sweeping Beam+1","floor":31},{"not_picked":["Seek","Amplify"],"picked":"Thunder Strike","floor":33},{"not_picked":["Beam Cell+1"],"picked":"SKIP","floor":35},{"not_picked":[],"picked":"Rebound+1","floor":36},{"not_picked":["Ball Lightning+1"],"picked":"SKIP","floor":37},{"not_picked":["Hologram+1"],"picked":"SKIP","floor":39},{"not_picked":["Buffer"],"picked":"SKIP","floor":44},{"not_picked":[],"picked":"Coolheaded","floor":46},{"not_picked":[],"picked":"Compile Driver+1","floor":47},{"not_picked":["Hologram"],"picked":"SKIP","floor":48},{"not_picked":["Multi-Cast"],"picked":"SKIP","floor":54}],"player_experience":83084,"relics_obtained":[{"floor":5,"key":"Bag of Preparation"},{"floor":6,"key":"Centennial Puzzle"},{"floor":9,"key":"StoneCalendar"},{"floor":12,"key":"TungstenRod"},{"floor":20,"key":"Enchiridion"},{"floor":26,"key":"Whetstone"},{"floor":44,"key":"Pocketwatch"},{"floor":45,"key":"Strawberry"},{"floor":47,"key":"Lizard Tail"},{"floor":54,"key":"Happy Flower"}],"event_choices":[{"damage_healed":0,"gold_gain":0,"player_choice":"Success","damage_taken":3,"relics_obtained":["Ornamental Fan"],"max_hp_gain":0,"max_hp_loss":0,"event_name":"Scrap Ooze","floor":3,"gold_loss":0},{"cards_removed":["Strike_B"],"damage_healed":0,"gold_gain":0,"player_choice":"Card Removal","damage_taken":0,"max_hp_gain":0,"max_hp_loss":0,"event_name":"The Cleric","floor":4,"gold_loss":50},{"damage_healed":0,"gold_gain":0,"player_choice":"Searched \u00271\u0027 times","damage_taken":0,"max_hp_gain":0,"max_hp_loss":0,"event_name":"Dead Adventurer","floor":12,"gold_loss":0},{"damage_healed":0,"gold_gain":0,"player_choice":"Obtained Book","damage_taken":16,"max_hp_gain":0,"max_hp_loss":0,"event_name":"Cursed Tome","floor":20,"gold_loss":0},{"damage_healed":0,"gold_gain":0,"player_choice":"Ignored","damage_taken":0,"max_hp_gain":0,"max_hp_loss":0,"event_name":"Vampires","floor":21,"gold_loss":0},{"damage_healed":0,"gold_gain":0,"player_choice":"Shed Blood","damage_taken":19,"max_hp_gain":5,"max_hp_loss":0,"event_name":"Forgotten Altar","floor":24,"gold_loss":0},{"damage_healed":0,"gold_gain":0,"player_choice":"Upgrade","damage_taken":0,"max_hp_gain":0,"max_hp_loss":0,"event_name":"Designer","floor":25,"gold_loss":40,"cards_upgraded":["Barrage"]}],"is_beta":false,"boss_relics":[{"not_picked":["Coffee Dripper","SlaversCollar"],"picked":"Pandora\u0027s Box"},{"not_picked":["FrozenCore","Tiny House"],"picked":"Busted Crown"}],"items_purged_floors":[14,28,38,41],"is_endless":false,"potions_floor_spawned":[1,2,6,12,16,18,27,29,36,39,48],"killed_by":"The Heart","ascension_level":1}}