{"host":"h1qktzcccqnez8tx","time":1610714068,"event":{"mods":["BaseMod","Block Reminder","Colored Map","Colored Powertips","Curses Come First","Downfall","Highlight Path","Jorbs\u0027s Wanderer Trilogy","Minty Spire (QoL Compilation)","Permanent Neow","Quick Restart","Relic Stats","Replay The Spire","Say the Spire","Shade Mod","StSLib","The Cursed","The Disciple","The Hierophant","The Marked","The Necromancer","The Servant 0.9.4","TheSwordswoman"],"gold_per_floor":[110,126,140,86,55,45,45],"floor_reached":6,"language":"ENG","playtime":411,"items_purged":[],"score":38,"play_id":"74859f9c-8fbc-48c8-8277-8d5166b041fd","local_time":"20210115133428","is_ascension_mode":false,"campfire_choices":[],"circlet_count":0,"master_deck":["hierophant:Strike_Hierophant","hierophant:Strike_Hierophant","hierophant:Strike_Hierophant","hierophant:Strike_Hierophant","hierophant:Punish+1","hierophant:Defend_Hierophant","hierophant:Defend_Hierophant","hierophant:Defend_Hierophant","hierophant:Defend_Hierophant","hierophant:ChurchCoffers","hierophant:RepressedViolence","hierophant:Smite","hierophant:Blessing","hierophant:HammerAndAnvil","hierophant:HolyVerse"],"relics":["hierophant:PropheticMaskRelic"],"acts_visited":["Exordium"],"potions_floor_usage":[],"damage_taken":[{"damage":1,"enemies":"Cultist","floor":1,"turns":3},{"damage":0,"enemies":"2 Louse","floor":2,"turns":2},{"damage":0,"enemies":"Small Slimes","floor":3,"turns":2},{"damage":17,"enemies":"Looter","floor":5,"turns":4},{"damage":64,"enemies":"Gremlin Nob","floor":6,"turns":5}],"seed_played":"-7457528205534175022","potions_obtained":[{"floor":2,"key":"Ancient Potion"}],"is_trial":false,"path_per_floor":["M","M","M","$","M","E"],"character_chosen":"HIEROPHANT","items_purchased":["hierophant:HammerAndAnvil"],"campfire_rested":0,"item_purchase_floors":[4],"current_hp_per_floor":[74,74,74,74,57,0,0],"gold":45,"neow_bonus":"UPGRADE_CARD","is_daily":false,"chose_seed":false,"campfire_upgraded":0,"win_rate":0.0,"timestamp":1610714068,"path_taken":["M","M","M","$","M","E"],"items_purchased_type":["Card"],"build_version":"2020-12-22","purchased_purges":0,"victory":false,"max_hp_per_floor":[75,75,75,75,75,75,75],"relic_stats":{"counters":[5,16],"obtain_stats":[{"hierophant:PropheticMaskRelic":0},{"hierophant:PropheticMaskRelic":0},{"hierophant:PropheticMaskRelic":0}]},"card_choices":[{"not_picked":["hierophant:SealAway","hierophant:FieryStrike"],"picked":"hierophant:RepressedViolence","floor":1},{"not_picked":["hierophant:Doubloon","hierophant:Glossolalia"],"picked":"hierophant:Smite","floor":2},{"not_picked":["hierophant:Racketeering","hierophant:RustyCrate"],"picked":"hierophant:Blessing","floor":3},{"not_picked":["hierophant:DeathKnell","hierophant:Community"],"picked":"hierophant:HolyVerse","floor":5}],"player_experience":62243,"relics_obtained":[],"event_choices":[],"is_beta":false,"boss_relics":[],"items_purged_floors":[],"is_endless":false,"potions_floor_spawned":[2],"killed_by":"Gremlin Nob","ascension_level":0}}