{"host":"Rowan","time":1610676755,"event":{"mods":["BaseMod","Minty Spire (QoL Compilation)"],"gold_per_floor":[119,294,294,70,87,87,122,122,169,169,169,169,169,180,180,284,284,300,313,20,20,0,25,25,25,25,25,25,39,39,73,73,171,171,182,193,205,2,2,2],"floor_reached":39,"language":"ENG","playtime":2391,"items_purged":[],"score":438,"play_id":"4b834104-c84b-4e7b-b616-b76b88022159","local_time":"20210114181235","is_ascension_mode":false,"campfire_choices":[{"floor":6,"key":"RECALL"},{"data":"Noxious Fumes","floor":8,"key":"SMITH"},{"data":"Accuracy","floor":11,"key":"SMITH"},{"data":"Neutralize","floor":13,"key":"SMITH"},{"data":"Footwork","floor":15,"key":"SMITH"},{"floor":25,"key":"REST"},{"floor":32,"key":"REST"}],"circlet_count":0,"master_deck":["Defend_G","Defend_G","Defend_G","Defend_G","Defend_G","Survivor","Neutralize+1","Deflect+1","Caltrops+1","Storm of Steel+1","Sucker Punch+1","Noxious Fumes+1","Dash+1","Accuracy+1","Streamline+1","Footwork+1","Envenom+1","Acrobatics","Dagger Spray","Night Terror","Heel Hook+1","Noxious Fumes","Sucker Punch","Die Die Die","Catalyst","Flying Knee+1","Prepared"],"relics":["Astrolabe","Medical Kit","Gremlin Horn","Snake Skull","Pen Nib","Juzu Bracelet","Toy Ornithopter","Nloth\u0027s Gift","Whetstone","Runic Pyramid","Bronze Scales"],"acts_visited":["Exordium","TheCity","TheBeyond"],"potions_floor_usage":[23,29,31,33,36,37],"damage_taken":[{"damage":3,"enemies":"Small Slimes","floor":1,"turns":4},{"damage":3,"enemies":"2 Louse","floor":5,"turns":3},{"damage":22,"enemies":"Gremlin Nob","floor":7,"turns":5},{"damage":0,"enemies":"Cultist","floor":14,"turns":2},{"damage":23,"enemies":"The Guardian","floor":16,"turns":9},{"damage":5,"enemies":"3 Byrds","floor":18,"turns":2},{"damage":0,"enemies":"Shell Parasite","floor":19,"turns":5},{"damage":39,"enemies":"Slavers","floor":23,"turns":5},{"damage":7,"enemies":"Cultist and Chosen","floor":29,"turns":6},{"damage":6,"enemies":"Gremlin Leader","floor":31,"turns":5},{"damage":35,"enemies":"Collector","floor":33,"turns":8},{"damage":21,"enemies":"Orb Walker","floor":35,"turns":5},{"damage":30,"enemies":"3 Darklings","floor":36,"turns":5},{"damage":11,"enemies":"Maw","floor":37,"turns":6},{"damage":27,"enemies":"Transient","floor":39,"turns":5}],"seed_played":"6496282444459698164","potions_obtained":[{"floor":1,"key":"Strength Potion"},{"floor":16,"key":"GhostInAJar"},{"floor":18,"key":"BlessingOfTheForge"},{"floor":23,"key":"Explosive Potion"},{"floor":29,"key":"Strength Potion"},{"floor":36,"key":"EssenceOfSteel"},{"floor":37,"key":"Dexterity Potion"}],"is_trial":false,"path_per_floor":["M","?","?","$","M","R","E","R","T","?","R","?","R","M","R","B",null,"M","M","$","?","?","E","?","R","T","?","?","M","?","E","R","B",null,"M","M","M","$","M"],"character_chosen":"THE_SILENT","items_purchased":["Medical Kit","Noxious Fumes","Pen Nib","Juzu Bracelet","Bronze Scales","BlessingOfTheForge"],"campfire_rested":2,"item_purchase_floors":[4,4,20,20,38,38],"current_hp_per_floor":[67,67,67,67,64,64,42,42,42,59,59,59,59,59,59,36,67,62,62,62,62,62,23,23,43,43,43,31,29,29,28,49,19,72,51,26,20,20,0,0],"gold":2,"neow_bonus":"BOSS_RELIC","is_daily":false,"chose_seed":false,"campfire_upgraded":4,"win_rate":0.0,"timestamp":1610676755,"path_taken":["M","?","?","$","M","R","E","R","T","?","R","?","R","M","R","BOSS","M","M","$","?","?","E","?","R","T","?","?","M","?","E","R","BOSS","M","M","M","$","M"],"items_purchased_type":["Relic","Card","Relic","Relic","Relic","Potion"],"build_version":"2020-12-18","purchased_purges":0,"victory":false,"max_hp_per_floor":[70,70,70,70,70,70,70,70,70,70,70,67,67,67,67,67,67,67,67,67,67,67,67,67,67,67,67,72,72,72,72,72,72,72,72,72,72,72,72,72],"card_choices":[{"not_picked":["Footwork","Blur"],"picked":"Sucker Punch","floor":1},{"not_picked":["Tactician","Dagger Spray"],"picked":"Dash","floor":5},{"not_picked":["Noxious Fumes","Malaise"],"picked":"Accuracy","floor":7},{"not_picked":["Underhanded Strike","Well Laid Plans"],"picked":"Footwork","floor":14},{"not_picked":["Burst","Tools of the Trade"],"picked":"Envenom","floor":16},{"not_picked":[],"picked":"Acrobatics","floor":18},{"not_picked":[],"picked":"Dagger Spray","floor":19},{"not_picked":[],"picked":"Night Terror","floor":23},{"not_picked":["Noxious Fumes","Reflex"],"picked":"Heel Hook+1","floor":29},{"not_picked":["Heel Hook","Acrobatics","Skewer+1"],"picked":"SKIP","floor":31},{"not_picked":["Grand Finale","Corpse Explosion"],"picked":"Die Die Die","floor":33},{"not_picked":["Backflip","Reflex"],"picked":"Catalyst","floor":35},{"not_picked":["Dagger Throw","Leg Sweep"],"picked":"Flying Knee+1","floor":36},{"not_picked":["All Out Attack","Envenom"],"picked":"Prepared","floor":37}],"player_experience":373365,"relics_obtained":[{"floor":7,"key":"Gremlin Horn"},{"floor":9,"key":"Snake Skull"},{"floor":23,"key":"Toy Ornithopter"},{"floor":31,"key":"Whetstone"}],"event_choices":[{"damage_healed":0,"gold_gain":175,"player_choice":"AGREE","damage_taken":0,"max_hp_gain":0,"max_hp_loss":0,"event_name":"Liars Game","floor":2,"gold_loss":0,"cards_obtained":["Doubt"]},{"cards_removed":["Doubt"],"damage_healed":0,"gold_gain":0,"player_choice":"Forget","damage_taken":0,"max_hp_gain":0,"max_hp_loss":0,"event_name":"Living Wall","floor":3,"gold_loss":0},{"damage_healed":17,"gold_gain":0,"player_choice":"Healed and dodged fight","damage_taken":0,"max_hp_gain":0,"max_hp_loss":0,"event_name":"Mushrooms","floor":10,"gold_loss":0,"cards_obtained":["Parasite"]},{"cards_removed":["Parasite"],"damage_healed":0,"gold_gain":0,"player_choice":"Took Card","damage_taken":0,"max_hp_gain":0,"max_hp_loss":0,"event_name":"NoteForYourself","floor":12,"gold_loss":0,"cards_obtained":["Streamline"]},{"damage_healed":0,"gold_gain":0,"player_choice":"Upgraded","damage_taken":0,"max_hp_gain":0,"max_hp_loss":0,"event_name":"Upgrade Shrine","floor":21,"gold_loss":0,"cards_upgraded":["Envenom"]},{"damage_healed":0,"gold_gain":0,"player_choice":"Paid Fearfully","damage_taken":0,"max_hp_gain":0,"max_hp_loss":0,"event_name":"Masked Bandits","floor":22,"gold_loss":20},{"damage_healed":0,"gold_gain":0,"player_choice":"Traded Relic","damage_taken":0,"relics_obtained":["Nloth\u0027s Gift"],"max_hp_gain":0,"max_hp_loss":0,"event_name":"N\u0027loth","floor":24,"relics_lost":["Busted Crown"],"gold_loss":0},{"damage_healed":0,"gold_gain":0,"player_choice":"Shed Blood","damage_taken":17,"max_hp_gain":5,"max_hp_loss":0,"event_name":"Forgotten Altar","floor":28,"gold_loss":0},{"damage_healed":0,"gold_gain":0,"cards_transformed":["Strike_G","Strike_G"],"player_choice":"Became Test Subject","damage_taken":0,"max_hp_gain":0,"max_hp_loss":0,"event_name":"Drug Dealer","floor":30,"gold_loss":0,"cards_obtained":["Noxious Fumes","Sucker Punch"]}],"is_beta":true,"boss_relics":[{"not_picked":["Ectoplasm","SlaversCollar"],"picked":"Busted Crown"},{"not_picked":["HoveringKite","Empty Cage"],"picked":"Runic Pyramid"}],"items_purged_floors":[],"is_endless":false,"potions_floor_spawned":[1,16,18,23,29,36,37],"killed_by":"Transient","ascension_level":0}}