{"host":"blqtz7f1wyqlnbm9","time":1610753903,"event":{"mods":["Act Like it!","BaseMod","Gensokyo","Minty Spire (QoL Compilation)","StSLib"],"gold_per_floor":[118,118,129,129,147,147,147,147,147,147,161,173,206,7,7,7,7],"floor_reached":16,"language":"ZHS","playtime":445,"items_purged":[],"score":118,"play_id":"718f5859-f2a0-408c-89d8-c65d2b8f437f","local_time":"20210116073823","is_ascension_mode":true,"campfire_choices":[{"data":"Eruption","floor":6.0,"key":"SMITH"},{"data":"CrushJoints","floor":8.0,"key":"SMITH"},{"data":"Gensokyo:SpontaneousHumanCombustion","floor":15.0,"key":"SMITH"}],"circlet_count":0,"master_deck":["Strike_P","Strike_P","Strike_P","Strike_P","Defend_P","Defend_P","Defend_P","Defend_P","Eruption+1","Vigilance","CrushJoints+1","Sanctity","BowlingBash","Pain","CutThroughFate","Halt","Gensokyo:SpontaneousHumanCombustion+1"],"relics":["PureWater","Gensokyo:OccultBall","Gensokyo:Mercy","Gensokyo:LunaticRedEyes","Anchor"],"acts_visited":["Gensokyo:Gensokyo"],"potions_floor_usage":[],"damage_taken":[{"damage":6.0,"enemies":"Gensokyo:Gryphon","floor":1.0,"turns":4.0},{"damage":0.0,"enemies":"Gensokyo:3_Fairies","floor":3.0,"turns":2.0},{"damage":0.0,"enemies":"Gensokyo:Python","floor":5.0,"turns":4.0},{"damage":0.0,"enemies":"Gensokyo:LivingMonolith","floor":11.0,"turns":2.0},{"damage":0.0,"enemies":"Gensokyo:2_Rabbits","floor":12.0,"turns":1.0},{"damage":18.0,"enemies":"Gensokyo:Aya","floor":13.0,"turns":5.0},{"damage":3,"enemies":"Gensokyo:Yukari","floor":16,"turns":6}],"seed_played":"3492657941835570346","potions_obtained":[{"floor":3.0,"key":"SkillPotion"},{"floor":12.0,"key":"FearPotion"}],"is_trial":false,"path_per_floor":["M","?","M","?","M","R","?","R","T","?","M","M","E","COS","R","B"],"character_chosen":"WATCHER","items_purchased":[],"campfire_rested":0,"item_purchase_floors":[],"current_hp_per_floor":[66,66,66,66,66,66,66,66,66,66,66,66,48,48,48,45,45],"gold":7,"neow_bonus":"ONE_RANDOM_RARE_CARD","is_daily":false,"chose_seed":false,"campfire_upgraded":3,"win_rate":0.0,"timestamp":1610753903,"path_taken":["M","?","M","?","?","R","?","R","T","?","?","M","E","COS","R","BOSS"],"items_purchased_type":[],"build_version":"2020-12-22","purchased_purges":0,"victory":false,"max_hp_per_floor":[72,72,72,72,72,72,72,72,72,72,72,72,72,72,72,72,72],"card_choices":[{"not_picked":["Evaluate","EmptyBody"],"picked":"CrushJoints","floor":1.0},{"not_picked":["ThirdEye","Weave"],"picked":"Sanctity","floor":3.0},{"not_picked":["Nirvana","Crescendo"],"picked":"Conclude","floor":4.0},{"not_picked":["FollowUp","Weave"],"picked":"BowlingBash","floor":5.0},{"not_picked":["Swivel","Worship"],"picked":"CutThroughFate","floor":11.0},{"not_picked":["ThirdEye","Ragnarok","Protect"],"picked":"SKIP","floor":12.0},{"not_picked":["SashWhip","Evaluate"],"picked":"Halt","floor":13.0}],"player_experience":228947,"relics_obtained":[{"floor":13.0,"key":"Anchor"}],"event_choices":[],"is_beta":false,"boss_relics":[],"items_purged_floors":[],"is_endless":false,"potions_floor_spawned":[3,12],"killed_by":"Gensokyo:Yukari","ascension_level":4}}