{"host":"f0gpob8hq9vgebej","time":1610723720,"event":{"mods":["AchievementEnabler","BaseMod","Minty Spire (QoL Compilation)","Quick Restart","SuperFastMode"],"gold_per_floor":[116,127,141,152,163,174,174,187,265,295,308,308,65,65,65,160,210,222,5,5,5,21,21,21,21,93,110,110,110],"floor_reached":28,"language":"KOR","playtime":431,"items_purged":["Strike_B","Strike_B"],"score":309,"play_id":"4d40ad43-258e-4fa3-afc1-6bfb8e905804","local_time":"20210116001520","is_ascension_mode":true,"campfire_choices":[{"floor":7.0,"key":"REST"},{"floor":15,"key":"REST"},{"data":"Echo Form","floor":23,"key":"SMITH"},{"data":"Capacitor","floor":25,"key":"SMITH"}],"circlet_count":0,"master_deck":["Strike_B","Defend_B","Defend_B","Zap+1","Dualcast","Biased Cognition","Barrage","Ball Lightning","Heatsinks","Loop","Self Repair","BootSequence","Double Energy","Genetic Algorithm","Self Repair","Conserve Battery","Echo Form+1","Static Discharge","Capacitor+1","Ball Lightning+1","Genetic Algorithm"],"relics":["Cracked Core","Mummified Hand","Molten Egg 2","Tiny House"],"acts_visited":["Exordium","TheCity"],"potions_floor_usage":[16,16,22,27,28],"damage_taken":[{"damage":7.0,"enemies":"Jaw Worm","floor":1.0,"turns":4.0},{"damage":1.0,"enemies":"2 Louse","floor":2.0,"turns":2.0},{"damage":9.0,"enemies":"Small Slimes","floor":3.0,"turns":4.0},{"damage":9.0,"enemies":"Exordium Wildlife","floor":4.0,"turns":3.0},{"damage":10.0,"enemies":"2 Fungi Beasts","floor":5.0,"turns":3.0},{"damage":9.0,"enemies":"Red Slaver","floor":6.0,"turns":3.0},{"damage":18.0,"enemies":"Lots of Slimes","floor":8.0,"turns":3.0},{"damage":0.0,"enemies":"Gremlin Nob","floor":10.0,"turns":2.0},{"damage":3,"enemies":"Blue Slaver","floor":11,"turns":3},{"damage":16,"enemies":"Hexaghost","floor":16,"turns":8},{"damage":24,"enemies":"Spheric Guardian","floor":18,"turns":4},{"damage":11,"enemies":"Shell Parasite","floor":22,"turns":4},{"damage":28,"enemies":"Snake Plant","floor":27,"turns":4},{"damage":51,"enemies":"Slavers","floor":28,"turns":3}],"seed_played":"2529513218576142544","potions_obtained":[{"floor":4.0,"key":"LiquidBronze"},{"floor":5.0,"key":"EssenceOfDarkness"},{"floor":10.0,"key":"BlessingOfTheForge"},{"floor":11,"key":"CultistPotion"},{"floor":17,"key":"LiquidMemories"},{"floor":18,"key":"LiquidMemories"},{"floor":22,"key":"SpeedPotion"}],"is_trial":false,"path_per_floor":["M","M","M","M","M","M","R","M","T","E","M","?","$","?","R","B",null,"M","$","?","?","M","R","?","R","T","M","E"],"character_chosen":"DEFECT","items_purchased":["Genetic Algorithm","Self Repair","Conserve Battery","Capacitor","Ball Lightning+1"],"campfire_rested":2,"item_purchase_floors":[13,13,13,19,19],"current_hp_per_floor":[47,46,37,28,18,9,31,13,13,13,17,10,10,10,32,30,69,59,59,59,59,62,62,62,62,62,48,0,0],"gold":110,"neow_bonus":"THREE_RARE_CARDS","is_daily":false,"chose_seed":false,"campfire_upgraded":2,"win_rate":0.0,"timestamp":1610723720,"path_taken":["M","M","M","M","M","M","R","M","T","E","M","?","$","?","R","BOSS","M","$","?","?","M","R","?","R","T","M","E"],"items_purchased_type":["Card","Card","Card","Card","Card"],"build_version":"2020-12-22","purchased_purges":2,"victory":false,"max_hp_per_floor":[75,75,75,75,75,75,75,75,75,75,75,75,75,75,75,75,80,80,80,80,80,80,80,80,80,80,80,80,80],"card_choices":[{"not_picked":["Thunder Strike","Reboot"],"picked":"Biased Cognition","floor":0.0},{"not_picked":["Gash","Go for the Eyes"],"picked":"Barrage","floor":1.0},{"not_picked":["Hologram","Streamline","Gash"],"picked":"SKIP","floor":2.0},{"not_picked":["Hello World","Loop"],"picked":"Ball Lightning","floor":3.0},{"not_picked":["Compile Driver","Streamline"],"picked":"Heatsinks","floor":4.0},{"not_picked":["Blizzard","Streamline"],"picked":"Loop","floor":5.0},{"not_picked":["Beam Cell","Hello World","Stack"],"picked":"SKIP","floor":6.0},{"not_picked":["Turbo","Steam"],"picked":"Self Repair","floor":8.0},{"not_picked":["Skim","Reinforced Body"],"picked":"BootSequence","floor":10.0},{"not_picked":["Go for the Eyes+1","Sunder+1"],"picked":"Double Energy","floor":11},{"not_picked":["Meteor Strike+1","Buffer"],"picked":"Echo Form","floor":16},{"not_picked":["Leap","Sunder+1"],"picked":"Static Discharge","floor":18},{"not_picked":["Gash+1","Static Discharge"],"picked":"Genetic Algorithm","floor":22},{"not_picked":["Streamline+1","Gash+1","Barrage+1"],"picked":"SKIP","floor":27}],"player_experience":155068,"relics_obtained":[{"floor":9.0,"key":"Mummified Hand"},{"floor":10.0,"key":"Molten Egg 2"}],"event_choices":[{"cards_removed":["Strike_B"],"damage_healed":0,"gold_gain":0,"player_choice":"Card Removal","damage_taken":7,"max_hp_gain":0,"max_hp_loss":0,"event_name":"Golden Wing","floor":12,"gold_loss":0},{"damage_healed":0,"gold_gain":0,"player_choice":"Ignored","damage_taken":0,"max_hp_gain":0,"max_hp_loss":0,"event_name":"Liars Game","floor":14,"gold_loss":0},{"cards_removed":["Defend_B"],"damage_healed":0,"gold_gain":0,"player_choice":"Elegance","damage_taken":0,"max_hp_gain":0,"max_hp_loss":0,"event_name":"Back to Basics","floor":20,"gold_loss":0},{"cards_removed":["Defend_B"],"damage_healed":0,"gold_gain":0,"player_choice":"Purged","damage_taken":0,"max_hp_gain":0,"max_hp_loss":0,"event_name":"Purifier","floor":24,"gold_loss":0}],"is_beta":false,"boss_relics":[{"not_picked":["Coffee Dripper","Runic Dome"],"picked":"Tiny House"}],"items_purged_floors":[13,19],"is_endless":false,"potions_floor_spawned":[4,5,10,11,18,22],"killed_by":"Slavers","ascension_level":5}}