{"host":"13o02hya6v6rzuva","time":1610702466,"event":{"mods":["BaseMod","Minty Spire (QoL Compilation)","Relic Stats"],"gold_per_floor":[113,113,113,129,139,139,30,30,30,65,65,92,106,79,79,181,181,191,179,27,46,46,46],"floor_reached":22,"language":"ENG","playtime":1033,"items_purged":["Regret"],"score":291,"play_id":"f04aef85-c25a-44ec-9cfd-4023e2715247","local_time":"20210115102106","is_ascension_mode":true,"campfire_choices":[{"data":"Underhanded Strike","floor":6.0,"key":"SMITH"},{"data":"Noxious Fumes","floor":8.0,"key":"SMITH"},{"floor":15,"key":"REST"}],"circlet_count":0,"master_deck":["AscendersBane","Strike_G","Strike_G","Strike_G","Strike_G","Strike_G","Defend_G","Defend_G","Defend_G","Defend_G","Defend_G","Survivor","Neutralize","Underhanded Strike+1","Sucker Punch+1","Noxious Fumes+1","Catalyst","PiercingWail","Noxious Fumes","Backflip+1"],"relics":["Snecko Eye","Kunai","Paper Crane","PreservedInsect","StrikeDummy","Black Star","Membership Card"],"acts_visited":["Exordium","TheCity"],"potions_floor_usage":[21,22,22],"damage_taken":[{"damage":0.0,"enemies":"2 Louse","floor":1.0,"turns":4.0},{"damage":8.0,"enemies":"Jaw Worm","floor":4.0,"turns":6.0},{"damage":4.0,"enemies":"Small Slimes","floor":5.0,"turns":3.0},{"damage":6.0,"enemies":"Lagavulin","floor":10.0,"turns":7.0},{"damage":22.0,"enemies":"3 Sentries","floor":12.0,"turns":7.0},{"damage":1,"enemies":"Red Slaver","floor":13,"turns":4},{"damage":21,"enemies":"The Guardian","floor":16,"turns":10},{"damage":15,"enemies":"Spheric Guardian","floor":18,"turns":5},{"damage":21,"enemies":"2 Thieves","floor":19,"turns":4},{"damage":7,"enemies":"Shelled Parasite and Fungi","floor":21,"turns":8},{"damage":27,"enemies":"Cultist and Chosen","floor":22,"turns":8}],"seed_played":"1695709837922596697","potions_obtained":[{"floor":4.0,"key":"SpeedPotion"},{"floor":13,"key":"BlessingOfTheForge"},{"floor":16,"key":"Weak Potion"}],"is_trial":false,"path_per_floor":["M","?","?","M","M","R","$","R","T","E","?","E","M","$","R","B",null,"M","M","$","M","M"],"character_chosen":"THE_SILENT","items_purchased":["Noxious Fumes","PiercingWail","Membership Card"],"campfire_rested":1,"item_purchase_floors":[7,14,20],"current_hp_per_floor":[63,63,63,55,51,51,51,51,51,45,45,23,22,22,43,22,58,43,22,22,15,0,0],"gold":46,"neow_bonus":"BOSS_RELIC","is_daily":false,"chose_seed":false,"campfire_upgraded":2,"win_rate":0.0,"timestamp":1610702466,"path_taken":["M","?","?","M","M","R","$","R","T","E","?","E","?","?","R","BOSS","M","M","$","M","M"],"items_purchased_type":["Card","Card","Relic"],"build_version":"2020-12-22","purchased_purges":1,"victory":false,"max_hp_per_floor":[70,70,70,70,70,70,70,70,70,70,70,70,70,70,70,70,70,70,70,70,70,70,70],"relic_stats":{"counters":[11,66],"Snecko Eye":[109,106,94,123],"PreservedInsect":35,"Black Star":0,"Kunai":[15],"obtain_stats":[{"Snecko Eye":0,"PreservedInsect":10,"Black Star":17,"Kunai":3,"Membership Card":20,"Paper Crane":9,"StrikeDummy":12,"Ring of the Snake":0},{"Snecko Eye":0,"PreservedInsect":4,"Black Star":7,"Kunai":1,"Membership Card":9,"Paper Crane":3,"StrikeDummy":5,"Ring of the Snake":0},{"Snecko Eye":0,"PreservedInsect":20,"Black Star":41,"Kunai":4,"Membership Card":50,"Paper Crane":13,"StrikeDummy":27,"Ring of the Snake":0}]},"card_choices":[{"not_picked":["Dodge and Roll","Deadly Poison"],"picked":"Underhanded Strike","floor":1.0},{"not_picked":["Backflip","Dodge and Roll","Outmaneuver"],"picked":"SKIP","floor":4.0},{"not_picked":["Dagger Throw","Catalyst"],"picked":"Sucker Punch","floor":5.0},{"not_picked":["Adrenaline","Deadly Poison","Blade Dance"],"picked":"SKIP","floor":10.0},{"not_picked":["Finisher","Outmaneuver"],"picked":"Catalyst","floor":12.0},{"not_picked":["Dagger Spray","Outmaneuver","Dagger Throw"],"picked":"SKIP","floor":13},{"not_picked":["Choke","Bane+1"],"picked":"Noxious Fumes","floor":18},{"not_picked":["Finisher","Concentrate+1","Bane+1"],"picked":"SKIP","floor":19},{"not_picked":["Concentrate","Endless Agony"],"picked":"Backflip+1","floor":21}],"player_experience":1123815,"relics_obtained":[{"floor":9.0,"key":"Paper Crane"},{"floor":10.0,"key":"PreservedInsect"},{"floor":12.0,"key":"StrikeDummy"}],"event_choices":[{"damage_healed":0.0,"max_hp_gain":0.0,"max_hp_loss":0.0,"gold_gain":0.0,"event_name":"The Cleric","player_choice":"Leave","floor":2.0,"gold_loss":0.0,"damage_taken":0.0},{"damage_healed":0.0,"max_hp_gain":0.0,"max_hp_loss":0.0,"gold_gain":0.0,"event_name":"Big Fish","player_choice":"Box","floor":3.0,"gold_loss":0.0,"damage_taken":0.0,"relics_obtained":["Kunai"],"cards_obtained":["Regret"]},{"damage_healed":0.0,"max_hp_gain":0.0,"max_hp_loss":0.0,"gold_gain":0.0,"event_name":"Accursed Blacksmith","player_choice":"Forge","floor":11.0,"gold_loss":0.0,"damage_taken":0.0,"cards_upgraded":["Sucker Punch"]}],"is_beta":false,"boss_relics":[{"not_picked":["Velvet Choker","Ectoplasm"],"picked":"Black Star"}],"items_purged_floors":[7],"is_endless":false,"potions_floor_spawned":[4,13,16,19],"killed_by":"Cultist and Chosen","ascension_level":10}}