{"host":"xyxrly520c9wnx4a","time":1610701934,"event":{"mods":["AchievementEnabler","Act Like it!","BaseMod","Colored Powertips","Downfall","Minty Spire (QoL Compilation)","Quick Restart","Relic Stats","Replay The Spire","StSLib","Twitch Decklist","UnlockEverythingMod","【功能Mod】混沌之环修复补丁"],"gold_per_floor":[112,123,141,154,172,172,201,201,201,233,58,84,49,49,49],"floor_reached":14,"language":"ZHS","playtime":1436,"items_purged":["Strike_B"],"score":165,"play_id":"e1fdfee4-dc5e-4cfb-bc12-636d2fd5437f","local_time":"20210115171214","is_ascension_mode":true,"campfire_choices":[{"data":"Coolheaded","floor":6,"key":"SMITH"},{"floor":8,"key":"REST"}],"circlet_count":0,"master_deck":["AscendersBane","Strike_B","Strike_B","Strike_B+1","Defend_B","Defend_B","Defend_B","Defend_B","Zap","Dualcast","Lockon+1","Coolheaded+1","Conserve Battery","Cold Snap","Leap","Electrodynamics","Storm","Coolheaded"],"relics":["Snecko Eye","Whetstone","Bottled Lightning","Lantern","Counterbalance"],"acts_visited":["Exordium"],"potions_floor_usage":[7,7,12],"damage_taken":[{"damage":0,"enemies":"Cultist","floor":1,"turns":4},{"damage":4,"enemies":"Jaw Worm","floor":2,"turns":3},{"damage":0,"enemies":"Small Slimes","floor":3,"turns":2},{"damage":5,"enemies":"Gremlin Gang","floor":4,"turns":7},{"damage":10,"enemies":"Blue Slaver","floor":5,"turns":5},{"damage":35,"enemies":"Gremlin Nob","floor":7,"turns":6},{"damage":3,"enemies":"Replay:BlueRogue","floor":10,"turns":8},{"damage":9,"enemies":"Lagavulin","floor":12,"turns":4},{"damage":27,"enemies":"Gremlin Nob","floor":14,"turns":5}],"seed_played":"-4225865640708805389","potions_obtained":[{"floor":4,"key":"FocusPotion"},{"floor":5,"key":"ColorlessPotion"},{"floor":10,"key":"AttackPotion"}],"is_trial":false,"path_per_floor":["M","M","M","M","M","R","E","R","T","E","$","E","?","E"],"character_chosen":"DEFECT","items_purchased":["Storm","Coolheaded"],"campfire_rested":1,"item_purchase_floors":[11,11],"current_hp_per_floor":[68,64,64,59,49,49,14,36,36,33,33,24,42,15,15],"gold":49,"neow_bonus":"BOSS_RELIC","is_daily":false,"chose_seed":false,"campfire_upgraded":1,"win_rate":0.0,"timestamp":1610701934,"path_taken":["M","M","M","M","M","R","E","R","T","E","?","E","?","E"],"items_purchased_type":["Card","Card"],"build_version":"2020-12-22","purchased_purges":1,"victory":false,"max_hp_per_floor":[75,75,75,75,75,75,75,75,75,75,75,75,75,75,75],"relic_stats":{"counters":[9,44],"Snecko Eye":[77,78,74,84],"Whetstone":["Strike_B","Lockon"],"obtain_stats":[{"Lantern":10,"Counterbalance":12,"Snecko Eye":0,"Whetstone":7,"Bottled Lightning":9,"Cracked Core":0},{"Lantern":7,"Counterbalance":8,"Snecko Eye":0,"Whetstone":6,"Bottled Lightning":6,"Cracked Core":0},{"Lantern":35,"Counterbalance":39,"Snecko Eye":0,"Whetstone":27,"Bottled Lightning":27,"Cracked Core":0}]},"card_choices":[{"not_picked":["Cold Snap","Compile Driver","Recycle"],"picked":"SKIP","floor":1},{"not_picked":["ReplayTheSpireMod:Repulse","Hello World"],"picked":"Lockon","floor":2},{"not_picked":["Sunder","BasicCrystalCard"],"picked":"Coolheaded","floor":3},{"not_picked":["BasicCrystalCard","Stack"],"picked":"Conserve Battery","floor":4},{"not_picked":["Sunder","Rebound"],"picked":"Cold Snap","floor":5},{"not_picked":["Streamline","Skim"],"picked":"Leap","floor":7},{"not_picked":["Barrage","Gash"],"picked":"Electrodynamics","floor":10},{"not_picked":["Barrage","Streamline","Coolheaded"],"picked":"SKIP","floor":12}],"player_experience":78472,"relics_obtained":[{"floor":7,"key":"Whetstone"},{"floor":9,"key":"Bottled Lightning"},{"floor":10,"key":"Lantern"},{"floor":12,"key":"Counterbalance"}],"event_choices":[{"damage_healed":18,"gold_gain":0,"player_choice":"Healed","damage_taken":0,"max_hp_gain":0,"max_hp_loss":0,"event_name":"The Cleric","floor":13,"gold_loss":35}],"is_beta":false,"boss_relics":[],"items_purged_floors":[11],"is_endless":false,"potions_floor_spawned":[4,5,10],"killed_by":"Gremlin Nob","ascension_level":10}}