{"host":"5l3fd535wdxfzl1g","time":1610712869,"event":{"mods":["2.2 Compatiblity","Act Like it!","BaseMod","Better Third Choice","Better Vampires","Colored Powertips","Downfall","Minty Spire (QoL Compilation)","Permanent Neow","Quick Restart","Rare Cards Sparkle","Replay The Spire","Shop Mod","StSLib","Unceasing Turn Reminder","UnlockEverythingMod"],"gold_per_floor":[99,119,139,139,139,157,184,184,200,215,215,229,242,152,172,172,172,172],"floor_reached":16,"language":"ZHS","playtime":635,"items_purged":["Slimebound:Strike_Slimebound"],"score":96,"play_id":"97b84a7e-84a3-4297-94a2-68afc4a772c7","local_time":"20210115201429","is_ascension_mode":false,"campfire_choices":[{"data":"Slimebound:CorrosiveSpit","floor":1.0,"key":"SMITH"},{"data":"Slimebound:FormOfPuddle","floor":11,"key":"SMITH"}],"circlet_count":0,"master_deck":["Slimebound:Strike_Slimebound","Slimebound:Strike_Slimebound","Slimebound:Tackle","Slimebound:Defend_Slimebound","Slimebound:Defend_Slimebound","Slimebound:Defend_Slimebound","Slimebound:Defend_Slimebound","Slimebound:Split","Slimebound:CorrosiveSpit+1","Slimebound:SpikyOuterGoop","Slimebound:SlimeTap","Slimebound:ViciousTackle","Slimebound:FormOfPuddle+1","Slimebound:AcidTongue","Slimebound:BestDefense","Slimebound:LeechLife","Slimebound:FlameTackle"],"relics":["ChewingGum","downfall:BrokenWingStatue"],"acts_visited":["Exordium"],"potions_floor_usage":[14,14],"damage_taken":[{"damage":4.0,"enemies":"2 Louse","floor":2.0,"turns":2.0},{"damage":8.0,"enemies":"Jaw Worm","floor":3.0,"turns":3.0},{"damage":7,"enemies":"Cultist","floor":6,"turns":3},{"damage":5,"enemies":"3 Louse","floor":9,"turns":2},{"damage":16,"enemies":"Red Slaver","floor":10,"turns":5},{"damage":23,"enemies":"Large Slime","floor":12,"turns":8},{"damage":4,"enemies":"Exordium Wildlife","floor":13,"turns":3},{"damage":14,"enemies":"downfall:FleeingMerchant","floor":14,"turns":4},{"damage":11,"enemies":"Blue Slaver","floor":15,"turns":3},{"damage":34,"enemies":"downfall:Silent","floor":16,"turns":2}],"seed_played":"8579295876041897794","potions_obtained":[{"floor":2.0,"key":"Regen Potion"},{"floor":9,"key":"Explosive Potion"},{"floor":13,"key":"BlessingOfTheForge"},{"floor":15,"key":"Venom Potion"}],"is_trial":false,"path_per_floor":["R","M","M","?","?","M","T","?","M","M","R","M","M","$","M","B"],"character_chosen":"SLIMEBOUND","items_purchased":[],"campfire_rested":0,"item_purchase_floors":[],"current_hp_per_floor":[60,60,56,61,61,58,58,58,57,45,45,26,26,32,31,0,0,0],"gold":172,"neow_bonus":"BOSS_RELIC","is_daily":false,"chose_seed":false,"campfire_upgraded":2,"win_rate":0.0,"timestamp":1610712869,"path_taken":["R","M","M","?","?","M","T","?","?","M","R","M","M","$","M","BOSS"],"items_purchased_type":[],"build_version":"2020-12-22","purchased_purges":1,"victory":false,"max_hp_per_floor":[60,60,60,65,65,65,65,65,65,65,65,65,65,65,65,65,65,65],"card_choices":[{"not_picked":["Slimebound:BestDefense","Slimebound:Schlurp"],"picked":"Slimebound:SpikyOuterGoop","floor":2.0},{"not_picked":["Slimebound:PressTheAttack","Slimebound:SplitAcid"],"picked":"Slimebound:SlimeTap","floor":3.0},{"not_picked":["Slimebound:GoopSpray","Slimebound:LeadByExample"],"picked":"Slimebound:ViciousTackle","floor":6},{"not_picked":["Slimebound:ViciousTackle","Slimebound:SplitMire"],"picked":"Slimebound:FormOfPuddle","floor":9},{"not_picked":["Slimebound:RollThrough","Slimebound:SplitLeeching","Slimebound:SplitAcid"],"picked":"SKIP","floor":10},{"not_picked":["Slimebound:ViciousTackle","Slimebound:Replication"],"picked":"Slimebound:AcidTongue","floor":12},{"not_picked":["Slimebound:ViciousTackle","Slimebound:SplitMire"],"picked":"Slimebound:BestDefense","floor":13},{"not_picked":["Slimebound:LeadByExample","Slimebound:FinishingTackle"],"picked":"Slimebound:LeechLife","floor":14},{"not_picked":["Slimebound:PressTheAttack","Slimebound:SamplingLick"],"picked":"Slimebound:FlameTackle","floor":15}],"player_experience":94951,"relics_obtained":[],"event_choices":[{"damage_healed":0.0,"max_hp_gain":5.0,"max_hp_loss":0.0,"gold_gain":0.0,"event_name":"Big Fish","player_choice":"Donut","floor":4.0,"gold_loss":0.0,"damage_taken":0.0},{"damage_healed":0,"gold_gain":0,"player_choice":"Fled","damage_taken":0,"max_hp_gain":0,"max_hp_loss":0,"event_name":"Scrap Ooze","floor":5,"gold_loss":0}],"is_beta":false,"boss_relics":[],"items_purged_floors":[14],"is_endless":false,"potions_floor_spawned":[2,9,13,15],"killed_by":"downfall:Silent","ascension_level":0}}