{"host":"bq4pt811tk9yrmjl","time":1610718751,"event":{"mods":["AchievementEnabler","BaseMod","Colored Map","Colored Powertips","Defuse TimeMaze Blight","Hermit","Minty Spire (QoL Compilation)","StSLib","SuperFastMode"],"gold_per_floor":[119,119,119,136,58,83,8,0,73,90,101,101,156,179,179,277,327,344,344,362,461,461,480,499,499,499,519,535,274,274,30,30,131,131,150,150,166,166,192,192,192,192],"floor_reached":41,"language":"ENG","playtime":788,"items_purged":["Regret","Strike_G"],"score":435,"play_id":"4fc5e5bb-8da6-48b6-933a-d79c0c661687","local_time":"20210115115231","is_ascension_mode":true,"campfire_choices":[{"data":"Accuracy","floor":12.0,"key":"SMITH"},{"data":"Infinite Blades","floor":15.0,"key":"SMITH"},{"floor":25,"key":"REST"},{"floor":30,"key":"REST"},{"data":"Accuracy","floor":32,"key":"SMITH"},{"data":"Neutralize","floor":40,"key":"SMITH"}],"circlet_count":0,"master_deck":["Strike_G","Strike_G","Defend_G","Defend_G","Defend_G","Defend_G","Survivor","Neutralize+1","Blade Dance","Accuracy+1","Infinite Blades+1","Blade Dance","Malaise+1","Leg Sweep+1","Accuracy+1","Slice","PiercingWail+1"],"relics":["Ring of the Snake","NeowsBlessing","Strawberry","Oddly Smooth Stone","Darkstone Periapt","Odd Mushroom","Tiny House","Question Card","Ninja Scroll","ClockworkSouvenir","Empty Cage","Smiling Mask"],"acts_visited":["Exordium","TheCity","TheBeyond"],"potions_floor_usage":[20,23,33,33],"damage_taken":[{"damage":0.0,"enemies":"Cultist","floor":1.0,"turns":1.0},{"damage":0.0,"enemies":"2 Louse","floor":4.0,"turns":1.0},{"damage":0.0,"enemies":"Gremlin Nob","floor":6.0,"turns":1.0},{"damage":0.0,"enemies":"Jaw Worm","floor":10.0,"turns":3.0},{"damage":0.0,"enemies":"Large Slime","floor":11.0,"turns":5.0},{"damage":0.0,"enemies":"Gremlin Nob","floor":13.0,"turns":2.0},{"damage":11.0,"enemies":"The Mushroom Lair","floor":14.0,"turns":4.0},{"damage":37.0,"enemies":"Hexaghost","floor":16.0,"turns":9.0},{"damage":6.0,"enemies":"3 Byrds","floor":18.0,"turns":6.0},{"damage":9,"enemies":"2 Thieves","floor":20,"turns":5},{"damage":16,"enemies":"Snake Plant","floor":23,"turns":6},{"damage":31,"enemies":"Centurion and Healer","floor":24,"turns":4},{"damage":12,"enemies":"Shelled Parasite and Fungi","floor":27,"turns":4},{"damage":8,"enemies":"Cultist and Chosen","floor":28,"turns":5},{"damage":19,"enemies":"Automaton","floor":33,"turns":8},{"damage":9,"enemies":"Orb Walker","floor":35,"turns":4},{"damage":8,"enemies":"3 Shapes","floor":37,"turns":10},{"damage":0,"enemies":"3 Darklings","floor":41,"turns":2}],"seed_played":"-2788320605426662879","potions_obtained":[{"floor":6.0,"key":"Poison Potion"},{"floor":11.0,"key":"Fire Potion"},{"floor":13.0,"key":"SpeedPotion"},{"floor":17.0,"key":"PowerPotion"},{"floor":24,"key":"Strength Potion"},{"floor":27,"key":"Swift Potion"},{"floor":37,"key":"LiquidBronze"}],"is_trial":false,"path_per_floor":["M","$","?","M","$","E","$","?","T","M","M","R","?","?","R","B",null,"M","?","M","?","?","M","M","R","T","M","M","$","R","$","R","B",null,"M","?","M","?","T","R","M"],"character_chosen":"THE_SILENT","items_purchased":["Infinite Blades","Ninja Scroll","ClockworkSouvenir"],"campfire_rested":2,"item_purchase_floors":[5,29,31],"current_hp_per_floor":[70,70,77,77,77,77,77,77,77,77,77,77,77,66,66,29,82,76,76,67,67,67,51,20,44,44,32,24,24,48,48,48,29,82,73,73,65,65,65,65,65,65],"gold":192,"neow_bonus":"THREE_ENEMY_KILL","is_daily":false,"chose_seed":false,"campfire_upgraded":4,"win_rate":0.0,"timestamp":1610718751,"path_taken":["M","?","?","M","$","E","$","?","T","M","M","R","?","?","R","BOSS","M","?","M","?","?","M","M","R","T","?","M","$","R","$","R","BOSS","M","?","M","?","?","R","M"],"items_purchased_type":["Card","Relic","Relic"],"build_version":"2020-12-22","purchased_purges":2,"victory":false,"max_hp_per_floor":[70,70,77,77,77,77,77,77,77,77,77,77,77,77,77,77,82,82,82,82,82,82,82,82,82,82,82,82,82,82,82,82,82,82,82,82,82,82,82,82,82,82],"card_choices":[{"not_picked":["Crippling Poison","Skewer"],"picked":"Blade Dance","floor":1.0},{"not_picked":["Sucker Punch","Prepared"],"picked":"Accuracy","floor":4.0},{"not_picked":["Prepared","Reflex","Choke"],"picked":"SKIP","floor":6.0},{"not_picked":["Quick Slash","Underhanded Strike","PiercingWail"],"picked":"SKIP","floor":10.0},{"not_picked":["Crippling Poison","PiercingWail"],"picked":"Blade Dance","floor":11.0},{"not_picked":["A Thousand Cuts","Tools of the Trade"],"picked":"Malaise","floor":16.0},{"not_picked":["Quick Slash+1","Slice"],"picked":"Leg Sweep+1","floor":18.0},{"not_picked":["Dagger Spray","Reflex"],"picked":"Accuracy","floor":20},{"not_picked":["Escape Plan","Poisoned Stab","Acrobatics+1"],"picked":"SKIP","floor":23},{"not_picked":["Bane+1","Sucker Punch"],"picked":"Slice","floor":24},{"not_picked":["Expertise","Poisoned Stab","Corpse Explosion","Dodge and Roll"],"picked":"SKIP","floor":27},{"not_picked":["Endless Agony+1","Accuracy","Cloak And Dagger","Poisoned Stab+1"],"picked":"SKIP","floor":28},{"not_picked":["Distraction","Deadly Poison+1","Bane"],"picked":"PiercingWail+1","floor":35},{"not_picked":["Slice","Dagger Throw+1","Dagger Spray+1","Die Die Die"],"picked":"SKIP","floor":37}],"player_experience":162897,"relics_obtained":[{"floor":6.0,"key":"Oddly Smooth Stone"},{"floor":14.0,"key":"Odd Mushroom"},{"floor":26,"key":"Question Card"},{"floor":39,"key":"Smiling Mask"}],"event_choices":[{"damage_healed":0.0,"max_hp_gain":0.0,"max_hp_loss":0.0,"gold_gain":0.0,"event_name":"Big Fish","player_choice":"Box","floor":3.0,"gold_loss":0.0,"damage_taken":0.0,"relics_obtained":["Strawberry"],"cards_obtained":["Regret"]},{"damage_healed":0.0,"max_hp_gain":0.0,"max_hp_loss":0.0,"gold_gain":0.0,"event_name":"World of Goop","player_choice":"Left Gold","floor":8.0,"gold_loss":8.0,"damage_taken":0.0},{"damage_healed":0.0,"max_hp_gain":0.0,"max_hp_loss":0.0,"gold_gain":0.0,"event_name":"Dead Adventurer","player_choice":"Searched \u00272\u0027 times","floor":13.0,"gold_loss":0.0,"damage_taken":0.0,"relics_obtained":["Darkstone Periapt"]},{"damage_healed":0.0,"max_hp_gain":0.0,"max_hp_loss":0.0,"gold_gain":0.0,"event_name":"Mushrooms","player_choice":"Fought Mushrooms","floor":14.0,"gold_loss":0.0,"damage_taken":0.0},{"damage_healed":0,"gold_gain":0,"player_choice":"Ignored","damage_taken":0,"max_hp_gain":0,"max_hp_loss":0,"event_name":"Cursed Tome","floor":19,"gold_loss":0},{"damage_healed":0,"gold_gain":99,"player_choice":"Stole From Cult","damage_taken":0,"max_hp_gain":0,"max_hp_loss":0,"event_name":"Nest","floor":21,"gold_loss":0},{"damage_healed":0,"gold_gain":0,"player_choice":"Ignored","damage_taken":0,"max_hp_gain":0,"max_hp_loss":0,"event_name":"N\u0027loth","floor":22,"gold_loss":0},{"cards_removed":["Defend_G"],"damage_healed":0,"gold_gain":0,"player_choice":"Removed Skill","damage_taken":0,"max_hp_gain":0,"max_hp_loss":0,"event_name":"Falling","floor":36,"gold_loss":0},{"damage_healed":0,"gold_gain":0,"player_choice":"Memory 1","damage_taken":0,"max_hp_gain":0,"max_hp_loss":0,"event_name":"SensoryStone","floor":38,"gold_loss":0}],"is_beta":false,"boss_relics":[{"not_picked":["SacredBark","Cursed Key"],"picked":"Tiny House"},{"not_picked":["HoveringKite","SlaversCollar"],"picked":"Empty Cage"}],"items_purged_floors":[7,31],"is_endless":false,"potions_floor_spawned":[6,11,13,24,27,37],"killed_by":"3 Darklings","ascension_level":1}}