{"host":"jl3raagrljzztomj","time":1610741858,"event":{"mods":["Aspiration","BaseMod","BetterRewards","Colored Map","Colored Powertips","Custom Start","Hermit","Highlight Path","Minty Spire (QoL Compilation)","Permanent Neow","StSLib","SuperFastMode","The Runesmith"],"gold_per_floor":[118,135,147,165,179,211,211,211,263,275,275,324,324,274,274,374,374,394,426,436,436,436,436,465,380,380,50,61,71,71,85,85,180,180,190,190,242,261,483,483,510,529,529,19,19,39,57,77,77,77],"floor_reached":51,"language":"ENG","playtime":2445,"items_purged":["Normality","Parasite"],"score":724,"play_id":"923c864f-9c17-4746-a14c-8eb6693353f6","local_time":"20210115141738","is_ascension_mode":false,"campfire_choices":[{"data":"Scrawl","floor":8,"key":"SMITH"},{"floor":11,"key":"REST"},{"data":"Collect","floor":13,"key":"SMITH"},{"data":"InnerPeace","floor":15,"key":"SMITH"},{"data":"Ragnarok","floor":23,"key":"SMITH"},{"data":"Vigilance","floor":30,"key":"SMITH"},{"data":"Protect","floor":32,"key":"SMITH"},{"floor":40,"key":"REST"},{"floor":49,"key":"REST"}],"circlet_count":0,"master_deck":["Strike_P+1","Strike_P+1","Strike_P+1","Defend_P+1","Defend_P+1","Defend_P+1","Defend_P+1","Eruption+1","Vigilance+1","Conclude+1","InnerPeace+1","Collect+1","Scrawl+1","Ragnarok+1","EmptyBody+1","Establishment","Pray","Swivel","Protect+1","Wish","Protect","Madness","Madness","FearNoEvil","TalkToTheHand+1","Indignation+1","Study","Parasite","Madness","Prostrate","Parasite","Adaptation+1","Ragnarok"],"relics":["HolyWater","Damaru","Centennial Puzzle","Vajra","Cursed Key","Red Mask","Runesmith:Nanobots","Shuriken","InkBottle","Lantern","aspiration:AnachronicSnailShell","aspiration:Lifesprig","Mercury Hourglass","StoneCalendar","Torii"],"acts_visited":["Exordium","TheCity","TheBeyond"],"potions_floor_usage":[6,6,41,41,50,50,50],"damage_taken":[{"damage":0,"enemies":"Cultist","floor":1,"turns":3},{"damage":0,"enemies":"2 Louse","floor":2,"turns":1},{"damage":1,"enemies":"Jaw Worm","floor":3,"turns":3},{"damage":0,"enemies":"Looter","floor":4,"turns":1},{"damage":0,"enemies":"2 Fungi Beasts","floor":5,"turns":1},{"damage":26,"enemies":"Gremlin Nob","floor":6,"turns":3},{"damage":6,"enemies":"Large Slime","floor":10,"turns":6},{"damage":44,"enemies":"Hexaghost","floor":16,"turns":9},{"damage":0,"enemies":"Shell Parasite","floor":18,"turns":1},{"damage":0,"enemies":"Masked Bandits","floor":19,"turns":2},{"damage":15,"enemies":"2 Thieves","floor":20,"turns":2},{"damage":4,"enemies":"Gremlin Leader","floor":24,"turns":3},{"damage":0,"enemies":"Snake Plant","floor":28,"turns":3},{"damage":0,"enemies":"Shelled Parasite and Fungi","floor":29,"turns":2},{"damage":0,"enemies":"Snecko","floor":31,"turns":3},{"damage":12,"enemies":"Champ","floor":33,"turns":10},{"damage":21,"enemies":"3 Darklings","floor":35,"turns":5},{"damage":7,"enemies":"2 Orb Walkers","floor":37,"turns":4},{"damage":3,"enemies":"3 Shapes","floor":38,"turns":4},{"damage":23,"enemies":"Reptomancer","floor":41,"turns":8},{"damage":0,"enemies":"Writhing Mass","floor":42,"turns":5},{"damage":1,"enemies":"Spire Growth","floor":46,"turns":5},{"damage":0,"enemies":"3 Darklings","floor":47,"turns":5},{"damage":4,"enemies":"Sphere and 2 Shapes","floor":48,"turns":4},{"damage":40,"enemies":"Time Eater","floor":50,"turns":8}],"seed_played":"3827319505405935474","potions_obtained":[{"floor":1,"key":"Dexterity Potion"},{"floor":2,"key":"Fire Potion"},{"floor":6,"key":"Weak Potion"},{"floor":10,"key":"SkillPotion"},{"floor":18,"key":"LiquidMemories"},{"floor":28,"key":"Fire Potion"},{"floor":38,"key":"BottledMiracle"},{"floor":41,"key":"AttackPotion"},{"floor":46,"key":"Swift Potion"}],"is_trial":false,"path_per_floor":["M","M","M","M","M","E","?","R","T","M","R","T","R","?","R","B",null,"M","?","M","?","?","R","E","?","T","$","M","M","R","M","R","B",null,"M","?","?","M","?","R","E","M","T","$","T","M","M","M","R","B",null],"character_chosen":"WATCHER","items_purchased":["Pray","Lantern","Swivel","Madness","StoneCalendar","Prostrate"],"campfire_rested":3,"item_purchase_floors":[27,27,27,44,44,44],"current_hp_per_floor":[72,72,71,71,71,45,45,45,45,39,60,60,60,60,60,16,72,72,72,57,57,57,57,53,53,53,53,53,53,53,53,53,41,72,51,42,35,32,32,53,30,30,30,30,30,29,29,25,45,5],"gold":77,"neow_bonus":"UPGRADE_CARD","is_daily":false,"chose_seed":false,"campfire_upgraded":6,"win_rate":0.0,"timestamp":1610741858,"path_taken":["M","M","M","M","?","E","?","R","T","?","R","?","R","?","R","BOSS","M","?","M","?","?","R","E","?","T","$","M","M","R","M","R","BOSS","M","?","?","M","?","R","E","M","T","?","?","M","M","?","R","BOSS"],"items_purchased_type":["Card","Relic","Card","Card","Relic","Card"],"build_version":"2020-12-22","purchased_purges":2,"victory":true,"max_hp_per_floor":[72,72,72,72,72,72,72,72,72,72,72,72,72,72,72,72,72,72,72,72,72,72,72,72,72,72,72,72,72,72,72,72,72,72,72,72,72,72,72,72,72,72,72,69,69,69,69,69,69,69],"card_choices":[{"not_picked":["WreathOfFlame","FollowUp"],"picked":"Conclude","floor":1},{"not_picked":["Consecrate","WreathOfFlame","Halt"],"picked":"SKIP","floor":2},{"not_picked":["PathToVictory","Halt"],"picked":"InnerPeace","floor":3},{"not_picked":["Crescendo","CutThroughFate","Prostrate"],"picked":"SKIP","floor":4},{"not_picked":["InnerPeace","BowlingBash"],"picked":"Collect","floor":5},{"not_picked":["Weave","LikeWater"],"picked":"Scrawl","floor":6},{"not_picked":["Halt","Protect","BowlingBash"],"picked":"SKIP","floor":10},{"not_picked":["Blasphemy","Omniscience"],"picked":"Ragnarok","floor":16},{"not_picked":["Prostrate","Consecrate+1"],"picked":"EmptyBody+1","floor":18},{"not_picked":["FollowUp","CrushJoints"],"picked":"Establishment","floor":20},{"not_picked":["MentalFortress","PathToVictory","EmptyBody"],"picked":"SKIP","floor":24},{"not_picked":["EmptyFist","Nirvana","Evaluate"],"picked":"SKIP","floor":28},{"not_picked":["FlyingSleeves","Crescendo"],"picked":"Protect","floor":29},{"not_picked":["CutThroughFate+1","Conclude+1","JustLucky"],"picked":"SKIP","floor":31},{"not_picked":["LessonLearned","Alpha"],"picked":"Wish","floor":33},{"not_picked":["Pray+1","MentalFortress+1"],"picked":"Protect","floor":35},{"not_picked":["SandsOfTime","Evaluate"],"picked":"FearNoEvil","floor":37},{"not_picked":["JustLucky+1","FlurryOfBlows"],"picked":"TalkToTheHand+1","floor":38},{"not_picked":["Swivel+1","CarveReality+1"],"picked":"Indignation+1","floor":41},{"not_picked":["EmptyFist","MentalFortress+1"],"picked":"Study","floor":42},{"not_picked":["Prostrate+1","Worship"],"picked":"Adaptation+1","floor":46},{"not_picked":["WreathOfFlame","Sanctity","FollowUp+1"],"picked":"SKIP","floor":47},{"not_picked":["FollowUp+1","EmptyMind+1"],"picked":"Ragnarok","floor":48}],"player_experience":957154,"relics_obtained":[{"floor":6,"key":"Damaru"},{"floor":9,"key":"Centennial Puzzle"},{"floor":12,"key":"Vajra"},{"floor":19,"key":"Red Mask"},{"floor":24,"key":"Runesmith:Nanobots"},{"floor":26,"key":"InkBottle"},{"floor":37,"key":"aspiration:AnachronicSnailShell"},{"floor":41,"key":"aspiration:Lifesprig"},{"floor":43,"key":"Mercury Hourglass"},{"floor":45,"key":"Torii"}],"event_choices":[{"damage_healed":0,"gold_gain":0,"player_choice":"Upgraded","damage_taken":0,"max_hp_gain":0,"max_hp_loss":0,"event_name":"Upgrade Shrine","floor":7,"gold_loss":0,"cards_upgraded":["Conclude"]},{"cards_removed":["Strike_P"],"damage_healed":0,"gold_gain":0,"player_choice":"Card Removal","damage_taken":0,"max_hp_gain":0,"max_hp_loss":0,"event_name":"The Cleric","floor":14,"gold_loss":50},{"damage_healed":0,"gold_gain":0,"player_choice":"Fought Bandits","damage_taken":0,"max_hp_gain":0,"max_hp_loss":0,"event_name":"Masked Bandits","floor":19,"gold_loss":0},{"damage_healed":0,"gold_gain":0,"player_choice":"Simplicity","damage_taken":0,"max_hp_gain":0,"max_hp_loss":0,"event_name":"Back to Basics","floor":21,"gold_loss":0,"cards_upgraded":["Strike_P","Strike_P","Strike_P","Defend_P","Defend_P","Defend_P","Defend_P"]},{"damage_healed":0,"gold_gain":0,"player_choice":"Ignored","damage_taken":0,"max_hp_gain":0,"max_hp_loss":0,"event_name":"Vampires","floor":22,"gold_loss":0},{"damage_healed":0,"gold_gain":0,"player_choice":"Obtained Relic","damage_taken":0,"relics_obtained":["Shuriken"],"max_hp_gain":0,"max_hp_loss":0,"event_name":"Addict","floor":25,"gold_loss":85},{"damage_healed":0,"gold_gain":0,"player_choice":"Embrace Madness","damage_taken":9,"max_hp_gain":0,"max_hp_loss":0,"event_name":"Winding Halls","floor":36,"gold_loss":0,"cards_obtained":["Madness","Madness"]},{"damage_healed":0,"gold_gain":0,"player_choice":"Fight","damage_taken":0,"max_hp_gain":0,"max_hp_loss":0,"event_name":"Mysterious Sphere","floor":37,"gold_loss":0},{"damage_healed":0,"gold_gain":222,"player_choice":"Wore Mask","damage_taken":0,"max_hp_gain":0,"max_hp_loss":0,"event_name":"Tomb of Lord Red Mask","floor":39,"gold_loss":0}],"is_beta":false,"boss_relics":[{"not_picked":["Runic Pyramid","Empty Cage"],"picked":"Cursed Key"},{"not_picked":["aspiration:RandomNobGenerator","aspiration:RunicSpoon"],"picked":"HolyWater"}],"items_purged_floors":[27,44],"is_endless":false,"potions_floor_spawned":[1,2,6,10,18,19,24,28,31,38,41,46],"ascension_level":0}}