{"host":"1vfpjvae9xcvmh7u","time":1610699865,"event":{"mods":["BaseMod","Downfall","Hermit","Hubris","Infinite Spire","Jorbs\u0027s Wanderer Trilogy","Minty Spire (QoL Compilation)","Replay The Spire","StSLib","The Construct","The Cursed","The Disciple","The Hierophant","The Jungle","The Marked","The Mystic","The Necromancer","The Runesmith","The Servant 0.9.4"],"gold_per_floor":[118,118,118,132,144,144,144,144,144,160,170,187,187,206,206,301,301,315,315,331,349,349,349,449,449],"floor_reached":24,"language":"ENG","playtime":892,"items_purged":[],"score":190,"play_id":"f1d5bd75-c8fc-40d9-ac0c-0a8732637253","local_time":"20210115003745","is_ascension_mode":false,"campfire_choices":[{"data":"theMarked:SoldierOfQuellstein","floor":7,"key":"SMITH"},{"floor":13,"key":"REST"},{"data":"theMarked:MysticalArsenal","floor":15,"key":"SMITH"},{"data":"theMarked:DeterminationOfTheMarked","floor":23,"key":"SMITH"}],"circlet_count":0,"master_deck":["theMarked:Strike","theMarked:Strike","theMarked:Strike","theMarked:Strike","theMarked:Strike","theMarked:Defend","theMarked:Defend","theMarked:Defend","theMarked:Defend","theMarked:SoldierOfQuellstein+1","theMarked:DeterminationOfTheMarked+1","theMarked:ChainLightning+1","Replay:Fractal Strike+1","theMarked:BanishingStrike+1","theMarked:ContemptForTheProud+1","theMarked:WardOff","theMarked:MysticalArsenal+1","theMarked:SuspiciousRaven","theMarked:RogueSparks"],"relics":["theMarked:ArtifactOfAir","Bag of Marbles","Molten Egg 2","hubris:Teleporter","ChewingGum","Painkiller Herb","Anchor","hubris:Icosahedron"],"acts_visited":["Exordium","TheCity"],"potions_floor_usage":[10,16,16,16,24],"damage_taken":[{"damage":0,"enemies":"Small Slimes","floor":1,"turns":4},{"damage":0,"enemies":"Cultist","floor":4,"turns":3},{"damage":0,"enemies":"2 Louse","floor":5,"turns":2},{"damage":12,"enemies":"Blue Slaver","floor":10,"turns":1},{"damage":5,"enemies":"Exordium Wildlife","floor":11,"turns":2},{"damage":1,"enemies":"3 Louse","floor":12,"turns":2},{"damage":0,"enemies":"Lots of Slimes","floor":14,"turns":2},{"damage":10,"enemies":"The Guardian","floor":16,"turns":7},{"damage":5,"enemies":"2 Thieves","floor":18,"turns":3},{"damage":0,"enemies":"Chosen","floor":20,"turns":3},{"damage":2,"enemies":"Centurion and Healer","floor":21,"turns":3},{"damage":64,"enemies":"Book of Stabbing","floor":24,"turns":5}],"seed_played":"-3462688037758839278","potions_obtained":[{"floor":4,"key":"Dexterity Potion"},{"floor":5,"key":"Death Potion"},{"floor":11,"key":"Block Potion"},{"floor":14,"key":"Cursed Concoction"},{"floor":20,"key":"Elixir"}],"is_trial":false,"path_per_floor":["M","?","$","M","M","?","R","T","T","M","M","M","R","M","R","B",null,"M","AVR","?","?","?","T","E"],"character_chosen":"THE_DEFAULT","items_purchased":[],"campfire_rested":1,"item_purchase_floors":[],"current_hp_per_floor":[70,70,70,70,70,54,54,54,54,42,37,36,57,57,57,47,70,65,65,65,63,63,63,0,0],"gold":449,"neow_bonus":"RANDOM_COMMON_RELIC","is_daily":false,"chose_seed":false,"campfire_upgraded":3,"win_rate":0.0,"timestamp":1610699865,"path_taken":["M","?","?","M","M","?","R","?","T","M","?","M","R","M","R","BOSS","M","AVR","?","?","?","T","E"],"items_purchased_type":[],"build_version":"2020-12-22","purchased_purges":0,"victory":false,"max_hp_per_floor":[70,70,70,70,70,70,70,70,70,70,70,70,70,70,70,70,70,70,70,70,70,70,70,70,70],"card_choices":[{"not_picked":["theMarked:TwofoldDefense","theMarked:Parkour"],"picked":"theMarked:EnhanceMovement","floor":1},{"not_picked":["theMarked:Standoff","theMarked:Aftermath"],"picked":"theMarked:DeterminationOfTheMarked","floor":4},{"not_picked":["theMarked:ResourceFulStrike+1","theMarked:Aftermath"],"picked":"theMarked:ChainLightning+1","floor":5},{"not_picked":["hubris:Rewind","infinitespire:FinalStrike"],"picked":"Replay:Fractal Strike","floor":6},{"not_picked":["theMarked:TwofoldDefense","theMarked:MaelstromOfLightning"],"picked":"theMarked:BanishingStrike+1","floor":10},{"not_picked":["theMarked:GodGivenPower","theMarked:DeterminationOfTheMarked"],"picked":"theMarked:ContemptForTheProud+1","floor":11},{"not_picked":["theMarked:ReduceFriction","theMarked:ChainLightning+1"],"picked":"theMarked:WardOff","floor":12},{"not_picked":["theMarked:ElementalBlade","theMarked:Aftermath"],"picked":"theMarked:MysticalArsenal","floor":14},{"not_picked":["theMarked:Challenge","theMarked:DispelDoubt+1"],"picked":"theMarked:SuspiciousRaven","floor":16},{"not_picked":["theMarked:PowerFlow+1","theMarked:ResourceFulStrike+1","theMarked:TwofoldDefense"],"picked":"SKIP","floor":18},{"not_picked":["theMarked:WastefulAttack+1","theMarked:WastefulDefense","theMarked:ElectricStrings+1"],"picked":"SKIP","floor":20},{"not_picked":["theMarked:ResourceFulStrike+1","theMarked:Parkour+1"],"picked":"theMarked:RogueSparks","floor":21}],"player_experience":2063176,"relics_obtained":[{"floor":8,"key":"hubris:Teleporter"}],"event_choices":[{"cards_removed":["theMarked:EnhanceMovement"],"damage_healed":0,"gold_gain":0,"player_choice":"Gave Card","damage_taken":0,"relics_obtained":["Molten Egg 2"],"max_hp_gain":0,"max_hp_loss":0,"event_name":"WeMeetAgain","floor":2,"gold_loss":0}],"is_beta":false,"boss_relics":[{"not_picked":["Abe\u0027s Treasure","hubris:BlackHole"],"picked":"ChewingGum"}],"items_purged_floors":[],"is_endless":false,"potions_floor_spawned":[4,5,11,14,20],"killed_by":"Book of Stabbing","ascension_level":0}}