{"host":"5ffrjkuvgrxgllwx","time":1610681639,"event":{"mods":["AchievementEnabler","BaseMod","Colored Map","Colored Powertips","Conspire","Hubris","Minty Spire (QoL Compilation)","Quick Restart","Rare Cards Sparkle","Replay The Spire","StSLib","everything is the same but u backflip on backflip"],"gold_per_floor":[115,61,128,140,55,84,94,94,94,128,128,141,141,141,141,141,141],"floor_reached":16,"language":"ENG","playtime":352,"items_purged":[],"score":246,"play_id":"9fdd6e80-2009-4681-bf29-d6f9993611b1","local_time":"20210114223359","is_ascension_mode":true,"campfire_choices":[{"data":"Infernal Blade","floor":8,"key":"SMITH"},{"data":"Metallicize","floor":11,"key":"SMITH"},{"floor":15,"key":"REST"}],"circlet_count":0,"master_deck":["AscendersBane","Strike_R","Strike_R","Strike_R","Strike_R+1","Strike_R+1","Defend_R","Defend_R","Defend_R","Defend_R","Bash","Run Through+1","Wild Strike","Cleave","Metallicize+1","Infernal Blade+1","Thunderclap"],"relics":["Burning Blood","NeowsBlessing","hubris:DisguiseKit","Blue Doll","Gremlin Food"],"acts_visited":["Exordium"],"potions_floor_usage":[10,16,16],"damage_taken":[{"damage":0,"enemies":"Jaw Worm","floor":1,"turns":1},{"damage":0,"enemies":"Small Slimes","floor":4,"turns":1},{"damage":0,"enemies":"Lagavulin","floor":6,"turns":1},{"damage":8,"enemies":"Cultist","floor":7,"turns":4},{"damage":23,"enemies":"Gremlin Nob","floor":10,"turns":4},{"damage":17,"enemies":"Blue Slaver","floor":12,"turns":4},{"damage":63,"enemies":"Slime Boss","floor":16,"turns":6}],"seed_played":"-3342253934702223667","potions_obtained":[{"floor":4,"key":"Fruit Juice"},{"floor":7,"key":"EssenceOfSteel"},{"floor":12,"key":"Block Potion"}],"is_trial":false,"path_per_floor":["M","$","?","M","$","E","M","R","T","E","R","M","?","?","R","B"],"character_chosen":"IRONCLAD","items_purchased":["Wild Strike","Metallicize"],"campfire_rested":1,"item_purchase_floors":[2,5],"current_hp_per_floor":[74,74,74,75,75,75,73,73,73,56,56,45,48,25,48,0,0],"gold":141,"neow_bonus":"THREE_ENEMY_KILL","is_daily":false,"chose_seed":false,"campfire_upgraded":2,"win_rate":0.0,"timestamp":1610681639,"path_taken":["M","$","?","M","$","E","M","R","T","E","R","M","?","?","R","BOSS"],"items_purchased_type":["Card","Card"],"build_version":"2020-12-22","purchased_purges":0,"victory":false,"max_hp_per_floor":[75,75,75,75,75,75,75,75,75,75,75,75,78,78,78,83,83],"card_choices":[{"not_picked":["Second Wind","Replay:Undeath\u0027s Touch"],"picked":"Run Through","floor":1},{"not_picked":["Second Wind","Headbutt"],"picked":"Cleave","floor":4},{"not_picked":["Limit Break","Clash","Clothesline"],"picked":"SKIP","floor":6},{"not_picked":["Havoc","Replay:Undeath\u0027s Touch","CutThroughFate"],"picked":"Infernal Blade","floor":7},{"not_picked":["Perfected Strike","Inflame","Entrench","BowlingBash"],"picked":"SKIP","floor":10},{"not_picked":["True Grit","Evolve","Replay:ManipulateFuture"],"picked":"Thunderclap","floor":12}],"player_experience":1390192,"relics_obtained":[{"floor":6,"key":"hubris:DisguiseKit"},{"floor":9,"key":"Blue Doll"},{"floor":10,"key":"Gremlin Food"}],"event_choices":[{"damage_healed":0,"gold_gain":67,"player_choice":"Gained Gold","damage_taken":0,"max_hp_gain":0,"max_hp_loss":0,"event_name":"Golden Wing","floor":3,"gold_loss":0},{"damage_healed":0,"gold_gain":0,"player_choice":"Entered Light","damage_taken":23,"max_hp_gain":0,"max_hp_loss":0,"event_name":"Shining Light","floor":14,"gold_loss":0,"cards_upgraded":["Strike_R","Run Through"]}],"is_beta":false,"boss_relics":[],"items_purged_floors":[],"is_endless":false,"potions_floor_spawned":[4,7,12],"killed_by":"Slime Boss","ascension_level":17}}