{"host":"plbsiuh3vwan8ocg","time":1610681508,"event":{"mods":["AchievementEnabler","BaseMod","Minty Spire (QoL Compilation)","Permanent Neow","Quick Restart","StSLib"],"gold_per_floor":[117,189,45,45,45,79,100,100,124,124,147,147,190,204,204,204,204],"floor_reached":16,"language":"ENG","playtime":702,"items_purged":[],"score":233,"play_id":"f05cbc11-66fa-412f-92dd-8e4c9cc2378e","local_time":"20210114223148","is_ascension_mode":true,"campfire_choices":[{"floor":8,"key":"REST"},{"data":"Streamline","floor":12,"key":"SMITH"},{"floor":15,"key":"REST"}],"circlet_count":0,"master_deck":["AscendersBane","Strike_B","Strike_B","Strike_B","Strike_B","Defend_B","Defend_B","Defend_B","Defend_B","Zap","Dualcast","Core Surge","Beam Cell","Streamline+1","Leap","Conserve Battery","Storm","Fusion"],"relics":["Cracked Core","Potion Belt","Golden Idol","Ancient Tea Set","Nunchaku","Mummified Hand"],"acts_visited":["Exordium"],"potions_floor_usage":[13,13,16],"damage_taken":[{"damage":1,"enemies":"2 Louse","floor":1,"turns":2},{"damage":40,"enemies":"Lagavulin","floor":6,"turns":7},{"damage":0,"enemies":"Small Slimes","floor":7,"turns":2},{"damage":0,"enemies":"Jaw Worm","floor":11,"turns":3},{"damage":0,"enemies":"Gremlin Nob","floor":13,"turns":3},{"damage":15,"enemies":"Exordium Wildlife","floor":14,"turns":3},{"damage":52,"enemies":"Hexaghost","floor":16,"turns":9}],"seed_played":"-5158241855835067349","potions_obtained":[{"floor":6,"key":"BlessingOfTheForge"},{"floor":7,"key":"PowerPotion"},{"floor":11,"key":"BlessingOfTheForge"}],"is_trial":false,"path_per_floor":["M","?","$","?","?","E","M","R","T","?","M","R","E","M","R","B"],"character_chosen":"DEFECT","items_purchased":["Potion Belt"],"campfire_rested":2,"item_purchase_floors":[3],"current_hp_per_floor":[63,63,63,63,63,23,23,44,44,44,44,44,44,29,50,0,0],"gold":204,"neow_bonus":"ONE_RANDOM_RARE_CARD","is_daily":false,"chose_seed":false,"campfire_upgraded":1,"win_rate":0.0,"timestamp":1610681508,"path_taken":["M","?","$","?","?","E","M","R","T","?","M","R","E","M","R","BOSS"],"items_purchased_type":["Relic"],"build_version":"2020-12-22","purchased_purges":0,"victory":false,"max_hp_per_floor":[71,71,71,71,71,71,71,71,71,71,71,71,71,71,71,71,71],"card_choices":[{"not_picked":["Streamline","Barrage"],"picked":"Beam Cell","floor":1},{"not_picked":["Blizzard","Steam"],"picked":"Streamline","floor":6},{"not_picked":["Reprogram","Hologram"],"picked":"Leap","floor":7},{"not_picked":["Chaos","Go for the Eyes"],"picked":"Conserve Battery","floor":11},{"not_picked":["Aggregate","Go for the Eyes"],"picked":"Storm","floor":13},{"not_picked":["Barrage","Compile Driver"],"picked":"Fusion","floor":14}],"player_experience":405596,"relics_obtained":[{"floor":6,"key":"Ancient Tea Set"},{"floor":9,"key":"Nunchaku"},{"floor":13,"key":"Mummified Hand"}],"event_choices":[{"damage_healed":0,"gold_gain":72,"player_choice":"Gained Gold","damage_taken":0,"max_hp_gain":0,"max_hp_loss":0,"event_name":"Golden Wing","floor":2,"gold_loss":0},{"damage_healed":0,"gold_gain":0,"player_choice":"Fled","damage_taken":0,"max_hp_gain":0,"max_hp_loss":0,"event_name":"Scrap Ooze","floor":4,"gold_loss":0},{"damage_healed":0,"gold_gain":0,"player_choice":"Take Wound","damage_taken":0,"relics_obtained":["Golden Idol"],"max_hp_gain":0,"max_hp_loss":0,"event_name":"Golden Idol","floor":5,"gold_loss":0,"cards_obtained":["Injury"]},{"cards_removed":["Injury"],"damage_healed":0,"gold_gain":0,"player_choice":"Forget","damage_taken":0,"max_hp_gain":0,"max_hp_loss":0,"event_name":"Living Wall","floor":10,"gold_loss":0}],"is_beta":false,"boss_relics":[],"items_purged_floors":[],"is_endless":false,"potions_floor_spawned":[6,7,11],"killed_by":"Hexaghost","ascension_level":15}}