{"host":"9tdk3zzhmpo6o3dg","time":1610692812,"event":{"mods":["BaseMod","Downfall","Marisa£®ÏF”Í°°ƒß¿Ì…≥£©","Minty Spire (QoL Compilation)","Shop Mod","StSLib","The Cursed","The Marked","The Servant 0.9.4"],"gold_per_floor":[10,10,20,20,30,63,75,75,75,130,80,255,255,275,275,370,370,385,300,311,311,323,358,358,386,409,104,104,115,115,40,40,137,137,156,176,176,7,21,51,51,70,97,117,117,132,161,171,171,171],"floor_reached":51,"language":"ZHS","playtime":3344,"items_purged":["Doubt"],"score":747,"play_id":"9c8ee2a0-45d2-4592-8326-747129c37a18","local_time":"20210115144012","is_ascension_mode":false,"campfire_choices":[{"data":"OortCloud","floor":8.0,"key":"SMITH"},{"data":"BlazeAway","floor":13.0,"key":"SMITH"},{"floor":15.0,"key":"REST"},{"data":"MillisecondPulsars","floor":24,"key":"SMITH"},{"data":"PropBag","floor":30,"key":"SMITH"},{"data":"PropBag","floor":32,"key":"SMITH"},{"data":"MysteriousBeam","floor":41,"key":"SMITH"},{"data":"Acceleration","floor":45,"key":"SMITH"},{"data":"OortCloud","floor":49,"key":"SMITH"}],"circlet_count":0,"master_deck":["Strike_MRS","Strike_MRS","Defend_MRS","Defend_MRS","Defend_MRS","Defend_MRS","MasterSpark","UpSweep","ShootingEcho","GasGiant","FairyDestructionRay+1","PowerUp","OortCloud+1","BlazeAway+1","MilkyWay","MillisecondPulsars+1","PropBag+1","PropBag+1","GasGiant","MagicAbsorber","MeteoricShower","WitchLeyline+1","ChargeUpSpray+1","Acceleration","MysteriousBeam+1","SporeBomb+1","AsteroidBelt+1","Acceleration+1","OortCloud+1","OortCloud+1","PropBag+1","ShootTheMoon+1"],"relics":["BewitchedHakkero","Torii","Strawberry","InkBottle","Darkstone Periapt","Bag of Marbles","Boot","SacredBark","Sundial","Lantern","Smiling Mask","Anchor","HandmadeGrimoire","Happy Flower","Shuriken","Bag of Preparation","Pocketwatch"],"acts_visited":["Exordium","TheCity","TheBeyond"],"potions_floor_usage":[18,23,33,33,33,50,50,50],"damage_taken":[{"damage":0.0,"enemies":"Small Slimes","floor":1.0,"turns":2.0},{"damage":7.0,"enemies":"Jaw Worm","floor":3.0,"turns":3.0},{"damage":0.0,"enemies":"2 Louse","floor":5.0,"turns":2.0},{"damage":24.0,"enemies":"Lagavulin","floor":6.0,"turns":6.0},{"damage":1.0,"enemies":"Large Slime","floor":7.0,"turns":7.0},{"damage":27.0,"enemies":"3 Sentries","floor":10.0,"turns":4.0},{"damage":0.0,"enemies":"Exordium Wildlife","floor":14.0,"turns":1.0},{"damage":29.0,"enemies":"The Guardian","floor":16.0,"turns":9.0},{"damage":20,"enemies":"Spheric Guardian","floor":18,"turns":6},{"damage":1,"enemies":"Shell Parasite","floor":20,"turns":4},{"damage":19,"enemies":"Snecko","floor":22,"turns":8},{"damage":6,"enemies":"Gremlin Leader","floor":23,"turns":9},{"damage":1,"enemies":"Book of Stabbing","floor":25,"turns":5},{"damage":1,"enemies":"Shelled Parasite and Fungi","floor":29,"turns":3},{"damage":48,"enemies":"Champ","floor":33,"turns":8},{"damage":9,"enemies":"3 Shapes","floor":35,"turns":4},{"damage":17,"enemies":"3 Darklings","floor":36,"turns":5},{"damage":1,"enemies":"Spire Growth","floor":39,"turns":4},{"damage":11,"enemies":"Giant Head","floor":40,"turns":6},{"damage":0,"enemies":"Transient","floor":42,"turns":5},{"damage":0,"enemies":"3 Darklings","floor":44,"turns":2},{"damage":0,"enemies":"Writhing Mass","floor":46,"turns":3},{"damage":0,"enemies":"Reptomancer","floor":47,"turns":4},{"damage":0,"enemies":"Transient","floor":48,"turns":5},{"damage":6,"enemies":"Awakened One","floor":50,"turns":6}],"seed_played":"4686606835382793711","potions_obtained":[{"floor":1.0,"key":"Weak Potion"},{"floor":5.0,"key":"FearPotion"},{"floor":10.0,"key":"BlessingOfTheForge"},{"floor":16.0,"key":"Swift Potion"},{"floor":23,"key":"Dexterity Potion"},{"floor":25,"key":"FearPotion"},{"floor":29,"key":"Fire Potion"},{"floor":33,"key":"Energy Potion"},{"floor":35,"key":"Swift Potion"},{"floor":36,"key":"DuplicationPotion"},{"floor":44,"key":"Fire Potion"}],"is_trial":false,"path_per_floor":["M","?","M","T","M","E","M","R","T","?","?","?","R","M","R","B",null,"M","?","M","?","M","E","R","E","T","$","?","M","R","?","R","B",null,"M","M","?","$","M","E","R","M","T","M","R","M","E","M","R","B",null],"character_chosen":"MARISA","items_purchased":["HandmadeGrimoire","Happy Flower","MysteriousBeam"],"campfire_rested":1,"item_purchase_floors":[27,38,38],"current_hp_per_floor":[75,79,72,72,72,48,47,47,47,20,20,26,26,26,52,23,88,68,68,67,67,48,54,54,53,53,53,53,52,52,52,52,4,88,79,62,62,62,61,50,50,50,50,50,50,50,50,50,50,44],"gold":171,"neow_bonus":"ONE_RARE_RELIC","is_daily":false,"chose_seed":false,"campfire_upgraded":8,"win_rate":0.0,"timestamp":1610692812,"path_taken":["M","?","M","?","M","E","M","R","T","?","?","?","R","?","R","BOSS","M","?","M","?","M","E","R","E","T","$","?","M","R","?","R","BOSS","M","M","?","?","M","E","R","M","T","M","R","M","E","M","R","BOSS"],"items_purchased_type":["Relic","Relic","Card"],"build_version":"2020-12-22","purchased_purges":1,"victory":true,"max_hp_per_floor":[75,82,82,82,82,82,82,82,82,82,82,88,88,88,88,88,88,88,88,88,88,88,88,88,88,88,88,88,88,88,88,88,88,88,88,88,88,88,88,88,88,88,88,88,88,88,88,88,88,88],"card_choices":[{"not_picked":["ChargeUpSpray","Robbery"],"picked":"ShootingEcho","floor":1.0},{"not_picked":["6A","AsteroidBelt"],"picked":"GasGiant","floor":3.0},{"not_picked":["IllusionStar","GalacticHalo"],"picked":"FairyDestructionRay","floor":5.0},{"not_picked":["MachineGunSpark","FairyDestructionRay"],"picked":"PowerUp","floor":6.0},{"not_picked":["ShootTheMoon","DC"],"picked":"OortCloud","floor":7.0},{"not_picked":["PulseMagic","StarBarrage"],"picked":"BlazeAway","floor":10.0},{"not_picked":["NonDirectionalLaser","WitchOfGreed"],"picked":"MilkyWay","floor":14.0},{"not_picked":["CasketOfStar","FinalSpark"],"picked":"MillisecondPulsars","floor":16.0},{"not_picked":["AsteroidBelt+1","FairyDestructionRay"],"picked":"PropBag","floor":18},{"not_picked":["DoubleSpark","OrrerysSun"],"picked":"PropBag","floor":20},{"not_picked":["MilkyWay","6A"],"picked":"GasGiant","floor":22},{"not_picked":["Robbery","Singularity"],"picked":"MagicAbsorber","floor":23},{"not_picked":["CasketOfStar","MysteriousBeam"],"picked":"MeteoricShower","floor":25},{"not_picked":["6A","MagicChant"],"picked":"WitchLeyline+1","floor":29},{"not_picked":["ChargingUp","GravityBeat"],"picked":"ChargeUpSpray+1","floor":35},{"not_picked":["NonDirectionalLaser","PropBag"],"picked":"Acceleration","floor":36},{"not_picked":["DarkMatter","PowerUp+1"],"picked":"SporeBomb+1","floor":39},{"not_picked":["BlazeAway","UnstableBomb"],"picked":"AsteroidBelt+1","floor":40},{"not_picked":["WitchLeyline+1","MilkyWay+1"],"picked":"Acceleration","floor":42},{"not_picked":["ShootingEcho","GrandCross+1"],"picked":"OortCloud+1","floor":44},{"not_picked":["ShootingEcho+1","AsteroidBelt+1"],"picked":"OortCloud","floor":46},{"not_picked":["GasGiant+1","DarkMatter"],"picked":"PropBag+1","floor":47},{"not_picked":["MagicAbsorber","CollectingQuirk"],"picked":"ShootTheMoon+1","floor":48}],"player_experience":110789,"relics_obtained":[{"floor":4.0,"key":"InkBottle"},{"floor":6.0,"key":"Darkstone Periapt"},{"floor":9.0,"key":"Bag of Marbles"},{"floor":23,"key":"Lantern"},{"floor":25,"key":"Smiling Mask"},{"floor":26,"key":"Anchor"},{"floor":40,"key":"Shuriken"},{"floor":43,"key":"Bag of Preparation"},{"floor":47,"key":"Pocketwatch"}],"event_choices":[{"damage_healed":0.0,"max_hp_gain":0.0,"max_hp_loss":0.0,"gold_gain":0.0,"event_name":"Scrap Ooze","player_choice":"Success","floor":2.0,"gold_loss":0.0,"damage_taken":3.0,"relics_obtained":["Strawberry"]},{"damage_healed":0.0,"max_hp_gain":0.0,"max_hp_loss":0.0,"gold_gain":0.0,"event_name":"Dead Adventurer","player_choice":"Searched \u00273\u0027 times","floor":10.0,"gold_loss":0.0,"damage_taken":0.0,"relics_obtained":["Boot"]},{"cards_removed":["Strike_MRS"],"damage_healed":0.0,"max_hp_gain":0.0,"max_hp_loss":0.0,"gold_gain":0.0,"event_name":"The Cleric","player_choice":"Card Removal","floor":11.0,"gold_loss":50.0,"damage_taken":0.0},{"damage_healed":0.0,"max_hp_gain":0.0,"max_hp_loss":0.0,"gold_gain":175.0,"event_name":"Liars Game","player_choice":"AGREE","floor":12.0,"gold_loss":0.0,"damage_taken":0.0,"cards_obtained":["Doubt"]},{"damage_healed":0,"gold_gain":0,"player_choice":"Obtained Relic","damage_taken":0,"relics_obtained":["Sundial"],"max_hp_gain":0,"max_hp_loss":0,"event_name":"Addict","floor":19,"gold_loss":85},{"damage_healed":0,"gold_gain":0,"player_choice":"Ignored","damage_taken":0,"max_hp_gain":0,"max_hp_loss":0,"event_name":"Vampires","floor":28,"gold_loss":0},{"cards_removed":["Strike_MRS"],"damage_healed":0,"gold_gain":0,"player_choice":"Gave Gold","damage_taken":0,"max_hp_gain":0,"max_hp_loss":0,"event_name":"Beggar","floor":31,"gold_loss":75},{"damage_healed":0,"gold_gain":0,"player_choice":"Upgraded","damage_taken":0,"max_hp_gain":0,"max_hp_loss":0,"event_name":"Upgrade Shrine","floor":37,"gold_loss":0,"cards_upgraded":["FairyDestructionRay"]}],"is_beta":false,"boss_relics":[{"not_picked":["Snecko Eye","Runic Dome"],"picked":"SacredBark"},{"not_picked":["RampagingMagicTools","Velvet Choker"],"picked":"BewitchedHakkero"}],"items_purged_floors":[27],"is_endless":false,"potions_floor_spawned":[1,5,10,16,23,25,29,33,35,36,44,47,48],"ascension_level":0}}