{"host":"khkox7sggahain0a","time":1610678132,"event":{"mods":["Act Like it!","Arknights The Spire","BaseMod","Downfall","Gensokyo","Lobotomy","LobotomyExtend","Marisa£®ÏF”Í°°ƒß¿Ì…≥£©","Minty Spire (QoL Compilation)","StSLib","The Animator","Waifu the Spire"],"gold_per_floor":[116,134,150,162,174,207,224,257,283,293,41,41,83,130,130,229,229,243,90,104,104,4,32,42,77,77,77,77,167,167],"floor_reached":29,"language":"ZHS","playtime":1526,"items_purged":["ats:Strike V","ats:Curse Doll"],"score":301,"play_id":"7bed2f18-f36b-409c-84eb-2f7ac37a555e","local_time":"20210115103532","is_ascension_mode":true,"campfire_choices":[{"data":"ats:Part Time Job","floor":12.0,"key":"SMITH"},{"floor":15.0,"key":"RECALL"},{"data":"ats:Dogmatic Field","floor":28,"key":"SMITH"}],"circlet_count":0,"master_deck":["ats:Strike G","ats:Armor Crushing Shot","ats:Defend","ats:Defend","ats:Defend","ats:Defend","ats:Emotion Absorption","MeatLantern","ats:Directed Diagnosis","PunishingBird","ats:Revitalization","ats:Part Time Job+1","QueenOfHatred","ats:Apocalypse","OSAHOGD","ats:Dogmatic Field+1","ats:Revitalization+1","ats:Healing Strengthening","ats:Cat Scratch+1","BigBird","CENSORED","ats:Apocalypse"],"relics":["ats:Sanity","CogitoBucket","LetterFromLob","RedMistMask","ats:Originium","Pocketwatch","ChangeAnything","Ginger","Molten Egg 2","Singing Bowl","Sozu","ats:Spiritual Recovery","Regal Pillow","Gremlin Horn","Orichalcum"],"acts_visited":["Exordium","TheCity"],"potions_floor_usage":[29,29,29],"damage_taken":[{"damage":1.0,"enemies":"Cultist","floor":1.0,"turns":4.0},{"damage":0.0,"enemies":"2 Louse","floor":2.0,"turns":3.0},{"damage":0.0,"enemies":"Small Slimes","floor":3.0,"turns":3.0},{"damage":0.0,"enemies":"Blue Slaver","floor":4.0,"turns":3.0},{"damage":0.0,"enemies":"3 Louse","floor":5.0,"turns":2.0},{"damage":9.0,"enemies":"3 Sentries","floor":6.0,"turns":3.0},{"damage":0.0,"enemies":"Looter","floor":7.0,"turns":2.0},{"damage":7.0,"enemies":"Gremlin Nob","floor":8.0,"turns":3.0},{"damage":21.0,"enemies":"Gremlin Gang","floor":10.0,"turns":3.0},{"damage":11.0,"enemies":"Red Slaver","floor":13.0,"turns":4.0},{"damage":11.0,"enemies":"3 Sentries","floor":14.0,"turns":3.0},{"damage":99.0,"enemies":"The Guardian","floor":16.0,"turns":15.0},{"damage":51.0,"enemies":"2 Thieves","floor":18.0,"turns":5.0},{"damage":28,"enemies":"Chosen","floor":20,"turns":6},{"damage":128,"enemies":"Gremlin Leader","floor":23,"turns":8},{"damage":17,"enemies":"3 Cultists","floor":24,"turns":4},{"damage":53,"enemies":"Slavers","floor":25,"turns":6},{"damage":268,"enemies":"Snecko","floor":29,"turns":9}],"seed_played":"5556340430135408457","potions_obtained":[{"floor":1.0,"key":"Fire Potion"},{"floor":5.0,"key":"SkillPotion"},{"floor":6.0,"key":"Fire Potion"},{"floor":7.0,"key":"Regen Potion"},{"floor":16.0,"key":"Fire Potion"}],"is_trial":false,"path_per_floor":["M","M","M","M","M","E","M","E","T","M","$","R","M","E","R","B",null,"M","$","M","?","$","E","M","E","T","?","R","M"],"character_chosen":"DOCTOR_CLASS","items_purchased":["Molten Egg 2","ats:Healing Strengthening"],"campfire_rested":0,"item_purchase_floors":[11,19],"current_hp_per_floor":[71,72,72,72,72,63,63,65,65,55,55,55,66,65,65,7,74,33,33,49,49,49,13,22,80,80,80,80,0,0],"gold":167,"neow_bonus":"","is_daily":false,"chose_seed":false,"campfire_upgraded":2,"win_rate":0.0,"timestamp":1610678132,"path_taken":["M","?","M","M","M","E","M","E","T","M","$","R","M","E","R","BOSS","M","$","M","?","$","E","M","E","T","?","R","M"],"items_purchased_type":["Relic","Card"],"build_version":"2020-12-22","purchased_purges":2,"victory":false,"max_hp_per_floor":[72,72,72,72,72,72,72,72,72,72,72,72,72,74,74,74,74,74,74,76,76,76,78,78,80,80,80,80,80,80],"card_choices":[{"not_picked":["Bloodbath","FairyFestival"],"picked":"MeatLantern","floor":1.0},{"not_picked":["ats:Magnetic Hammer","ats:Assault Order"],"picked":"ats:Directed Diagnosis","floor":1.0},{"not_picked":["OSAHOGD","Murderer"],"picked":"PunishingBird","floor":2.0},{"not_picked":["ats:Consecutive Shot Auto","ats:Ignite"],"picked":"ats:Revitalization","floor":2.0},{"not_picked":["ShyLook","UniverseFragment","Bloodbath"],"picked":"Singing Bowl","floor":3.0},{"not_picked":["ats:Encircling Forest","ats:Childhood Dance"],"picked":"ats:Part Time Job","floor":3.0},{"not_picked":["QueenOfHatred","RedShoes","BeautyBeast"],"picked":"Singing Bowl","floor":4.0},{"not_picked":["ats:Magnetic Hammer","ats:Spore Proliferation","ats:Closed Bolt Burst Fire"],"picked":"SKIP","floor":4.0},{"not_picked":["MHz","RedShoes","Bloodbath"],"picked":"Singing Bowl","floor":5.0},{"not_picked":["ats:Curse Doll","ats:Cat Scratch","ats:Hammer On"],"picked":"SKIP","floor":5.0},{"not_picked":["ShyLook","MHz","SingingMachine"],"picked":"Singing Bowl","floor":6.0},{"not_picked":["Freischutz","Bloodbath"],"picked":"QueenOfHatred","floor":6.0},{"not_picked":["ats:Steam Pump","ats:Childhood Dance"],"picked":"ats:Apocalypse","floor":6.0},{"not_picked":["BeautyBeast","MHz","FairyFestival"],"picked":"Singing Bowl","floor":7.0},{"not_picked":["ats:Curse Doll","ats:Cat Scratch","ats:Support Order"],"picked":"SKIP","floor":7.0},{"not_picked":["Mercenary","Bloodbath","CrumblingArmor"],"picked":"Singing Bowl","floor":8.0},{"not_picked":["ats:Thermite Blade","ats:Leaping Hammer","ats:Demon Strength"],"picked":"SKIP","floor":8.0},{"not_picked":["Murderer","MHz","LaLuna"],"picked":"Singing Bowl","floor":10.0},{"not_picked":["ats:Poison Spread","ats:Flexible Camouflage","ats:Beaten Up"],"picked":"SKIP","floor":10.0},{"not_picked":["WhitesApple","FairyFestival","Scarecrow"],"picked":"Singing Bowl","floor":13.0},{"not_picked":["ats:Rapid Magazine","ats:Consecutive Shot Auto+1","ats:Ambush"],"picked":"SKIP","floor":13.0},{"not_picked":["FairyFestival","Scorched","BeautyBeast"],"picked":"Singing Bowl","floor":14.0},{"not_picked":["SpiderBud","RedShoes"],"picked":"OSAHOGD","floor":14.0},{"not_picked":["ats:Red Shift+1","ats:Consecutive Shot Auto+1","ats:Encircling Forest"],"picked":"Singing Bowl","floor":14.0},{"not_picked":["GreedKing","UniverseFragment","Alriune"],"picked":"Singing Bowl","floor":16.0},{"not_picked":["ats:Nebulous Foxfire","ats:Shadow Assault+1"],"picked":"ats:Dogmatic Field","floor":16.0},{"not_picked":["ats:Shell Defense","ats:Leaping Hammer+1"],"picked":"ats:Revitalization+1","floor":18},{"not_picked":["SingingMachine","CherryBlossoms","Laetitia"],"picked":"Singing Bowl","floor":20},{"not_picked":["ats:Counter Healing Mode","ats:Assault Order+1","ats:Flexible Camouflage"],"picked":"Singing Bowl","floor":20},{"not_picked":["SpiderBud","HeroicMonk"],"picked":"BigBird","floor":23},{"not_picked":["ats:Soul Rend","ats:Hook Shot","ats:Poison Spread+1"],"picked":"Singing Bowl","floor":23},{"not_picked":["SpiderBud","FieryBird"],"picked":"CENSORED","floor":24},{"not_picked":["ats:Thermite Blade+1","ats:Rapid Magazine"],"picked":"ats:Apocalypse","floor":24},{"not_picked":["SpiderBud","OldLady","ShyLook"],"picked":"Singing Bowl","floor":25},{"not_picked":["ats:Curse Doll","ats:Encircling Forest","ats:Ignite+1"],"picked":"Singing Bowl","floor":25}],"player_experience":313757,"relics_obtained":[{"floor":1.0,"key":"LetterFromLob"},{"floor":2.0,"key":"RedMistMask"},{"floor":6.0,"key":"ats:Originium"},{"floor":6.0,"key":"Pocketwatch"},{"floor":8.0,"key":"ats:Originium"},{"floor":8.0,"key":"Ginger"},{"floor":14.0,"key":"ats:Originium"},{"floor":14.0,"key":"Singing Bowl"},{"floor":23,"key":"ats:Spiritual Recovery"},{"floor":25,"key":"Regal Pillow"},{"floor":26,"key":"Gremlin Horn"},{"floor":27,"key":"Orichalcum"}],"event_choices":[{"damage_healed":0,"gold_gain":0,"cards_transformed":["ats:Strike C","ats:Strike S"],"player_choice":"Became Test Subject","damage_taken":0,"max_hp_gain":0,"max_hp_loss":0,"event_name":"Drug Dealer","floor":21,"gold_loss":0,"cards_obtained":["ats:Curse Doll","ats:Cat Scratch"]},{"damage_healed":0,"gold_gain":0,"player_choice":"Relic","damage_taken":0,"max_hp_gain":0,"max_hp_loss":0,"event_name":"Wheel of Change","floor":27,"gold_loss":0}],"is_beta":false,"boss_relics":[{"not_picked":["Snecko Eye","Ectoplasm"],"picked":"Sozu"}],"items_purged_floors":[19,22],"is_endless":false,"potions_floor_spawned":[1,5,6,7,8,13,16,18,25],"killed_by":"Snecko","ascension_level":1}}