{"host":"18wi9kpcl4eah7pe","time":1610748255,"event":{"mods":["BaseMod","Colored Powertips","Downfall","Minty Spire (QoL Compilation)","StSLib"],"gold_per_floor":[99,119,119,119,219,230,230,80,110,110,110,110,110],"floor_reached":11,"language":"ENG","playtime":370,"items_purged":[],"score":104,"play_id":"a9a8f3f7-99d6-4040-a8c3-2768240fa5d5","local_time":"20210115160415","is_ascension_mode":true,"campfire_choices":[{"floor":1.0,"key":"RECALL"},{"floor":8.0,"key":"REST"},{"floor":10,"key":"REST"}],"circlet_count":0,"master_deck":["Slimebound:Strike_Slimebound","Slimebound:Strike_Slimebound","Slimebound:Tackle","Slimebound:Defend_Slimebound","Slimebound:Defend_Slimebound","Slimebound:Defend_Slimebound","Slimebound:Defend_Slimebound","Slimebound:Split","Slimebound:CorrosiveSpit","Guardian:Aged","Slimebound:GrowthPunch","Slimebound:MassFeed","Slimebound:RainOfGoop","Slimebound:Schlurp","Parasite","Slimebound:Split","expansioncontent:CaCaw","Slimebound:RainOfGoop","Slimebound:GoopTackle","Slimebound:SamplingLick"],"relics":["Slimebound:AbsorbEndCombat","Shovel","downfall:GremlinSack","downfall:HeartBlessingRed","downfall:HeartBlessingBlue","Nunchaku"],"acts_visited":["Exordium"],"potions_floor_usage":[9],"damage_taken":[{"damage":9.0,"enemies":"Small Slimes","floor":2.0,"turns":4.0},{"damage":59.0,"enemies":"Small Slimes","floor":5.0,"turns":7.0},{"damage":6.0,"enemies":"2 Louse","floor":6.0,"turns":2.0},{"damage":43,"enemies":"Gremlin Nob","floor":9,"turns":5},{"damage":60,"enemies":"3 Sentries","floor":11,"turns":7}],"seed_played":"-5426627878228850321","potions_obtained":[{"floor":6.0,"key":"Block Potion"}],"is_trial":false,"path_per_floor":["R","M","?","?","?","M","T","R","E","R","E"],"character_chosen":"SLIMEBOUND","items_purchased":[],"campfire_rested":2,"item_purchase_floors":[],"current_hp_per_floor":[72,69,66,66,23,24,24,59,28,53,0,0,0],"gold":110,"neow_bonus":"TWENTY_PERCENT_HP_BONUS","is_daily":false,"chose_seed":false,"campfire_upgraded":0,"win_rate":0.0,"timestamp":1610748255,"path_taken":["R","M","?","?","?","?","T","R","E","R","E"],"items_purchased_type":[],"build_version":"2020-12-22","purchased_purges":0,"victory":false,"max_hp_per_floor":[72,72,72,72,72,75,75,85,85,85,85,85,85],"card_choices":[{"not_picked":["Slimebound:SplitLeeching","Slimebound:SlimeSpikes"],"picked":"Slimebound:GrowthPunch","floor":2.0},{"not_picked":["Slimebound:ServeAndProtect","Slimebound:LeechingTouch"],"picked":"Slimebound:RainOfGoop","floor":5.0},{"not_picked":["Slimebound:RainOfGoop","Slimebound:ForwardTackle"],"picked":"Slimebound:GoopTackle","floor":6.0},{"not_picked":["Slimebound:Schlurp","Slimebound:Overexert"],"picked":"Slimebound:SamplingLick","floor":9}],"player_experience":917849,"relics_obtained":[{"floor":5.0,"key":"downfall:GremlinSack"},{"floor":9,"key":"Nunchaku"}],"event_choices":[{"damage_healed":0.0,"max_hp_gain":0.0,"max_hp_loss":0.0,"gold_gain":0.0,"event_name":"Scrap Ooze","player_choice":"Success","floor":3.0,"gold_loss":0.0,"damage_taken":3.0,"relics_obtained":["Shovel"]}],"is_beta":false,"boss_relics":[],"items_purged_floors":[],"is_endless":false,"potions_floor_spawned":[6],"killed_by":"3 Sentries","ascension_level":3}}