{"host":"9kesdg97wkrx2bva","time":1610694884,"event":{"mods":["AchievementEnabler","BaseMod","Colored Map","Downfall","GifTheSpireLib","Infinite Spire","Minty Spire (QoL Compilation)","Replay The Spire","StSLib"],"gold_per_floor":[110,124,66,78,78,110,90,103,103,114,297,317,317,242,242,242,242],"floor_reached":16,"language":"ENG","playtime":322,"items_purged":["Strike_B"],"score":184,"play_id":"59d9cd4f-14c1-4c79-aa75-e87f29bbe215","local_time":"20210115021444","is_ascension_mode":true,"campfire_choices":[{"floor":15,"key":"REST"}],"circlet_count":0,"master_deck":["AscendersBane","Strike_B","Strike_B","Defend_B","Defend_B","Defend_B","Zap","Dualcast","Self Repair","Ball Lightning","Gash","ReplayTheSpireMod:Calculation Training","infinitespire:Oblivion","Streamline","Crystallizer","FIFO Queue","Pain","Scrape","Go for the Eyes"],"relics":["Cracked Core","Mercury Hourglass","BranchBurnRelic"],"acts_visited":["Exordium"],"potions_floor_usage":[8,10,12,16],"damage_taken":[{"damage":15,"enemies":"Small Slimes","floor":1,"turns":3},{"damage":1,"enemies":"Cultist","floor":2,"turns":3},{"damage":3,"enemies":"Jaw Worm","floor":4,"turns":4},{"damage":30,"enemies":"Lagavulin","floor":6,"turns":5},{"damage":6,"enemies":"Looter","floor":8,"turns":2},{"damage":12,"enemies":"Lots of Slimes","floor":10,"turns":2},{"damage":0,"enemies":"2 Fungi Beasts","floor":12,"turns":2},{"damage":39,"enemies":"Hexaghost","floor":16,"turns":7}],"seed_played":"-1957212233279268997","potions_obtained":[{"floor":7,"key":"DistilledChaos"},{"floor":8,"key":"champ:CounterPotion"},{"floor":10,"key":"hexamod:EctoCoolerPotion"},{"floor":12,"key":"PowerPotion"}],"is_trial":false,"path_per_floor":["M","M","$","M","?","E","?","M","T","M","?","M","?","$","R","B"],"character_chosen":"DEFECT","items_purchased":["Gash"],"campfire_rested":1,"item_purchase_floors":[3],"current_hp_per_floor":[49,55,55,59,43,20,20,21,21,9,9,9,2,2,23,0,0],"gold":242,"neow_bonus":"RANDOM_EVENT","is_daily":false,"chose_seed":false,"campfire_upgraded":0,"win_rate":0.0,"timestamp":1610694884,"path_taken":["M","M","$","M","?","E","?","M","T","?","?","M","?","$","R","BOSS"],"items_purchased_type":["Card"],"build_version":"2020-12-22","purchased_purges":1,"victory":false,"max_hp_per_floor":[71,71,71,71,71,71,71,71,71,71,71,71,71,71,71,71,71],"card_choices":[{"not_picked":["Sweeping Beam","ReplayTheSpireMod:Repulse"],"picked":"Self Repair","floor":1},{"not_picked":["Chill","Stack"],"picked":"Ball Lightning","floor":2},{"not_picked":["Time Bomb","BootSequence"],"picked":"ReplayTheSpireMod:Calculation Training","floor":4},{"not_picked":["ReplayTheSpireMod:Echoes of Time","Replay:Fractal Strike"],"picked":"infinitespire:Oblivion","floor":5},{"not_picked":["Go for the Eyes","Skim"],"picked":"Streamline","floor":6},{"not_picked":["Sweeping Beam","Redo"],"picked":"Crystallizer","floor":8},{"not_picked":["Redo","Turbo"],"picked":"FIFO Queue","floor":10},{"not_picked":["FIFO Queue","Streamline"],"picked":"Scrape","floor":11},{"not_picked":["Coolheaded","BootSequence"],"picked":"Go for the Eyes","floor":12}],"player_experience":940565,"relics_obtained":[{"floor":6,"key":"Mercury Hourglass"},{"floor":9,"key":"Dead Branch"}],"event_choices":[{"damage_healed":0,"gold_gain":0,"player_choice":"Bought 1 Potion","damage_taken":0,"max_hp_gain":0,"max_hp_loss":0,"event_name":"The Woman in Blue","floor":7,"gold_loss":0},{"cards_removed":["Strike_B"],"damage_healed":0,"gold_gain":0,"player_choice":"Card Removal","damage_taken":7,"max_hp_gain":0,"max_hp_loss":0,"event_name":"Golden Wing","floor":13,"gold_loss":0}],"is_beta":false,"boss_relics":[],"items_purged_floors":[14],"is_endless":false,"potions_floor_spawned":[8,10,12],"killed_by":"Hexaghost","ascension_level":16}}