{"host":"dyggtcpod2kd5hqt","time":1610721572,"event":{"mods":["2.2 Compatiblity","AchievementEnabler","BaseMod","Bestiary","Block Reminder","Colored Map","Colored Powertips","Minty Spire (QoL Compilation)","Quick Restart","Rare Cards Sparkle","Relic Stats","Unknown Chances"],"gold_per_floor":[116,116,116,28,203,219,219,252,252,252,278,278,292,310,310,405,405,415,425,160,160,174,202,202,221,221,0,15,15,32,60,60,163,163,183,47,47,59,59,92,21,21,21,70,70,97,112,124,124,124],"floor_reached":51,"language":"ENG","playtime":77481,"items_purged":["Doubt"],"score":814,"play_id":"f0f555ac-e5d8-4e8f-9b86-71268dcc19aa","local_time":"20210115093932","is_ascension_mode":true,"campfire_choices":[{"data":"Footwork","floor":7,"key":"SMITH"},{"data":"Flechettes","floor":12,"key":"SMITH"},{"data":"Dagger Spray","floor":15,"key":"SMITH"},{"data":"Terror","floor":24,"key":"SMITH"},{"data":"Adrenaline","floor":29,"key":"SMITH"},{"data":"Well Laid Plans","floor":32,"key":"SMITH"},{"data":"Infinite Blades","floor":42,"key":"SMITH"},{"data":"Cloak And Dagger","floor":45,"key":"SMITH"},{"data":"Cloak And Dagger","floor":49,"key":"SMITH"}],"circlet_count":0,"master_deck":["Strike_G","Strike_G","Strike_G","Strike_G","Strike_G","Defend_G","Defend_G","Survivor","Neutralize","Sucker Punch+1","Footwork+1","Dodge and Roll","Dodge and Roll","Flechettes+1","Terror+1","Dagger Spray+1","Adrenaline+1","Deflect","Dodge and Roll","Footwork+1","Calculated Gamble","Dodge and Roll+1","Dash","Well Laid Plans+1","Leg Sweep","PiercingWail","Malaise","Storm of Steel+1","Footwork+1","PiercingWail+1","Accuracy","Cloak And Dagger+1","Dagger Spray","Parasite","Skewer","Blade Dance","Prepared+1","Infinite Blades+1","Cloak And Dagger+1","Caltrops","Burst"],"relics":["Ring of the Snake","NeowsBlessing","Blue Candle","Nunchaku","Bottled Flame","Meat on the Bone","Coffee Dripper","Pen Nib","Gambling Chip","Pear","MealTicket","Blood Vial","Astrolabe","Vajra","Paper Crane","CaptainsWheel","Bird Faced Urn"],"acts_visited":["Exordium","TheCity","TheBeyond"],"potions_floor_usage":[11,11,16,31,33,33,40,50],"damage_taken":[{"damage":0,"enemies":"Jaw Worm","floor":1,"turns":1},{"damage":0,"enemies":"Small Slimes","floor":6,"turns":1},{"damage":0,"enemies":"Gremlin Nob","floor":8,"turns":1},{"damage":8,"enemies":"Lagavulin","floor":11,"turns":9},{"damage":0,"enemies":"2 Louse","floor":13,"turns":3},{"damage":6,"enemies":"2 Fungi Beasts","floor":14,"turns":5},{"damage":19,"enemies":"The Guardian","floor":16,"turns":13},{"damage":1,"enemies":"Shell Parasite","floor":18,"turns":4},{"damage":1,"enemies":"Chosen","floor":19,"turns":6},{"damage":6,"enemies":"Shelled Parasite and Fungi","floor":22,"turns":7},{"damage":8,"enemies":"Slavers","floor":23,"turns":11},{"damage":0,"enemies":"Chosen and Byrds","floor":25,"turns":7},{"damage":0,"enemies":"Snake Plant","floor":28,"turns":5},{"damage":12,"enemies":"Centurion and Healer","floor":30,"turns":11},{"damage":12,"enemies":"Gremlin Leader","floor":31,"turns":12},{"damage":41,"enemies":"Collector","floor":33,"turns":14},{"damage":23,"enemies":"3 Shapes","floor":35,"turns":4},{"damage":0,"enemies":"Orb Walker","floor":38,"turns":3},{"damage":16,"enemies":"Reptomancer","floor":40,"turns":8},{"damage":32,"enemies":"2 Orb Walkers","floor":44,"turns":5},{"damage":5,"enemies":"Nemesis","floor":46,"turns":5},{"damage":0,"enemies":"4 Shapes","floor":47,"turns":7},{"damage":6,"enemies":"3 Darklings","floor":48,"turns":4},{"damage":51,"enemies":"Time Eater","floor":50,"turns":12}],"seed_played":"-71954115310269179","potions_obtained":[{"floor":1,"key":"AttackPotion"},{"floor":6,"key":"AttackPotion"},{"floor":13,"key":"PowerPotion"},{"floor":18,"key":"FearPotion"},{"floor":25,"key":"SkillPotion"},{"floor":30,"key":"Dexterity Potion"},{"floor":31,"key":"BlessingOfTheForge"},{"floor":33,"key":"AttackPotion"},{"floor":40,"key":"Weak Potion"},{"floor":44,"key":"BlessingOfTheForge"}],"is_trial":false,"path_per_floor":["M","?","?","$","?","M","R","E","T","?","E","R","M","M","R","B",null,"M","M","$","?","M","E","R","M","T","$","M","R","M","E","R","B",null,"M","$","?","M","$","E","$","R","T","?","R","E","M","M","R","B",null],"character_chosen":"THE_SILENT","items_purchased":["Footwork","Dodge and Roll","Leg Sweep","Pen Nib","MealTicket","Well Laid Plans","Accuracy","Cloak And Dagger","Dagger Spray","Infinite Blades"],"campfire_rested":0,"item_purchase_floors":[4,4,20,20,27,27,36,36,36,41],"current_hp_per_floor":[70,58,51,51,51,51,51,51,51,51,43,43,43,37,37,30,70,69,68,68,68,62,54,54,54,64,64,64,64,52,52,52,25,80,57,72,72,74,80,64,79,79,79,48,48,45,57,55,55,32],"gold":124,"neow_bonus":"THREE_ENEMY_KILL","is_daily":false,"chose_seed":false,"campfire_upgraded":9,"win_rate":0.0,"timestamp":1610721572,"path_taken":["M","?","?","$","?","M","R","E","T","?","E","R","M","M","R","BOSS","M","M","$","?","?","E","R","M","T","$","?","R","M","E","R","BOSS","M","$","?","M","?","E","$","R","T","?","R","E","M","M","R","BOSS"],"items_purchased_type":["Card","Card","Card","Relic","Relic","Card","Card","Card","Card","Card"],"build_version":"2020-12-22","purchased_purges":1,"victory":true,"max_hp_per_floor":[70,70,70,70,70,70,70,70,70,70,70,70,70,70,70,70,70,70,70,70,70,70,70,70,70,80,80,80,80,80,80,80,80,80,80,80,80,80,80,80,80,80,80,80,80,80,80,80,80,80],"relic_stats":{"Blood Vial":13,"Nunchaku":[33],"counters":[24,158],"Blue Candle":[5],"Gambling Chip":[30],"Astrolabe":["Storm of Steel","Footwork","PiercingWail"],"Bird Faced Urn":[26],"MealTicket":36,"Pen Nib":[25],"obtain_stats":[{"Pear":26,"NeowsBlessing":0,"Blue Candle":2,"Astrolabe":34,"Vajra":40,"Pen Nib":20,"Paper Crane":43,"Blood Vial":31,"Nunchaku":8,"Bottled Flame":9,"CaptainsWheel":44,"Gambling Chip":23,"Bird Faced Urn":46,"MealTicket":27,"Coffee Dripper":17,"Ring of the Snake":0,"Meat on the Bone":11},{"Pear":12,"NeowsBlessing":0,"Blue Candle":1,"Astrolabe":16,"Vajra":19,"Pen Nib":9,"Paper Crane":19,"Blood Vial":15,"Nunchaku":3,"Bottled Flame":3,"CaptainsWheel":20,"Gambling Chip":11,"Bird Faced Urn":21,"MealTicket":12,"Coffee Dripper":7,"Ring of the Snake":0,"Meat on the Bone":4},{"Pear":68,"NeowsBlessing":0,"Blue Candle":1,"Astrolabe":110,"Vajra":125,"Pen Nib":43,"Paper Crane":125,"Blood Vial":96,"Nunchaku":3,"Bottled Flame":3,"CaptainsWheel":130,"Gambling Chip":61,"Bird Faced Urn":135,"MealTicket":68,"Coffee Dripper":33,"Ring of the Snake":0,"Meat on the Bone":12}],"Ring of the Snake":[48],"Meat on the Bone":48},"card_choices":[{"not_picked":["Caltrops","Blade Dance"],"picked":"Sucker Punch","floor":1},{"not_picked":["Distraction","Quick Slash","Bouncing Flask"],"picked":"SKIP","floor":6},{"not_picked":["Eviscerate","Cloak And Dagger"],"picked":"Dodge and Roll","floor":8},{"not_picked":["Backstab","Prepared"],"picked":"Flechettes","floor":11},{"not_picked":["Deadly Poison","Acrobatics"],"picked":"Terror","floor":13},{"not_picked":["Prepared","Deadly Poison"],"picked":"Dagger Spray","floor":14},{"not_picked":["Grand Finale","Night Terror"],"picked":"Adrenaline","floor":16},{"not_picked":["Underhanded Strike","Poisoned Stab"],"picked":"Deflect","floor":18},{"not_picked":["Quick Slash","Skewer"],"picked":"Dodge and Roll","floor":19},{"not_picked":["Underhanded Strike+1","Distraction"],"picked":"Calculated Gamble","floor":22},{"not_picked":["Flechettes","Crippling Poison"],"picked":"Dodge and Roll+1","floor":23},{"not_picked":["Phantasmal Killer","Slice"],"picked":"Dash","floor":25},{"not_picked":["Dagger Throw","Prepared"],"picked":"Leg Sweep","floor":28},{"not_picked":["Sucker Punch+1","Dagger Throw+1"],"picked":"PiercingWail","floor":30},{"not_picked":["Well Laid Plans","Expertise","Acrobatics+1"],"picked":"SKIP","floor":31},{"not_picked":["Tools of the Trade","Doppelganger"],"picked":"Malaise","floor":33},{"not_picked":["Acrobatics","PiercingWail","Bane+1"],"picked":"SKIP","floor":35},{"not_picked":["Slice","Tactician+1","Poisoned Stab"],"picked":"SKIP","floor":38},{"not_picked":["Concentrate+1","Dagger Spray+1"],"picked":"Prepared+1","floor":40},{"not_picked":["Prepared","Dodge and Roll+1"],"picked":"Cloak And Dagger","floor":46},{"not_picked":["Acrobatics","Dagger Spray+1"],"picked":"Caltrops","floor":47},{"not_picked":["Reflex+1","Bouncing Flask"],"picked":"Burst","floor":48}],"player_experience":642255,"relics_obtained":[{"floor":8,"key":"Nunchaku"},{"floor":9,"key":"Bottled Flame"},{"floor":11,"key":"Meat on the Bone"},{"floor":23,"key":"Gambling Chip"},{"floor":26,"key":"Pear"},{"floor":31,"key":"Blood Vial"},{"floor":40,"key":"Vajra"},{"floor":43,"key":"Paper Crane"},{"floor":44,"key":"CaptainsWheel"},{"floor":46,"key":"Bird Faced Urn"}],"event_choices":[{"damage_healed":0,"gold_gain":0,"player_choice":"Success","damage_taken":12,"relics_obtained":["Blue Candle"],"max_hp_gain":0,"max_hp_loss":0,"event_name":"Scrap Ooze","floor":2,"gold_loss":0},{"cards_removed":["Defend_G"],"damage_healed":0,"gold_gain":0,"player_choice":"Card Removal","damage_taken":7,"max_hp_gain":0,"max_hp_loss":0,"event_name":"Golden Wing","floor":3,"gold_loss":0},{"damage_healed":0,"gold_gain":175,"player_choice":"AGREE","damage_taken":0,"max_hp_gain":0,"max_hp_loss":0,"event_name":"Liars Game","floor":5,"gold_loss":0,"cards_obtained":["Doubt"]},{"damage_healed":0,"gold_gain":0,"player_choice":"Forge","damage_taken":0,"max_hp_gain":0,"max_hp_loss":0,"event_name":"Accursed Blacksmith","floor":10,"gold_loss":0,"cards_upgraded":["Sucker Punch"]},{"damage_healed":0,"gold_gain":0,"player_choice":"Copied","damage_taken":0,"max_hp_gain":0,"max_hp_loss":0,"event_name":"Duplicator","floor":21,"gold_loss":0,"cards_obtained":["Footwork"]},{"damage_healed":0,"gold_gain":0,"player_choice":"3 cards matched","damage_taken":0,"max_hp_gain":0,"max_hp_loss":0,"event_name":"Match and Keep!","floor":37,"gold_loss":0,"cards_obtained":["Parasite","Skewer","Blade Dance"]},{"damage_healed":0,"gold_gain":0,"player_choice":"Fight","damage_taken":0,"max_hp_gain":0,"max_hp_loss":0,"event_name":"Mysterious Sphere","floor":44,"gold_loss":0}],"is_beta":false,"boss_relics":[{"not_picked":["SacredBark","Tiny House"],"picked":"Coffee Dripper"},{"not_picked":["Snecko Eye","WristBlade"],"picked":"Astrolabe"}],"items_purged_floors":[20],"is_endless":false,"potions_floor_spawned":[1,6,13,18,25,30,31,33,40,44,46],"ascension_level":1}}