{"host":"q0qnzbgdx8oqogg9","time":1610691691,"event":{"mods":["BaseMod","Minty Spire (QoL Compilation)","Slay-I","StSLib"],"gold_per_floor":[114,138,150,165,177,209,209,242,242,242,252,252,262,21,21,124,124,134,147,147,163,13,13,13,28,53,53,104,119,119,139,139,139,139],"floor_reached":33,"language":"ENG","playtime":1135,"items_purged":["Feel No Pain"],"score":350,"play_id":"953ee0e0-f4b1-40c2-81a5-02d05c15e8fb","local_time":"20210115012131","is_ascension_mode":true,"campfire_choices":[{"data":"Bash","floor":7,"key":"SMITH"},{"data":"Cleave","floor":10,"key":"SMITH"},{"data":"Flex","floor":15,"key":"SMITH"},{"data":"Spot Weakness","floor":23,"key":"SMITH"},{"data":"Power Through","floor":27,"key":"SMITH"},{"data":"Ghostly Armor","floor":32,"key":"SMITH"}],"circlet_count":0,"master_deck":["Strike_R+1","Strike_R+1","Strike_R+1","Strike_R+1","Defend_R+1","Defend_R+1","Bash+1","Power Through+1","Cleave+1","Headbutt","Iron Wave","Flex+1","Disarm","Pummel","Brutality","Sword Boomerang+1","Metallicize+1","Shrug It Off+1","Dropkick","Warcry","Evolve","Spot Weakness+1","Ghostly Armor+1","Body Slam+1"],"relics":["Burning Blood","Orichalcum","Darkstone Periapt","Happy Flower","Question Card","Shuriken","Astrolabe","FaceOfCleric","Ancient Tea Set","Bag of Marbles","Bronze Scales"],"acts_visited":["Exordium","TheCity"],"potions_floor_usage":[8,11,21,21,29,29],"damage_taken":[{"damage":1,"enemies":"Cultist","floor":1,"turns":4},{"damage":5,"enemies":"2 Louse","floor":3,"turns":4},{"damage":5,"enemies":"Jaw Worm","floor":4,"turns":4},{"damage":4,"enemies":"Red Slaver","floor":5,"turns":5},{"damage":21,"enemies":"Gremlin Nob","floor":6,"turns":5},{"damage":22,"enemies":"3 Sentries","floor":8,"turns":9},{"damage":13,"enemies":"Exordium Thugs","floor":11,"turns":3},{"damage":2,"enemies":"2 Fungi Beasts","floor":13,"turns":3},{"damage":26,"enemies":"Slime Boss","floor":16,"turns":6},{"damage":18,"enemies":"Spheric Guardian","floor":18,"turns":4},{"damage":8,"enemies":"Chosen","floor":19,"turns":5},{"damage":26,"enemies":"Sentry and Sphere","floor":21,"turns":7},{"damage":15,"enemies":"Centurion and Healer","floor":25,"turns":5},{"damage":6,"enemies":"Snecko","floor":29,"turns":4},{"damage":9,"enemies":"Shelled Parasite and Fungi","floor":31,"turns":5},{"damage":33,"enemies":"Collector","floor":33,"turns":6}],"seed_played":"6983249875956941243","potions_obtained":[{"floor":1,"key":"ColorlessPotion"},{"floor":3,"key":"Fire Potion"},{"floor":13,"key":"SpeedPotion"},{"floor":16,"key":"SteroidPotion"},{"floor":18,"key":"GamblersBrew"},{"floor":21,"key":"Dexterity Potion"},{"floor":25,"key":"ElixirPotion"},{"floor":31,"key":"CultistPotion"}],"is_trial":false,"path_per_floor":["M","T","M","M","M","E","R","E","T","R","M","?","M","$","R","B",null,"M","M","?","M","$","R","?","M","T","R","T","M","?","M","R","B"],"character_chosen":"IRONCLAD","items_purchased":["Shuriken","Spot Weakness"],"campfire_rested":0,"item_purchase_floors":[14,22],"current_hp_per_floor":[85,85,86,87,88,73,73,57,57,57,50,50,54,54,54,34,75,63,61,61,42,42,42,42,34,34,34,34,35,35,33,33,0,0],"gold":139,"neow_bonus":"TEN_PERCENT_HP_BONUS","is_daily":false,"chose_seed":false,"campfire_upgraded":6,"win_rate":0.0,"timestamp":1610691691,"path_taken":["M","?","M","M","?","E","R","E","T","R","M","?","M","$","R","BOSS","M","M","?","?","?","R","?","?","T","R","?","M","?","M","R","BOSS"],"items_purchased_type":["Relic","Card"],"build_version":"2020-12-22","purchased_purges":1,"victory":false,"max_hp_per_floor":[88,88,88,88,88,88,88,88,88,88,88,88,88,88,88,88,88,88,88,88,89,89,89,89,90,90,90,90,91,91,92,92,92,92],"card_choices":[{"not_picked":["Sever Soul","Clothesline"],"picked":"Power Through","floor":1},{"not_picked":["Iron Wave","Flex"],"picked":"Cleave","floor":3},{"not_picked":["Searing Blow","Cleave"],"picked":"Headbutt","floor":4},{"not_picked":["Rupture","Pummel"],"picked":"Iron Wave","floor":5},{"not_picked":["Heavy Blade","Pummel"],"picked":"Flex","floor":6},{"not_picked":["Flex","True Grit"],"picked":"Disarm","floor":8},{"not_picked":["Headbutt","Entrench","Thunderclap"],"picked":"Feel No Pain","floor":11},{"not_picked":["Clothesline","Thunderclap","Shockwave"],"picked":"Pummel","floor":13},{"not_picked":["Juggernaut","Barricade","Berserk"],"picked":"Brutality","floor":16},{"not_picked":["Clash","Twin Strike","Dark Embrace+1"],"picked":"Dropkick","floor":18},{"not_picked":["Thunderclap+1","Sword Boomerang","Havoc"],"picked":"Warcry","floor":19},{"not_picked":["Anger","Whirlwind","Heavy Blade"],"picked":"Evolve","floor":21},{"not_picked":["Sword Boomerang+1","Clothesline","Intimidate","Thunderclap"],"picked":"SKIP","floor":25},{"not_picked":["Pommel Strike","Headbutt+1","Barricade"],"picked":"Ghostly Armor","floor":29},{"not_picked":["Havoc","Evolve+1","Feel No Pain"],"picked":"Body Slam+1","floor":31}],"player_experience":220657,"relics_obtained":[{"floor":2,"key":"Orichalcum"},{"floor":6,"key":"Darkstone Periapt"},{"floor":8,"key":"Happy Flower"},{"floor":9,"key":"Question Card"},{"floor":24,"key":"Ancient Tea Set"},{"floor":26,"key":"Bag of Marbles"},{"floor":28,"key":"Bronze Scales"}],"event_choices":[{"damage_healed":0,"gold_gain":0,"player_choice":"0 cards matched","damage_taken":0,"max_hp_gain":0,"max_hp_loss":0,"event_name":"Match and Keep!","floor":12,"gold_loss":0,"cards_obtained":[]},{"damage_healed":0,"gold_gain":0,"player_choice":"Trade","damage_taken":0,"relics_obtained":["FaceOfCleric"],"max_hp_gain":0,"max_hp_loss":0,"event_name":"FaceTrader","floor":20,"gold_loss":0},{"damage_healed":0,"gold_gain":0,"player_choice":"Relic","damage_taken":0,"max_hp_gain":0,"max_hp_loss":0,"event_name":"Wheel of Change","floor":24,"gold_loss":0},{"damage_healed":0,"gold_gain":0,"player_choice":"Simplicity","damage_taken":0,"max_hp_gain":0,"max_hp_loss":0,"event_name":"Back to Basics","floor":30,"gold_loss":0,"cards_upgraded":["Strike_R","Strike_R","Strike_R","Strike_R","Defend_R","Defend_R"]}],"is_beta":false,"boss_relics":[{"not_picked":["Fusion Hammer","Empty Cage"],"picked":"Astrolabe"}],"items_purged_floors":[22],"is_endless":false,"potions_floor_spawned":[1,3,13,16,18,21,25,31],"killed_by":"Collector","ascension_level":7}}