{"host":"z9gi090fcly3daq0","time":1610668833,"event":{"mods":["AchievementEnabler","BaseMod","Minty Spire (QoL Compilation)","Permanent Neow","Quick Restart"],"gold_per_floor":[20,38,213,233,244,244,271,286,309,309,309,320,350,315,315,417,417,429,12,12,23,23,50,50,50,50],"floor_reached":25,"language":"ENG","playtime":2877,"items_purged":["Bash"],"score":256,"play_id":"c92c16fa-73aa-46a0-a145-b3950c86a29e","local_time":"20210115000033","is_ascension_mode":false,"campfire_choices":[{"data":"Doubt","floor":6,"key":"PURGE"},{"floor":11,"key":"REST"},{"data":"Strike_R","floor":15,"key":"PURGE"}],"circlet_count":0,"master_deck":["Defend_R","Defend_R","Defend_R","Defend_R","Shrug It Off","Sword Boomerang","Rampage","Demon Form","Metallicize","Feed","Apotheosis","Feed","Cleave","RitualDagger","Bite","Bite","Bite","Bite","Bite"],"relics":["Black Blood","Peace Pipe","Tiny Chest","Boot","Regal Pillow","Bag of Marbles","Smiling Mask","Frozen Egg 2"],"acts_visited":["Exordium","TheCity"],"potions_floor_usage":[7,13,16,23,23],"damage_taken":[{"damage":10,"enemies":"Jaw Worm","floor":1,"turns":5},{"damage":0,"enemies":"2 Louse","floor":2,"turns":3},{"damage":0,"enemies":"Cultist","floor":4,"turns":3},{"damage":15,"enemies":"Red Slaver","floor":5,"turns":4},{"damage":16,"enemies":"Gremlin Nob","floor":7,"turns":4},{"damage":27,"enemies":"Exordium Thugs","floor":8,"turns":7},{"damage":18,"enemies":"3 Louse","floor":12,"turns":4},{"damage":19,"enemies":"3 Sentries","floor":13,"turns":7},{"damage":27,"enemies":"Slime Boss","floor":16,"turns":6},{"damage":28,"enemies":"Shell Parasite","floor":18,"turns":6},{"damage":19,"enemies":"3 Byrds","floor":21,"turns":5},{"damage":50,"enemies":"Gremlin Leader","floor":23,"turns":8},{"damage":25,"enemies":"Book of Stabbing","floor":25,"turns":3}],"seed_played":"-2406115018424453379","potions_obtained":[{"floor":1,"key":"SteroidPotion"},{"floor":8,"key":"EssenceOfSteel"},{"floor":13,"key":"PowerPotion"},{"floor":16,"key":"Fire Potion"},{"floor":18,"key":"Explosive Potion"},{"floor":21,"key":"SmokeBomb"}],"is_trial":false,"path_per_floor":["M","M","?","M","M","R","E","M","T","?","R","M","E","?","R","B",null,"M","$","T","M","?","E","?","E"],"character_chosen":"IRONCLAD","items_purchased":["Apotheosis","Feed"],"campfire_rested":1,"item_purchase_floors":[19,19],"current_hp_per_floor":[76,80,80,80,71,71,61,40,40,40,79,67,54,74,74,53,80,64,64,64,65,59,21,21,0,0],"gold":50,"neow_bonus":"ONE_RARE_RELIC","is_daily":false,"chose_seed":false,"campfire_upgraded":0,"win_rate":0.0,"timestamp":1610668833,"path_taken":["M","M","?","M","M","R","E","M","T","?","R","?","E","?","R","BOSS","M","$","?","M","?","E","?","E"],"items_purchased_type":["Card","Card"],"build_version":"2020-12-22","purchased_purges":1,"victory":false,"max_hp_per_floor":[80,80,80,80,80,80,80,80,80,80,80,80,80,80,80,80,80,80,80,80,88,88,88,61,61,61],"card_choices":[{"not_picked":["Spot Weakness","Power Through"],"picked":"Shrug It Off","floor":1},{"not_picked":["Shrug It Off","Thunderclap"],"picked":"Sword Boomerang","floor":2},{"not_picked":["Twin Strike","Wild Strike"],"picked":"Rampage","floor":4},{"not_picked":["Thunderclap","Perfected Strike","Clothesline"],"picked":"SKIP","floor":5},{"not_picked":["Intimidate","Thunderclap"],"picked":"Demon Form","floor":7},{"not_picked":["Warcry","Cleave","Anger"],"picked":"SKIP","floor":8},{"not_picked":["Clothesline","Blood for Blood","Flex"],"picked":"SKIP","floor":12},{"not_picked":["Wild Strike","Armaments"],"picked":"Metallicize","floor":13},{"not_picked":["Fiend Fire","Juggernaut"],"picked":"Feed","floor":16},{"not_picked":["True Grit+1","Clash","Pommel Strike"],"picked":"SKIP","floor":18},{"not_picked":["Spot Weakness+1","Pommel Strike+1"],"picked":"Cleave","floor":21},{"not_picked":["Body Slam+1","Disarm","Havoc"],"picked":"SKIP","floor":23}],"player_experience":165852,"relics_obtained":[{"floor":7,"key":"Tiny Chest"},{"floor":9,"key":"Boot"},{"floor":13,"key":"Bag of Marbles"},{"floor":20,"key":"Smiling Mask"},{"floor":23,"key":"Frozen Egg 2"}],"event_choices":[{"damage_healed":0,"gold_gain":175,"player_choice":"AGREE","damage_taken":0,"max_hp_gain":0,"max_hp_loss":0,"event_name":"Liars Game","floor":3,"gold_loss":0,"cards_obtained":["Doubt"]},{"damage_healed":0,"gold_gain":0,"player_choice":"Searched \u00271\u0027 times","damage_taken":0,"relics_obtained":["Regal Pillow"],"max_hp_gain":0,"max_hp_loss":0,"event_name":"Dead Adventurer","floor":10,"gold_loss":0},{"damage_healed":20,"gold_gain":0,"player_choice":"Healed","damage_taken":0,"max_hp_gain":0,"max_hp_loss":0,"event_name":"The Cleric","floor":14,"gold_loss":35},{"damage_healed":0,"gold_gain":0,"player_choice":"Joined the Cult","damage_taken":6,"max_hp_gain":0,"max_hp_loss":0,"event_name":"Nest","floor":22,"gold_loss":0,"cards_obtained":["RitualDagger"]},{"damage_healed":0,"gold_gain":0,"player_choice":"Became a vampire","damage_taken":0,"max_hp_gain":0,"max_hp_loss":27,"event_name":"Vampires","floor":24,"gold_loss":0,"cards_obtained":["Bite","Bite","Bite","Bite","Bite"]}],"is_beta":false,"boss_relics":[{"not_picked":["Empty Cage","Sozu"],"picked":"Black Blood"}],"items_purged_floors":[19],"is_endless":false,"potions_floor_spawned":[1,8,13,16,18,21],"killed_by":"Book of Stabbing","ascension_level":0}}