{"host":"lcnwkjlokfwcnxxu","time":1610689737,"event":{"mods":["BaseMod","Colored Map","Downfall","GifTheSpireLib","Hermit","Koishi","Marisa（霧雨　魔理沙）","Minty Spire (QoL Compilation)","Quick Restart","Replay The Spire","StSLib","The Cursed","The Disciple","The Hierophant","The Servant 0.9.4"],"gold_per_floor":[113,288,307,88,88,88,111,144,144,173,173,142,142,173,173,165,165],"floor_reached":16,"language":"ENG","playtime":846,"items_purged":["hierophant:Defend_Hierophant"],"score":102,"play_id":"050ac93d-93d9-4a6b-94f4-5c1281d54fd8","local_time":"20210114214857","is_ascension_mode":false,"campfire_choices":[{"data":"hierophant:Punish","floor":6,"key":"SMITH"},{"data":"hierophant:ChurchCoffers","floor":11,"key":"SMITH"},{"data":"hierophant:Repentance","floor":13,"key":"SMITH"},{"data":"hierophant:OrnateBuckler","floor":15,"key":"SMITH"}],"circlet_count":0,"master_deck":["hierophant:Strike_Hierophant","hierophant:Strike_Hierophant+1","hierophant:Strike_Hierophant","hierophant:Strike_Hierophant","hierophant:Punish+1","hierophant:Defend_Hierophant","hierophant:Defend_Hierophant","hierophant:Defend_Hierophant+1","hierophant:ChurchCoffers+1","hierophant:OrnateBuckler+1","Doubt","hierophant:Doubloon","hierophant:Remorse","hierophant:Chorus","hierophant:Sermon","hierophant:RepressedViolence","hierophant:Repentance+1","hierophant:Doubloon","hierophant:Charity"],"relics":["hierophant:PropheticMaskRelic","Blood Vial","Replay:WaspNest","Bottled Lightning"],"acts_visited":["Exordium"],"potions_floor_usage":[16],"damage_taken":[{"damage":0,"enemies":"Small Slimes","floor":1,"turns":4},{"damage":7,"enemies":"Jaw Worm","floor":3,"turns":6},{"damage":0,"enemies":"Cultist","floor":7,"turns":3},{"damage":28,"enemies":"3 Sentries","floor":8,"turns":10},{"damage":4,"enemies":"2 Fungi Beasts","floor":10,"turns":3},{"damage":4,"enemies":"Exordium Thugs","floor":12,"turns":5},{"damage":1,"enemies":"Red Slaver","floor":14,"turns":4},{"damage":44,"enemies":"Fading Forest","floor":16,"turns":7}],"seed_played":"4783342283984605393","potions_obtained":[{"floor":8,"key":"Ancient Potion"},{"floor":12,"key":"Death Potion"}],"is_trial":false,"path_per_floor":["M","?","M","$","?","R","M","E","T","M","R","M","R","M","R","B"],"character_chosen":"HIEROPHANT","items_purchased":["Blood Vial"],"campfire_rested":0,"item_purchase_floors":[4],"current_hp_per_floor":[82,82,75,75,59,59,61,35,35,33,33,31,31,32,32,0,0],"gold":165,"neow_bonus":"TEN_PERCENT_HP_BONUS","is_daily":false,"chose_seed":false,"campfire_upgraded":4,"win_rate":0.0,"timestamp":1610689737,"path_taken":["M","?","M","$","?","R","M","E","T","M","R","M","R","?","R","BOSS"],"items_purchased_type":["Relic"],"build_version":"2020-12-22","purchased_purges":1,"victory":false,"max_hp_per_floor":[82,82,82,82,82,82,82,82,82,82,82,82,82,82,82,82,82],"card_choices":[{"not_picked":["hierophant:AuricBeam","hierophant:Zeal"],"picked":"hierophant:OrnateBuckler","floor":1},{"not_picked":["hierophant:Shelter","hierophant:HammerAndAnvil"],"picked":"hierophant:Remorse","floor":3},{"not_picked":["hierophant:Levitation","hierophant:Purify"],"picked":"hierophant:Chorus","floor":7},{"not_picked":["hierophant:Anathema","hierophant:Purify"],"picked":"hierophant:Sermon","floor":8},{"not_picked":["hierophant:Rebuild","hierophant:RustyCrate"],"picked":"hierophant:RepressedViolence","floor":10},{"not_picked":["hierophant:HammerAndAnvil","hierophant:Flagellation"],"picked":"hierophant:Repentance","floor":12},{"not_picked":["hierophant:Remorse","hierophant:Purify"],"picked":"hierophant:Charity","floor":14}],"player_experience":81858,"relics_obtained":[{"floor":8,"key":"Replay:WaspNest"},{"floor":9,"key":"Bottled Lightning"}],"event_choices":[{"damage_healed":0,"gold_gain":175,"player_choice":"AGREE","damage_taken":0,"max_hp_gain":0,"max_hp_loss":0,"event_name":"Liars Game","floor":2,"gold_loss":0,"cards_obtained":["Doubt"]},{"damage_healed":0,"gold_gain":0,"player_choice":"Entered Light","damage_taken":16,"max_hp_gain":0,"max_hp_loss":0,"event_name":"Shining Light","floor":5,"gold_loss":0,"cards_upgraded":["hierophant:Strike_Hierophant","hierophant:Defend_Hierophant"]}],"is_beta":false,"boss_relics":[],"items_purged_floors":[4],"is_endless":false,"potions_floor_spawned":[8,12],"killed_by":"Fading Forest","ascension_level":0}}