{"host":"0cnf9zf1gia27zti","time":1610672804,"event":{"mods":["BaseMod","Better Third Choice","BetterRewards","Card Forge","ChefMod","Colored Map","Colored Powertips","Conspire","Downfall","Googly Eyes","Infinite Spire","Minty Spire (QoL Compilation)","Practice Mode","Quick Restart","Replay The Spire","Shade Mod","Spicy Shops","StSLib","The Marked"],"gold_per_floor":[153,153,65,122,152,251,251,350,374,470,470,509,212,305,305,521,521,551,126,126,219,249,249,324,360,360,399,477,477,267,290,290,506,506,557,587,587,587,626,716,812,526,573,654,654,756,807,903,903,1125,1359,1359,1405,1405,1405,1031,1061,1156,1156,1215,1215,776,257,345,418,516,516,705,705,730,645,690,735,830,902,947,979,1029,1115,1115,859,939,958,958,1210,1210,1338,1335,1335],"floor_reached":88,"language":"ENG","playtime":166584,"items_purged":[],"score":4649,"play_id":"e9099c57-fb5b-4cbb-aaae-57db5cb36634","local_time":"20210115010644","daily_mods":["SealedDeck","Colorless Cards","Heirloom","downfall:Lament","DeadlyEvents","Elite Swarm","Midas"],"is_ascension_mode":true,"campfire_choices":[{"floor":7,"key":"REST"},{"floor":11,"key":"REST"},{"floor":15,"key":"REST"},{"floor":23,"key":"REST"},{"floor":29,"key":"REST"},{"floor":32,"key":"DIG"},{"floor":49,"key":"REST"},{"floor":59,"key":"DIG"},{"floor":67,"key":"DIG"},{"floor":84,"key":"REST"}],"circlet_count":0,"master_deck":["AscendersBane","Warcry+1","Dark Shackles","Heavy Blade+1","Cleave","ReplayTheSpireMod:Muscle Training+1","Thunderclap+1","Body Slam+1","Iron Wave+1","Iron Wave+1","Shrug It Off+1","Entrench+1","Body Slam+1","Body Slam+1","The Bomb","Panache+1","Warcry+1","Metallicize+1","Warcry+1","Barricade+1","Secret Technique","expansioncontent:BronzeBeam+1","Entrench+1","Juggernaut+1","Dark Shackles+1","Barricade+1","Dark Shackles+1","Fire Breathing+1","Impervious+1","Demonic Infusion+1","Dropkick+1","Pommel Strike+1","Violence+1","Violence+1","Flash of Steel+1","Iron Wave+1","Demonic Infusion","Sadistic Nature+2","expansioncontent:QuickStudy","ReplayTheSpireMod:Brewmster+1","Replay:SS_fish_1+1","Demon Form+1","Impervious+1","Mayhem+1","Ghostly Armor+1","Demon Form+1","infinitespire:Gouge","Sadistic Nature+1","Entrench+1","Secret Weapon+1","Master of Strategy+1","Master of Strategy+1","Secret Technique+1","Dramatic Entrance","Whirlwind","Secret Technique+1","Violence+1","Sadistic Nature+1","Pommel Strike+1","Secret Technique+1","ReplayTheSpireMod:Muscle Training+1"],"relics":["Burning Blood","Hammer of Thor","Seething Fire","Anvil of the Gods","NeowsBlessing","Ring of Chaos","Calipers","infinitespire:BottledMercury","White Beast Statue","Whetstone","Replay:Ringing Soul","ClockworkSouvenir","Omamori","Honey Jar","Pear","Membership Card","Letter Opener","infinitespire:Golems Mask","Quantum Egg","conspire:DeflatedDodgeball","Replay:Baseball","Replay:Wax Seal","Replay:Multitool","Strawberry","infinitespire:WardingShard","SlaversCollar","Guardian:PocketSentry","Incense Burner","infinitespire:Bottled Soul","King of Hearts","Lee\u0027s Waffle","Replay:WaspNest","Blue Doll","HornCleat","Vajra","Golden Egg","Ice Cream","conspire:SpecialSausage","NeowsBlessing","Ring of Chaos","Gremlin Food","infinitespire:Broken Mirror","Potion Belt","Toxic Egg 2","Bag of Marbles","Onion Ring","Smiling Mask","Lantern","Replay:Rubber Ducky","War Paint","Mummified Hand","Chemical X","DollysMirror","Sundial","infinitespire:Beetle Shell","infinitespire:EmpoweringShard","Bag of Preparation","champ:Barbells","Sling","Bronze Scales","FossilizedHelix","Pet Ghost","StrikeDummy","Bottled Lightning","SacredBark","infinitespire:ShieldingShard","infinitespire:Joker Card","sneckomod:BlankCard","Blue Candle","Replay:Bottled Flurry","conspire:InfiniteJournal","TheAbacus","infinitespire:Lucky Rock","infinitespire:EvilPickle","conspire:SlowCooker"],"acts_visited":["Exordium","TheCity","TheBeyond","Exordium","TheCity","TheBeyond"],"potions_floor_usage":[6,14,16,18,22,22,28,28,33,35,40,41,46,47,48,50,51,51,51,60,64,68,75,79,85,85,85],"damage_taken":[{"damage":0,"enemies":"Small Slimes","floor":1,"turns":1},{"damage":0,"enemies":"Cultist","floor":4,"turns":1},{"damage":0,"enemies":"infinitespire:Voidling","floor":5,"turns":1},{"damage":43,"enemies":"Gremlin Nob","floor":6,"turns":5},{"damage":8,"enemies":"Replay:BlueRogue","floor":8,"turns":6},{"damage":12,"enemies":"3 Sentries","floor":10,"turns":7},{"damage":1,"enemies":"2 Fungi Beasts","floor":12,"turns":4},{"damage":0,"enemies":"Gremlin Nob","floor":14,"turns":5},{"damage":1,"enemies":"Fading Forest","floor":16,"turns":8},{"damage":1,"enemies":"3 Byrds","floor":18,"turns":4},{"damage":2,"enemies":"conspire:SneckoGhost","floor":21,"turns":7},{"damage":0,"enemies":"Spheric Guardian","floor":22,"turns":3},{"damage":0,"enemies":"Replay:Snechameleon","floor":24,"turns":4},{"damage":1,"enemies":"3 Cultists","floor":25,"turns":4},{"damage":0,"enemies":"Snake Plant","floor":27,"turns":3},{"damage":0,"enemies":"Nightmare","floor":28,"turns":4},{"damage":1,"enemies":"Champ","floor":33,"turns":5},{"damage":1,"enemies":"3 Shapes","floor":35,"turns":4},{"damage":1,"enemies":"3 Darklings","floor":36,"turns":2},{"damage":0,"enemies":"Sphere and 2 Shapes","floor":39,"turns":4},{"damage":0,"enemies":"Giant Head","floor":40,"turns":5},{"damage":0,"enemies":"R_Hoarder","floor":41,"turns":4},{"damage":0,"enemies":"Giant Head","floor":44,"turns":3},{"damage":0,"enemies":"Nemesis","floor":46,"turns":5},{"damage":1,"enemies":"Spire Growth","floor":47,"turns":5},{"damage":0,"enemies":"Reptomancer","floor":48,"turns":4},{"damage":0,"enemies":"Replay:Hell Engine","floor":50,"turns":7},{"damage":21,"enemies":"Donu and Deca","floor":51,"turns":6},{"damage":0,"enemies":"Cultist","floor":53,"turns":1},{"damage":0,"enemies":"Jaw Worm","floor":57,"turns":1},{"damage":0,"enemies":"Gremlin Nob","floor":58,"turns":1},{"damage":0,"enemies":"3 Sentries","floor":60,"turns":2},{"damage":0,"enemies":"Gremlin Nob","floor":64,"turns":1},{"damage":0,"enemies":"3 Sentries","floor":65,"turns":1},{"damage":0,"enemies":"Gremlin Nob","floor":66,"turns":1},{"damage":0,"enemies":"Hexaghost","floor":68,"turns":3},{"damage":0,"enemies":"Spheric Guardian","floor":70,"turns":1},{"damage":0,"enemies":"3 Byrds","floor":72,"turns":1},{"damage":0,"enemies":"Snecko","floor":73,"turns":2},{"damage":0,"enemies":"conspire:SneckoGhost","floor":74,"turns":1},{"damage":0,"enemies":"Slavers","floor":75,"turns":1},{"damage":0,"enemies":"Centurion and Healer","floor":76,"turns":2},{"damage":0,"enemies":"Sentry and Sphere","floor":77,"turns":1},{"damage":0,"enemies":"Book of Stabbing","floor":79,"turns":1},{"damage":0,"enemies":"Slavers","floor":82,"turns":1},{"damage":0,"enemies":"Cultist and Chosen","floor":83,"turns":1},{"damage":0,"enemies":"Pondfish","floor":85,"turns":2},{"damage":0,"enemies":"3 Darklings","floor":87,"turns":1},{"damage":0,"enemies":"Orb Walker","floor":88,"turns":1}],"seed_played":"5645072184929909461","potions_obtained":[{"floor":1,"key":"Fruit Juice"},{"floor":8,"key":"BlessingOfTheForge"},{"floor":10,"key":"HeartOfIron"},{"floor":14,"key":"LiquidMemories"},{"floor":16,"key":"Milkshake"},{"floor":18,"key":"AttackPotion"},{"floor":21,"key":"SkillPotion"},{"floor":22,"key":"FearPotion"},{"floor":24,"key":"Reflective Coating"},{"floor":25,"key":"DistilledChaos"},{"floor":27,"key":"Energy Potion"},{"floor":28,"key":"Venom Potion"},{"floor":33,"key":"champ:CounterPotion"},{"floor":35,"key":"Milkshake"},{"floor":36,"key":"BloodPotion"},{"floor":39,"key":"FairyPotion"},{"floor":40,"key":"BlessingOfTheForge"},{"floor":41,"key":"Fire Potion"},{"floor":46,"key":"BlessingOfTheForge"},{"floor":47,"key":"Dexterity Potion"},{"floor":48,"key":"Block Potion"},{"floor":50,"key":"AttackPotion"},{"floor":51,"key":"Venom Potion"},{"floor":57,"key":"FearPotion"},{"floor":58,"key":"SkillPotion"},{"floor":60,"key":"ColorlessPotion"},{"floor":64,"key":"Swift Potion"},{"floor":68,"key":"Explosive Potion"},{"floor":70,"key":"Elixir"},{"floor":74,"key":"Fruit Juice"},{"floor":75,"key":"Strength Potion"},{"floor":77,"key":"Dexterity Potion"},{"floor":79,"key":"Adrenaline Potion"},{"floor":85,"key":"sneckomod:MuddlingPotion"},{"floor":87,"key":"SpeedPotion"}],"is_trial":true,"path_per_floor":["M","?","$","M","M","E","R","E","T","E","R","M","$","E","R","B",null,"M","$","?","E","M","R","E","M","T","M","NM","R","$","T","R","B",null,"M","M","?","?","M","E","E","$","T","E","T","E","M","E","R","B","B",null,"M","?","T","$","M","E","R","E","T","$","$","E","E","E","R_BF","B",null,"M","?","M","M","E","E","M","M","T","E","T","$","E","M","R","B",null,"M","M"],"character_chosen":"IRONCLAD","items_purchased":["Entrench","Metallicize","ClockworkSouvenir","Warcry","Pear","Membership Card","Replay:Baseball","Replay:Wax Seal","Replay:Multitool","infinitespire:Bottled Soul","King of Hearts","Lee\u0027s Waffle","Replay:WaspNest","Potion Belt","Toxic Egg 2","Bag of Marbles","Onion Ring","Mummified Hand","Chemical X","DollysMirror","Sundial","infinitespire:Beetle Shell","infinitespire:EmpoweringShard","Bag of Preparation","champ:Barbells","Sling","Bronze Scales","conspire:InfiniteJournal","TheAbacus"],"campfire_rested":7,"item_purchase_floors":[3,13,13,13,19,19,30,30,30,42,42,42,42,56,56,56,56,62,62,62,62,63,63,63,63,63,63,81,81],"current_hp_per_floor":[74,74,74,75,75,43,67,65,65,62,83,86,89,89,89,92,92,95,105,108,111,114,114,117,120,120,123,126,126,126,133,133,136,136,139,142,135,135,144,151,154,161,161,164,164,167,170,173,173,176,164,175,179,179,179,179,182,185,185,188,188,191,191,194,197,200,200,203,203,206,206,206,209,212,225,225,225,225,225,225,225,228,231,231,234,234,237,237,237],"gold":1335,"neow_bonus":"","is_daily":false,"chose_seed":false,"campfire_upgraded":0,"win_rate":0.0,"timestamp":1610672804,"path_taken":["M","?","$","?","M","E","R","E","T","E","R","M","$","?","R","BOSS","M","$","?","?","M","R","E","?","T","M","NM","R","$","?","R","BOSS","M","M","?","?","?","?","E","$","T","E","?","E","M","?","R","BOSS","BOSS","M","?","?","$","?","E","R","E","T","?","$","?","?","?","R_BF","BOSS","M","?","M","?","?","E","M","M","T","E","?","$","E","M","R","BOSS","M","M"],"items_purchased_type":["Card","Card","Relic","Card","Relic","Relic","Relic","Relic","Relic","Relic","Relic","Relic","Relic","Relic","Relic","Relic","Relic","Relic","Relic","Relic","Relic","Relic","Relic","Relic","Relic","Relic","Relic","Relic","Relic"],"build_version":"2020-12-22","purchased_purges":0,"victory":false,"max_hp_per_floor":[75,75,75,75,75,80,80,80,80,83,83,86,89,89,89,92,92,95,105,108,111,114,114,117,120,120,123,126,126,126,133,133,136,136,139,142,145,145,148,151,154,161,161,164,164,167,170,173,173,176,179,179,179,179,179,179,182,185,185,188,188,191,191,194,197,200,200,203,203,206,206,206,209,212,225,225,225,225,225,225,225,228,231,231,234,234,237,237,237],"card_choices":[{"not_picked":["True Grit","Twin Strike","expansioncontent:HyperBeam"],"picked":"SKIP","floor":1},{"not_picked":["Enlightenment","Anger"],"picked":"Body Slam","floor":4},{"not_picked":["Headbutt","Anger"],"picked":"Body Slam","floor":5},{"not_picked":["Bludgeon","Transmutation","Metamorphosis"],"picked":"SKIP","floor":6},{"not_picked":["Fiend Fire","Bludgeon"],"picked":"The Bomb","floor":8},{"not_picked":["Thinking Ahead","Double Tap"],"picked":"Panache","floor":10},{"not_picked":["Anger","Shrug It Off"],"picked":"Warcry","floor":12},{"not_picked":["Transmutation","Thinking Ahead","Metamorphosis"],"picked":"SKIP","floor":14},{"not_picked":["Bludgeon","Metamorphosis"],"picked":"Secret Technique","floor":16},{"not_picked":["expansioncontent:DonusPower","Shrug It Off","Anger"],"picked":"expansioncontent:BronzeBeam","floor":18},{"not_picked":["Master of Strategy","The Bomb","Demonic Infusion"],"picked":"Juggernaut","floor":21},{"not_picked":["Perfected Strike","Replay:Sssssssssstrike","Mind Blast+1"],"picked":"Dark Shackles","floor":22},{"not_picked":["Crow Ritual","Replay:Many Hands","Violence"],"picked":"Barricade","floor":24},{"not_picked":["Flex","Thunderclap","Spot Weakness"],"picked":"Dark Shackles","floor":25},{"not_picked":["Anger","Twin Strike","Shrug It Off"],"picked":"Fire Breathing","floor":27},{"not_picked":["Limit Break","Replay:Dark Deal","Brutality"],"picked":"Impervious","floor":28},{"not_picked":["Double Tap","HandOfGreed","ReplayTheSpireMod:Brewmster"],"picked":"Demonic Infusion","floor":33},{"not_picked":["Searing Blow+1","Havoc","expansioncontent:PolyBeam+1"],"picked":"Dropkick","floor":35},{"not_picked":["ReplayTheSpireMod:Limb From Limb","Thunderclap","Cleave"],"picked":"Pommel Strike","floor":36},{"not_picked":["expansioncontent:ManipulateTime","expansioncontent:StudyTheSpire","Impatience"],"picked":"Violence","floor":37},{"not_picked":["Purity","Thinking Ahead","ReplayTheSpireMod:Brewmster"],"picked":"Violence","floor":37},{"not_picked":["Mind Blast","expansioncontent:HyperBeam","Replay:SS_forest_2"],"picked":"Flash of Steel","floor":37},{"not_picked":["Body Slam","Shrug It Off","ReplayTheSpireMod:Strike From Hell"],"picked":"Iron Wave","floor":39},{"not_picked":["Eclipse","conspire:HitWhereItHurts","Midas Touch"],"picked":"Demonic Infusion","floor":40},{"not_picked":["conspire:Purge","Magnetism","Eclipse"],"picked":"Sadistic Nature","floor":41},{"not_picked":["conspire:Purge","Bludgeon","Apotheosis"],"picked":"expansioncontent:QuickStudy","floor":44},{"not_picked":["Metamorphosis","ReplayUltimateDefense","Replay:Dark Deal"],"picked":"ReplayTheSpireMod:Brewmster","floor":46},{"not_picked":["Intimidate+1","Heavy Blade","Replay:SS_forest_5"],"picked":"Replay:SS_fish_1","floor":47},{"not_picked":["expansioncontent:DashGenerateEvil","Crow Ritual","Replay:Dark Deal"],"picked":"Demon Form","floor":48},{"not_picked":["ReplayTheSpireMod:Necrogeddon","Secret Technique","HandOfGreed"],"picked":"Impervious","floor":50},{"not_picked":["expansioncontent:StudyTheSpire","Transmutation","Sadistic Nature"],"picked":"Mayhem","floor":51},{"not_picked":["expansioncontent:DarkVoid","Replay:Undeath\u0027s Touch","Twin Strike","Sword Boomerang"],"picked":"SKIP","floor":53},{"not_picked":["Armaments+1","True Grit+1","Barricade"],"picked":"Ghostly Armor+1","floor":57},{"not_picked":["HandOfGreed","Apotheosis+1","Juggernaut"],"picked":"Demon Form","floor":58},{"not_picked":["ReplayTheSpireMod:Book of Names","infinitespire:Oblivion"],"picked":"infinitespire:Gouge","floor":60},{"not_picked":["Midas Touch+1","expansioncontent:StudyTheSpire","Chrysalis+1"],"picked":"Sadistic Nature","floor":60},{"not_picked":["expansioncontent:QuickStudy+1","Crow Ritual","Chrysalis+1"],"picked":"Secret Weapon+1","floor":64},{"not_picked":["Fiend Fire","conspire:HitWhereItHurts","expansioncontent:QuickStudy+1"],"picked":"Master of Strategy+1","floor":65},{"not_picked":["Bludgeon","Fiend Fire","expansioncontent:StudyTheSpire"],"picked":"Master of Strategy+1","floor":66},{"not_picked":["Limit Break+1","Mayhem","Sadistic Nature"],"picked":"Secret Technique+1","floor":68},{"not_picked":["conspire:Banana+1","Enlightenment+1","Replay:SS_fish_2+1"],"picked":"Dramatic Entrance","floor":70},{"not_picked":["expansioncontent:Collect","Heavy Blade","Warcry+1","Defy Death+1"],"picked":"SKIP","floor":72},{"not_picked":["Anger","Replay:Undeath\u0027s Touch","Clothesline"],"picked":"Whirlwind","floor":73},{"not_picked":["Midas Touch+1","Fiend Fire","The Bomb+1"],"picked":"Secret Technique+1","floor":74},{"not_picked":["Barricade","ReplayUltimateDefense","Chrysalis+1"],"picked":"Violence+1","floor":75},{"not_picked":["Havoc+1","infinitespire:OneForAll","Heavy Blade","Anger"],"picked":"SKIP","floor":76},{"not_picked":["Forethought+1","Wild Strike","Rage+1","Run Through+1"],"picked":"SKIP","floor":77},{"not_picked":["Feed","Crow Ritual","Barricade","Replay:Many Hands+1"],"picked":"SKIP","floor":79},{"not_picked":["Demon Form","ReplayTheSpireMod:Brewmster","Magnetism"],"picked":"Sadistic Nature","floor":82},{"not_picked":["Twin Strike","Searing Blow","Armaments+1"],"picked":"Pommel Strike+1","floor":83},{"not_picked":["expansioncontent:StudyTheSpire","Feed","ReplayTheSpireMod:Necrogeddon"],"picked":"Secret Technique+1","floor":85},{"not_picked":["Run Through","Iron Wave","Clothesline"],"picked":"ReplayTheSpireMod:Muscle Training+1","floor":87}],"player_experience":3204995,"relics_obtained":[{"floor":6,"key":"infinitespire:BottledMercury"},{"floor":8,"key":"White Beast Statue"},{"floor":9,"key":"Whetstone"},{"floor":10,"key":"Replay:Ringing Soul"},{"floor":14,"key":"Omamori"},{"floor":21,"key":"Letter Opener"},{"floor":24,"key":"infinitespire:Golems Mask"},{"floor":26,"key":"Quantum Egg"},{"floor":28,"key":"conspire:DeflatedDodgeball"},{"floor":31,"key":"Strawberry"},{"floor":32,"key":"infinitespire:WardingShard"},{"floor":40,"key":"Guardian:PocketSentry"},{"floor":41,"key":"Incense Burner"},{"floor":43,"key":"Blue Doll"},{"floor":44,"key":"HornCleat"},{"floor":45,"key":"Vajra"},{"floor":46,"key":"Golden Egg"},{"floor":48,"key":"Ice Cream"},{"floor":54,"key":"Gremlin Food"},{"floor":55,"key":"infinitespire:Broken Mirror"},{"floor":58,"key":"Smiling Mask"},{"floor":59,"key":"Lantern"},{"floor":60,"key":"Replay:Rubber Ducky"},{"floor":61,"key":"War Paint"},{"floor":64,"key":"FossilizedHelix"},{"floor":65,"key":"Pet Ghost"},{"floor":66,"key":"StrikeDummy"},{"floor":67,"key":"Bottled Lightning"},{"floor":74,"key":"infinitespire:Joker Card"},{"floor":78,"key":"sneckomod:BlankCard"},{"floor":79,"key":"Blue Candle"},{"floor":80,"key":"Replay:Bottled Flurry"},{"floor":82,"key":"infinitespire:Lucky Rock"}],"event_choices":[{"damage_healed":0,"gold_gain":0,"player_choice":"0 cards matched","damage_taken":0,"max_hp_gain":0,"max_hp_loss":0,"event_name":"Match and Keep!","floor":2,"gold_loss":0,"cards_obtained":[]},{"damage_healed":0,"gold_gain":0,"player_choice":"Copied","damage_taken":0,"max_hp_gain":0,"max_hp_loss":0,"event_name":"Duplicator","floor":20,"gold_loss":0,"cards_obtained":["Entrench"]},{"damage_healed":0,"gold_gain":0,"player_choice":"Memory 3","damage_taken":10,"max_hp_gain":0,"max_hp_loss":0,"event_name":"SensoryStone","floor":37,"gold_loss":0},{"damage_healed":0,"gold_gain":0,"player_choice":"Obtained Relic","damage_taken":0,"relics_obtained":["infinitespire:ShieldingShard"],"max_hp_gain":0,"max_hp_loss":0,"event_name":"Addict","floor":71,"gold_loss":85}],"is_beta":false,"boss_relics":[{"not_picked":["Snecko Eye","Runic Cube"],"picked":"Honey Jar"},{"not_picked":["Runic Dome","conspire:RunicOctahedron"],"picked":"SlaversCollar"},{"not_picked":["expansioncontent:StudyCardRelic","Replay:Bronze Core"],"picked":"conspire:SpecialSausage"},{"not_picked":["Abe\u0027s Treasure","Painkiller Herb"],"picked":"SacredBark"},{"not_picked":["Snecko Heart","Runic Pyramid"],"picked":"conspire:SlowCooker"}],"items_purged_floors":[],"is_endless":true,"potions_floor_spawned":[1,8,10,12,14,16,18,21,22,24,25,27,28,33,35,36,39,40,41,44,46,47,48,50,51,53,57,58,60,64,65,66,68,70,72,73,74,75,76,77,79,82,83,85,87],"killed_by":"Orb Walker","ascension_level":20}}