{"host":"yv7ijgyl7mqt7c0r","time":1610752560,"event":{"mods":["2.2 Compatiblity","Act Like it!","Aspiration","BaseMod","Bestiary","Better Note","Better Skull","Conspire","DeckTracker","Elementarium","Energized Spire","Friendly Minions","Gensokyo","GifTheSpireLib","Hallownest","Mari Mod (Legacy)","Mari\u0027s V1 Patch","Marisa????????","Menagerie","Minty Spire (QoL Compilation)","Prisma Mod","Random Character Button","Reimu??????","Remilia_Scarlet Moed?????·?????3.3.5","StSLib","Stuff the Spire","The Bug Knight","The Factory","The Jungle","The Senshi","The Servant 0.9.4","Wandering Minibosses"],"gold_per_floor":[116,116,130,11,11,43,43,63,63,92,92,112,122,141,141,246,246,258,258,276,295,295,295],"floor_reached":22,"language":"ENG","playtime":3425,"items_purged":[],"score":198,"play_id":"75309996-d259-4169-8a2e-81d699e9973d","local_time":"20210115171600","is_ascension_mode":false,"campfire_choices":[{"data":"HollowMod:LifebloodCocoon","floor":7.0,"key":"SMITH"},{"floor":15.0,"key":"REST"}],"circlet_count":0,"master_deck":["HollowMod:NailStrikeStart","HollowMod:NailStrikeStart","HollowMod:NailStrikeStart+1","HollowMod:NailStrikeStart","HollowMod:QuickDashStart","HollowMod:QuickDashStart","HollowMod:QuickDashStart","HollowMod:QuickDashStart","HollowMod:FocusHealStart","HollowMod:PogoStrike+1","HollowMod:LifebloodCocoon+1","HollowMod:GoodIntentions","HollowMod:VengefulSpirit","conspire:Banana","HollowMod:InfectedAttack","HollowMod:MonomonsArchive","HollowMod:HowlingWraiths+1","HollowMod:ChannelNail","HollowMod:PureNailStrike","HollowMod:Grubsong","HollowMod:RadiancesLament+1","HollowMod:SoulEater+1","HollowMod:DungDefenderAura+1","HollowMod:NewJinnsSoul"],"relics":["HollowMod:VesselMask","aspiration:Nostalgia","PureWater","Pantograph","StuffTheSpire:HeavyRock","MealTicket","Hallownest:DreamNailRelic","aspiration:SecretTechniqueScroll","StuffTheSpire:Gunfinga"],"acts_visited":["Hallownest:Greenpath","Hallownest:CityofTears"],"potions_floor_usage":[20,22,22],"damage_taken":[{"damage":4.0,"enemies":"Hallownest:monsterHuskGuard","floor":1.0,"turns":4.0},{"damage":3.0,"enemies":"Hallownest:2_Tiktiks_and_1_Crawlid","floor":3.0,"turns":4.0},{"damage":38.0,"enemies":"Hallownest:eliteCrystalGuardian","floor":6.0,"turns":11.0},{"damage":0.0,"enemies":"Hallownest:2_Baldur","floor":8.0,"turns":2.0},{"damage":17.0,"enemies":"Hallownest:eliteMossKnight","floor":10.0,"turns":8.0},{"damage":12.0,"enemies":"Hallownest:1_Ooma_and_2_Uuma","floor":12.0,"turns":10.0},{"damage":0.0,"enemies":"Hallownest:Wandering_and_Horned","floor":13.0,"turns":5.0},{"damage":0.0,"enemies":"Hallownest:monsterAspidMother","floor":14.0,"turns":3.0},{"damage":61.0,"enemies":"Hallownest:BossBrokenVessel","floor":16.0,"turns":14.0},{"damage":4,"enemies":"Hallownest:3_Youths","floor":18,"turns":8},{"damage":26,"enemies":"Hallownest:2_Mistakes","floor":20,"turns":7},{"damage":8,"enemies":"Hallownest:2_Husk_Sentries","floor":21,"turns":7},{"damage":33,"enemies":"Hallownest:2_Flukemon","floor":22,"turns":5}],"seed_played":"7338899913300997406","potions_obtained":[{"floor":6.0,"key":"Dexterity Potion"},{"floor":8.0,"key":"SteroidPotion"},{"floor":12.0,"key":"EntropicBrew"},{"floor":13.0,"key":"DistilledChaos"},{"floor":16.0,"key":"Energy Potion"},{"floor":20,"key":"ZuzhouPotion:ReiMu"},{"floor":21,"key":"EssenceOfSteel"}],"is_trial":false,"path_per_floor":["M","?","M","$","?","E","R","M","T","E","?","M","M","M","R","B",null,"M","?","M","M","M"],"character_chosen":"THE_BUGKNIGHT","items_purchased":["HollowMod:VengefulSpirit","conspire:Banana"],"campfire_rested":1,"item_purchase_floors":[4,4],"current_hp_per_floor":[75,75,72,72,72,41,41,42,42,26,26,25,32,33,57,21,82,79,36,17,25,0,0],"gold":295,"neow_bonus":"NOSTALGIA","is_daily":false,"chose_seed":false,"campfire_upgraded":1,"win_rate":0.0,"timestamp":1610752560,"path_taken":["M","?","M","$","?","E","R","M","T","E","?","M","M","?","R","BOSS","M","?","M","?","M"],"items_purchased_type":["Card","Card"],"build_version":"2020-12-22","purchased_purges":0,"victory":false,"max_hp_per_floor":[75,75,75,75,75,76,76,77,77,78,78,79,80,81,81,82,82,83,83,84,85,86,86],"card_choices":[{"not_picked":["HollowMod:CloakDash","HollowMod:InfectionAssault"],"picked":"HollowMod:LifebloodCocoon","floor":1.0},{"not_picked":["HollowMod:SiblingsSouls","HollowMod:ShadowDash"],"picked":"HollowMod:GoodIntentions","floor":3.0},{"not_picked":["HollowMod:InfectedCysts","HollowMod:VengefulVoid"],"picked":"HollowMod:InfectedAttack","floor":6.0},{"not_picked":["HollowMod:DescendingDark","HollowMod:HowlingWraiths"],"picked":"HollowMod:MonomonsArchive","floor":8.0},{"not_picked":["HollowMod:CoiledNail","HollowMod:ShadowDash"],"picked":"HollowMod:HowlingWraiths","floor":10.0},{"not_picked":["HollowMod:LordofShades","HollowMod:InfectionAssault"],"picked":"HollowMod:ChannelNail","floor":12.0},{"not_picked":["HollowMod:DescendingDark","HollowMod:CoiledNail"],"picked":"HollowMod:PureNailStrike","floor":13.0},{"not_picked":["HollowMod:CrystalDash","HollowMod:NewLittleFool"],"picked":"HollowMod:Grubsong","floor":14.0},{"not_picked":["HollowMod:WhiteLadysBlessing","HollowMod:ElderbugsWisdom"],"picked":"HollowMod:RadiancesLament","floor":16.0},{"not_picked":["HollowMod:VengefulVoid","HollowMod:HeavyBlow"],"picked":"HollowMod:SoulEater+1","floor":18},{"not_picked":["HollowMod:LifebloodCocoon","HollowMod:HowlingWraiths"],"picked":"HollowMod:DungDefenderAura+1","floor":20},{"not_picked":["HollowMod:SoulSplash+1","HollowMod:FallenFury"],"picked":"HollowMod:NewJinnsSoul","floor":21}],"player_experience":497788,"relics_obtained":[{"floor":6.0,"key":"Pantograph"},{"floor":9.0,"key":"StuffTheSpire:HeavyRock"},{"floor":10.0,"key":"MealTicket"}],"event_choices":[{"damage_healed":0,"gold_gain":0,"player_choice":"UP UP RE ","damage_taken":49,"relics_obtained":["StuffTheSpire:Gunfinga"],"max_hp_gain":0,"max_hp_loss":0,"event_name":"betterSkull:BetterSkull","floor":19,"gold_loss":0,"cards_upgraded":["HollowMod:RadiancesLament","HollowMod:HowlingWraiths"]}],"is_beta":false,"boss_relics":[{"not_picked":["Sozu","Fusion Hammer"],"picked":"aspiration:SecretTechniqueScroll"}],"items_purged_floors":[],"is_endless":false,"potions_floor_spawned":[6,8,12,13,16,20,21],"killed_by":"Hallownest:2_Flukemon","ascension_level":0}}