{"host":"nwavcs7i011ziyjx","time":1610720262,"event":{"mods":["ATMod(∞¢Ë™Mod)","AchievementEnabler","Arknights The Spire","BaseMod","Colored Map","Colored Powertips","Downfall","Marisa£®ÏF”Í°°ƒß¿Ì…≥£©","Minty Spire (QoL Compilation)","MostiFishMod","Quick Restart","Rare Cards Sparkle","Remilia£®¿Ÿ√◊¿Ú—«£©","Replay The Spire","Spicy Shops","StSLib","TestMod","The Servant 0.9.4","Uncapped","UnlockEverythingMod","WarShipGirlsR/’ΩΩ¢…Ÿ≈ÆR mod","Youmu£®ªÍ∆«—˝√Œ£©","noobMod","°æ“≈ŒÔø®≈∆°øREMEMod"],"gold_per_floor":[116,5000,3112,3183,3262,3429,3490,3658,3658,3722,3800,4224,4316,223,223,476,-924,-846,-772,101,185,278,483,483,609,641,707,958,1154,1338,433,433,746,746,902,1026,1154,45,236,427,427,537,863,935,1135,1105,1306,1387,1387,1651,2959,2959,2959,41,358,1031],"floor_reached":57,"language":"ZHS","playtime":4270,"items_purged":["Strike_B","Strike_B+1","Strike_B+1","Defend_B","Strike_B+1","Defend_B+1"],"score":3439,"play_id":"3c88f49e-8ccd-4135-8fd9-f7e25057e2d0","local_time":"20210115221742","is_ascension_mode":true,"campfire_choices":[{"data":"Strike_B","floor":15.0,"key":"PURGE"},{"data":"Defend_B","floor":32,"key":"PURGE"},{"data":"Zap","floor":41,"key":"PURGE"},{"floor":49,"key":"RECALL"},{"data":"Strike_B+1","floor":53,"key":"PURGE"}],"circlet_count":0,"master_deck":["AscendersBane","Defend_B+4","Dualcast+1","testmod-TaurusBlackCat+1","AT_CaressingTears+1","AT_CaressingTears+1","Pot Of Greed+1","Pot Of Greed+1","CollectingQuirk+1","Conserve Battery+1","Sweeping Beam+1","ReplayTheSpireMod:Fabricate Wheel+1","MostiFishMod:CullingBlade+1","Skim+1","HellRealmSword+1","Double Energy+1","REME_ACTH+1","MostiFishMod:Culaccino+1","Slimebound:Replication+1","Pot Of Greed+1","Fusion+1","MostiFishMod:HellRitual+1","Escape Plan+1","MostiFishMod:FullyArmed+1","Prepared+1","MostiFishMod:IntelligentEquipment+1","MostiFishMod:WinterMarkForm+1","MostiFishMod:RacingGame+1","MostiFishMod:KnuckleDown+1","MillenniumVampire+1","Pot Of Greed+1","NonDirectionalLaser+1","Escape Plan+1","Burst+1","MostiFishMod:ReadyAimFire+1","Replace+1","Capacitor+1","Seek+1","REME_Shoggoth+1","After Image+1","Core Surge+1","Phantasmal Killer+1","Double Energy+1","Pot Of Greed+1","HeartBreak+1","BloodySeventeenLaser+1","Calculated Gamble+1","rmod:secretscript+1","Electrodynamics+1"],"relics":["Cracked Core","ice","DaveBox","testmod-TestBox","REME_ComplimentaryCards","AT_ATBox","The Courier","testmod-CrystalShield","NeowsBlessing","SynthV:TestCard","Omamori","testmod-Register","Thread and Needle","testmod-LifeArmor","Pantograph","Peace Pipe","Replay:Wax Seal","Ice Cream","testmod-AssaultLearning","Replay:Ringing Soul","ReplayTheSpireMod:Ninjato","AT_BellDemon","Juzu Bracelet","Replay:Bandana","Civilization","Carrot","testmod-Hope","AT_Manta","PreservedInsect","testmod-ConstraintPeriapt","Durian","Counterbalance","AT_ArchangelStaff","AT_TheCollector","CeramicFish","REME_IWantAll","testmod-TurbochargingSystem","Kunai","Symbiotic Virus","Art of War","testmod-BouquetWithThorns","AT_TimeSand","testmod-Alchemist","testmod-FatalChain","Tiny Chest","ReplayTheSpireMod:Shallot","AT_ChloranthyRing","REME_LimitBreaker","AT_EbonyIvory","Bronze Scales","testmod-TheFather","StoneCalendar","testmod-InjuryResistance","Replay:Bottled Snecko","Replay:Baseball","Pen Nib","testmod-OneHitWonder","HornCleat","Potion Belt","Oddly Smooth Stone","War Paint","TungstenRod","Akabeko","Centennial Puzzle","MealTicket","ImprovedEquipment","Replay:Rubber Ducky","Boot","Replay:Towering Pillar of Hats","Iron Hammer","Dream Catcher","Toy Ornithopter","Molten Egg 2","Dead Branch","Whetstone","testmod-ArcanaOfDestiny","Shuriken","testmod-IndustrialRevolution","ReplayTheSpireMod:Lightbulb","Bottled Tornado","Bag of Preparation","testmod-Brilliant","AT_BladeRuinedKing","Replay:Antivirus Software","AT_RabadonDeathcap","Anchor","Bag of Marbles","StrikeDummy","Simple Rune","ReplayFunnel","Replay:Mystery Machine","Geode","Snack Pack","Replay:PocketPolymizer","testmod-CasingShield","DataDisk","Chameleon Ring","DollysMirror","Gremlin Food","testmod-Antiphasic","Lantern","Regal Pillow","AT_MibuBalloonWealth","Happy Flower","Cables","REME_HandOfSuture","AT_RedTearstoneRing","White Beast Statue","ReplayTheSpireMod:TigerMarble","CaptainsWheel","Pocketwatch","Pet Ghost","Nunchaku","AT_DeathDance","AT_SunfireAegis","Strawberry","testmod-Justice","Orichalcum","Vajra","Grinning Jar","AT_PhaseBoots","InkBottle","ScarletDevilRocket","testmod-Acrobat","Ancient Tea Set","Incense Burner","AT_SilvercatRing","testmod-DragonStarHat","Blood Vial","testmod-BlackFramedGlasses","testmod-HeartOfDaVinci","Blue Doll","King of Hearts","ats:Hidden Killer","Replay:Bottled Steam","Bottled Lightning","Toxic Egg 2","ats:Ability Aura","BreadOfAWashokuLover","ats:Spiritual Recovery","ats:Rhine Circuitry","Red Skull","Roukanken","rmod:extraamm","sneckomod:LoadedDie","Mummified Hand","Burning Blood","Eternal Feather","m_BurningSludge","Lee\u0027s Waffle","DaCapo","Question Card","Mercury Hourglass","champ:FightingForDummies","AT_RedNoBalance","ReplayTheSpireMod:Spearhead","TwistedFunnel","Tingsha","SynthV:C4","ats:Sanity","AT_LudenTempest","Paper Crane","testmod-Fortitude","champ:DefensiveTrainingManual","ArrowTower","AT_ImmortalShieldbow","Basket Of Snakes","HandmadeGrimoire","REME_ArchaeologicalTools","rmod:equipmentrecovery","PaperSwan","Replay:WaspNest","SynthV:MejaisSoulstealer","sneckomod:ConfusingCodex","Replay:Bottled Flurry","sneckomod:D8","Quantum Egg","BargainBundle","Replay:Accelerometer","ats:Industrial Water Cannon","Letter Opener","KneeBrace","Gremlin Horn","ats:Bonebreaker","Singing Bowl","Meat on the Bone","Garlic","Divine Protection","REME_HourglassOfDeath","Blue Candle","Girya","ats:Military Tradition","ClockworkSouvenir","Onion Ring","AT_BellowingDragoncrestRing","Darkstone Periapt","Matryoshka","REME_PoisonedDagger","Hakurouken","ats:Lavender","Self Forming Clay","FossilizedHelix","Ornamental Fan","Sundial","Mirror","Golden Egg","Paper Frog","ChestCloth","Solar Panel","FencingExperience","AT_ForceNature","RedBat","Replay:Bottled Eggs","Frozen Egg 2","OriginationStaff","BigShroomBag","Pondfish Scales","m_SlimeRing","Byrd Skull","The Specimen","Guardian:StasisEgg","testmod-D®¶j®§vu","Calipers","Torii","Mango","Lizard Tail","champ:BlackKnightHelmet","MiniHakkero","HalfPhantom","m_SnakeCloak","Prayer Wheel","Prayer Wheel","CombinedTypeHook","Black Star","champ:ChampionCrown","hexamod:SoulConsumer","AT_Kusabimaru","Tough Bandages","testmod-Nyarlathotep","Replay:Kaleidoscope","testmod-RealStoneCalender","ats:Emergency Defibrillator","TypeBBloodRedTea","testmod-CyclicPeriapt","SentryEyes","Turnip","Old Coin","SproutingBranch","Bird Faced Urn","m_HexaRing","PocketWatch","Wakizashi","Gungnir","Slimebound:AbsorbEndCombat","Ring of the Snake","Replay:Arrowhead","rmod:quickrepair","testmod-ThousandKnives","testmod-RainbowHikingShoes","m_TsuchinokoRing","FairyMaid","m_SnakeBloodCore","sneckomod:SneckoSoul","rmod:firstchargereward","champ:BerserkersGuideToSlaughter","testmod-Maize","testmod-ObsoleteBoomerang","ats:Gyao"],"acts_visited":["Exordium","TheCity","TheBeyond","TheEnding"],"potions_floor_usage":[56,56,56,56],"damage_taken":[{"damage":0.0,"enemies":"Jaw Worm","floor":1.0,"turns":1.0},{"damage":0.0,"enemies":"2 Louse","floor":4.0,"turns":1.0},{"damage":0.0,"enemies":"Small Slimes","floor":5.0,"turns":1.0},{"damage":0.0,"enemies":"Lagavulin","floor":6.0,"turns":1.0},{"damage":0.0,"enemies":"Red Slaver","floor":7.0,"turns":1.0},{"damage":0.0,"enemies":"Gremlin Nob","floor":8.0,"turns":1.0},{"damage":0.0,"enemies":"Exordium Wildlife","floor":10.0,"turns":1.0},{"damage":0.0,"enemies":"Exordium Thugs","floor":11.0,"turns":1.0},{"damage":0.0,"enemies":"3 Sentries","floor":12.0,"turns":1.0},{"damage":0.0,"enemies":"2 Fungi Beasts","floor":13.0,"turns":1.0},{"damage":0.0,"enemies":"Slime Boss","floor":16.0,"turns":1.0},{"damage":0.0,"enemies":"Chosen","floor":18.0,"turns":1.0},{"damage":0.0,"enemies":"Spheric Guardian","floor":19.0,"turns":1.0},{"damage":0.0,"enemies":"Snake Plant","floor":21.0,"turns":1.0},{"damage":0.0,"enemies":"Chosen and Byrds","floor":22.0,"turns":1.0},{"damage":0.0,"enemies":"Book of Stabbing","floor":23.0,"turns":1.0},{"damage":0.0,"enemies":"3 Cultists","floor":25.0,"turns":1.0},{"damage":0,"enemies":"Snake Plant","floor":27,"turns":1},{"damage":0,"enemies":"Gremlin Leader","floor":28,"turns":1},{"damage":0,"enemies":"Sentry and Sphere","floor":29,"turns":1},{"damage":0,"enemies":"Book of Stabbing","floor":30,"turns":1},{"damage":0,"enemies":"Collector","floor":33,"turns":1},{"damage":0,"enemies":"3 Darklings","floor":35,"turns":1},{"damage":0,"enemies":"3 Shapes","floor":36,"turns":1},{"damage":0,"enemies":"Transient","floor":37,"turns":1},{"damage":0,"enemies":"3 Darklings","floor":39,"turns":1},{"damage":0,"enemies":"R_Hoarder","floor":40,"turns":1},{"damage":0,"enemies":"Jaw Worm Horde","floor":42,"turns":1},{"damage":0,"enemies":"Writhing Mass","floor":44,"turns":1},{"damage":0,"enemies":"Giant Head","floor":45,"turns":1},{"damage":0,"enemies":"R_Hoarder","floor":47,"turns":1},{"damage":0,"enemies":"Maw","floor":48,"turns":1},{"damage":0,"enemies":"Replay:Hell Engine","floor":50,"turns":1},{"damage":0,"enemies":"Awakened One","floor":51,"turns":2},{"damage":0,"enemies":"Shield and Spear","floor":55,"turns":1},{"damage":0,"enemies":"The Heart","floor":56,"turns":1}],"seed_played":"-11030936883347623","potions_obtained":[{"floor":1.0,"key":"Weak Potion"},{"floor":4.0,"key":"BlessingOfTheForge"},{"floor":5.0,"key":"Milkshake"},{"floor":6.0,"key":"Block Potion"},{"floor":7.0,"key":"SteroidPotion"},{"floor":22.0,"key":"PotionOfCapacity"},{"floor":30,"key":"Elixir"},{"floor":48,"key":"REME_GoldPotion"},{"floor":55,"key":"Ancient Potion"}],"is_trial":false,"path_per_floor":["M","?","$","M","M","E","M","E","T","M","M","E","M","$","R","B",null,"M","M","$","M","M","E","?","M","T","M","E","M","E","$","R","B",null,"M","M","M","$","M","E","R","M","T","M","E","?","E","M","R","B","B",null,"R","$","E","B",null],"character_chosen":"DEFECT","items_purchased":["Omamori","testmod-Register","Thread and Needle","testmod-LifeArmor","Pantograph","Peace Pipe","Replay:Wax Seal","Ice Cream","testmod-AssaultLearning","Replay:Ringing Soul","ReplayTheSpireMod:Ninjato","AT_BellDemon","Juzu Bracelet","Replay:Bandana","Civilization","Carrot","testmod-Hope","AT_Manta","PreservedInsect","testmod-ConstraintPeriapt","Durian","Counterbalance","AT_ArchangelStaff","AT_TheCollector","CeramicFish","REME_IWantAll","testmod-TurbochargingSystem","Kunai","Symbiotic Virus","Art of War","testmod-BouquetWithThorns","AT_TimeSand","testmod-Alchemist","testmod-FatalChain","Tiny Chest","ReplayTheSpireMod:Shallot","AT_ChloranthyRing","REME_LimitBreaker","AT_EbonyIvory","Bronze Scales","testmod-TheFather","StoneCalendar","testmod-InjuryResistance","Replay:Bottled Snecko","Replay:Baseball","Pen Nib","testmod-OneHitWonder","HornCleat","Potion Belt","Oddly Smooth Stone","War Paint","TungstenRod","Akabeko","Centennial Puzzle","MealTicket","ImprovedEquipment","Replay:Rubber Ducky","Boot","Replay:Towering Pillar of Hats","Iron Hammer","Dream Catcher","Toy Ornithopter","Molten Egg 2","Dead Branch","Whetstone","testmod-ArcanaOfDestiny","Shuriken","testmod-IndustrialRevolution","ReplayTheSpireMod:Lightbulb","Bottled Tornado","Bag of Preparation","testmod-Brilliant","AT_BladeRuinedKing","Replay:Antivirus Software","AT_RabadonDeathcap","Anchor","Bag of Marbles","StrikeDummy","Simple Rune","ReplayFunnel","Replay:Mystery Machine","Geode","Snack Pack","Replay:PocketPolymizer","testmod-CasingShield","DataDisk","Chameleon Ring","DollysMirror","Gremlin Food","testmod-Antiphasic","Lantern","Regal Pillow","AT_MibuBalloonWealth","Happy Flower","Cables","REME_HandOfSuture","AT_RedTearstoneRing","White Beast Statue","ReplayTheSpireMod:TigerMarble","CaptainsWheel","Pocketwatch","Pet Ghost","Nunchaku","AT_DeathDance","AT_SunfireAegis","Strawberry","testmod-Justice","Orichalcum","Vajra","Grinning Jar","AT_SpeedBoots","InkBottle","ScarletDevilRocket","testmod-Acrobat","Ancient Tea Set","Incense Burner","AT_SilvercatRing","testmod-DragonStarHat","Blood Vial","testmod-BlackFramedGlasses","testmod-HeartOfDaVinci","Blue Doll","King of Hearts","ats:Hidden Killer","Replay:Bottled Steam","Bottled Lightning","Toxic Egg 2","ats:Ability Aura","BreadOfAWashokuLover","Lee\u0027s Waffle","DaCapo","Question Card","Mercury Hourglass","champ:FightingForDummies","AT_SilverBalance","ReplayTheSpireMod:Spearhead","TwistedFunnel","Tingsha","SynthV:C4","ats:Sanity","AT_LudenTempest","Paper Crane","testmod-Fortitude","champ:DefensiveTrainingManual","ArrowTower","AT_ImmortalShieldbow","Basket Of Snakes","HandmadeGrimoire","REME_ArchaeologicalTools","rmod:equipmentrecovery","PaperSwan","sneckomod:D8","Quantum Egg","BargainBundle","Replay:Accelerometer","ats:Industrial Water Cannon","Letter Opener","KneeBrace","Gremlin Horn","ats:Bonebreaker","Singing Bowl","Meat on the Bone","Garlic","Divine Protection","REME_HourglassOfDeath","Blue Candle","Girya","ats:Military Tradition","ClockworkSouvenir","Onion Ring","AT_BellowingDragoncrestRing","Darkstone Periapt","Matryoshka","REME_PoisonedDagger","Hakurouken","ats:Lavender","Self Forming Clay","FossilizedHelix","Ornamental Fan","Sundial","Mirror","Golden Egg","Paper Frog","ChestCloth","Solar Panel","FencingExperience","AT_ForceNature","RedBat","Replay:Bottled Eggs","Frozen Egg 2","MiniHakkero","HalfPhantom","m_SnakeCloak","Capacitor+1","AT_Kusabimaru","Tough Bandages","testmod-Nyarlathotep","Replay:Kaleidoscope","Ring of the Snake","Replay:Arrowhead","rmod:quickrepair","testmod-ThousandKnives","testmod-RainbowHikingShoes","m_TsuchinokoRing","FairyMaid","m_SnakeBloodCore","sneckomod:SneckoSoul","rmod:firstchargereward","champ:BerserkersGuideToSlaughter","Electrodynamics+1"],"campfire_rested":0,"item_purchase_floors":[3,3,3,3,3,3,3,3,3,3,3,3,3,3,3,3,3,3,3,3,3,3,3,3,3,3,3,3,3,3,3,3,3,3,3,3,3,3,3,3,3,3,3,3,3,3,3,3,3,3,3,3,3,3,3,3,3,3,3,3,3,3,3,3,3,3,3,3,3,3,3,3,3,3,3,3,3,3,3,3,3,3,3,3,3,3,3,3,3,3,3,3,3,3,3,3,3,3,3,3,3,3,3,3,3,3,3,3,3,3,3,3,3,3,3,3,3,3,3,3,3,3,3,3,3,3,3,3,3,14,14,14,14,14,14,14,14,14,14,14,14,14,14,14,14,14,14,14,14,14,14,20,20,20,20,20,20,20,20,20,20,20,20,20,20,20,20,20,20,20,20,20,20,20,20,20,20,20,20,20,20,20,20,20,20,20,20,20,20,20,31,31,31,31,38,38,38,38,54,54,54,54,54,54,54,54,54,54,54,54],"current_hp_per_floor":[64,64,79,87,97,106,115,125,125,134,148,165,184,194,194,151,198,225,251,254,276,303,328,328,359,362,391,424,472,505,508,508,545,545,593,645,697,700,759,817,817,879,879,942,1002,1010,1072,1138,1138,1200,1276,1276,1276,1279,1359,1438],"gold":1031,"neow_bonus":"THREE_ENEMY_KILL","is_daily":false,"chose_seed":false,"campfire_upgraded":0,"win_rate":0.0,"timestamp":1610720262,"path_taken":["M","?","$","M","M","E","M","E","T","M","M","E","M","?","R","BOSS","M","M","$","M","M","E","?","M","T","M","E","M","E","$","R","BOSS","M","M","M","$","M","E","R","M","T","M","E","?","E","M","R","BOSS","BOSS","R","$","E","BOSS"],"items_purchased_type":["Relic","Relic","Relic","Relic","Relic","Relic","Relic","Relic","Relic","Relic","Relic","Relic","Relic","Relic","Relic","Relic","Relic","Relic","Relic","Relic","Relic","Relic","Relic","Relic","Relic","Relic","Relic","Relic","Relic","Relic","Relic","Relic","Relic","Relic","Relic","Relic","Relic","Relic","Relic","Relic","Relic","Relic","Relic","Relic","Relic","Relic","Relic","Relic","Relic","Relic","Relic","Relic","Relic","Relic","Relic","Relic","Relic","Relic","Relic","Relic","Relic","Relic","Relic","Relic","Relic","Relic","Relic","Relic","Relic","Relic","Relic","Relic","Relic","Relic","Relic","Relic","Relic","Relic","Relic","Relic","Relic","Relic","Relic","Relic","Relic","Relic","Relic","Relic","Relic","Relic","Relic","Relic","Relic","Relic","Relic","Relic","Relic","Relic","Relic","Relic","Relic","Relic","Relic","Relic","Relic","Relic","Relic","Relic","Relic","Relic","Relic","Relic","Relic","Relic","Relic","Relic","Relic","Relic","Relic","Relic","Relic","Relic","Relic","Relic","Relic","Relic","Relic","Relic","Relic","Relic","Relic","Relic","Relic","Relic","Relic","Relic","Relic","Relic","Relic","Relic","Relic","Relic","Relic","Relic","Relic","Relic","Relic","Relic","Relic","Relic","Relic","Relic","Relic","Relic","Relic","Relic","Relic","Relic","Relic","Relic","Relic","Relic","Relic","Relic","Relic","Relic","Relic","Relic","Relic","Relic","Relic","Relic","Relic","Relic","Relic","Relic","Relic","Relic","Relic","Relic","Relic","Relic","Relic","Relic","Relic","Relic","Relic","Relic","Relic","Relic","Relic","Relic","Relic","Card","Relic","Relic","Relic","Relic","Relic","Relic","Relic","Relic","Relic","Relic","Relic","Relic","Relic","Relic","Relic","Card"],"build_version":"2020-12-22","purchased_purges":6,"victory":true,"max_hp_per_floor":[71,71,86,91,98,106,115,125,125,134,148,165,184,194,194,214,214,232,251,254,276,303,328,328,359,362,391,424,472,505,508,508,545,545,593,645,697,700,759,817,817,879,879,942,1002,1010,1072,1138,1138,1200,1276,1276,1276,1279,1359,1438],"card_choices":[{"not_picked":["Streamline","Hologram","Conserve Battery"],"picked":"SKIP","floor":1.0},{"not_picked":["BasicCrystalCard+1","Stack+1","Static Discharge","Hello World"],"picked":"Conserve Battery+1","floor":4.0},{"not_picked":["Conserve Battery+1","Gash+1","Undo+1","Streamline+1"],"picked":"Sweeping Beam+1","floor":5.0},{"not_picked":["Scrape+1","Ball Lightning+1","Turbo+1","Undo+1"],"picked":"ReplayTheSpireMod:Fabricate Wheel+1","floor":6.0},{"not_picked":["Cold Snap+1","AT_WarpDrive+1","AT_DarkMatter+1","Barrage+1"],"picked":"Skim+1","floor":7.0},{"not_picked":["Doom and Gloom+1","MostiFishMod:ReprogramOld+1","Glacier+1","Go for the Eyes+1","Crystallizer"],"picked":"SKIP","floor":8.0},{"not_picked":["Multi-Cast+1","BasicCrystalCard+1","Barrage+1","Conserve Battery+1","Redo+1"],"picked":"SKIP","floor":10.0},{"not_picked":["Conserve Battery+1","AT_RobotInSpace+1","Tempest+1","Capacitor"],"picked":"Double Energy+1","floor":11.0},{"not_picked":["Ball Lightning+1","Turbo+1","Gash+1","Steam+1"],"picked":"MostiFishMod:Culaccino+1","floor":12.0},{"not_picked":["ReplayTheSpireMod:Calculation Training+1","Cold Snap+1","Chill+1","Compile Driver+1"],"picked":"Fusion+1","floor":13.0},{"not_picked":["AT_RightCognition","ReplayTheSpireMod:Omega Cannon+1","AT_WaterDrop","MostiFishMod:ReadyAimFire+1","Biased Cognition"],"picked":"MostiFishMod:IntelligentEquipment","floor":16.0},{"not_picked":["Beam Cell+1","Redo+1","Skim+1","Ball Lightning+1","Gash+1","Hello World"],"picked":"SKIP","floor":18.0},{"not_picked":["Force Field+1","Panic Button+1","Coolheaded+1","Rebound+1","Redo+1","Streamline+1"],"picked":"SKIP","floor":19.0},{"not_picked":["BootSequence+1","MostiFishMod:PushDownKick+1","Turbo+1","Auto Shields+1","Leap+1","MostiFishMod:InterfaceCompatibility+1"],"picked":"Singing Bowl","floor":21.0},{"not_picked":["Stack+1","Hologram+1","Genetic Algorithm+1","Compile Driver+1","ReplaySolidLightProjector+1","Ball Lightning+1"],"picked":"Singing Bowl","floor":22.0},{"not_picked":["MostiFishMod:PushDownKick+1","Static Discharge+1","MostiFishMod:GatherIntelligence+1","Echo Form+1","Lockon+1","Streamline+1"],"picked":"Singing Bowl","floor":23.0},{"not_picked":["Cold Snap+1","Heatsinks+1","Redo+1","Crystallizer+1","Gash+1","MostiFishMod:FluxCapactior+1"],"picked":"Singing Bowl","floor":25.0},{"not_picked":["Twin Strike+1","Steam+1","Streamline+1","White Noise+1","MostiFishMod:PushDownKick+1","AT_ThunderBolt+1"],"picked":"Singing Bowl","floor":27},{"not_picked":["Go for the Eyes+1","MostiFishMod:LinkProtocol+1","AT_HeatAcrobatics+1","Hologram+1","Blade Dance+1"],"picked":"MostiFishMod:ReadyAimFire+1","floor":28},{"not_picked":["Hologram+1","Storm+1","Steam Power+1","Defragment+1","Cloak And Dagger+1","Self Repair+1"],"picked":"Singing Bowl","floor":29},{"not_picked":["BasicCrystalCard+1","Beam Cell+1","Hidden Blade+1","Turbo+1","Twin Strike+1","MostiFishMod:Distribution+1"],"picked":"SKIP","floor":30},{"not_picked":["MostiFishMod:IntelligentEquipment+1","Hemogenesis+1","Unload+1","Reaper+1","Meteor Strike+1"],"picked":"After Image+1","floor":33},{"not_picked":["ReplayTheSpireMod:GoodbyeWorld+1","Scrape+1","Cold Snap+1","REME_DataAnalysis+1","BasicCrystalCard+1","Panic Button+1"],"picked":"Singing Bowl","floor":35},{"not_picked":["ReplayTheSpireMod:GoodbyeWorld+1","Steam+1","AT_HeatAcrobatics+1","Cold Snap+1","Leap+1","BasicCrystalCard+1"],"picked":"Singing Bowl","floor":35},{"not_picked":["ReplaySolidLightProjector+1","Ball Lightning+1","Streamline+1","Fission+1","Rebound+1","Steam+1"],"picked":"Singing Bowl","floor":35},{"not_picked":["Steam+1","Conserve Battery+1","Leap+1","Gash+1","Coolheaded+1","AT_HeatAcrobatics+1"],"picked":"Singing Bowl","floor":36},{"not_picked":["Gash+1","AT_HeatAcrobatics+1","ReplayTheSpireMod:System Scan+1","Undo+1","BasicCrystalCard+1"],"picked":"Core Surge+1","floor":36},{"not_picked":["Compile Driver+1","Loop+1","Gash+1","Beam Cell+1","Ball Lightning+1","ReplayTheSpireMod:Reroute Power+1"],"picked":"Singing Bowl","floor":36},{"not_picked":["MostiFishMod:PushDownKick+1","Machine Learning+1","White Noise+1","Barrage+1","Stack+1","Rebound+1"],"picked":"Singing Bowl","floor":37},{"not_picked":["Streamline+1","Gash+1","Loop+1","Cold Snap+1","Coolheaded+1","Lockon+1"],"picked":"Singing Bowl","floor":37},{"not_picked":["Beam Cell+1","Force Field+1","Cold Snap+1","MostiFishMod:PushDownKick+1","Sweeping Beam+1","ReplaySolidLightProjector+1"],"picked":"Singing Bowl","floor":37},{"not_picked":["Beam Cell+1","Biased Cognition+1","AT_ThreeBodyProblem+1","MostiFishMod:LinkProtocol+1","ReplayGash+1"],"picked":"Double Energy+1","floor":39},{"not_picked":["Blizzard+1","Panic Button+1","MostiFishMod:FluxCapactior+1","Force Field+1","Stack+1","Go for the Eyes+1"],"picked":"Singing Bowl","floor":39},{"not_picked":["Stack+1","Redo+1","REME_Whirling+1","MostiFishMod:GatherIntelligence+1","Streamline+1","Steam+1"],"picked":"Singing Bowl","floor":39},{"not_picked":["Steam+1","ReplayTheSpireMod:Reroute Power+1","Coolheaded+1","Tempest+1","AT_EMC2+1","Crystallizer+1"],"picked":"Singing Bowl","floor":40},{"not_picked":["Fission+1","Stack+1","Cold Snap+1","AT_HeatAcrobatics+1","BasicCrystalCard+1","Redo+1"],"picked":"Singing Bowl","floor":42},{"not_picked":["BasicCrystalCard+1","Beam Cell+1","ReplayTheSpireMod:Calculation Training+1","ReplayGash+1","Scrape+1","Compile Driver+1"],"picked":"Singing Bowl","floor":42},{"not_picked":["Conserve Battery+1","Sweeping Beam+1","Beam Cell+1","Rebound+1","Compile Driver+1","Gash+1"],"picked":"Singing Bowl","floor":42},{"not_picked":["Streamline+1","Consume+1","Steam+1","Beam Cell+1","Chill+1","Ball Lightning+1"],"picked":"Singing Bowl","floor":44},{"not_picked":["Streamline+1","MostiFishMod:GoodWordForIt+1","Stack+1","Beam Cell+1","MostiFishMod:ReprogramOld+1","AT_StudyProgram+1"],"picked":"Singing Bowl","floor":44},{"not_picked":["Sweeping Beam+1","Ball Lightning+1","Loop+1","REME_DataAnalysis+1","Rebound+1","Lockon+1"],"picked":"Singing Bowl","floor":44},{"not_picked":["Rebound+1","AT_ThreeBodyProblem+1","Conserve Battery+1","Leap+1","Gash+1","Sunder+1"],"picked":"Singing Bowl","floor":45},{"not_picked":["Poisoned Stab"],"picked":"Singing Bowl","floor":46},{"not_picked":["Loop"],"picked":"Singing Bowl","floor":46},{"not_picked":["Streamline"],"picked":"Singing Bowl","floor":46},{"not_picked":["MostiFishMod:Prepare"],"picked":"Singing Bowl","floor":46},{"not_picked":["Redo+1","Gash+1","Glacier+1","BasicCrystalCard+1","MostiFishMod:LinkProtocol+1","Auto Shields+1"],"picked":"SKIP","floor":47},{"not_picked":["Poisoned Stab+1","Doom and Gloom+1","hexamod:BurningTouch+1","MostiFishMod:ReadyAimFire+1","Melter+1","hexamod:RainOfEmbers+1"],"picked":"Singing Bowl","floor":48},{"not_picked":["Poisoned Stab+1","hexamod:RainOfEmbers+1","hexamod:BurningTouch+1","ReplayTheSpireMod:System Scan+1","Hologram+1","Doom and Gloom+1"],"picked":"Singing Bowl","floor":48},{"not_picked":["Ball Lightning+1","ReplaySolidLightProjector+1","Leap+1","MostiFishMod:ReprogramOld+1","MostiFishMod:SeaWaves+1","REME_DataAnalysis+1"],"picked":"Singing Bowl","floor":48},{"not_picked":["Finisher+1","Fusion+1","Turbo+1","MostiFishMod:FluxCapactior+1","Hologram+1","Ball Lightning+1"],"picked":"Singing Bowl","floor":55}],"player_experience":273323,"relics_obtained":[{"floor":1.0,"key":"SynthV:TestCard"},{"floor":5.0,"key":"ats:Spiritual Recovery"},{"floor":6.0,"key":"ats:Rhine Circuitry"},{"floor":7.0,"key":"Red Skull"},{"floor":8.0,"key":"Roukanken"},{"floor":8.0,"key":"rmod:extraamm"},{"floor":10.0,"key":"sneckomod:LoadedDie"},{"floor":11.0,"key":"Mummified Hand"},{"floor":12.0,"key":"Burning Blood"},{"floor":12.0,"key":"Eternal Feather"},{"floor":13.0,"key":"m_BurningSludge"},{"floor":16.0,"key":"Replay:WaspNest"},{"floor":18.0,"key":"sneckomod:ConfusingCodex"},{"floor":19.0,"key":"Replay:Bottled Flurry"},{"floor":21.0,"key":"OriginationStaff"},{"floor":22.0,"key":"BigShroomBag"},{"floor":23.0,"key":"Pondfish Scales"},{"floor":23.0,"key":"m_SlimeRing"},{"floor":25.0,"key":"Byrd Skull"},{"floor":26,"key":"The Specimen"},{"floor":26,"key":"Guardian:StasisEgg"},{"floor":27,"key":"testmod-D®¶j®§vu"},{"floor":28,"key":"Calipers"},{"floor":28,"key":"Torii"},{"floor":29,"key":"Mango"},{"floor":30,"key":"Lizard Tail"},{"floor":30,"key":"champ:BlackKnightHelmet"},{"floor":33,"key":"CombinedTypeHook"},{"floor":36,"key":"champ:ChampionCrown"},{"floor":37,"key":"hexamod:SoulConsumer"},{"floor":39,"key":"testmod-RealStoneCalender"},{"floor":40,"key":"ats:Emergency Defibrillator"},{"floor":40,"key":"TypeBBloodRedTea"},{"floor":40,"key":"testmod-CyclicPeriapt"},{"floor":42,"key":"SentryEyes"},{"floor":43,"key":"Turnip"},{"floor":43,"key":"Old Coin"},{"floor":44,"key":"SproutingBranch"},{"floor":45,"key":"Bird Faced Urn"},{"floor":45,"key":"m_HexaRing"},{"floor":47,"key":"PocketWatch"},{"floor":47,"key":"Wakizashi"},{"floor":47,"key":"Gungnir"},{"floor":48,"key":"Slimebound:AbsorbEndCombat"},{"floor":55,"key":"testmod-Maize"},{"floor":55,"key":"testmod-ObsoleteBoomerang"},{"floor":55,"key":"ats:Gyao"}],"event_choices":[{"damage_healed":0.0,"max_hp_gain":0.0,"max_hp_loss":0.0,"gold_gain":0.0,"event_name":"World of Goop","player_choice":"Left Gold","floor":2.0,"gold_loss":54.0,"damage_taken":0.0}],"is_beta":false,"boss_relics":[{"not_picked":["RhineFirstAidKit","Snecko Scales"],"picked":"SynthV:MejaisSoulstealer"},{"not_picked":["xbg","Replay:Wanted Poster"],"picked":"Black Star"}],"items_purged_floors":[3,20,31,38,54,54],"is_endless":false,"potions_floor_spawned":[1,4,5,6,7,8,10,11,12,13,16,18,19,21,22,23,25,27,28,29,30,33,35,36,37,39,40,42,44,45,47,48,55],"ascension_level":20}}