{"host":"bw00wb7p5bw58om7","time":1610738802,"event":{"mods":["Act Like it!","BaseMod","Downfall","Gensokyo","Koishi","KomeijiMod","Luminous","Marisa????????","Minty Spire (QoL Compilation)","Onozuka Komachi Mod","Permanent Neow","Prisma Mod","Reimu??????","Remilia??????","StSLib","The Animator","The Druid","The Exalted","The Jungle","The Mystic","The Problem Sleuth","The Senshi","The Servant 0.9.4","The Wild Card","TheArtist","Wandering Minibosses"],"gold_per_floor":[114,129,149,169,189,189,189],"floor_reached":6,"language":"ENG","playtime":363,"items_purged":[],"score":40,"play_id":"3e422683-3039-4c8a-9c5c-3604cf29461c","local_time":"20210115192642","is_ascension_mode":false,"campfire_choices":[],"circlet_count":0,"master_deck":["Koishi:BasicStrike","Koishi:BasicStrike","Koishi:BasicStrike","Koishi:BasicStrike","Koishi:BasicDefend","Koishi:BasicDefend","Koishi:BasicDefend","Koishi:BasicDefend","Koishi:Provoke","Koishi:HauntingSlash","Koishi:SubterraneanRose","Koishi:Jaunt","Koishi:Jaunt","Koishi:SpiritedAway","Koishi:MassHysteria"],"relics":["Koishi:ImaginaryFriend"],"acts_visited":["Gensokyo:Gensokyo"],"potions_floor_usage":[],"damage_taken":[{"damage":3,"enemies":"Gensokyo:2_Kodama","floor":1,"turns":7},{"damage":0,"enemies":"Gensokyo:Python","floor":2,"turns":4},{"damage":0,"enemies":"Gensokyo:3_Fairies","floor":3,"turns":5},{"damage":14,"enemies":"Gensokyo:Gryphon_and_Rabbit","floor":4,"turns":7},{"damage":8,"enemies":"Gensokyo:3_Kodama","floor":5,"turns":5},{"damage":39,"enemies":"Gensokyo:Aya","floor":6,"turns":5}],"seed_played":"-7005812310771770872","potions_obtained":[{"floor":0,"key":"BlessingOfTheForge"},{"floor":0,"key":"SmokeBomb"},{"floor":0,"key":"Block Potion"}],"is_trial":false,"path_per_floor":["M","M","M","M","M","E"],"character_chosen":"KOISHI","items_purchased":[],"campfire_rested":0,"item_purchase_floors":[],"current_hp_per_floor":[57,58,58,47,39,0,0],"gold":189,"neow_bonus":"THREE_SMALL_POTIONS","is_daily":false,"chose_seed":false,"campfire_upgraded":0,"win_rate":0.0,"timestamp":1610738802,"path_taken":["M","M","M","M","M","E"],"items_purchased_type":[],"build_version":"2020-12-22","purchased_purges":0,"victory":false,"max_hp_per_floor":[60,60,60,60,60,60,60],"card_choices":[{"not_picked":["Koishi:ParalyzingFear","Koishi:DNAsFlaw"],"picked":"Koishi:SubterraneanRose","floor":1},{"not_picked":["Koishi:DanmakuParanoia","Koishi:EmbryosDream"],"picked":"Koishi:Jaunt","floor":2},{"not_picked":["Koishi:StingingMind","Koishi:MindNumbingTerror"],"picked":"Koishi:Jaunt","floor":3},{"not_picked":["Koishi:BloodcurdlingScream","Koishi:StrangeCloudFist"],"picked":"Koishi:SpiritedAway","floor":4},{"not_picked":["Koishi:ParalyzingFear","Koishi:Possession"],"picked":"Koishi:MassHysteria","floor":5}],"player_experience":253022,"relics_obtained":[],"event_choices":[],"is_beta":false,"boss_relics":[],"items_purged_floors":[],"is_endless":false,"potions_floor_spawned":[1,5],"killed_by":"Gensokyo:Aya","ascension_level":0}}