{"host":"f6f8cjhjgha9mpdq","time":1610705784,"event":{"mods":["BaseMod","Minty Spire (QoL Compilation)","Permanent Neow","StSLib","SuperFastMode"],"gold_per_floor":[114,133,133,45,45,76,90,125,152,171,171,203,203,230,230,230,230],"floor_reached":16,"language":"KOR","playtime":593,"items_purged":[],"score":306,"play_id":"23d7ba15-2c4d-4dba-bb10-f268c7126ab1","local_time":"20210115191624","is_ascension_mode":true,"campfire_choices":[{"data":"Adaptation","floor":11,"key":"SMITH"},{"data":"Vault","floor":15,"key":"SMITH"}],"circlet_count":0,"master_deck":["AscendersBane","Strike_P","Strike_P","Strike_P","Strike_P","Defend_P","Defend_P","Defend_P","Defend_P","Eruption+1","Vigilance","CurseOfTheBell","EmptyFist","JustLucky","DevaForm","Wallop","TalkToTheHand","DeceiveReality","Adaptation+1","Vault+1","Parasite","MentalFortress"],"relics":["Calling Bell","PreservedInsect","GoldenEye","Question Card","Vajra","Akabeko","Art of War","Juzu Bracelet","Incense Burner"],"acts_visited":["Exordium"],"potions_floor_usage":[10,12,14,16],"damage_taken":[{"damage":2,"enemies":"Cultist","floor":1,"turns":4},{"damage":1,"enemies":"2 Louse","floor":2,"turns":3},{"damage":25,"enemies":"3 Sentries","floor":6,"turns":8},{"damage":0,"enemies":"Jaw Worm","floor":7,"turns":3},{"damage":0,"enemies":"Lagavulin","floor":8,"turns":4},{"damage":1,"enemies":"3 Louse","floor":10,"turns":2},{"damage":13,"enemies":"3 Sentries","floor":12,"turns":4},{"damage":11,"enemies":"Lagavulin","floor":14,"turns":9},{"damage":41,"enemies":"Slime Boss","floor":16,"turns":4}],"seed_played":"8966857298448597280","potions_obtained":[{"floor":2,"key":"Strength Potion"},{"floor":6,"key":"Swift Potion"},{"floor":12,"key":"SkillPotion"},{"floor":14,"key":"Fire Potion"}],"is_trial":false,"path_per_floor":["M","M","?","$","?","E","M","E","T","M","R","E","?","E","R","B"],"character_chosen":"WATCHER","items_purchased":["DevaForm"],"campfire_rested":0,"item_purchase_floors":[4],"current_hp_per_floor":[59,58,53,53,53,28,28,28,28,27,27,14,31,20,20,0,0],"gold":230,"neow_bonus":"BOSS_RELIC","is_daily":false,"chose_seed":false,"campfire_upgraded":2,"win_rate":0.0,"timestamp":1610705784,"path_taken":["M","M","?","$","?","E","?","E","T","M","R","E","?","E","R","BOSS"],"items_purchased_type":["Card"],"build_version":"2020-12-22","purchased_purges":0,"victory":false,"max_hp_per_floor":[68,68,68,68,68,68,68,68,68,68,68,68,68,68,68,68,68],"card_choices":[{"not_picked":["ClearTheMind","Consecrate","ForeignInfluence"],"picked":"EmptyFist","floor":1},{"not_picked":["Protect","PathToVictory","ThirdEye"],"picked":"JustLucky","floor":2},{"not_picked":["EmptyBody","Collect","ReachHeaven"],"picked":"Wallop","floor":6},{"not_picked":["BattleHymn","Study","SashWhip"],"picked":"TalkToTheHand","floor":7},{"not_picked":["Blasphemy","LikeWater","Evaluate"],"picked":"DeceiveReality","floor":8},{"not_picked":["Evaluate","Prostrate","FearNoEvil"],"picked":"Adaptation","floor":10},{"not_picked":["Consecrate","FlurryOfBlows","ThirdEye"],"picked":"Vault","floor":12},{"not_picked":["CrushJoints","FlurryOfBlows","CutThroughFate"],"picked":"MentalFortress","floor":14}],"player_experience":571611,"relics_obtained":[{"floor":0,"key":"PreservedInsect"},{"floor":0,"key":"GoldenEye"},{"floor":0,"key":"Question Card"},{"floor":6,"key":"Akabeko"},{"floor":8,"key":"Art of War"},{"floor":12,"key":"Juzu Bracelet"},{"floor":14,"key":"Incense Burner"}],"event_choices":[{"damage_healed":0,"gold_gain":0,"player_choice":"Success","damage_taken":5,"relics_obtained":["Vajra"],"max_hp_gain":0,"max_hp_loss":0,"event_name":"Scrap Ooze","floor":3,"gold_loss":0},{"damage_healed":0,"gold_gain":0,"player_choice":"Upgraded","damage_taken":0,"max_hp_gain":0,"max_hp_loss":0,"event_name":"Upgrade Shrine","floor":5,"gold_loss":0,"cards_upgraded":["Eruption"]},{"damage_healed":17,"gold_gain":0,"player_choice":"Healed and dodged fight","damage_taken":0,"max_hp_gain":0,"max_hp_loss":0,"event_name":"Mushrooms","floor":13,"gold_loss":0,"cards_obtained":["Parasite"]}],"is_beta":false,"boss_relics":[],"items_purged_floors":[],"is_endless":false,"potions_floor_spawned":[2,6,12,14],"killed_by":"Slime Boss","ascension_level":20}}