{"host":"h1qktzcccqnez8tx","time":1610695506,"event":{"mods":["BaseMod","Block Reminder","Colored Map","Curses Come First","Downfall","Highlight Path","JesterMod","Minty Spire (QoL Compilation)","Permanent Neow","Relic Stats","Say the Spire","StSLib","The Blue Laboratory","The Marked"],"gold_per_floor":[115,128,143,155,168,193,193,204,204,239,239,314,328,341,341,437,437,419,432,37,52,70,104,104,104,130,130,148,73,73,90,90,90,90],"floor_reached":33,"language":"ENG","playtime":1765,"items_purged":["Strike_G"],"score":283,"play_id":"bb7aa2fa-5bac-40f4-b435-c4d0cf2c2f87","local_time":"20210115082506","is_ascension_mode":false,"campfire_choices":[{"data":"Sucker Punch","floor":7,"key":"SMITH"},{"data":"Neutralize","floor":11,"key":"SMITH"},{"floor":15,"key":"REST"},{"data":"Underhanded Strike","floor":25,"key":"SMITH"},{"data":"Underhanded Strike","floor":27,"key":"SMITH"},{"data":"Phantasmal Killer","floor":30,"key":"SMITH"},{"data":"Sucker Punch","floor":32,"key":"SMITH"}],"circlet_count":0,"master_deck":["Strike_G","Strike_G","Strike_G","Strike_G","Defend_G+1","Defend_G","Defend_G","Defend_G","Defend_G+1","Survivor","Neutralize+1","Sucker Punch+1","Underhanded Strike+1","Dagger Throw","Blade Dance","Blade Dance","Prepared","Flying Knee","Acrobatics","Predator","Flechettes","Corpse Explosion","Dodge and Roll","Underhanded Strike+1","Infinite Blades+1","Prepared","Underhanded Strike+1","Phantasmal Killer+1","Sucker Punch+1"],"relics":["Ring of the Snake","Pen Nib","War Paint","Orichalcum","MealTicket","Coffee Dripper","Medical Kit","White Beast Statue","Lantern","MutagenicStrength","Ancient Tea Set"],"acts_visited":["Exordium","TheCity"],"potions_floor_usage":[16,16,16,23,33,33,33],"damage_taken":[{"damage":0,"enemies":"Small Slimes","floor":1,"turns":4},{"damage":4,"enemies":"Cultist","floor":2,"turns":4},{"damage":1,"enemies":"2 Louse","floor":3,"turns":3},{"damage":2,"enemies":"Blue Slaver","floor":4,"turns":5},{"damage":10,"enemies":"Exordium Thugs","floor":5,"turns":6},{"damage":28,"enemies":"Lagavulin","floor":6,"turns":7},{"damage":0,"enemies":"2 Fungi Beasts","floor":8,"turns":4},{"damage":7,"enemies":"Gremlin Nob","floor":10,"turns":3},{"damage":2,"enemies":"Looter","floor":13,"turns":3},{"damage":1,"enemies":"Red Slaver","floor":14,"turns":2},{"damage":24,"enemies":"Slime Boss","floor":16,"turns":11},{"damage":7,"enemies":"2 Thieves","floor":18,"turns":4},{"damage":7,"enemies":"Shell Parasite","floor":19,"turns":3},{"damage":3,"enemies":"Cultist and Chosen","floor":21,"turns":5},{"damage":18,"enemies":"Snake Plant","floor":22,"turns":4},{"damage":29,"enemies":"Gremlin Leader","floor":23,"turns":6},{"damage":0,"enemies":"Chosen and Byrds","floor":28,"turns":2},{"damage":2,"enemies":"Cultist and Chosen","floor":31,"turns":4},{"damage":33,"enemies":"Collector","floor":33,"turns":7}],"seed_played":"7401797271232581264","potions_obtained":[{"floor":1,"key":"blueLaboratory:BottledHope"},{"floor":4,"key":"blueLaboratory:BottledHope"},{"floor":8,"key":"AttackPotion"},{"floor":10,"key":"Energy Potion"},{"floor":18,"key":"blueLaboratory:PhilterOfMotion"},{"floor":21,"key":"LiquidBronze"},{"floor":22,"key":"hexamod:EctoCoolerPotion"},{"floor":23,"key":"blueLaboratory:PolymorphPotion"},{"floor":31,"key":"Dexterity Potion"}],"is_trial":false,"path_per_floor":["M","M","M","M","M","E","R","M","T","E","R","?","M","M","R","B",null,"M","M","$","M","M","E","?","R","T","R","M","$","R","M","R","B"],"character_chosen":"THE_SILENT","items_purchased":["Medical Kit","White Beast Statue"],"campfire_rested":1,"item_purchase_floors":[20,20],"current_hp_per_floor":[70,66,65,63,53,25,25,25,25,18,18,11,9,8,29,5,70,63,56,70,67,49,20,20,20,20,20,20,35,35,33,33,0,0],"gold":90,"neow_bonus":"RANDOM_COMMON_RELIC","is_daily":false,"chose_seed":false,"campfire_upgraded":6,"win_rate":0.0,"timestamp":1610695506,"path_taken":["M","M","M","M","M","E","R","M","T","E","R","?","?","M","R","BOSS","M","?","$","M","M","E","?","R","T","R","M","$","R","M","R","BOSS"],"items_purchased_type":["Relic","Relic"],"build_version":"2020-12-22","purchased_purges":1,"victory":false,"max_hp_per_floor":[70,70,70,70,70,70,70,70,70,70,70,70,70,70,70,70,70,70,70,70,70,70,70,70,70,70,70,70,70,70,70,70,70,70],"relic_stats":{"counters":[19,87],"MealTicket":29,"Pen Nib":[28],"War Paint":["Defend_G","Defend_G"],"Orichalcum":[126],"Medical Kit":[1],"obtain_stats":[{"Lantern":23,"MutagenicStrength":24,"MealTicket":10,"Pen Nib":0,"Coffee Dripper":17,"War Paint":6,"Orichalcum":9,"Medical Kit":20,"Ancient Tea Set":26,"White Beast Statue":20,"Ring of the Snake":0},{"Lantern":16,"MutagenicStrength":16,"MealTicket":8,"Pen Nib":0,"Coffee Dripper":11,"War Paint":6,"Orichalcum":7,"Medical Kit":13,"Ancient Tea Set":16,"White Beast Statue":13,"Ring of the Snake":0},{"Lantern":74,"MutagenicStrength":74,"MealTicket":36,"Pen Nib":0,"Coffee Dripper":52,"War Paint":29,"Orichalcum":33,"Medical Kit":59,"Ancient Tea Set":74,"White Beast Statue":59,"Ring of the Snake":0}],"Ring of the Snake":[38]},"card_choices":[{"not_picked":["Endless Agony","Bane"],"picked":"Sucker Punch","floor":1},{"not_picked":["Dodge and Roll","Noxious Fumes"],"picked":"Underhanded Strike","floor":2},{"not_picked":["Bouncing Flask","Deadly Poison"],"picked":"Dagger Throw","floor":3},{"not_picked":["Masterful Stab","Heel Hook"],"picked":"Blade Dance","floor":4},{"not_picked":["Slice","Sucker Punch"],"picked":"Blade Dance","floor":5},{"not_picked":["Tactician","Skewer"],"picked":"Prepared","floor":6},{"not_picked":["Backstab","Quick Slash"],"picked":"Flying Knee","floor":8},{"not_picked":["Calculated Gamble","Endless Agony"],"picked":"Acrobatics","floor":10},{"not_picked":["Noxious Fumes","Doppelganger"],"picked":"Predator","floor":13},{"not_picked":["Sucker Punch","Acrobatics"],"picked":"Flechettes","floor":14},{"not_picked":["Venomology","Doppelganger"],"picked":"Corpse Explosion","floor":16},{"not_picked":["Escape Plan","Deadly Poison"],"picked":"Dodge and Roll","floor":18},{"not_picked":["Masterful Stab","Dagger Throw+1"],"picked":"Underhanded Strike","floor":19},{"not_picked":["Underhanded Strike+1","Dagger Throw+1"],"picked":"Infinite Blades+1","floor":21},{"not_picked":["Quick Slash","Deflect"],"picked":"Prepared","floor":22},{"not_picked":["Finisher","Leg Sweep"],"picked":"Underhanded Strike+1","floor":23},{"not_picked":["Quick Slash+1","Outmaneuver"],"picked":"Phantasmal Killer","floor":28},{"not_picked":["Heel Hook","Dagger Spray"],"picked":"Sucker Punch","floor":31}],"player_experience":46798,"relics_obtained":[{"floor":6,"key":"War Paint"},{"floor":9,"key":"Orichalcum"},{"floor":10,"key":"MealTicket"},{"floor":23,"key":"Lantern"},{"floor":26,"key":"Ancient Tea Set"}],"event_choices":[{"damage_healed":0,"gold_gain":75,"player_choice":"Touch","damage_taken":7,"max_hp_gain":0,"max_hp_loss":0,"event_name":"FaceTrader","floor":12,"gold_loss":0},{"damage_healed":0,"gold_gain":0,"player_choice":"Inject Mutagens","damage_taken":0,"relics_obtained":["MutagenicStrength"],"max_hp_gain":0,"max_hp_loss":0,"event_name":"Drug Dealer","floor":24,"gold_loss":0}],"is_beta":false,"boss_relics":[{"not_picked":["Ring of the Serpent","Sozu"],"picked":"Coffee Dripper"}],"items_purged_floors":[29],"is_endless":false,"potions_floor_spawned":[1,4,8,10,14,18,21,22,23,28,31],"killed_by":"Collector","ascension_level":0}}