{"host":"3po7ngt2j61s4rmj","time":1610688249,"event":{"mods":["BaseMod","JesterMod","Minty Spire (QoL Compilation)","Relic Stats","Shade Mod","StSLib","The Jungle"],"gold_per_floor":[114,64,64,74,86,86,111,171,171,171,171,5,33,47,47,150,150,163,163,180,190,40,71,71,81,81,81,112,112,35,35,35,139,139,154,169,169,186,202,202,202,202],"floor_reached":41,"language":"ENG","playtime":6318,"items_purged":[],"score":596,"play_id":"e6a91a52-ae61-444c-acdd-07941d2926b3","local_time":"20210114222409","is_ascension_mode":true,"campfire_choices":[{"data":"Mayhem","floor":6.0,"key":"SMITH"},{"floor":10.0,"key":"REST"},{"data":"jesterMod:Contradiction","floor":15.0,"key":"SMITH"},{"floor":24.0,"key":"REST"},{"floor":29,"key":"REST"},{"floor":32,"key":"REST"},{"floor":40,"key":"REST"}],"circlet_count":0,"master_deck":["jesterMod:Strike","jesterMod:Strike","jesterMod:Strike","jesterMod:Strike","jesterMod:Sickle","jesterMod:Defend","jesterMod:Defend","jesterMod:Defend","jesterMod:Defend","jesterMod:Dodge","Mayhem+1","jesterMod:RecklessStrike","jesterMod:Mending+1","jesterMod:Flee","jesterMod:Contradiction+1","jesterMod:Mending","jesterMod:Swiftness","Bandage Up","jesterMod:Tinker+1","jesterMod:Frenzy","jesterMod:DaggerRain+1","jesterMod:Frustration+1","jesterMod:SmokeScreen+1","jesterMod:Tinker+1","jesterMod:RecklessStrike+1","jesterMod:Schizophrenia","jesterMod:Inspiration+1","jesterMod:Prankster+1","jesterMod:SmokeScreen+1","jesterMod:DanceOfChaos","jesterMod:Contradiction+1","jesterMod:Exasperation","jesterMod:Momentum","jesterMod:Overthink","jesterMod:Unleash+1","jesterMod:SelfMockery+1","jesterMod:Arrythmia+1","jesterMod:Patience","jesterMod:JugglerBlade+1","jesterMod:Juggler","jesterMod:DancingMad"],"relics":["jesterMod:JesterCap","Prayer Wheel","Question Card","Torii","Molten Egg 2","Cursed Key","Strange Spoon","jesterMod:LargeSleeves","Tough Bandages","Fusion Hammer"],"acts_visited":["Exordium","Exordium","TheBeyond"],"potions_floor_usage":[33,41,41],"damage_taken":[{"damage":5.0,"enemies":"Jaw Worm","floor":1.0,"turns":5.0},{"damage":0.0,"enemies":"2 Louse","floor":4.0,"turns":2.0},{"damage":0.0,"enemies":"Small Slimes","floor":5.0,"turns":4.0},{"damage":36.0,"enemies":"Gremlin Nob","floor":7.0,"turns":5.0},{"damage":4.0,"enemies":"3 Sentries","floor":13.0,"turns":11.0},{"damage":1.0,"enemies":"2 Fungi Beasts","floor":14.0,"turns":3.0},{"damage":18.0,"enemies":"The Guardian","floor":16.0,"turns":10.0},{"damage":5.0,"enemies":"theJungle:Flameango_and_Byrd","floor":18.0,"turns":6.0},{"damage":12.0,"enemies":"theJungle:MUSHROOMGANG","floor":20.0,"turns":7.0},{"damage":60.0,"enemies":"theJungle:Lyon","floor":21.0,"turns":5.0},{"damage":14.0,"enemies":"theJungle:MamaSnecko","floor":23.0,"turns":8.0},{"damage":7.0,"enemies":"theJungle:JungleHuntersEncounter","floor":25.0,"turns":7.0},{"damage":23,"enemies":"theJungle:2_Phrogs","floor":28,"turns":6},{"damage":25,"enemies":"theJungle:FunGuy","floor":33,"turns":7},{"damage":12,"enemies":"3 Shapes","floor":35,"turns":4},{"damage":12,"enemies":"Orb Walker","floor":36,"turns":4},{"damage":0,"enemies":"Maw","floor":38,"turns":6},{"damage":57,"enemies":"Jaw Worm Horde","floor":39,"turns":5},{"damage":50,"enemies":"Transient","floor":41,"turns":4}],"seed_played":"8574675854485597880","potions_obtained":[{"floor":4.0,"key":"Swift Potion"},{"floor":13.0,"key":"Explosive Potion"},{"floor":14.0,"key":"EntropicBrew"},{"floor":18.0,"key":"Regen Potion"},{"floor":23.0,"key":"Dexterity Potion"},{"floor":28,"key":"FairyPotion"},{"floor":37,"key":"DuplicationPotion"},{"floor":37,"key":"FearPotion"}],"is_trial":false,"path_per_floor":["M","?","?","M","M","R","E","?","T","R","?","$","E","M","R","B",null,"M","?","M","M","$","E","R","M","T","?","E","R","$","?","R","B",null,"M","M","?","M","M","R","M"],"character_chosen":"THE_JESTER","items_purchased":["jesterMod:Swiftness","Bandage Up","Strange Spoon","jesterMod:Momentum"],"campfire_rested":5,"item_purchase_floors":[12,12,22,30],"current_hp_per_floor":[58,58,40,40,40,40,4,4,4,25,25,25,25,28,28,16,57,56,56,65,9,9,3,24,25,25,25,6,27,27,27,48,27,59,51,43,43,47,25,46,0,0],"gold":202,"neow_bonus":"RANDOM_COLORLESS_2","is_daily":false,"chose_seed":false,"campfire_upgraded":2,"win_rate":0.0,"timestamp":1610688249,"path_taken":["M","?","?","M","M","R","E","?","T","R","?","$","E","?","R","BOSS","M","?","M","?","?","E","R","M","T","?","E","R","$","?","R","BOSS","M","?","?","?","M","R","?"],"items_purchased_type":["Card","Card","Relic","Card"],"build_version":"2020-12-22","purchased_purges":0,"victory":false,"max_hp_per_floor":[70,70,70,70,70,70,70,70,70,70,70,70,70,70,70,70,70,70,70,70,70,70,70,70,70,70,70,70,70,70,70,70,70,70,70,70,70,70,70,70,70,70],"relic_stats":{"Strange Spoon":[34],"Tough Bandages":[261],"Torii":43,"counters":[19,109],"Prayer Wheel":11,"Question Card":23,"Cursed Key":0,"obtain_stats":[{"Strange Spoon":22,"Tough Bandages":28,"Torii":9,"Prayer Wheel":3,"Molten Egg 2":13,"jesterMod:JesterCap":0,"Fusion Hammer":34,"Question Card":7,"Cursed Key":17,"jesterMod:LargeSleeves":23},{"Strange Spoon":10,"Tough Bandages":13,"Torii":4,"Prayer Wheel":1,"Molten Egg 2":5,"jesterMod:JesterCap":0,"Fusion Hammer":14,"Question Card":4,"Cursed Key":7,"jesterMod:LargeSleeves":11},{"Strange Spoon":58,"Tough Bandages":79,"Torii":16,"Prayer Wheel":5,"Molten Egg 2":27,"jesterMod:JesterCap":0,"Fusion Hammer":86,"Question Card":16,"Cursed Key":40,"jesterMod:LargeSleeves":66}]},"card_choices":[{"not_picked":["Transmutation","Secret Weapon"],"picked":"Mayhem","floor":0.0},{"not_picked":["jesterMod:Hide","jesterMod:QuickStrike"],"picked":"jesterMod:RecklessStrike","floor":1.0},{"not_picked":["jesterMod:Tinker","jesterMod:Patience"],"picked":"jesterMod:Mending","floor":4.0},{"not_picked":["jesterMod:RecklessStrike","jesterMod:TrickyDodge"],"picked":"jesterMod:Flee","floor":4.0},{"not_picked":["jesterMod:RecklessStrike","jesterMod:JackInTheBox"],"picked":"jesterMod:Contradiction","floor":5.0},{"not_picked":["jesterMod:MudBall","jesterMod:Discretion","jesterMod:JackInTheBox"],"picked":"SKIP","floor":5.0},{"not_picked":["jesterMod:Anticipation","jesterMod:Prankster"],"picked":"jesterMod:Mending","floor":7.0},{"not_picked":["jesterMod:Feint+1","jesterMod:RecklessStrike+1","jesterMod:Anticipation"],"picked":"jesterMod:Tinker+1","floor":13.0},{"not_picked":["jesterMod:JugglerBlade+1","jesterMod:Dilapidation+1","jesterMod:Discretion"],"picked":"jesterMod:Frenzy","floor":14.0},{"not_picked":["jesterMod:Taunt","jesterMod:SmokeScreen","jesterMod:Anticipation"],"picked":"jesterMod:DaggerRain+1","floor":14.0},{"not_picked":["jesterMod:Trance+1","jesterMod:Leeches","jesterMod:Encore"],"picked":"jesterMod:Frustration+1","floor":16.0},{"not_picked":["jesterMod:DesperateStrike+1","jesterMod:Mending","jesterMod:Precipitation+1"],"picked":"jesterMod:SmokeScreen+1","floor":18.0},{"not_picked":["jesterMod:BouncingKnife+1","jesterMod:Rebuff+1","jesterMod:Prankster"],"picked":"jesterMod:Tinker+1","floor":18.0},{"not_picked":["jesterMod:Flee","jesterMod:LightTheWick+1","jesterMod:Hide+1"],"picked":"jesterMod:RecklessStrike+1","floor":20.0},{"not_picked":["jesterMod:JackInTheBox+1","jesterMod:Juggle","jesterMod:Tinker+1"],"picked":"jesterMod:Schizophrenia","floor":20.0},{"not_picked":["jesterMod:Feint+1","jesterMod:TrickyDodge","jesterMod:Procrastination"],"picked":"jesterMod:Inspiration+1","floor":21.0},{"not_picked":["jesterMod:SmokeScreen","jesterMod:JugglerBlade+1","jesterMod:QuickStrike+1"],"picked":"jesterMod:Prankster+1","floor":21.0},{"not_picked":["jesterMod:Trance+1","jesterMod:ButterKnife+1","jesterMod:HitAndRun+1"],"picked":"jesterMod:SmokeScreen+1","floor":23.0},{"not_picked":["jesterMod:JackInTheBox+1","jesterMod:Patience","jesterMod:Anticipation"],"picked":"jesterMod:DanceOfChaos","floor":25.0},{"not_picked":["jesterMod:Rebuff+1","jesterMod:Procrastination","jesterMod:BouncingKnife+1"],"picked":"jesterMod:Contradiction+1","floor":25.0},{"not_picked":["jesterMod:Tinker+1","jesterMod:Loot","jesterMod:DancingMad"],"picked":"jesterMod:Exasperation","floor":28},{"not_picked":["jesterMod:Momentum","jesterMod:Squander","jesterMod:Placebo"],"picked":"jesterMod:Overthink","floor":33},{"not_picked":["jesterMod:TrickyDodge","jesterMod:OblivionStrike+1","jesterMod:Procrastination+1"],"picked":"jesterMod:Unleash+1","floor":35},{"not_picked":["jesterMod:JackInTheBox+1","jesterMod:SwiftDodge+1","jesterMod:PerfectDodge"],"picked":"jesterMod:SelfMockery+1","floor":35},{"not_picked":["jesterMod:Rebuff+1","jesterMod:OblivionStrike+1","jesterMod:DancingMad+1"],"picked":"jesterMod:Arrythmia+1","floor":36},{"not_picked":["jesterMod:TrickyDodge","jesterMod:ButterKnife+1","jesterMod:Feint+1"],"picked":"jesterMod:Patience","floor":36},{"not_picked":["jesterMod:Rebuff+1","jesterMod:Taunt","jesterMod:SelfMockery+1"],"picked":"jesterMod:JugglerBlade+1","floor":38},{"not_picked":["jesterMod:Loot","jesterMod:Tinker+1","jesterMod:Twirl+1"],"picked":"jesterMod:Juggler","floor":38},{"not_picked":["jesterMod:ButterKnife+1","jesterMod:OblivionStrike+1","jesterMod:Arrythmia"],"picked":"jesterMod:DancingMad","floor":39},{"not_picked":["jesterMod:Hide","jesterMod:RecklessStrike+1","jesterMod:Arrythmia+1","jesterMod:Anticipation+1"],"picked":"SKIP","floor":39}],"player_experience":1071218,"relics_obtained":[{"floor":7.0,"key":"Question Card"},{"floor":9.0,"key":"Torii"},{"floor":13.0,"key":"Molten Egg 2"},{"floor":23.0,"key":"jesterMod:LargeSleeves"},{"floor":28,"key":"Tough Bandages"}],"event_choices":[{"cards_removed":["Decay"],"damage_healed":0.0,"max_hp_gain":0.0,"max_hp_loss":0.0,"gold_gain":0.0,"event_name":"The Cleric","player_choice":"Card Removal","floor":2.0,"gold_loss":50.0,"damage_taken":0.0},{"damage_healed":0.0,"max_hp_gain":0.0,"max_hp_loss":0.0,"gold_gain":0.0,"event_name":"Scrap Ooze","player_choice":"Success","floor":3.0,"gold_loss":0.0,"damage_taken":18.0,"relics_obtained":["Prayer Wheel"]},{"damage_healed":0.0,"max_hp_gain":0.0,"max_hp_loss":0.0,"gold_gain":60.0,"event_name":"Golden Wing","player_choice":"Gained Gold","floor":8.0,"gold_loss":0.0,"damage_taken":0.0},{"damage_healed":0.0,"max_hp_gain":0.0,"max_hp_loss":0.0,"gold_gain":0.0,"event_name":"Accursed Blacksmith","player_choice":"Forge","floor":11.0,"gold_loss":0.0,"damage_taken":0.0,"cards_upgraded":["jesterMod:Mending"]},{"damage_healed":0.0,"max_hp_gain":0.0,"max_hp_loss":0.0,"gold_gain":0.0,"event_name":"Wheel of Change","player_choice":"Cursed","floor":19.0,"gold_loss":0.0,"damage_taken":0.0,"cards_obtained":["Decay"]},{"cards_removed":["Decay"],"damage_healed":0,"gold_gain":0,"player_choice":"Purged","damage_taken":0,"max_hp_gain":0,"max_hp_loss":0,"event_name":"Purifier","floor":31,"gold_loss":0},{"damage_healed":0,"gold_gain":0,"player_choice":"Got Potions","damage_taken":0,"max_hp_gain":0,"max_hp_loss":0,"event_name":"Lab","floor":37,"gold_loss":0}],"is_beta":false,"boss_relics":[{"not_picked":["Runic Pyramid","SacredBark"],"picked":"Cursed Key"},{"not_picked":["jesterMod:JokerCard","Astrolabe"],"picked":"Fusion Hammer"}],"items_purged_floors":[],"is_endless":false,"potions_floor_spawned":[4,13,14,18,23,28],"killed_by":"Transient","ascension_level":6}}