{"host":"d23wowvt3mehu8rg","time":1610749030,"event":{"mods":["BaseMod","Colored Powertips","Dark Map","Highlight Path","Minty Spire (QoL Compilation)","Slay-I"],"gold_per_floor":[112,127,147,127,144,65,65,65,65,77,77,111,131,56,56,160,160,180,180,193,292,306,306,59,59,59,70,70,70,97,97,97,199,199,213,213,145,145,159,187,187,201,248,260,272,298,339,367,379,391,391],"floor_reached":50,"language":"ENG","playtime":2810,"items_purged":["Strike_B","Strike_B"],"score":547,"play_id":"5c2a7729-96d6-4320-b1ac-005134771379","local_time":"20210115231710","is_ascension_mode":false,"campfire_choices":[{"data":"Darkness","floor":7,"key":"SMITH"},{"data":"Loop","floor":11,"key":"SMITH"},{"data":"Fusion","floor":15,"key":"SMITH"},{"data":"Capacitor","floor":23,"key":"SMITH"},{"data":"Defragment","floor":25,"key":"SMITH"},{"data":"Loop","floor":28,"key":"SMITH"},{"floor":32,"key":"REST"},{"floor":41,"key":"REST"},{"floor":45,"key":"REST"},{"floor":49,"key":"REST"}],"circlet_count":0,"master_deck":["Defend_B","Defend_B","Defend_B","Defend_B","Zap","Dualcast","Darkness+1","Cold Snap","Core Surge","Loop+1","Coolheaded","Barrage","Fusion+1","Seek","Barrage+1","Capacitor+1","Defragment+1","Loop+1","Conserve Battery+1","Defragment+1","Multi-Cast","Streamline+1","Self Repair","Compile Driver+1","Redo+1","Self Repair+1","Redo+1","Capacitor+1","Auto Shields+1"],"relics":["Cracked Core","Lantern","Orichalcum","Velvet Choker","MutagenicStrength","Molten Egg 2","Empty Cage","HornCleat","MawBank","Bottled Tornado"],"acts_visited":["Exordium","TheCity","TheBeyond"],"potions_floor_usage":[12,12,16,22,30,33,40,42,50,50,50],"damage_taken":[{"damage":12,"enemies":"Jaw Worm","floor":1,"turns":4},{"damage":0,"enemies":"2 Louse","floor":2,"turns":2},{"damage":0,"enemies":"Small Slimes","floor":3,"turns":3},{"damage":7,"enemies":"Exordium Thugs","floor":4,"turns":4},{"damage":4,"enemies":"3 Louse","floor":5,"turns":2},{"damage":6,"enemies":"Lots of Slimes","floor":10,"turns":5},{"damage":14,"enemies":"Lagavulin","floor":12,"turns":7},{"damage":4,"enemies":"Looter","floor":13,"turns":2},{"damage":18,"enemies":"Hexaghost","floor":16,"turns":9},{"damage":14,"enemies":"2 Thieves","floor":18,"turns":4},{"damage":4,"enemies":"Chosen","floor":20,"turns":3},{"damage":21,"enemies":"3 Cultists","floor":22,"turns":5},{"damage":8,"enemies":"Centurion and Healer","floor":27,"turns":5},{"damage":35,"enemies":"Book of Stabbing","floor":30,"turns":5},{"damage":14,"enemies":"Automaton","floor":33,"turns":7},{"damage":0,"enemies":"3 Shapes","floor":35,"turns":7},{"damage":12,"enemies":"Orb Walker","floor":39,"turns":4},{"damage":56,"enemies":"Reptomancer","floor":40,"turns":7},{"damage":35,"enemies":"Jaw Worm Horde","floor":42,"turns":5},{"damage":27,"enemies":"Sphere and 2 Shapes","floor":46,"turns":7},{"damage":20,"enemies":"Giant Head","floor":47,"turns":9},{"damage":7,"enemies":"Writhing Mass","floor":48,"turns":5},{"damage":53,"enemies":"Awakened One","floor":50,"turns":3}],"seed_played":"-2537561491577850029","potions_obtained":[{"floor":2,"key":"Block Potion"},{"floor":3,"key":"Strength Potion"},{"floor":13,"key":"GamblersBrew"},{"floor":20,"key":"GamblersBrew"},{"floor":30,"key":"DuplicationPotion"},{"floor":33,"key":"BlessingOfTheForge"},{"floor":39,"key":"Energy Potion"},{"floor":40,"key":"LiquidMemories"},{"floor":47,"key":"Fire Potion"},{"floor":48,"key":"BlessingOfTheForge"}],"is_trial":false,"path_per_floor":["M","M","M","M","M","$","R","?","T","M","R","E","M","$","R","B",null,"M","?","M","?","M","R","$","R","T","M","R","?","E","?","R","B",null,"M","?","$","?","M","E","R","M","T","?","R","M","E","M","R","B"],"character_chosen":"DEFECT","items_purchased":["Loop","Defragment","Regen Potion","Self Repair"],"campfire_rested":4,"item_purchase_floors":[6,24,24,37],"current_hp_per_floor":[70,70,70,63,59,59,59,59,59,53,53,39,35,35,35,17,82,68,68,64,64,43,43,43,43,43,35,35,35,14,14,38,24,82,82,82,82,78,66,17,40,12,12,12,35,25,22,22,45,0,0],"gold":391,"neow_bonus":"TEN_PERCENT_HP_BONUS","is_daily":false,"chose_seed":false,"campfire_upgraded":6,"win_rate":0.0,"timestamp":1610749030,"path_taken":["M","M","M","M","M","$","R","?","T","M","R","E","M","$","R","BOSS","M","?","M","?","M","R","$","R","T","M","R","?","E","?","R","BOSS","M","?","$","?","M","E","R","M","T","?","R","?","E","M","R","BOSS"],"items_purchased_type":["Card","Card","Potion","Card"],"build_version":"2020-12-22","purchased_purges":2,"victory":false,"max_hp_per_floor":[82,82,82,82,82,82,82,82,82,82,82,82,82,82,82,82,82,82,82,82,82,82,82,82,82,82,82,82,82,82,82,82,82,82,82,82,82,78,78,78,78,78,78,78,78,78,78,78,78,78,78],"card_choices":[{"not_picked":["Turbo","Rebound"],"picked":"Sunder","floor":1},{"not_picked":["Barrage","Steam Power","Chill"],"picked":"SKIP","floor":2},{"not_picked":["Hologram","Skim"],"picked":"Darkness","floor":3},{"not_picked":["Leap","Turbo"],"picked":"Cold Snap","floor":4},{"not_picked":["Steam","Rebound"],"picked":"Core Surge","floor":5},{"not_picked":["Stack","Chaos"],"picked":"Coolheaded","floor":10},{"not_picked":["Gash","Recycle"],"picked":"Barrage","floor":12},{"not_picked":["Beam Cell","Barrage"],"picked":"Fusion","floor":13},{"not_picked":["Biased Cognition","Echo Form"],"picked":"Seek","floor":16},{"not_picked":["Beam Cell","Hologram"],"picked":"Barrage+1","floor":18},{"not_picked":["Consume","Reprogram+1","Streamline+1"],"picked":"SKIP","floor":20},{"not_picked":["Conserve Battery","Rebound"],"picked":"Capacitor","floor":22},{"not_picked":["Rebound","Melter"],"picked":"Loop","floor":27},{"not_picked":["Redo","Creative AI"],"picked":"Conserve Battery+1","floor":30},{"not_picked":["Hyperbeam+1","Thunder Strike+1"],"picked":"Multi-Cast","floor":33},{"not_picked":["Barrage+1","Loop"],"picked":"Streamline+1","floor":35},{"not_picked":["Leap","Beam Cell+1"],"picked":"Compile Driver+1","floor":39},{"not_picked":["Undo+1","Genetic Algorithm+1"],"picked":"Redo+1","floor":40},{"not_picked":["Storm+1","White Noise"],"picked":"Self Repair+1","floor":42},{"not_picked":["Force Field+1","Coolheaded"],"picked":"Redo+1","floor":46},{"not_picked":["Biased Cognition","Cold Snap+1"],"picked":"Capacitor+1","floor":47},{"not_picked":["Static Discharge+1","Stack+1"],"picked":"Auto Shields+1","floor":48}],"player_experience":205934,"relics_obtained":[{"floor":9,"key":"Lantern"},{"floor":12,"key":"Orichalcum"},{"floor":30,"key":"Molten Egg 2"},{"floor":40,"key":"HornCleat"},{"floor":43,"key":"MawBank"},{"floor":47,"key":"Bottled Tornado"}],"event_choices":[{"damage_healed":0,"gold_gain":0,"player_choice":"Ignored","damage_taken":0,"max_hp_gain":0,"max_hp_loss":0,"event_name":"Shining Light","floor":8,"gold_loss":0},{"damage_healed":0,"gold_gain":0,"player_choice":"Inject Mutagens","damage_taken":0,"relics_obtained":["MutagenicStrength"],"max_hp_gain":0,"max_hp_loss":0,"event_name":"Drug Dealer","floor":19,"gold_loss":0},{"damage_healed":0,"gold_gain":99,"player_choice":"Stole From Cult","damage_taken":0,"max_hp_gain":0,"max_hp_loss":0,"event_name":"Nest","floor":21,"gold_loss":0},{"damage_healed":0,"gold_gain":0,"player_choice":"Ignored","damage_taken":0,"max_hp_gain":0,"max_hp_loss":0,"event_name":"Ghosts","floor":29,"gold_loss":0},{"damage_healed":0,"gold_gain":0,"player_choice":"Copied","damage_taken":0,"max_hp_gain":0,"max_hp_loss":0,"event_name":"Duplicator","floor":31,"gold_loss":0,"cards_obtained":["Defragment"]},{"cards_removed":["Sunder"],"damage_healed":0,"gold_gain":0,"player_choice":"Removed Attack","damage_taken":0,"max_hp_gain":0,"max_hp_loss":0,"event_name":"Falling","floor":36,"gold_loss":0},{"damage_healed":0,"gold_gain":0,"player_choice":"Max HP","damage_taken":0,"max_hp_gain":0,"max_hp_loss":4,"event_name":"Winding Halls","floor":38,"gold_loss":0},{"damage_healed":0,"gold_gain":0,"player_choice":"Ignored","damage_taken":0,"max_hp_gain":0,"max_hp_loss":0,"event_name":"NoteForYourself","floor":44,"gold_loss":0}],"is_beta":false,"boss_relics":[{"not_picked":["Busted Crown","Coffee Dripper"],"picked":"Velvet Choker"},{"not_picked":["Black Star","Astrolabe"],"picked":"Empty Cage"}],"items_purged_floors":[14,24],"is_endless":false,"potions_floor_spawned":[2,3,13,20,30,33,39,40,47,48],"killed_by":"Awakened One","ascension_level":0}}