{"host":"a5523bqxi3k68xf3","time":1610727904,"event":{"mods":["BaseMod","BetterRewards","Hermit","Koishi","Marisa????????","Minty Spire (QoL Compilation)","Quick Restart","Random Character Button","Relic Stats","Shop Mod","StSLib","The Animator","The Cursed","The Necromancer","The Servant 0.9.4"],"gold_per_floor":[112,41,41,55,65,65,98,98,124,124,134,147,180,180,180,253,253,272,282,557,570,433,433,433,433],"floor_reached":24,"language":"ENG","playtime":705,"items_purged":["Defend_G","Regret"],"score":505,"play_id":"26c00f30-c558-4635-86d2-870fed2441c1","local_time":"20210115172504","is_ascension_mode":true,"campfire_choices":[{"floor":6,"key":"REST"},{"data":"Footwork","floor":8,"key":"SMITH"},{"floor":10,"key":"REST"},{"data":"Bouncing Flask","floor":15,"key":"SMITH"},{"floor":23,"key":"REST"}],"circlet_count":0,"master_deck":["AscendersBane","Strike_G","Strike_G","Strike_G","Strike_G","Strike_G","Defend_G","Defend_G","Defend_G","Defend_G","Survivor","Neutralize","Noxious Fumes+1","Dagger Throw","Footwork+1","Poisoned Stab","Deadly Poison","Bouncing Flask+1","Wraith Form v2","Noxious Fumes","Footwork"],"relics":["Ring of the Snake","Pen Nib","Orichalcum","Anchor","Ninja Scroll","Dream Catcher","Pear","Runic Dome"],"acts_visited":["Exordium","TheCity"],"potions_floor_usage":[13],"damage_taken":[{"damage":1,"enemies":"Cultist","floor":1,"turns":5},{"damage":2,"enemies":"Small Slimes","floor":4,"turns":4},{"damage":0,"enemies":"2 Louse","floor":5,"turns":2},{"damage":14,"enemies":"Lagavulin","floor":7,"turns":7},{"damage":0,"enemies":"Red Slaver","floor":11,"turns":2},{"damage":0,"enemies":"2 Fungi Beasts","floor":12,"turns":2},{"damage":9,"enemies":"Gremlin Nob","floor":13,"turns":4},{"damage":26,"enemies":"Hexaghost","floor":16,"turns":8},{"damage":2,"enemies":"Chosen","floor":18,"turns":4},{"damage":25,"enemies":"3 Byrds","floor":19,"turns":4},{"damage":39,"enemies":"3 Cultists","floor":21,"turns":5},{"damage":29,"enemies":"Snake Plant","floor":24,"turns":4}],"seed_played":"-6746510255955839221","potions_obtained":[{"floor":1,"key":"LiquidMemories"},{"floor":11,"key":"CultistPotion"},{"floor":13,"key":"LiquidMemories"},{"floor":16,"key":"DuplicationPotion"}],"is_trial":false,"path_per_floor":["M","$","?","M","M","R","E","R","T","R","M","M","E","?","R","B",null,"M","M","?","M","$","R","M"],"character_chosen":"THE_SILENT","items_purchased":["Pen Nib","Orichalcum","Noxious Fumes","Footwork","Footwork"],"campfire_rested":3,"item_purchase_floors":[0,0,0,2,22],"current_hp_per_floor":[47,47,40,38,38,59,45,45,45,66,66,66,67,67,67,41,70,68,43,43,4,4,28,0,0],"gold":433,"neow_bonus":"","is_daily":false,"chose_seed":false,"campfire_upgraded":2,"win_rate":0.0,"timestamp":1610727904,"path_taken":["M","$","?","M","M","R","E","R","T","R","M","M","E","?","R","BOSS","M","?","?","?","$","R","M"],"items_purchased_type":["Relic","Relic","Card","Card","Card"],"build_version":"2020-12-22","purchased_purges":2,"victory":false,"max_hp_per_floor":[70,70,70,70,70,70,70,70,70,70,70,70,80,80,80,80,80,80,80,80,80,80,80,80,80],"relic_stats":{"Dream Catcher":2,"counters":[44,160],"Pen Nib":[28],"Orichalcum":[126],"obtain_stats":[{"Regal Pillow":9,"Juzu Bracelet":21,"TeardropLocket":10,"Whetstone":0,"Sling":37,"Empty Cage":17,"Blood Vial":21,"Dream Catcher":9,"Ninja Scroll":7,"Tiny Chest":7,"Red Mask":38,"HandDrill":0,"Potion Belt":12,"Pear":13,"NeowsBlessing":0,"Astrolabe":34,"Pen Nib":22,"The Courier":26,"Omamori":31,"Orichalcum":24,"Akabeko":6,"Runic Dome":17,"Anchor":3,"Busted Crown":17,"Bird Faced Urn":7,"Bronze Scales":9,"Bottled Lightning":36,"PureWater":0,"Toy Ornithopter":26},{"Regal Pillow":4,"Juzu Bracelet":12,"TeardropLocket":5,"Whetstone":19,"Sling":16,"Empty Cage":26,"Blood Vial":28,"Dream Catcher":36,"Ninja Scroll":36,"Tiny Chest":4,"Red Mask":16,"HandDrill":19,"Potion Belt":7,"Pear":39,"NeowsBlessing":0,"Astrolabe":15,"Pen Nib":12,"The Courier":13,"Omamori":14,"Orichalcum":29,"Akabeko":4,"Runic Dome":40,"Anchor":33,"Busted Crown":10,"Bird Faced Urn":22,"Bronze Scales":22,"Bottled Lightning":16,"PureWater":0,"Toy Ornithopter":30},{"Regal Pillow":7,"Juzu Bracelet":32,"TeardropLocket":10,"Whetstone":59,"Sling":49,"Empty Cage":82,"Blood Vial":89,"Dream Catcher":127,"Ninja Scroll":127,"Tiny Chest":7,"Red Mask":49,"HandDrill":59,"Potion Belt":13,"Pear":135,"NeowsBlessing":0,"Astrolabe":45,"Pen Nib":32,"The Courier":35,"Omamori":38,"Orichalcum":97,"Akabeko":7,"Runic Dome":143,"Anchor":114,"Busted Crown":25,"Bird Faced Urn":67,"Bronze Scales":67,"Bottled Lightning":49,"PureWater":0,"Toy Ornithopter":102}],"Ring of the Snake":[37]},"card_choices":[{"not_picked":["Backflip","Dodge and Roll"],"picked":"Dagger Throw","floor":1},{"not_picked":["Quick Slash","Deadly Poison"],"picked":"Poisoned Stab","floor":4},{"not_picked":["All Out Attack","Dagger Throw","Flying Knee"],"picked":"SKIP","floor":5},{"not_picked":["Cloak And Dagger","Caltrops","Quick Slash"],"picked":"SKIP","floor":7},{"not_picked":["Backflip","Predator"],"picked":"Deadly Poison","floor":11},{"not_picked":["Underhanded Strike","All Out Attack","Acrobatics"],"picked":"SKIP","floor":12},{"not_picked":["Quick Slash","PiercingWail"],"picked":"Bouncing Flask","floor":13},{"not_picked":["Storm of Steel","A Thousand Cuts"],"picked":"Wraith Form v2","floor":16},{"not_picked":["Blade Dance","Outmaneuver","Well Laid Plans"],"picked":"SKIP","floor":18},{"not_picked":["All Out Attack","Endless Agony","Quick Slash"],"picked":"SKIP","floor":19},{"not_picked":["Outmaneuver","Well Laid Plans"],"picked":"Noxious Fumes","floor":21}],"player_experience":1697599,"relics_obtained":[{"floor":7,"key":"Ninja Scroll"},{"floor":9,"key":"Dream Catcher"},{"floor":13,"key":"Pear"}],"event_choices":[{"damage_healed":0,"gold_gain":0,"player_choice":"Success","damage_taken":7,"relics_obtained":["Anchor"],"max_hp_gain":0,"max_hp_loss":0,"event_name":"Scrap Ooze","floor":3,"gold_loss":0},{"damage_healed":0,"gold_gain":0,"player_choice":"Forge","damage_taken":0,"max_hp_gain":0,"max_hp_loss":0,"event_name":"Accursed Blacksmith","floor":14,"gold_loss":0,"cards_upgraded":["Noxious Fumes"]},{"damage_healed":0,"gold_gain":275,"player_choice":"Desecrate","damage_taken":0,"max_hp_gain":0,"max_hp_loss":0,"event_name":"Golden Shrine","floor":20,"gold_loss":0,"cards_obtained":["Regret"]}],"is_beta":false,"boss_relics":[{"not_picked":["Runic Pyramid","Busted Crown"],"picked":"Runic Dome"}],"items_purged_floors":[0,22],"is_endless":false,"potions_floor_spawned":[1,11,13,16,18],"killed_by":"Snake Plant","ascension_level":13}}