{"host":"091y6d77ht7dl3wb","time":1610708439,"event":{"mods":["AchievementEnabler","BaseMod","Colored Map","Minty Spire (QoL Compilation)","Rare Cards Sparkle","StSLib"],"gold_per_floor":[110,122,122,136,136,136,152,152,201,201,228,263,320,156,156,156,156],"floor_reached":16,"language":"KOR","playtime":462,"items_purged":[],"score":103,"play_id":"9018e4e8-b75c-4b64-ab42-5235be934d07","local_time":"20210115200039","daily_mods":["Heirloom","Time Dilation","Flight"],"is_ascension_mode":true,"campfire_choices":[{"data":"Whirlwind","floor":6,"key":"SMITH"},{"data":"Metallicize","floor":8,"key":"SMITH"},{"data":"Bash","floor":10,"key":"SMITH"},{"floor":15,"key":"REST"}],"circlet_count":0,"master_deck":["Strike_R","Strike_R","Strike_R","Strike_R","Strike_R","Defend_R","Defend_R","Defend_R","Defend_R","Bash+1","Whirlwind+1","Shockwave","Shrug It Off","Metallicize+1","Shrug It Off","Impervious","Limit Break"],"relics":["Burning Blood","Gambling Chip","Bag of Marbles","Smiling Mask","Odd Mushroom","Singing Bowl","PreservedInsect"],"acts_visited":["Exordium"],"potions_floor_usage":[],"damage_taken":[{"damage":5,"enemies":"Cultist","floor":1,"turns":4},{"damage":7,"enemies":"2 Louse","floor":2,"turns":2},{"damage":0,"enemies":"Small Slimes","floor":4,"turns":2},{"damage":13,"enemies":"Gremlin Gang","floor":7,"turns":3},{"damage":0,"enemies":"The Mushroom Lair","floor":11,"turns":1},{"damage":18,"enemies":"Lagavulin","floor":12,"turns":8},{"damage":38,"enemies":"Lagavulin Event","floor":13,"turns":12},{"damage":49,"enemies":"Slime Boss","floor":16,"turns":11}],"seed_played":"-6760591514897622417","potions_obtained":[{"floor":1,"key":"LiquidMemories"},{"floor":4,"key":"LiquidBronze"},{"floor":13,"key":"Block Potion"}],"is_trial":true,"path_per_floor":["M","M","?","M","?","R","M","R","T","R","?","E","?","$","R","B"],"character_chosen":"IRONCLAD","items_purchased":["Limit Break"],"campfire_rested":1,"item_purchase_floors":[14],"current_hp_per_floor":[80,79,61,67,67,67,60,60,60,60,66,56,24,24,48,0,0],"gold":156,"neow_bonus":"","is_daily":false,"chose_seed":false,"campfire_upgraded":3,"win_rate":0.0,"timestamp":1610708439,"path_taken":["M","?","?","M","?","R","?","R","T","R","?","E","?","$","R","BOSS"],"items_purchased_type":["Card"],"build_version":"2020-12-22","purchased_purges":0,"victory":false,"max_hp_per_floor":[80,80,80,80,80,80,80,80,80,80,80,82,82,82,82,82,82],"card_choices":[{"not_picked":["Pummel","Perfected Strike"],"picked":"Whirlwind","floor":1},{"not_picked":["Clothesline","Entrench"],"picked":"Shockwave","floor":2},{"not_picked":["Anger","Perfected Strike"],"picked":"Shrug It Off","floor":4},{"not_picked":["Pommel Strike","Sentinel"],"picked":"Metallicize","floor":7},{"not_picked":["Iron Wave","Headbutt"],"picked":"Shrug It Off","floor":11},{"not_picked":["Wild Strike","Ghostly Armor","Dual Wield"],"picked":"Singing Bowl","floor":12},{"not_picked":["Warcry","Pommel Strike"],"picked":"Impervious","floor":13}],"player_experience":221825,"relics_obtained":[{"floor":9,"key":"Smiling Mask"},{"floor":11,"key":"Odd Mushroom"},{"floor":12,"key":"Singing Bowl"},{"floor":13,"key":"PreservedInsect"}],"event_choices":[{"damage_healed":0,"gold_gain":0,"player_choice":"Success","damage_taken":18,"relics_obtained":["Bag of Marbles"],"max_hp_gain":0,"max_hp_loss":0,"event_name":"Scrap Ooze","floor":3,"gold_loss":0},{"damage_healed":0,"gold_gain":0,"player_choice":"Ignored","damage_taken":0,"max_hp_gain":0,"max_hp_loss":0,"event_name":"Purifier","floor":5,"gold_loss":0},{"damage_healed":0,"gold_gain":0,"player_choice":"Fought Mushrooms","damage_taken":0,"max_hp_gain":0,"max_hp_loss":0,"event_name":"Mushrooms","floor":11,"gold_loss":0},{"damage_healed":0,"gold_gain":0,"player_choice":"Searched \u00272\u0027 times","damage_taken":0,"max_hp_gain":0,"max_hp_loss":0,"event_name":"Dead Adventurer","floor":13,"gold_loss":0}],"is_beta":false,"boss_relics":[],"items_purged_floors":[],"is_endless":false,"potions_floor_spawned":[1,4,13],"killed_by":"Slime Boss","ascension_level":1}}