{"host":"hjw1ay65n7jm40lc","time":1610683908,"event":{"mods":["AchievementEnabler","BaseMod","Block Reminder","Colored Map","Colored Powertips","Curses Come First","Downfall","Googly Eyes","Hermit","Highlight Path","Minty Spire (QoL Compilation)","Quick Restart","Relic Stats","StSLib"],"gold_per_floor":[99,119,131,131,186,186,239,239,270,290,319,333,353,353,367,367,367],"floor_reached":16,"language":"ENG","playtime":1485,"items_purged":[],"score":118,"play_id":"fab6371d-0959-4a62-ab37-e3aec74ef87d","local_time":"20210114231148","is_ascension_mode":true,"campfire_choices":[{"data":"bronze:Goto","floor":1,"key":"SMITH"},{"data":"bronze:Frontload","floor":6,"key":"SMITH"}],"circlet_count":0,"master_deck":["bronze:Strike","bronze:Strike","bronze:Strike","bronze:Defend","bronze:Defend","bronze:Defend","bronze:Defend","bronze:Replicate","bronze:Goto+1","bronze:Frontload+1","bronze:Separator","bronze:OilSpill","bronze:Spike","bronze:DazingPulse","bronze:Refactor","bronze:OilSpill","bronze:AlphaBuild","bronze:Return"],"relics":["bronze:BronzeCore","Anchor","Darkstone Periapt","Slimebound:StickyStick","Matryoshka","Bronze Scales"],"acts_visited":["Exordium"],"potions_floor_usage":[16,16],"damage_taken":[{"damage":0,"enemies":"Small Slimes","floor":2,"turns":3},{"damage":0,"enemies":"2 Louse","floor":3,"turns":3},{"damage":4,"enemies":"3 Sentries","floor":5,"turns":9},{"damage":1,"enemies":"3 Sentries","floor":8,"turns":4},{"damage":14,"enemies":"3 Sentries","floor":9,"turns":8},{"damage":0,"enemies":"Cultist","floor":10,"turns":2},{"damage":15,"enemies":"Lagavulin","floor":11,"turns":6},{"damage":0,"enemies":"Blue Slaver","floor":12,"turns":3},{"damage":0,"enemies":"3 Louse","floor":13,"turns":3},{"damage":0,"enemies":"Exordium Wildlife","floor":15,"turns":2},{"damage":36,"enemies":"DF_ARCHETYPE_STREAMLINE","floor":16,"turns":9}],"seed_played":"2938668380601021025","potions_obtained":[{"floor":3,"key":"hexamod:SoulburnPotion"},{"floor":5,"key":"DistilledChaos"},{"floor":13,"key":"Weak Potion"}],"is_trial":false,"path_per_floor":["R","M","M","?","?","R","T","?","E","M","E","M","M","?","M","B"],"character_chosen":"THE_AUTOMATON","items_purchased":[],"campfire_rested":0,"item_purchase_floors":[],"current_hp_per_floor":[70,70,70,70,66,66,66,65,51,51,36,36,36,36,36,0,0],"gold":367,"neow_bonus":"RANDOM_COMMON_RELIC","is_daily":false,"chose_seed":false,"campfire_upgraded":2,"win_rate":0.0,"timestamp":1610683908,"path_taken":["R","M","M","?","?","R","T","?","E","M","E","M","M","?","M","BOSS"],"items_purchased_type":[],"build_version":"2020-12-22","purchased_purges":0,"victory":false,"max_hp_per_floor":[70,70,70,70,70,70,70,70,70,70,70,70,70,70,70,70,70],"relic_stats":{"Darkstone Periapt":0,"counters":[11,52],"Bronze Scales":[34],"obtain_stats":[{"Darkstone Periapt":5,"Anchor":0,"bronze:BronzeCore":0,"Matryoshka":9,"Slimebound:StickyStick":7,"Bronze Scales":11},{"Darkstone Periapt":3,"Anchor":0,"bronze:BronzeCore":0,"Matryoshka":5,"Slimebound:StickyStick":3,"Bronze Scales":7},{"Darkstone Periapt":15,"Anchor":0,"bronze:BronzeCore":0,"Matryoshka":27,"Slimebound:StickyStick":15,"Bronze Scales":35}]},"card_choices":[{"not_picked":["bronze:Invalidate","bronze:Terminator"],"picked":"bronze:Frontload","floor":2},{"not_picked":["bronze:BitShift","bronze:CutThrough"],"picked":"bronze:Separator","floor":3},{"not_picked":["bronze:Turbo","bronze:DelayedSlice"],"picked":"bronze:OilSpill","floor":5},{"not_picked":[],"picked":"bronze:Spike","floor":8},{"not_picked":[],"picked":"bronze:DazingPulse","floor":8},{"not_picked":["bronze:Iterate","bronze:Constructor"],"picked":"bronze:Refactor","floor":8},{"not_picked":["bronze:Deprecate","bronze:WhirlingStrike"],"picked":"bronze:OilSpill","floor":9},{"not_picked":["bronze:ItsAFeature","bronze:Separator","bronze:Overheat"],"picked":"SKIP","floor":10},{"not_picked":["bronze:Separator","bronze:Invalidate"],"picked":"bronze:AlphaBuild","floor":11},{"not_picked":["bronze:Invalidate","bronze:Branch","bronze:DigitalCarnage"],"picked":"SKIP","floor":12},{"not_picked":["bronze:Refactor","bronze:BugBarrage","bronze:OilSpill"],"picked":"SKIP","floor":13},{"not_picked":["bronze:Overheat","bronze:ChildClass"],"picked":"bronze:Return","floor":15}],"player_experience":874082,"relics_obtained":[{"floor":5,"key":"Darkstone Periapt"},{"floor":7,"key":"Slimebound:StickyStick"},{"floor":9,"key":"Matryoshka"},{"floor":11,"key":"Bronze Scales"}],"event_choices":[{"cards_removed":["bronze:Strike"],"damage_healed":0,"gold_gain":0,"player_choice":"Card Removal","damage_taken":0,"max_hp_gain":0,"max_hp_loss":0,"event_name":"The Cleric","floor":14,"gold_loss":0}],"is_beta":false,"boss_relics":[],"items_purged_floors":[],"is_endless":false,"potions_floor_spawned":[3,5,13,15],"killed_by":"DF_ARCHETYPE_STREAMLINE","ascension_level":1}}