{"host":"nwavcs7i011ziyjx","time":1610715736,"event":{"mods":["ATMod(∞¢Ë™Mod)","AchievementEnabler","Arknights The Spire","BaseMod","Colored Map","Colored Powertips","Downfall","Marisa£®ÏF”Í°°ƒß¿Ì…≥£©","Minty Spire (QoL Compilation)","MostiFishMod","Quick Restart","Rare Cards Sparkle","Remilia£®¿Ÿ√◊¿Ú—«£©","Replay The Spire","Spicy Shops","StSLib","TestMod","The Servant 0.9.4","Uncapped","UnlockEverythingMod","WarShipGirlsR/’ΩΩ¢…Ÿ≈ÆR mod","Youmu£®ªÍ∆«—˝√Œ£©","noobMod","°æ“≈ŒÔø®≈∆°øREMEMod"],"gold_per_floor":[109,129,147,157,4156,4187,4187,4212,4212,4230,4241,4260,4276,4294,4294,4393,4393,4403,4414,4432,4442,3116,3144,3156,3188,3237,3267,2055,2116,2182,2249,2249,2424,2424,2462,2552,2077,2377,2462,2515,2559,2618,2618,2618,2678,2171,2208,2318,2318,2368,2368,2368,1034,1135,1238],"floor_reached":56,"language":"ZHS","playtime":2781,"items_purged":["Strike_MRS","Strike_MRS","Strike_MRS","Strike_MRS","Overencumbered","Spreading Infection","MasterSpark"],"score":2088,"play_id":"51dabf03-2498-4c0b-ad26-af1d31fbcc8a","local_time":"20210115210216","is_ascension_mode":true,"campfire_choices":[{"data":"DeepEcoloBomb","floor":7,"key":"SMITH"},{"data":"MachineGunSpark","floor":15,"key":"SMITH"},{"data":"MillisecondPulsars","floor":32,"key":"SMITH"},{"data":"JA","floor":44,"key":"SMITH"},{"floor":49,"key":"RECALL"},{"data":"SuperNova","floor":52,"key":"SMITH"}],"circlet_count":0,"master_deck":["Defend_MRS+1","Defend_MRS+1","Defend_MRS","Defend_MRS","UpSweep","DeepEcoloBomb+1","NonDirectionalLaser","BlazeAway+1","GalacticHalo+1","PulseMagic+1","MaximisePower+1","NonDirectionalLaser","MachineGunSpark+1","MillisecondPulsars+1","AT_EmpoweredMortalDraw+1","ChargeUpSpray","UltimateShortwave+1","UnstableBomb+1","ChargingUp+1","AbsoluteMagnitude","JA+1","ReplayTheSpireMod:Splinters","SuperNova+1","BlazeAway+1","JA+1","AsteroidBelt+1","BinaryStars+1","Parasite","Parasite","MostiFishMod:ButterFly","DeepEcoloBomb"],"relics":["MiniHakkero","ice","DaveBox","testmod-TestBox","REME_ComplimentaryCards","AT_ATBox","Civilization","NeowsBlessing","SynthV:TestCard","Toxic Egg 2","Replay:Accelerometer","testmod-RainbowHikingShoes","Toy Ornithopter","testmod-BlackFramedGlasses","AT_MortalBlade","Frozen Eye","testmod-ArcanaOfDestiny","Nunchaku","Happy Flower","Garlic","testmod-CyclicPeriapt","testmod-BouquetWithThorns","Replay:Baseball","Replay:WaspNest","AT_MibuBalloonWealth","Pantograph","HandDrill","Lantern","AT_DeathDance","Replay:Ancient Bell","AT_ArchangelStaff","Mummified Hand","Durian","ReplayFunnel","Technique","AT_BellDemon","Pet Ghost","Meat on the Bone","Bronze Scales","InkBottle","Akabeko","testmod-LifeArmor","ShroomBag","Pen Nib","Quantum Egg","OriginationStaff","AT_RedTearstoneRing","AT_EbonyIvory","testmod-InjuryResistance","REME_ArchaeologicalTools","Lee\u0027s Waffle","AT_SilvercatRing","Simple Rune"],"acts_visited":["Exordium","TheCity","TheBeyond","TheEnding"],"potions_floor_usage":[55],"damage_taken":[{"damage":0,"enemies":"Cultist","floor":1,"turns":1},{"damage":0,"enemies":"2 Louse","floor":2,"turns":1},{"damage":0,"enemies":"Small Slimes","floor":3,"turns":1},{"damage":0,"enemies":"Looter","floor":4,"turns":2},{"damage":0,"enemies":"Lagavulin","floor":6,"turns":2},{"damage":0,"enemies":"Gremlin Nob","floor":8,"turns":2},{"damage":0,"enemies":"Blue Slaver","floor":10,"turns":1},{"damage":0,"enemies":"2 Fungi Beasts","floor":11,"turns":1},{"damage":0,"enemies":"3 Louse","floor":12,"turns":1},{"damage":0,"enemies":"Blue Slaver","floor":13,"turns":1},{"damage":0,"enemies":"2 Fungi Beasts","floor":14,"turns":1},{"damage":0,"enemies":"Fading Forest","floor":16,"turns":5},{"damage":0,"enemies":"3 Byrds","floor":18,"turns":1},{"damage":0,"enemies":"Chosen","floor":19,"turns":1},{"damage":0,"enemies":"Snake Plant","floor":20,"turns":1},{"damage":0,"enemies":"Shelled Parasite and Fungi","floor":21,"turns":1},{"damage":0,"enemies":"Slavers","floor":23,"turns":1},{"damage":0,"enemies":"Snecko","floor":24,"turns":1},{"damage":0,"enemies":"Book of Stabbing","floor":25,"turns":1},{"damage":0,"enemies":"REME_1_Revenger","floor":27,"turns":1},{"damage":0,"enemies":"Sentry and Sphere","floor":29,"turns":1},{"damage":0,"enemies":"Centurion and Healer","floor":30,"turns":1},{"damage":0,"enemies":"Cultist and Chosen","floor":31,"turns":1},{"damage":0,"enemies":"Collector","floor":33,"turns":2},{"damage":0,"enemies":"Orb Walker","floor":35,"turns":1},{"damage":0,"enemies":"3 Shapes","floor":36,"turns":1},{"damage":0,"enemies":"Sphere and 2 Shapes","floor":39,"turns":1},{"damage":0,"enemies":"R_Hoarder","floor":40,"turns":1},{"damage":0,"enemies":"Maw","floor":41,"turns":1},{"damage":0,"enemies":"Giant Head","floor":42,"turns":1},{"damage":0,"enemies":"Nemesis","floor":45,"turns":1},{"damage":0,"enemies":"Writhing Mass","floor":47,"turns":1},{"damage":0,"enemies":"4 Shapes","floor":48,"turns":3},{"damage":0,"enemies":"Donu and Deca","floor":50,"turns":2},{"damage":0,"enemies":"Shield and Spear","floor":54,"turns":1},{"damage":1,"enemies":"The Heart","floor":55,"turns":2}],"seed_played":"-1144127738224302640","potions_obtained":[{"floor":1,"key":"PowerPotion"},{"floor":2,"key":"PowerPotion"},{"floor":4,"key":"LiquidBronze"},{"floor":6,"key":"BottledSpark"},{"floor":23,"key":"Ancient Potion"}],"is_trial":false,"path_per_floor":["M","M","M","M","$","E","R","E","T","M","M","M","M","M","R","B",null,"M","M","M","M","$","E","M","E","T","E","$","M","M","M","R","B",null,"M","M","$","?","M","E","M","E","T","R","E","$","M","M","R","B",null,"R","$","E","B",null],"character_chosen":"MARISA","items_purchased":["Toxic Egg 2","Replay:Accelerometer","testmod-RainbowHikingShoes","BlazeAway+1","Frozen Eye","testmod-ArcanaOfDestiny","Nunchaku","Happy Flower","ChargingUp+1","Garlic","AT_MibuBalloonWealth","Pantograph","HandDrill","Lantern","AT_DeathDance","BottledSpark","ReplayFunnel","Technique","ShroomBag","Pen Nib","AT_RedTearstoneRing","AT_EbonyIvory","testmod-InjuryResistance","MostiFishMod:ButterFly","REME_ArchaeologicalTools","Lee\u0027s Waffle"],"campfire_rested":0,"item_purchase_floors":[5,5,5,5,22,22,22,22,22,22,28,28,28,28,28,28,37,37,46,46,53,53,53,53,53,53],"current_hp_per_floor":[76,79,84,90,90,97,97,105,105,114,125,139,154,171,171,192,192,216,241,267,295,295,326,358,391,391,425,425,461,499,539,539,582,587,631,678,678,678,728,779,831,884,884,884,938,938,993,1052,1052,1113,1113,1113,1120,1183,1247],"gold":1238,"neow_bonus":"THREE_ENEMY_KILL","is_daily":false,"chose_seed":false,"campfire_upgraded":5,"win_rate":0.0,"timestamp":1610715736,"path_taken":["M","?","M","M","$","E","R","E","T","M","M","M","M","M","R","BOSS","M","M","M","M","$","E","M","E","T","E","$","M","M","M","R","BOSS","M","M","$","?","M","E","M","E","T","R","E","$","?","M","R","BOSS","R","$","E","BOSS"],"items_purchased_type":["Relic","Relic","Relic","Card","Relic","Relic","Relic","Relic","Card","Relic","Relic","Relic","Relic","Relic","Relic","Potion","Relic","Relic","Relic","Relic","Relic","Relic","Relic","Card","Relic","Relic"],"build_version":"2020-12-22","purchased_purges":7,"victory":true,"max_hp_per_floor":[76,79,84,90,90,97,97,105,105,114,125,139,154,171,171,192,192,216,241,267,295,295,326,358,391,391,425,425,461,499,539,539,582,587,631,678,678,678,728,779,831,884,884,884,938,938,993,1052,1052,1113,1113,1113,1120,1183,1247],"card_choices":[{"not_picked":["Robbery","DarkMatter"],"picked":"DeepEcoloBomb","floor":1},{"not_picked":["DC","IllusionStar","RefractionSpark","OortCloud"],"picked":"NonDirectionalLaser","floor":2},{"not_picked":["StarlightTyphoon","MilkyWay","MagicChant","IllusionStar","MagicAbsorber"],"picked":"SKIP","floor":3},{"not_picked":["DarkMatter","GalacticHalo","LuminesStrike","PowerUp","GravityBeat"],"picked":"SKIP","floor":4},{"not_picked":["DC","6A","DarkMatter+1","SporeBomb+1"],"picked":"GalacticHalo+1","floor":6},{"not_picked":["ManaConvection+1","Acceleration+1","StarBarrage","MysteriousBeam","Robbery"],"picked":"SKIP","floor":8},{"not_picked":["EnergyRecoil+1","ChargeUpSpray","NonDirectionalLaser","DoubleSpark"],"picked":"PulseMagic+1","floor":10},{"not_picked":["StarlightTyphoon+1","Singularity","WitchOfGreed","6A"],"picked":"MaximisePower+1","floor":11},{"not_picked":["MysteriousBeam","EarthLightRay+1","EnergyRecoil+1","ShootingEcho","EventHorizon"],"picked":"SKIP","floor":12},{"not_picked":["DeepEcoloBomb","ShootingEcho","Robbery","LuminesStrike"],"picked":"NonDirectionalLaser","floor":13},{"not_picked":["ShootTheMoon","GravityBeat","IllusionStar+1","BlazeAway+1"],"picked":"MachineGunSpark","floor":14},{"not_picked":["ManaRampage+1","SuperNova","CollectingQuirk","EscapeVelocity"],"picked":"MillisecondPulsars","floor":16},{"not_picked":["DC+1","IllusionStar+1","DoubleSpark","MysteriousBeam"],"picked":"ChargeUpSpray","floor":18},{"not_picked":["DoubleSpark","RefractionSpark","WitchLeyline","GalacticHalo+1"],"picked":"UltimateShortwave+1","floor":19},{"not_picked":["AsteroidBelt+1","RefractionSpark","Occultation+1","GravityBeat"],"picked":"UnstableBomb+1","floor":20},{"not_picked":["NonDirectionalLaser+1","DC","DarkSpark","PulseMagic+1","SporeBomb+1"],"picked":"SKIP","floor":21},{"not_picked":["GravityBeat","RefractionSpark+1","GrandCross","MillisecondPulsars"],"picked":"AbsoluteMagnitude","floor":23},{"not_picked":["MysteriousBeam+1","Singularity","OrrerysSun+1","WitchLeyline","EventHorizon"],"picked":"SKIP","floor":24},{"not_picked":["ShootingEcho+1","MagicChant+1","LuminesStrike+1","WitchOfGreed+1","DarkMatter+1"],"picked":"SKIP","floor":25},{"not_picked":["WitchLeyline","ChargeUpSpray","EventHorizon+1","DragonMeteor","MagicAbsorber+1"],"picked":"SKIP","floor":27},{"not_picked":["GravityBeat","ShootTheMoon","WitchLeyline","OneTimeOff+1","DoubleSpark"],"picked":"SKIP","floor":29},{"not_picked":["DeepEcoloBomb+1","Orbital+1","AsteroidBelt+1","WitchLeyline","SuperPerseids+1"],"picked":"SKIP","floor":30},{"not_picked":["DragonMeteor","DC","MilkyWay+1","GravityBeat","GrandCross"],"picked":"SKIP","floor":31},{"not_picked":["SatelliteIllusion","MaximisePower+1","AbsoluteMagnitude","SuperNova"],"picked":"JA","floor":33},{"not_picked":["Replay:UnknownCurse","AbeCurse","Replay:Hysterical Blindness","hexamod:Haunted"],"picked":"Overencumbered","floor":34},{"not_picked":["Wrath_TH","Envy_TH","AbeCurse","Sloth_TH"],"picked":"Spreading Infection","floor":34},{"not_picked":["Normality","ReplayTheSpireMod:Splinters","Sloth_TH","Looming Evil"],"picked":"ReplayTheSpireMod:Splinters","floor":34},{"not_picked":["PowerUp+1","LuminesStrike","GalacticHalo+1","WitchLeyline","AsteroidBelt+1"],"picked":"SKIP","floor":35},{"not_picked":["GravityBeat","IllusionStar+1","Acceleration+1","ShootingEcho+1"],"picked":"SuperNova","floor":36},{"not_picked":["OortCloud+1","SporeBomb+1","ShootingEcho+1","Acceleration+1"],"picked":"BlazeAway+1","floor":39},{"not_picked":["SatelliteIllusion","WitchLeyline+1","DarkMatter+1","MagicAbsorber+1"],"picked":"JA","floor":40},{"not_picked":["NonDirectionalLaser+1","MysteriousBeam","DC","IllusionStar+1"],"picked":"AsteroidBelt+1","floor":41},{"not_picked":["Acceleration+1","6A+1","OortCloud+1","MeteoricShower"],"picked":"BinaryStars+1","floor":42},{"not_picked":["SuperPerseids+1","GasGiant+1","StarlightTyphoon+1","SporeBomb+1","MeteoricShower"],"picked":"SKIP","floor":45},{"not_picked":["GalacticHalo+1","DoubleSpark+1","GrandCross+1","EarthLightRay+1","GasGiant+1"],"picked":"SKIP","floor":47},{"not_picked":["IllusionStar+1","WitchLeyline+1","DoubleSpark+1","Occultation+1","PowerUp+1"],"picked":"SKIP","floor":48},{"not_picked":["EarthLightRay+1","ShootTheMoon+1","FairyDestructionRay+1","EnergyFlow+1"],"picked":"DeepEcoloBomb","floor":54}],"player_experience":270395,"relics_obtained":[{"floor":1,"key":"SynthV:TestCard"},{"floor":6,"key":"Toy Ornithopter"},{"floor":8,"key":"testmod-BlackFramedGlasses"},{"floor":23,"key":"testmod-CyclicPeriapt"},{"floor":25,"key":"testmod-BouquetWithThorns"},{"floor":26,"key":"Replay:Baseball"},{"floor":27,"key":"Replay:WaspNest"},{"floor":40,"key":"AT_BellDemon"},{"floor":41,"key":"Pet Ghost"},{"floor":42,"key":"Meat on the Bone"},{"floor":42,"key":"Bronze Scales"},{"floor":43,"key":"InkBottle"},{"floor":45,"key":"Akabeko"},{"floor":45,"key":"testmod-LifeArmor"},{"floor":47,"key":"Quantum Egg"},{"floor":48,"key":"OriginationStaff"},{"floor":54,"key":"AT_SilvercatRing"},{"floor":54,"key":"Simple Rune"}],"event_choices":[{"damage_healed":0,"gold_gain":300,"player_choice":"Gold","damage_taken":0,"max_hp_gain":0,"max_hp_loss":0,"event_name":"Wheel of Change","floor":38,"gold_loss":0}],"is_beta":false,"boss_relics":[{"not_picked":["ExusiaiGun","RhineCircuit"],"picked":"AT_MortalBlade"},{"not_picked":["testmod-Recursion","BewitchedHakkero"],"picked":"Replay:Ancient Bell"},{"not_picked":["Replay:Rubber Ducky","Anchor"],"picked":"AT_ArchangelStaff"},{"not_picked":["Divine Protection","Replay:Bottled Steam"],"picked":"Mummified Hand"},{"not_picked":["AT_GoldPhoenixTree","Incense Burner"],"picked":"Durian"}],"items_purged_floors":[5,22,22,28,37,46,53],"is_endless":false,"potions_floor_spawned":[1,2,4,6,13,20,23,24,29,30,31,39,40,42,45,48,54],"ascension_level":3}}