{"host":"fm9e0lfunjlbhzxv","time":1610693050,"event":{"mods":["2.2 Compatiblity","Astrologer","BaseMod","Bestiary","Better Match","Better Skull","Better Third Choice","Colored Map","Colored Powertips","Energized Spire","Key Reminder","Koishi","Minty Spire (QoL Compilation)","Permanent Neow","Rare Cards Sparkle","Relic Stats","Spicy Shops","StSLib","The Administrix","The Bug Knight","The Disciple","The Vixen","slay the spire mod where everything is the same but ironclad has a cowboy hat"],"gold_per_floor":[119,135,135,135,150,176,176,202,225,254,264,264,275,124,124,224,224,242,222,30,42,62,62,92,92,92,106,121,140,140,171,171,269,269,286,10,25,78,98,125,125,154,154,180,195,195,237,262,262,262,262,262,39,78,78,78],"floor_reached":55,"language":"ENG","playtime":7204,"items_purged":["HollowMod:NailStrikeStart","HollowMod:NailStrikeStart"],"score":1008,"play_id":"8e2eaad5-13b7-4ffd-a66e-a7718551f613","local_time":"20210114224410","is_ascension_mode":true,"campfire_choices":[{"data":"HollowMod:ChannelNail","floor":7,"key":"SMITH"},{"data":"HollowMod:QuirrelsAssistance","floor":15,"key":"SMITH"},{"data":"HollowMod:ChannelNail","floor":23,"key":"SMITH"},{"floor":30,"key":"REST"},{"data":"HollowMod:SoulSplash","floor":32,"key":"SMITH"},{"data":"HollowMod:MothsMistake","floor":41,"key":"SMITH"},{"floor":46,"key":"RECALL"},{"data":"HollowMod:AwokenDreamNail","floor":49,"key":"SMITH"},{"data":"HollowMod:HornetsHelp","floor":52,"key":"SMITH"}],"circlet_count":0,"master_deck":["HollowMod:NailStrikeStart+1","HollowMod:QuickDashStart+1","HollowMod:QuickDashStart","HollowMod:FocusHealStart+1","HollowMod:PogoStrike","HollowMod:MothsMistake+1","HollowMod:ChannelNail+1","HollowMod:QuirrelsAssistance+1","HollowMod:HeavyBlow+1","HollowMod:DoubleDash","HollowMod:SoulStrike","HollowMod:ZotesMagnificence","HollowMod:SoulSplash+1","HollowMod:AwokenDreamNail+1","HollowMod:RecoilStrike+1","HollowMod:ChannelNail+1","HollowMod:DungDefenderAura+1","HollowMod:DoubleDash","HollowMod:HuntersJournal+1","HollowMod:CloakDash","HollowMod:Weaversong","HollowMod:HornetsHelp+1","HollowMod:HowlingWraiths+1","HollowMod:CrystalDash","HollowMod:InfectedAttack","HollowMod:PerfectDash+1","HollowMod:InfectedAttack+1","HollowMod:GreatSlash","HollowMod:GreatSlash+1","HollowMod:SoulSplash+1","HollowMod:DungDefenderAura","HollowMod:BaldurShell+1","HollowMod:MantisMark","HollowMod:CoiledNail","HollowMod:SoulEater","HollowMod:DungDefenderAura+1","HollowMod:Hiveblood"],"relics":["HollowMod:VesselMask","Smiling Mask","TheVixenMod:UmbreonRelic","Ancient Tea Set","Anchor","Whetstone","War Paint","Empty Cage","Membership Card","Thread and Needle","Mummified Hand","HollowMod:MantisClawRelic","Snecko Eye","Bronze Scales","Toolbox","Shuriken","StoneCalendar","HollowMod:QueensCombRelic","Gambling Chip","CeramicFish","Lizard Tail","DollysMirror","OrangePellets","CaptainsWheel"],"acts_visited":["Exordium","TheCity","TheBeyond","TheEnding"],"potions_floor_usage":[22,27,37,55],"damage_taken":[{"damage":1,"enemies":"Cultist","floor":1,"turns":4},{"damage":6,"enemies":"Jaw Worm","floor":2,"turns":4},{"damage":0,"enemies":"Jaw Worm","floor":3,"turns":3},{"damage":8,"enemies":"2 Louse","floor":5,"turns":3},{"damage":6,"enemies":"HollowMod:MossKnight","floor":6,"turns":17},{"damage":33,"enemies":"3 Sentries","floor":8,"turns":8},{"damage":1,"enemies":"HollowMod:MossKnight","floor":10,"turns":19},{"damage":3,"enemies":"Lots of Slimes","floor":11,"turns":6},{"damage":12,"enemies":"Exordium Thugs","floor":13,"turns":7},{"damage":34,"enemies":"Slime Boss","floor":16,"turns":7},{"damage":10,"enemies":"Chosen","floor":18,"turns":4},{"damage":14,"enemies":"Spheric Guardian","floor":21,"turns":4},{"damage":20,"enemies":"Snake Plant","floor":22,"turns":5},{"damage":22,"enemies":"Book of Stabbing","floor":24,"turns":7},{"damage":14,"enemies":"Snecko","floor":27,"turns":4},{"damage":20,"enemies":"Shelled Parasite and Fungi","floor":28,"turns":5},{"damage":10,"enemies":"Snake Plant","floor":29,"turns":3},{"damage":10,"enemies":"Slavers","floor":31,"turns":8},{"damage":45,"enemies":"Automaton","floor":33,"turns":9},{"damage":19,"enemies":"3 Darklings","floor":35,"turns":5},{"damage":0,"enemies":"Orb Walker","floor":37,"turns":3},{"damage":16,"enemies":"2 Orb Walkers","floor":38,"turns":5},{"damage":0,"enemies":"3 Darklings","floor":39,"turns":3},{"damage":52,"enemies":"Reptomancer","floor":40,"turns":7},{"damage":0,"enemies":"Giant Head","floor":42,"turns":7},{"damage":0,"enemies":"4 Shapes","floor":44,"turns":7},{"damage":6,"enemies":"HollowMod:SlobberingHusk","floor":45,"turns":7},{"damage":0,"enemies":"Nemesis","floor":47,"turns":3},{"damage":0,"enemies":"Jaw Worm Horde","floor":48,"turns":4},{"damage":35,"enemies":"Donu and Deca","floor":50,"turns":7},{"damage":59,"enemies":"Shield and Spear","floor":54,"turns":6},{"damage":89,"enemies":"The Heart","floor":55,"turns":6}],"seed_played":"3211778530140243104","potions_obtained":[{"floor":1,"key":"SneckoOil"},{"floor":5,"key":"LiquidBronze"},{"floor":6,"key":"LiquidMemories"},{"floor":10,"key":"BlessingOfTheForge"},{"floor":18,"key":"Explosive Potion"},{"floor":19,"key":"DuplicationPotion"},{"floor":28,"key":"SmokeBomb"},{"floor":33,"key":"Regen Potion"},{"floor":35,"key":"SneckoOil"},{"floor":39,"key":"SteroidPotion"}],"is_trial":false,"path_per_floor":["M","M","?","$","M","E","R","E","T","E","M","?","M","$","R","B",null,"M","?","$","M","M","R","E","?","T","M","M","M","R","E","R","B",null,"M","$","M","?","M","E","R","E","T","M","M","R","E","M","R","B",null,"R","$","E","B"],"character_chosen":"THE_BUGKNIGHT","items_purchased":["HollowMod:SoulSplash","Membership Card","Thread and Needle","Bronze Scales","HollowMod:CrystalDash","Toolbox","Shuriken","HollowMod:MantisMark","HollowMod:CoiledNail","HollowMod:SoulEater","DollysMirror","OrangePellets"],"campfire_rested":1,"item_purchase_floors":[14,20,20,36,36,36,36,53,53,53,53,53],"current_hp_per_floor":[74,75,75,75,73,75,75,48,48,59,56,85,83,83,83,51,85,81,81,81,67,63,63,53,53,53,49,29,19,44,40,40,7,85,76,76,85,69,75,33,33,56,56,56,50,50,56,56,56,21,56,56,56,34,0,0],"gold":78,"neow_bonus":"RANDOM_COMMON_RELIC","is_daily":false,"chose_seed":false,"campfire_upgraded":7,"win_rate":0.0,"timestamp":1610693050,"path_taken":["M","?","?","$","M","E","R","E","T","E","M","?","M","$","R","BOSS","M","?","?","M","M","R","E","?","T","M","?","M","R","E","R","BOSS","M","$","?","?","M","E","R","E","T","M","M","R","E","M","R","BOSS","R","$","E","BOSS"],"items_purchased_type":["Card","Relic","Relic","Relic","Card","Relic","Relic","Card","Card","Card","Relic","Relic"],"build_version":"2020-12-22","purchased_purges":2,"victory":false,"max_hp_per_floor":[75,75,75,75,75,75,75,75,75,75,75,85,85,85,85,85,85,85,85,85,85,85,85,85,85,85,85,85,85,85,85,85,85,85,85,85,85,85,85,56,56,56,56,56,56,56,56,56,56,56,56,56,56,56,56,56],"relic_stats":{"counters":[32,197],"CeramicFish":72,"StoneCalendar":[86],"Whetstone":["HollowMod:NailStrikeStart","HollowMod:HeavyBlow"],"War Paint":["HollowMod:FocusHealStart","HollowMod:QuickDashStart"],"Smiling Mask":75,"OrangePellets":[5],"Lizard Tail":28,"Mummified Hand":[63],"Shuriken":[24],"Bronze Scales":[278],"Gambling Chip":[34],"Snecko Eye":[134,123,154,132],"obtain_stats":[{"CeramicFish":43,"HollowMod:VesselMask":0,"StoneCalendar":38,"Whetstone":9,"Smiling Mask":0,"Ancient Tea Set":6,"Empty Cage":17,"Lizard Tail":47,"Mummified Hand":24,"DollysMirror":53,"Gambling Chip":42,"Toolbox":36,"HollowMod:MantisClawRelic":31,"TheVixenMod:UmbreonRelic":3,"HollowMod:QueensCombRelic":40,"Thread and Needle":20,"War Paint":10,"keyreminder:keyreminder":26,"OrangePellets":53,"Anchor":8,"CaptainsWheel":54,"Shuriken":36,"Bronze Scales":36,"Snecko Eye":34,"Membership Card":20},{"CeramicFish":25,"HollowMod:VesselMask":0,"StoneCalendar":22,"Whetstone":6,"Smiling Mask":0,"Ancient Tea Set":5,"Empty Cage":10,"Lizard Tail":28,"Mummified Hand":14,"DollysMirror":30,"Gambling Chip":25,"Toolbox":20,"HollowMod:MantisClawRelic":18,"TheVixenMod:UmbreonRelic":2,"HollowMod:QueensCombRelic":24,"Thread and Needle":11,"War Paint":7,"keyreminder:keyreminder":14,"OrangePellets":30,"Anchor":6,"CaptainsWheel":31,"Shuriken":20,"Bronze Scales":20,"Snecko Eye":19,"Membership Card":11},{"CeramicFish":157,"HollowMod:VesselMask":0,"StoneCalendar":140,"Whetstone":39,"Smiling Mask":0,"Ancient Tea Set":31,"Empty Cage":78,"Lizard Tail":174,"Mummified Hand":98,"DollysMirror":185,"Gambling Chip":157,"Toolbox":132,"HollowMod:MantisClawRelic":118,"TheVixenMod:UmbreonRelic":8,"HollowMod:QueensCombRelic":150,"Thread and Needle":82,"War Paint":58,"keyreminder:keyreminder":98,"OrangePellets":185,"Anchor":39,"CaptainsWheel":191,"Shuriken":132,"Bronze Scales":132,"Snecko Eye":127,"Membership Card":82}]},"card_choices":[{"not_picked":["HollowMod:HowlingWraiths","HollowMod:CornifersMapStart"],"picked":"HollowMod:MothsMistake","floor":1},{"not_picked":["HollowMod:GoodIntentions","HollowMod:SiblingsSouls"],"picked":"HollowMod:ChannelNail","floor":2},{"not_picked":["HollowMod:VengefulVoid","HollowMod:WraithStrike"],"picked":"HollowMod:QuirrelsAssistance","floor":5},{"not_picked":["HollowMod:DesolateDive","HollowMod:ChannelNail"],"picked":"HollowMod:MidwifesHunger","floor":6},{"not_picked":["HollowMod:ChannelNail","HollowMod:DesolateDive"],"picked":"HollowMod:HeavyBlow","floor":8},{"not_picked":["HollowMod:VengefulSpirit","HollowMod:VengefulVoid"],"picked":"HollowMod:DoubleDash","floor":10},{"not_picked":["HollowMod:LifebloodCocoon","HollowMod:Grubsong"],"picked":"HollowMod:SoulStrike","floor":11},{"not_picked":["HollowMod:DescendingDark","HollowMod:WraithStrike"],"picked":"HollowMod:ZotesMagnificence","floor":13},{"not_picked":["HollowMod:SlysStrikes","HollowMod:NewInfectedGuardian"],"picked":"HollowMod:AwokenDreamNail","floor":16},{"not_picked":["HollowMod:ShapeofUnn","HollowMod:SharpenedNail"],"picked":"HollowMod:RecoilStrike+1","floor":18},{"not_picked":["HollowMod:SiblingsSouls","HollowMod:DreamGate","HollowMod:CycloneSlash"],"picked":"SKIP","floor":21},{"not_picked":["HollowMod:Grubsong","HollowMod:NewLittleFool"],"picked":"HollowMod:ChannelNail","floor":22},{"not_picked":["HollowMod:SoulSplash+1","HollowMod:InfectedCysts"],"picked":"HollowMod:DungDefenderAura+1","floor":24},{"not_picked":["HollowMod:ChannelNail+1","HollowMod:VengefulVoid"],"picked":"HollowMod:DoubleDash","floor":27},{"not_picked":["HollowMod:WraithStrike+1","HollowMod:CornifersMapStart"],"picked":"HollowMod:HuntersJournal+1","floor":28},{"not_picked":["HollowMod:Grubsong+1","HollowMod:SoulVessel"],"picked":"HollowMod:CloakDash","floor":29},{"not_picked":["HollowMod:InfectionAssault","HollowMod:DescendingDark"],"picked":"HollowMod:Weaversong","floor":31},{"not_picked":["HollowMod:NewInfectedGuardian","HollowMod:AwokenDreamNail"],"picked":"HollowMod:HornetsHelp","floor":33},{"not_picked":["HollowMod:WraithStrike+1","HollowMod:CornifersMapStart+1"],"picked":"HollowMod:HowlingWraiths+1","floor":35},{"not_picked":["HollowMod:ChannelNail+1","HollowMod:CloakDash+1"],"picked":"HollowMod:InfectedAttack","floor":37},{"not_picked":["HollowMod:HeavyBlow","HollowMod:HowlingWraiths"],"picked":"HollowMod:PerfectDash+1","floor":38},{"not_picked":["HollowMod:RecoilStrike+1","HollowMod:ChannelNail+1"],"picked":"HollowMod:InfectedAttack+1","floor":39},{"not_picked":["HollowMod:FastStrike+1","HollowMod:DashSlash+1"],"picked":"HollowMod:GreatSlash","floor":40},{"not_picked":["HollowMod:RecoilStrike","HollowMod:GrimmsGift+1"],"picked":"HollowMod:GreatSlash+1","floor":42},{"not_picked":["HollowMod:theNailsmith","HollowMod:CycloneSlash"],"picked":"HollowMod:SoulSplash+1","floor":44},{"not_picked":["HollowMod:SoulSplash","HollowMod:Grubsong","HollowMod:TaintedHusks"],"picked":"SKIP","floor":45},{"not_picked":["HollowMod:SoulStrike+1","HollowMod:WraithStrike"],"picked":"HollowMod:DungDefenderAura","floor":47},{"not_picked":["HollowMod:SoulEater","HollowMod:FallenFury+1"],"picked":"HollowMod:BaldurShell+1","floor":48},{"not_picked":["HollowMod:TaintedHusks","HollowMod:SharpenedNail"],"picked":"HollowMod:Hiveblood","floor":54}],"player_experience":653696,"relics_obtained":[{"floor":6,"key":"Ancient Tea Set"},{"floor":8,"key":"Anchor"},{"floor":9,"key":"Whetstone"},{"floor":10,"key":"War Paint"},{"floor":24,"key":"Mummified Hand"},{"floor":31,"key":"HollowMod:MantisClawRelic"},{"floor":38,"key":"StoneCalendar"},{"floor":40,"key":"HollowMod:QueensCombRelic"},{"floor":42,"key":"Gambling Chip"},{"floor":43,"key":"CeramicFish"},{"floor":47,"key":"Lizard Tail"},{"floor":54,"key":"CaptainsWheel"}],"event_choices":[{"damage_healed":0,"gold_gain":0,"player_choice":"Fight the Beast\u0027s assailants","damage_taken":0,"relics_obtained":["TheVixenMod:UmbreonRelic"],"max_hp_gain":0,"max_hp_loss":0,"event_name":"Creature of the Night","floor":3,"gold_loss":0},{"cards_removed":["HollowMod:MidwifesHunger"],"damage_healed":19,"gold_gain":0,"player_choice":"Offered Rare","damage_taken":0,"max_hp_gain":10,"max_hp_loss":0,"event_name":"Bonfire Elementals","floor":12,"gold_loss":0},{"damage_healed":0,"gold_gain":0,"player_choice":"Bought 1 Potion","damage_taken":0,"max_hp_gain":0,"max_hp_loss":0,"event_name":"The Woman in Blue","floor":19,"gold_loss":0},{"cards_removed":["HollowMod:QuickDashStart"],"damage_healed":0,"gold_gain":0,"player_choice":"Purged","damage_taken":0,"max_hp_gain":0,"max_hp_loss":0,"event_name":"Purifier","floor":25,"gold_loss":0},{"damage_healed":0,"gold_gain":0,"player_choice":"Fight","damage_taken":0,"max_hp_gain":0,"max_hp_loss":0,"event_name":"Mysterious Sphere","floor":38,"gold_loss":0}],"is_beta":false,"boss_relics":[{"not_picked":["energizedSpire:NeverEndingSparkler","Runic Dome"],"picked":"Empty Cage"},{"not_picked":["Coffee Dripper","Astrolabe"],"picked":"Snecko Eye"}],"items_purged_floors":[14,14],"is_endless":false,"potions_floor_spawned":[1,5,6,10,18,21,28,33,35,39,44,48,54],"killed_by":"The Heart","ascension_level":4}}