{"host":"hbmugw1tcdgjy91l","time":1610688510,"event":{"mods":["Act Like it!","Arknights The Spire","BaseMod","Downfall","Gensokyo","Gremlin Mod","GungeonMod","Lobotomy","LobotomyExtend","Mari Mod (Legacy)","Mari\u0027s V1 Patch","Minty Spire (QoL Compilation)","Pale of the Ancients","Prisma Mod","READ ME - Guardian Mod","Replay The Spire","StSLib","TestMod","WarShipGirlsR/战舰少女R mod","vexMod","【功能Mod】混沌之环修复补丁"],"gold_per_floor":[111,111,111,127,12,12,38,38,86,86,115,290,290,353,353,450,550,568,568,587,598,598,627,472,503,574,431,431,431,431],"floor_reached":29,"language":"ZHS","playtime":1222,"items_purged":["sneckomod:Bewildered"],"score":331,"play_id":"6fe0beba-e5da-45f3-8c02-c46f99d51aef","local_time":"20210115132830","is_ascension_mode":true,"campfire_choices":[{"data":"DemoMod:ConditionalReflex","floor":6,"key":"SMITH"},{"floor":13,"key":"REST"},{"floor":15,"key":"REST"}],"circlet_count":0,"master_deck":["DemoMod:Strike_Huntress","DemoMod:Strike_Huntress","DemoMod:Strike_Huntress+1","DemoMod:Defend_Huntress+1","DemoMod:Defend_Huntress","DemoMod:Defend_Huntress+1","DemoMod:Defend_Huntress+1","DemoMod:Roll","DemoMod:ManualReload","DemoMod:RustySidearm","DemoMod:CrossBow","DemoMod:AC15","DemoMod:ConditionalReflex+1","DemoMod:Gungine","DemoMod:MachoBrace","Doubt","DemoMod:LifeOrb","DemoMod:FinishedGun","DemoMod:DirectionalPad","DemoMod:JK47","DemoMod:BSG","DemoMod:Evolver","DemoMod:EasyReloadBullets","DemoMod:Polaris","DemoMod:FightSabre"],"relics":["DemoMod:Dog","testmod-TestBox","LetterFromLob","DemoMod:GnawedKey","Oddly Smooth Stone","Gremlin Food","Juzu Bracelet","Replay:Rubber Ducky","DemoMod:ChaffGrenade","Mercury Hourglass","Replay:Wanted Poster","testmod-CrystalShield","DemoMod:GlassGuonStoneRelic","testmod-Muramasa","testmod-ArcanaOfDestiny"],"acts_visited":["Exordium","TheCity"],"potions_floor_usage":[11,14,25,25,25],"damage_taken":[{"damage":0,"enemies":"Small Slimes","floor":1,"turns":1},{"damage":0,"enemies":"Jaw Worm","floor":4,"turns":1},{"damage":0,"enemies":"3 Sentries","floor":7,"turns":2},{"damage":22,"enemies":"Lagavulin","floor":11,"turns":6},{"damage":17,"enemies":"Lagavulin Event","floor":14,"turns":5},{"damage":40,"enemies":"Slime Boss","floor":16,"turns":11},{"damage":9,"enemies":"2 Thieves","floor":18,"turns":3},{"damage":15,"enemies":"Chosen","floor":20,"turns":4},{"damage":24,"enemies":"Snake Plant","floor":21,"turns":4},{"damage":16,"enemies":"Book of Stabbing","floor":23,"turns":4},{"damage":0,"enemies":"Slavers","floor":25,"turns":1}],"seed_played":"-1483410631261234219","potions_obtained":[{"floor":1,"key":"Adrenaline Potion"},{"floor":4,"key":"Flashbang"},{"floor":7,"key":"Adrenaline Potion"},{"floor":18,"key":"SteroidPotion"},{"floor":20,"key":"Languid Potion"}],"is_trial":false,"path_per_floor":["M","?","T","M","$","R","E","?","T","?","E","?","R","?","R","B",null,"M","?","M","M","?","E","$","E","T","$","E","?"],"character_chosen":"HUNTRESS","items_purchased":["DemoMod:GnawedKey","DemoMod:EasyReloadBullets","DemoMod:FightSabre"],"campfire_rested":2,"item_purchase_floors":[5,24,27],"current_hp_per_floor":[70,70,70,70,70,70,70,56,56,56,34,34,55,38,59,19,70,61,61,46,22,22,6,6,6,6,6,6,0,0],"gold":431,"neow_bonus":"THREE_ENEMY_KILL","is_daily":false,"chose_seed":false,"campfire_upgraded":1,"win_rate":0.0,"timestamp":1610688510,"path_taken":["M","?","?","M","$","R","E","?","T","?","E","?","R","?","R","BOSS","M","?","M","M","?","E","$","E","T","$","E","?"],"items_purchased_type":["Relic","Card","Card"],"build_version":"2020-12-22","purchased_purges":1,"victory":false,"max_hp_per_floor":[70,70,70,70,70,70,70,70,70,70,70,70,70,70,70,70,70,70,70,70,70,70,70,70,70,70,70,70,70,70],"card_choices":[{"not_picked":["DemoMod:DirectionalPad","DemoMod:JK47"],"picked":"DemoMod:AC15","floor":1},{"not_picked":["DemoMod:JK47","DemoMod:HardPowerCard"],"picked":"DemoMod:ConditionalReflex","floor":4},{"not_picked":["DemoMod:BalloonGun","DemoMod:SAA"],"picked":"DemoMod:Gungine","floor":7},{"not_picked":["DemoMod:BoxingGlove","DemoMod:Unmoved"],"picked":"DemoMod:MachoBrace","floor":11},{"not_picked":["DemoMod:BoxingGlove","DemoMod:StickyCrossBow"],"picked":"DemoMod:LifeOrb","floor":14},{"not_picked":["DemoMod:SuppressiveFire","DemoMod:FightSabre"],"picked":"DemoMod:FinishedGun","floor":16},{"not_picked":["DemoMod:HuntsMan+1","DemoMod:FastSwitch"],"picked":"DemoMod:DirectionalPad","floor":18},{"not_picked":["DemoMod:GunstockTap","DemoMod:StickyCrossBow"],"picked":"DemoMod:JK47","floor":20},{"not_picked":["DemoMod:Camera","DemoMod:HuntsMan"],"picked":"DemoMod:BSG","floor":21},{"not_picked":["DemoMod:Unmoved","DemoMod:AbyssalTentacle"],"picked":"DemoMod:Evolver","floor":23},{"not_picked":["DemoMod:TableSutra","DemoMod:AbyssalTentacle"],"picked":"DemoMod:Polaris","floor":25}],"player_experience":431367,"relics_obtained":[{"floor":1,"key":"LetterFromLob"},{"floor":7,"key":"Oddly Smooth Stone"},{"floor":9,"key":"Gremlin Food"},{"floor":11,"key":"Replay:Rubber Ducky"},{"floor":11,"key":"DemoMod:ChaffGrenade"},{"floor":14,"key":"Mercury Hourglass"},{"floor":23,"key":"testmod-Muramasa"},{"floor":26,"key":"testmod-ArcanaOfDestiny"}],"event_choices":[{"damage_healed":0,"gold_gain":0,"player_choice":"Entered Light","damage_taken":14,"max_hp_gain":0,"max_hp_loss":0,"event_name":"Shining Light","floor":8,"gold_loss":0,"cards_upgraded":["DemoMod:Strike_Huntress","DemoMod:Defend_Huntress"]},{"damage_healed":0,"gold_gain":0,"player_choice":"Swap Relic","damage_taken":0,"relics_obtained":["Juzu Bracelet"],"max_hp_gain":0,"max_hp_loss":0,"event_name":"给自己的盒子","floor":10,"relics_lost":["NeowsBlessing"],"gold_loss":0},{"damage_healed":0,"gold_gain":175,"player_choice":"AGREE","damage_taken":0,"max_hp_gain":0,"max_hp_loss":0,"event_name":"Liars Game","floor":12,"gold_loss":0,"cards_obtained":["Doubt"]},{"damage_healed":0,"gold_gain":0,"player_choice":"Searched \u00271\u0027 times","damage_taken":0,"max_hp_gain":0,"max_hp_loss":0,"event_name":"Dead Adventurer","floor":14,"gold_loss":0},{"damage_healed":0,"gold_gain":0,"player_choice":"Ignored","damage_taken":0,"max_hp_gain":0,"max_hp_loss":0,"event_name":"Vampires","floor":22,"gold_loss":0}],"is_beta":false,"boss_relics":[{"not_picked":["Painkiller Herb","Runic Pyramid"],"picked":"Replay:Wanted Poster"}],"items_purged_floors":[24],"is_endless":false,"potions_floor_spawned":[1,4,7,18,20,21],"ascension_level":1}}