{"host":"xt797mi8yhee06c1","time":1610712159,"event":{"mods":["BaseMod","Bestiary","Koishi","Marisa£¨Ùöéë¡¡Øª×âÞÞ£©","Minty Spire (QoL Compilation)","Poor People Problems","Prisma Mod","Relic Filter","Shop Mod","Spicy Shops","StSLib","The Marked","The Servant 0.9.4","WarShipGirlsR/??á´Ò³R mod"],"gold_per_floor":[16,291,310,321,332,362,374,386,386],"floor_reached":8,"language":"KOR","playtime":741,"items_purged":[],"score":58,"play_id":"e167002b-4a68-4e66-9e6e-9ab3f757a3d3","local_time":"20210115210239","is_ascension_mode":false,"campfire_choices":[{"floor":7,"key":"REST"}],"circlet_count":0,"master_deck":["Strike_S","Strike_S","Strike_S","Strike_S","Defend_S","Defend_S","Defend_S","Defend_S","KidneyShot","Exchange","Barrier","Regret","Misdirection","Foresight","SurpressingFire","Foresight"],"relics":["Uniform","Unceasing Top","MawBank"],"acts_visited":["Exordium"],"potions_floor_usage":[6,6],"damage_taken":[{"damage":8.0,"enemies":"Jaw Worm","floor":1.0,"turns":5.0},{"damage":2.0,"enemies":"Cultist","floor":3.0,"turns":5.0},{"damage":7.0,"enemies":"2 Louse","floor":4.0,"turns":4.0},{"damage":38.0,"enemies":"Exordium Thugs","floor":5.0,"turns":8.0},{"damage":6,"enemies":"3 Sentries","floor":6,"turns":16},{"damage":29,"enemies":"Gremlin Nob","floor":8,"turns":5}],"seed_played":"-7892789781834105178","potions_obtained":[{"floor":1.0,"key":"Energy Potion"},{"floor":3.0,"key":"PowerPotion"},{"floor":5.0,"key":"BlessingOfTheForge"}],"is_trial":false,"path_per_floor":["M","?","M","M","M","E","R","E"],"character_chosen":"THE_SERVANT","items_purchased":[],"campfire_rested":1,"item_purchase_floors":[],"current_hp_per_floor":[57,57,55,48,10,4,23,0,0],"gold":386,"neow_bonus":"ONE_RARE_RELIC","is_daily":false,"chose_seed":false,"campfire_upgraded":0,"win_rate":0.0,"timestamp":1610712159,"path_taken":["M","?","M","M","M","E","R","E"],"items_purchased_type":[],"build_version":"2020-12-22","purchased_purges":0,"victory":false,"max_hp_per_floor":[65,65,65,65,65,65,65,65,65],"card_choices":[{"not_picked":["Reset","Shuttle"],"picked":"Barrier","floor":1.0},{"not_picked":["Ricochet","FastForward"],"picked":"Misdirection","floor":3.0},{"not_picked":["FastForward","StarChef"],"picked":"Foresight","floor":4.0},{"not_picked":["RealityMarble","SpecialFormula"],"picked":"SurpressingFire","floor":5.0},{"not_picked":["Rewind","Alleviate"],"picked":"Foresight","floor":6}],"player_experience":367616,"relics_obtained":[{"floor":6,"key":"MawBank"}],"event_choices":[{"damage_healed":0.0,"max_hp_gain":0.0,"max_hp_loss":0.0,"gold_gain":275.0,"event_name":"Golden Shrine","player_choice":"Desecrate","floor":2.0,"gold_loss":0.0,"damage_taken":0.0,"cards_obtained":["Regret"]}],"is_beta":false,"boss_relics":[],"items_purged_floors":[],"is_endless":false,"potions_floor_spawned":[1,3,5],"killed_by":"Gremlin Nob","ascension_level":0}}