{"host":"75t5dw8c2tyw3fa7","time":1610704140,"event":{"mods":["BaseMod","Minty Spire (QoL Compilation)","Replay The Spire","StSLib"],"gold_per_floor":[119,137,55,74,55,87,106,106,155,155,167,167,178,195,195,290,290,279,32,32,32,51,51,62,62,62,72,86,86,97,122,122,219,219,238,288,304,304,128,157,157,189,189,218,218,229,23,23,23,23],"floor_reached":51,"language":"ENG","playtime":3394,"items_purged":["ReplayTheSpireMod:Doomed","Normality"],"score":1271,"play_id":"3a17e6b9-e623-4c17-97a3-eee92ebe967b","local_time":"20210115014900","is_ascension_mode":true,"campfire_choices":[{"floor":10.0,"key":"REST"},{"floor":15.0,"key":"REST"},{"data":"Wraith Form v2","floor":23,"key":"SMITH"},{"floor":25,"key":"REST"},{"floor":29,"key":"REST"},{"floor":32,"key":"REST"}],"circlet_count":0,"master_deck":["Survivor+1","Neutralize+1","Deadly Poison+1","Poisoned Stab+1","Footwork+1","PiercingWail+1","Bouncing Flask+1","ReplayTheSpireMod:Speed Training+1","Backflip+1","Slice+1","Wraith Form v2+1","Replay:Poison Smokescreen+1","Tactician+1","Tools of the Trade+1","Blur+1","All Out Attack+1","Prepared+1","Reflex+1","Tactician+1","Crippling Poison+1","Blade Dance+1","Blade Dance+1","Predator+1","ReplayTheSpireMod:Scrap Shanks+1","Terror+1","Underhanded Strike+1","Phantasmal Killer+1","Blur+1","Backstab+1","Sadistic Nature+1","ReplayTheSpireMod:Scrap Shanks+1","Sucker Punch+1","Cloak And Dagger+1"],"relics":["Ring of the Snake","Pocketwatch","Chameleon Ring","Blood Vial","Pandora\u0027s Box","ReplayTheSpireMod:CursedCoin","Basket Of Snakes","Quantum Egg","Bag of Marbles","Snecko Scales","Ring of Greed","The Courier","Replay:Wax Seal","Ring of Peace","OrangePellets","Pet Ghost","Tough Bandages","Thread and Needle","Ornamental Fan","Replay:Bottled Eggs","Mark of the Bloom","Happy Flower"],"acts_visited":["Exordium","TheCity","TheBeyond"],"potions_floor_usage":[31,31,37,50,50],"damage_taken":[{"damage":1.0,"enemies":"Cultist","floor":1.0,"turns":3.0},{"damage":0.0,"enemies":"Jaw Worm","floor":2.0,"turns":4.0},{"damage":0.0,"enemies":"2 Louse","floor":4.0,"turns":3.0},{"damage":25.0,"enemies":"Exordium Thugs","floor":5.0,"turns":4.0},{"damage":30.0,"enemies":"Replay:BlueRogue","floor":6.0,"turns":6.0},{"damage":4.0,"enemies":"2 Fungi Beasts","floor":7.0,"turns":4.0},{"damage":15.0,"enemies":"Gremlin Gang","floor":11.0,"turns":7.0},{"damage":2.0,"enemies":"Looter","floor":13.0,"turns":4.0},{"damage":0.0,"enemies":"2 Fungi Beasts","floor":14.0,"turns":3.0},{"damage":17.0,"enemies":"The Guardian","floor":16.0,"turns":11.0},{"damage":21,"enemies":"2 Thieves","floor":18,"turns":4},{"damage":0,"enemies":"Chosen","floor":22,"turns":4},{"damage":12,"enemies":"3 Cultists","floor":24,"turns":5},{"damage":19,"enemies":"Shelled Parasite and Fungi","floor":27,"turns":4},{"damage":23,"enemies":"Cultist and Chosen","floor":28,"turns":6},{"damage":4,"enemies":"Snecko","floor":30,"turns":4},{"damage":20,"enemies":"Slavers","floor":31,"turns":6},{"damage":16,"enemies":"Automaton","floor":33,"turns":8},{"damage":14,"enemies":"3 Darklings","floor":35,"turns":3},{"damage":0,"enemies":"3 Shapes","floor":37,"turns":2},{"damage":0,"enemies":"Giant Head","floor":40,"turns":3},{"damage":0,"enemies":"Nemesis","floor":42,"turns":5},{"damage":0,"enemies":"Giant Head","floor":44,"turns":3},{"damage":0,"enemies":"3 Darklings","floor":46,"turns":2},{"damage":0,"enemies":"Time Eater","floor":50,"turns":4}],"seed_played":"-1329294147946378867","potions_obtained":[{"floor":2.0,"key":"Elixir"},{"floor":11.0,"key":"CunningPotion"},{"floor":13.0,"key":"GamblersBrew"},{"floor":22,"key":"LiquidMemories"},{"floor":33,"key":"Explosive Potion"},{"floor":35,"key":"Languid Potion"},{"floor":40,"key":"Poison Potion"},{"floor":49,"key":"Adrenaline Potion"}],"is_trial":false,"path_per_floor":["M","M","$","M","M","E","M","?","T","R","M","?","M","M","R","B",null,"M","$","?","?","M","R","M","R","T","M","M","R","M","E","R","B",null,"M","?","M","?","$","E","T","E","T","E","?","M","$","?","R","B",null],"character_chosen":"THE_SILENT","items_purchased":["Footwork","ReplayTheSpireMod:CursedCoin","Basket Of Snakes","Blade Dance","OrangePellets","ReplayTheSpireMod:Scrap Shanks","Happy Flower"],"campfire_rested":5,"item_purchase_floors":[3,19,19,19,39,39,47],"current_hp_per_floor":[62,62,62,62,37,7,3,3,3,21,8,8,8,10,28,13,51,32,32,32,32,34,34,24,42,42,25,4,22,20,2,20,6,49,37,37,39,39,39,41,41,43,43,45,45,45,45,45,45,45],"gold":23,"neow_bonus":"ONE_RARE_RELIC","is_daily":false,"chose_seed":false,"campfire_upgraded":1,"win_rate":0.0,"timestamp":1610704140,"path_taken":["M","M","?","M","M","E","M","?","T","R","M","?","M","M","R","BOSS","M","$","?","?","?","R","M","R","T","M","M","R","M","E","R","BOSS","M","?","M","?","$","E","?","E","T","E","?","M","$","?","R","BOSS"],"items_purchased_type":["Card","Relic","Relic","Card","Relic","Card","Relic"],"build_version":"2020-12-22","purchased_purges":2,"victory":true,"max_hp_per_floor":[63,63,63,63,63,63,63,63,63,63,63,63,63,63,63,63,63,63,63,63,63,63,63,63,63,63,63,63,63,63,63,63,63,63,63,63,63,63,63,63,63,63,63,63,63,63,63,60,60,60],"card_choices":[{"not_picked":["Replay:Poison Smokescreen","Backflip"],"picked":"Deadly Poison","floor":1.0},{"not_picked":["Bane","Sucker Punch"],"picked":"Poisoned Stab","floor":2.0},{"not_picked":["Terror","Fluid Movement"],"picked":"Draining Mist","floor":4.0},{"not_picked":["Hidden Blade","Outmaneuver"],"picked":"PiercingWail","floor":5.0},{"not_picked":["Backflip","Underhanded Strike"],"picked":"Bouncing Flask","floor":6.0},{"not_picked":["Flying Knee","Caltrops","Acrobatics"],"picked":"SKIP","floor":7.0},{"not_picked":["ReplayTheSpireMod:The Works","Flechettes","Prepared"],"picked":"SKIP","floor":11.0},{"not_picked":["Flechettes","Blade Dance"],"picked":"Backflip","floor":13.0},{"not_picked":["Poisoned Stab","Grand Finale"],"picked":"Slice","floor":14.0},{"not_picked":["Poison Darts","Tools of the Trade"],"picked":"Wraith Form v2","floor":16.0},{"not_picked":["Masterful Stab","Dodge and Roll","Endless Agony"],"picked":"SKIP","floor":18},{"not_picked":["Dagger Throw","Quick Slash"],"picked":"Blade Dance","floor":22},{"not_picked":["Calculated Gamble","Deadly Poison"],"picked":"Predator+1","floor":24},{"not_picked":["Acrobatics+1","Dagger Throw"],"picked":"ReplayTheSpireMod:Scrap Shanks+1","floor":27},{"not_picked":["Dodge and Roll","Distraction"],"picked":"Terror+1","floor":28},{"not_picked":["All Out Attack","Accuracy"],"picked":"Underhanded Strike+1","floor":30},{"not_picked":["Deadly Poison","Distraction","Noxious Fumes"],"picked":"SKIP","floor":31},{"not_picked":["ReplayTheSpireMod:From All Sides","Glass Knife"],"picked":"Phantasmal Killer","floor":33},{"not_picked":["Deadly Poison","ReplayTheSpireMod:Tripwire"],"picked":"Blur+1","floor":35},{"not_picked":["Flying Knee+1","Riddle With Holes"],"picked":"Backstab+1","floor":37},{"not_picked":["Magnetism","Crow Ritual"],"picked":"Sadistic Nature","floor":38},{"not_picked":["Glass Knife","PiercingWail"],"picked":"Sucker Punch+1","floor":40},{"not_picked":["Setup","Well Laid Plans","Phantasmal Killer"],"picked":"SKIP","floor":42},{"not_picked":["Terror","Flechettes+1","Predator+1"],"picked":"SKIP","floor":44},{"not_picked":["Quick Slash","Caltrops"],"picked":"Cloak And Dagger+1","floor":46}],"player_experience":444819,"relics_obtained":[{"floor":6.0,"key":"Chameleon Ring"},{"floor":9.0,"key":"Blood Vial"},{"floor":26,"key":"Quantum Egg"},{"floor":31,"key":"Bag of Marbles"},{"floor":36,"key":"Ring of Greed"},{"floor":36,"key":"The Courier"},{"floor":36,"key":"Replay:Wax Seal"},{"floor":36,"key":"Ring of Peace"},{"floor":40,"key":"Pet Ghost"},{"floor":41,"key":"Tough Bandages"},{"floor":42,"key":"Thread and Needle"},{"floor":43,"key":"Ornamental Fan"},{"floor":44,"key":"Replay:Bottled Eggs"}],"event_choices":[{"damage_healed":0.0,"max_hp_gain":0.0,"max_hp_loss":0.0,"gold_gain":0.0,"event_name":"Dead Adventurer","player_choice":"Searched \u00270\u0027 times","floor":8.0,"gold_loss":0.0,"damage_taken":0.0},{"damage_healed":0.0,"max_hp_gain":0.0,"max_hp_loss":0.0,"gold_gain":0.0,"cards_transformed":["Strike_G"],"event_name":"Transmorgrifier","player_choice":"Transformed","floor":12.0,"gold_loss":0.0,"damage_taken":0.0,"cards_obtained":["ReplayTheSpireMod:Speed Training"]},{"damage_healed":0,"gold_gain":0,"player_choice":"Ignored","damage_taken":0,"max_hp_gain":0,"max_hp_loss":0,"event_name":"Cursed Tome","floor":20,"gold_loss":0},{"cards_removed":["Draining Mist"],"damage_healed":0,"gold_gain":0,"player_choice":"Purged","damage_taken":0,"max_hp_gain":0,"max_hp_loss":0,"event_name":"Purifier","floor":21,"gold_loss":0},{"damage_healed":0,"gold_gain":0,"player_choice":"Memory 1","damage_taken":0,"max_hp_gain":0,"max_hp_loss":0,"event_name":"SensoryStone","floor":38,"gold_loss":0},{"damage_healed":0,"gold_gain":0,"player_choice":"Upgrade","damage_taken":0,"relics_obtained":["Mark of the Bloom"],"max_hp_gain":0,"max_hp_loss":0,"event_name":"MindBloom","floor":45,"gold_loss":0,"cards_upgraded":["Survivor","Neutralize","Deadly Poison","Poisoned Stab","Footwork","PiercingWail","Bouncing Flask","ReplayTheSpireMod:Speed Training","Backflip","Slice","Replay:Poison Smokescreen","Tools of the Trade","Blur","All Out Attack","Prepared","Reflex","Crippling Poison","Blade Dance","Blade Dance","Phantasmal Killer","Sadistic Nature","ReplayTheSpireMod:Scrap Shanks"]},{"damage_healed":0,"gold_gain":0,"player_choice":"Max HP","damage_taken":0,"max_hp_gain":0,"max_hp_loss":3,"event_name":"Winding Halls","floor":48,"gold_loss":0}],"is_beta":false,"boss_relics":[{"not_picked":["Sozu","Empty Cage"],"picked":"Pandora\u0027s Box"},{"not_picked":["Ring of Chaos","Coffee Dripper"],"picked":"Snecko Scales"}],"items_purged_floors":[19,47],"is_endless":false,"potions_floor_spawned":[2,11,13,22,33,35,40],"ascension_level":9}}