{"host":"pszcj3piwl6eu8b1","time":1610746642,"event":{"mods":["2.2 Compatiblity","Act Like it!","Aspiration","BaseMod","Better Altar","Better Match","Better Note","Better Sensory Stone","Better Skull","Better Third Choice","Better Vampires","CCEM","Elementarium","Energized Spire","Gensokyo","GifTheSpireLib","Hallownest","Hubris","Marisa????????","Menagerie","Minty Spire (QoL Compilation)","Permanent Neow","Quarter Circle Forward PUNCH!","Quick Restart","Replay The Spire","Shop Mod","StSLib","Stuff the Spire","The Animator","The Blue Laboratory"],"gold_per_floor":[118,476,490,517,528,528,528,165,165,165,192,192,192,202,202,278,278,297,297,313,313,313,365,410,430,430,43,74,93,93,122,122,199,199,217,217,92,104,124,158,204,233,233,233,299,350,350,899,899,957,1009,1009,1009,605,655,710,784,784,784,784,784],"floor_reached":60,"language":"ENG","playtime":10878,"items_purged":["animator:Strike"],"score":2343,"play_id":"1ed98559-ba56-43da-a0d7-b3a250238fdf","local_time":"20210115133722","is_ascension_mode":true,"campfire_choices":[{"data":"animator:AcuraAkari","floor":6.0,"key":"SMITH"},{"floor":10.0,"key":"RECALL"},{"floor":15.0,"key":"REST"},{"floor":49.0,"key":"REST"},{"data":"animator:Gillette","floor":53.0,"key":"PURGE"},{"data":"animator:AcuraAkari","floor":59.0,"key":"SMITH"}],"circlet_count":0,"master_deck":["AscendersBane","animator:Strike_HitsugiNoChaika+1","animator:Defend_HitsugiNoChaika","animator:AcuraAkari+1","animator:Gillette","animator:Viivi","animator:Viivi","animator:Rena","animator:TukaLunaMarceau","animator:Fredrika","animator:SuikaIbuki","animator:Kyubey","animator:YuiTsuruno","animator:Entoma","animator:Viivi","animator:AcuraAkari+1","animator:Shimakaze","animator:IzunaHatsuse+1","animator:Fredrika","animator:PinaCoLada","animator:Shizu","animator:Elesis+2","animator:Viivi","animator:Gillette","Reflex","Prostrate","animator:Mikaela","animator:Shizu+1","animator:Ainz+1","animator:Boros+1"],"relics":["animator:TheWolleyCore","animator:LivingPicture","animator:TheMissingPiece","animator:AncientMedallion"],"acts_visited":["Menagerie:Menagerie","Hallownest:CityofTears","Gensokyo:Gensokyoest","TheEnding","EYB:TheUnnamedReign"],"potions_floor_usage":[60,60],"damage_taken":[{"damage":2.0,"enemies":"Menagerie:WhisperingWraith","floor":1.0,"turns":3.0},{"damage":1.0,"enemies":"Menagerie:StygianBoar","floor":3.0,"turns":2.0},{"damage":2.0,"enemies":"Menagerie:MonstrousExperiment","floor":5.0,"turns":3.0},{"damage":8.0,"enemies":"Menagerie:STYGIAN_BOAR_AND_WHISPERING_WRAITH","floor":11.0,"turns":3.0},{"damage":0.0,"enemies":"Menagerie:RedMage","floor":14.0,"turns":2.0},{"damage":6.0,"enemies":"Menagerie:AVATARS","floor":16.0,"turns":6.0},{"damage":7.0,"enemies":"Hallownest:Guard_and_Sentry","floor":18.0,"turns":3.0},{"damage":0.0,"enemies":"Hallownest:Flukemon_and_Top","floor":20.0,"turns":4.0},{"damage":4.0,"enemies":"Hallownest:Glutton_and_Coward","floor":24.0,"turns":3.0},{"damage":4.0,"enemies":"Hallownest:2_Husk_Sentries","floor":25.0,"turns":2.0},{"damage":0.0,"enemies":"Hallownest:eliteSoulWarrior","floor":28.0,"turns":4.0},{"damage":0.0,"enemies":"Hallownest:3_Mistakes","floor":29.0,"turns":7.0},{"damage":13.0,"enemies":"Hallownest:eliteWatcherKnight","floor":31.0,"turns":11.0},{"damage":0.0,"enemies":"Hallownest:BossSoulMaster","floor":33.0,"turns":5.0},{"damage":0.0,"enemies":"Gensokyo:AncientGuardian","floor":35.0,"turns":3.0},{"damage":0.0,"enemies":"Gensokyo:3_Boulders","floor":38.0,"turns":4.0},{"damage":0.0,"enemies":"Gensokyo:Rafflesia","floor":39.0,"turns":4.0},{"damage":0.0,"enemies":"Gensokyo:Doremy","floor":40.0,"turns":4.0},{"damage":35.0,"enemies":"Gensokyo:Marisa","floor":42.0,"turns":4.0},{"damage":0.0,"enemies":"Gensokyo:SeedOfUnknown","floor":45.0,"turns":4.0},{"damage":0.0,"enemies":"Gensokyo:3_Boulders","floor":46.0,"turns":4.0},{"damage":0.0,"enemies":"Gensokyo:Scarlet_Devils","floor":50.0,"turns":5.0},{"damage":0.0,"enemies":"Gensokyo:Yuyuko","floor":51.0,"turns":6.0},{"damage":21.0,"enemies":"animator:UNNAMED_CULTIST_1","floor":55.0,"turns":8.0},{"damage":41.0,"enemies":"animator:UNNAMED_HAT","floor":56.0,"turns":12.0},{"damage":29,"enemies":"animator:LARGE_WISP","floor":60,"turns":5}],"seed_played":"-5297568098712006416","potions_obtained":[{"floor":5.0,"key":"blueLaboratory:PhilterOfMotion"},{"floor":14.0,"key":"blueLaboratory:BottledHope"},{"floor":20.0,"key":"FearPotion"},{"floor":33.0,"key":"DistilledChaos"},{"floor":39.0,"key":"blueLaboratory:Moonshine"},{"floor":42.0,"key":"blueLaboratory:LouseDecoction"},{"floor":55.0,"key":"animator:FalseLifePotion"},{"floor":56.0,"key":"animator:FalseLifePotion"}],"is_trial":false,"path_per_floor":["M","?","M","T","M","R","?","$","T","R","M","?","?","M","R","B",null,"M","?","M","?","?","?","M","M","T","$","E","M","?","E","R","B",null,"M","?","?","M","M","E","T","E","T","R","M","M","?","?","R","B","B",null,"R","??","M","M","T","?","R","M"],"character_chosen":"THE_ANIMATOR","items_purchased":["Toxic Egg 2","Snack Pack","animator:Shimakaze"],"campfire_rested":2,"item_purchase_floors":[8,27,27],"current_hp_per_floor":[52,20,19,19,17,17,17,17,17,17,9,9,9,9,24,18,34,27,27,27,27,27,18,16,15,15,18,29,49,49,45,45,61,61,61,61,64,69,72,75,75,51,51,51,62,75,75,2,29,53,53,82,82,80,59,18,18,18,18,0,0],"gold":784,"neow_bonus":"TRANSFORM_TWO_CARDS","is_daily":false,"chose_seed":false,"campfire_upgraded":2,"win_rate":0.0,"timestamp":1610746642,"path_taken":["M","?","?","?","M","R","?","$","T","R","M","?","?","M","R","BOSS","M","?","M","?","?","?","M","M","T","$","E","?","?","E","R","BOSS","M","?","?","M","?","E","?","E","T","R","M","?","?","?","R","BOSS","BOSS","R","??","M","M","T","?","R","M"],"items_purchased_type":["Relic","Relic","Card"],"build_version":"2020-12-22","purchased_purges":1,"victory":false,"max_hp_per_floor":[54,54,54,54,54,54,54,54,54,54,54,54,52,52,52,52,39,39,39,39,39,39,42,44,47,47,50,53,55,55,58,58,61,61,61,61,64,69,72,75,75,80,80,80,85,90,90,90,90,90,92,92,92,80,80,80,80,80,80,80,80],"card_choices":[{"not_picked":["animator:ChaikaBohdan","animator:Lancer"],"picked":"animator:Viivi","floor":1.0},{"not_picked":["animator:Raven","animator:Mitsurugi"],"picked":"animator:Rena","floor":3.0},{"not_picked":["animator:Emonzaemon","animator:TsurugaMeisai"],"picked":"animator:TukaLunaMarceau","floor":5.0},{"not_picked":["animator:Guy+1","animator:ChaikaBohdan"],"picked":"animator:Fredrika+1","floor":11.0},{"not_picked":["animator:Gillette","Turbo+1"],"picked":"animator:SuikaIbuki","floor":14.0},{"not_picked":["animator:Shinku","Blasphemy+1"],"picked":"animator:Kyubey+1","floor":16.0},{"not_picked":["animator:YachiyoNanami","animator:DolaCouronne+1"],"picked":"animator:YuiTsuruno","floor":18.0},{"not_picked":["Dropkick","Reboot+1"],"picked":"animator:Entoma","floor":20.0},{"not_picked":["Tantrum","animator:Tatsumaki+1"],"picked":"animator:Viivi","floor":23.0},{"not_picked":["animator:CrowleyEusford","animator:Ciel+1","Replay:AtTheReady+1"],"picked":"SKIP","floor":24.0},{"not_picked":["Dagger Throw","Beam Cell+1"],"picked":"animator:AcuraAkari+1","floor":25.0},{"not_picked":["animator:KyokoSakura+1","FollowUp"],"picked":"animator:IzunaHatsuse+1","floor":28.0},{"not_picked":["animator:Add+1","animator:Raven","animator:Azekura+1"],"picked":"SKIP","floor":29.0},{"not_picked":["LuminesStrike","animator:Alexander"],"picked":"animator:Fredrika+1","floor":31.0},{"not_picked":["MaximisePower+1","Brutality"],"picked":"Juggernaut","floor":33.0},{"not_picked":["animator:MaesHughes+1","IllusionStar+1","animator:HighElfArcher"],"picked":"SKIP","floor":35.0},{"not_picked":["animator:Envy+1","animator:Saber+1"],"picked":"animator:PinaCoLada+1","floor":37.0},{"not_picked":["animator:Boros+1","animator:Elesis+1"],"picked":"animator:Shizu+1","floor":37.0},{"not_picked":["animator:Saitama+1","animator:Guren+1"],"picked":"animator:Elesis+1","floor":37.0},{"not_picked":["animator:LizardPriest+1","6A+1"],"picked":"animator:Viivi","floor":38.0},{"not_picked":["animator:Benimaru+1","animator:NarberalGamma+1"],"picked":"animator:Gillette","floor":39.0},{"not_picked":["animator:SanaeKochiya+1","animator:YoshinoHaruhiko"],"picked":"Reflex+1","floor":40.0},{"not_picked":["hubris:CleavingFinish+1","animator:Sonic+1"],"picked":"animator:Gillette","floor":42.0},{"not_picked":["animator:MikuIzayoi+1","animator:Illya+1"],"picked":"Prostrate+1","floor":45.0},{"not_picked":["CutThroughFate+1","animator:PinaCoLada"],"picked":"animator:Mikaela","floor":46.0},{"not_picked":["animator:IzunaHatsuse","animator:DolaSchwi","animator:KyokoSakura"],"picked":"SKIP","floor":55.0},{"not_picked":["animator:Spearman","animator:OrikoMikuni","animator:Rider+1"],"picked":"SKIP","floor":56.0},{"not_picked":["animator:Elesis+1","animator:FeridBathory+1"],"picked":"animator:Shizu+1","floor":58.0},{"not_picked":["animator:GoblinSlayer+1","animator:Biyorigo+1"],"picked":"animator:Ainz+1","floor":58.0},{"not_picked":["animator:ItamiYouji+1","animator:Gilgamesh+1"],"picked":"animator:Boros+1","floor":58.0}],"player_experience":1367469,"relics_obtained":[{"floor":9.0,"key":"Replay:Bottled Flurry"},{"floor":23.0,"key":"Replay:Ringing Soul"},{"floor":26.0,"key":"CCEMRelics:WhiteRose"},{"floor":28.0,"key":"FossilizedHelix"},{"floor":31.0,"key":"Tiny Chest"},{"floor":40.0,"key":"Peace Pipe"},{"floor":41.0,"key":"CCEMRelics:PorcelainBowl"},{"floor":42.0,"key":"Replay:Bandana"},{"floor":43.0,"key":"StuffTheSpire:Gunfinga"},{"floor":54.0,"key":"animator:TheWolleyCore"},{"floor":57.0,"key":"animator:AncientMedallion"}],"event_choices":[{"damage_healed":0.0,"max_hp_gain":0.0,"max_hp_loss":0.0,"gold_gain":358.0,"event_name":"betterSkull:BetterSkull","player_choice":"GO GO GO GO ","floor":2.0,"gold_loss":0.0,"damage_taken":36.0,"cards_upgraded":[],"relics_obtained":[]},{"cards_removed":["animator:Strike"],"damage_healed":0.0,"max_hp_gain":0.0,"max_hp_loss":0.0,"gold_gain":0.0,"event_name":"Menagerie:ThreeAnimals","player_choice":"Snake","floor":7.0,"gold_loss":0.0,"damage_taken":0.0},{"damage_healed":0.0,"max_hp_gain":0.0,"max_hp_loss":2.0,"gold_gain":0.0,"event_name":"Menagerie:ShimmeringGrove","player_choice":"Enter","floor":13.0,"gold_loss":0.0,"damage_taken":0.0,"relics_obtained":["PrismaticShard"]},{"damage_healed":0.0,"max_hp_gain":0.0,"max_hp_loss":0.0,"gold_gain":0.0,"event_name":"betterMatch:BetterMatch","player_choice":"3","floor":37.0,"gold_loss":0.0,"damage_taken":0.0,"cards_obtained":["betterMatch:RareCard"]},{"damage_healed":0.0,"max_hp_gain":0.0,"max_hp_loss":0.0,"gold_gain":549.0,"event_name":"betterSkull:BetterSkull","player_choice":"GO GO GO GO GO GO ","floor":48.0,"gold_loss":0.0,"damage_taken":79.0,"cards_upgraded":[],"relics_obtained":[]},{"damage_healed":0.0,"max_hp_gain":0.0,"max_hp_loss":0.0,"gold_gain":0.0,"event_name":"betterMatch:BetterMatch","player_choice":"3","floor":58.0,"gold_loss":0.0,"damage_taken":0.0,"cards_obtained":["betterMatch:RareCard"]}],"is_beta":false,"boss_relics":[{"not_picked":["Philosopher\u0027s Stone","hubris:Stopwatch"],"picked":"Replay:Drink Me"},{"not_picked":["Pandora\u0027s Box","energizedSpire:StickyHand"],"picked":"energizedSpire:MagnifyingGlass"}],"items_purged_floors":[8],"is_endless":false,"potions_floor_spawned":[5,14,20,24,33,39,40,42,55],"killed_by":"animator:LARGE_WISP","ascension_level":20}}