{"host":"xyxrly520c9wnx4a","time":1610716022,"event":{"mods":["AchievementEnabler","Act Like it!","BaseMod","Colored Powertips","Downfall","Minty Spire (QoL Compilation)","Quick Restart","Relic Stats","Replay The Spire","StSLib","Twitch Decklist","UnlockEverythingMod","【功能Mod】混沌之环修复补丁"],"gold_per_floor":[114,289,207,217,104,139,159,184,184,215,227,245,255,275,275,371,371,387,387,402,422,439,464,464,494,494,494,513,523,542,293,293,391,391,408,418,418,278,297,297,349,349,349,383,383,393,420,500,512,524,536,548,219,246,246],"floor_reached":56,"language":"ZHS","playtime":3334,"items_purged":["Strike_B","Undo","Doubt","Coolheaded"],"score":2249,"play_id":"d6500038-a37d-42a8-b6ab-0430afdfd914","local_time":"20210115210702","is_ascension_mode":true,"campfire_choices":[{"floor":15,"key":"REST"},{"data":"Seek","floor":24,"key":"SMITH"},{"floor":32,"key":"REST"},{"data":"Scrape","floor":40,"key":"SMITH"},{"data":"Reboot","floor":40,"key":"SMITH"},{"floor":42,"key":"RECALL"},{"data":"Beam Cell","floor":45,"key":"SMITH"},{"data":"Skim","floor":45,"key":"SMITH"},{"data":"Zap","floor":49,"key":"SMITH"},{"data":"Dualcast","floor":49,"key":"SMITH"},{"data":"Gash","floor":52,"key":"SMITH"},{"data":"Gash","floor":52,"key":"SMITH"}],"circlet_count":0,"master_deck":["AscendersBane","Zap+1","Dualcast+1","Gash","Melter","Go for the Eyes","Gash+1","Gash","Gash","Gash+1","All For One","Seek+1","Conserve Battery","Skim+1","Stack","Reboot+1","ReplayGash","Lockon","Beam Cell+1","Gash+1","Scrape+1","Replay:BasicMightCard+1","CurseOfTheBell","Gash","Gash+1","ReplayTheSpireMod:Splinters","Gash+1","Fission","Fission"],"relics":["Cracked Core","NeowsBlessing","Thread and Needle","Garlic","Bag of Preparation","ReplayTheSpireMod:Ninjato","Blue Doll","Pandora\u0027s Box","Letter Opener","Blue Candle","Sundial","Calling Bell","Vajra","Ornamental Fan","Replay:Arrowhead","Ring of Peace","ReplayTheSpireMod:Ring of Addiction","White Beast Statue","SacredBark","CaptainsWheel","Geode","Lizard Tail","MawBank","BargainBundle","Snack Pack"],"acts_visited":["Exordium","TheCity","TheBeyond","TheEnding"],"potions_floor_usage":[16,29,29,39,46,47,50,50,55,55],"damage_taken":[{"damage":0.0,"enemies":"Jaw Worm","floor":1.0,"turns":1.0},{"damage":0.0,"enemies":"2 Louse","floor":4.0,"turns":1.0},{"damage":0.0,"enemies":"Replay:BlueRogue","floor":6.0,"turns":1.0},{"damage":0.0,"enemies":"Cultist","floor":7.0,"turns":3.0},{"damage":26.0,"enemies":"Gremlin Nob","floor":8.0,"turns":5.0},{"damage":14.0,"enemies":"Lagavulin","floor":10.0,"turns":7.0},{"damage":0.0,"enemies":"Gremlin Gang","floor":11.0,"turns":3.0},{"damage":5.0,"enemies":"Blue Slaver","floor":12.0,"turns":3.0},{"damage":0.0,"enemies":"Looter","floor":13.0,"turns":2.0},{"damage":0.0,"enemies":"Large Slime","floor":14.0,"turns":2.0},{"damage":0,"enemies":"Slime Boss","floor":16,"turns":5},{"damage":0,"enemies":"Spheric Guardian","floor":18,"turns":1},{"damage":0,"enemies":"Chosen","floor":20,"turns":2},{"damage":16,"enemies":"Snake Plant","floor":21,"turns":4},{"damage":0,"enemies":"Sentry and Sphere","floor":22,"turns":2},{"damage":5,"enemies":"Book of Stabbing","floor":23,"turns":3},{"damage":2,"enemies":"Replay:Snechameleon","floor":25,"turns":2},{"damage":0,"enemies":"Shelled Parasite and Fungi","floor":28,"turns":1},{"damage":2,"enemies":"Snake Plant","floor":29,"turns":2},{"damage":0,"enemies":"Snecko","floor":30,"turns":1},{"damage":0,"enemies":"Collector","floor":33,"turns":2},{"damage":4,"enemies":"3 Shapes","floor":35,"turns":1},{"damage":0,"enemies":"Orb Walker","floor":36,"turns":1},{"damage":0,"enemies":"Spire Growth","floor":39,"turns":2},{"damage":0,"enemies":"2 Orb Walkers","floor":41,"turns":1},{"damage":0,"enemies":"Giant Head","floor":44,"turns":1},{"damage":1,"enemies":"3 Darklings","floor":46,"turns":2},{"damage":0,"enemies":"R_Hoarder","floor":47,"turns":6},{"damage":39,"enemies":"Time Eater","floor":50,"turns":6},{"damage":2,"enemies":"Shield and Spear","floor":54,"turns":2},{"damage":45,"enemies":"The Heart","floor":55,"turns":5}],"seed_played":"1477279324337501232","potions_obtained":[{"floor":4.0,"key":"EssenceOfSteel"},{"floor":6.0,"key":"AttackPotion"},{"floor":10.0,"key":"hexamod:EctoCoolerPotion"},{"floor":13.0,"key":"LiquidMemories"},{"floor":14.0,"key":"Explosive Potion"},{"floor":18,"key":"Fire Potion"},{"floor":25,"key":"Swift Potion"},{"floor":30,"key":"PowerPotion"},{"floor":37,"key":"AttackPotion"},{"floor":37,"key":"Adrenaline Potion"},{"floor":39,"key":"FearPotion"},{"floor":46,"key":"Block Potion"},{"floor":47,"key":"Fire Potion"}],"is_trial":false,"path_per_floor":["M","?","?","M","$","E","M","E","T","E","M","M","M","M","R","B",null,"M","?","M","M","M","E","R","E","T","?","M","M","M","$","R","B",null,"M","M","?","$","M","R","?","R","T","E","R","M","E","?","R","B",null,"R","$","E","B",null],"character_chosen":"DEFECT","items_purchased":["Melter","Replay:BasicMightCard+1","Slimebound:ThreeZeroPotion","Gash","Strength Potion","Elixir","BargainBundle","Fission"],"campfire_rested":2,"item_purchase_floors":[5,31,31,38,53,53,53,53],"current_hp_per_floor":[68,68,68,68,68,68,68,42,42,28,28,23,23,23,45,45,68,68,54,54,38,38,33,33,31,31,31,31,29,29,29,53,53,73,69,69,69,69,69,69,69,69,69,69,69,68,68,68,68,29,64,64,64,62,37],"gold":246,"neow_bonus":"THREE_ENEMY_KILL","is_daily":false,"chose_seed":false,"campfire_upgraded":9,"win_rate":0.0,"timestamp":1610716022,"path_taken":["M","?","?","M","$","E","M","E","T","E","M","?","?","M","R","BOSS","M","?","M","M","M","E","R","E","T","?","M","M","M","$","R","BOSS","M","M","?","$","M","R","?","R","T","E","R","M","E","?","R","BOSS","R","$","E","BOSS"],"items_purchased_type":["Card","Card","Potion","Card","Potion","Potion","Relic","Card"],"build_version":"2020-12-22","purchased_purges":4,"victory":true,"max_hp_per_floor":[75,75,75,75,75,75,75,75,75,75,75,75,75,75,75,75,75,75,80,80,80,80,80,80,80,80,80,80,80,80,80,80,80,80,80,80,80,80,80,80,80,80,78,78,78,76,76,76,76,76,76,76,76,74,74],"relic_stats":{"Lizard Tail":0,"counters":[31,80],"Sundial":[8],"Ornamental Fan":[216],"Blue Candle":[12],"Pandora\u0027s Box":["Conserve Battery","Skim","Stack","Reboot","Undo","ReplayGash","Lockon"],"Bag of Preparation":[52],"Letter Opener":[75],"MawBank":60,"obtain_stats":[{"SacredBark":37,"Vajra":34,"Blue Doll":10,"Bag of Preparation":8,"Lizard Tail":47,"Sundial":26,"Ring of Peace":37,"Cracked Core":0,"BargainBundle":53,"ReplayTheSpireMod:Ninjato":9,"NeowsBlessing":0,"Blue Candle":25,"ReplayTheSpireMod:Ring of Addiction":37,"Thread and Needle":3,"Geode":44,"Letter Opener":23,"MawBank":48,"Replay:Arrowhead":34,"White Beast Statue":37,"Calling Bell":34,"CaptainsWheel":41,"Ornamental Fan":34,"Pandora\u0027s Box":17,"Garlic":6,"Snack Pack":54},{"SacredBark":23,"Vajra":21,"Blue Doll":6,"Bag of Preparation":5,"Lizard Tail":28,"Sundial":17,"Ring of Peace":23,"Cracked Core":0,"BargainBundle":29,"ReplayTheSpireMod:Ninjato":5,"NeowsBlessing":0,"Blue Candle":17,"ReplayTheSpireMod:Ring of Addiction":23,"Thread and Needle":1,"Geode":26,"Letter Opener":16,"MawBank":28,"Replay:Arrowhead":21,"White Beast Statue":23,"Calling Bell":21,"CaptainsWheel":25,"Ornamental Fan":21,"Pandora\u0027s Box":11,"Garlic":3,"Snack Pack":30},{"SacredBark":55,"Vajra":53,"Blue Doll":18,"Bag of Preparation":11,"Lizard Tail":67,"Sundial":47,"Ring of Peace":55,"Cracked Core":0,"BargainBundle":73,"ReplayTheSpireMod:Ninjato":11,"NeowsBlessing":0,"Blue Candle":47,"ReplayTheSpireMod:Ring of Addiction":55,"Thread and Needle":1,"Geode":59,"Letter Opener":45,"MawBank":67,"Replay:Arrowhead":53,"White Beast Statue":55,"Calling Bell":53,"CaptainsWheel":58,"Ornamental Fan":53,"Pandora\u0027s Box":33,"Garlic":3,"Snack Pack":75}]},"card_choices":[{"not_picked":["Barrage","Hologram"],"picked":"Gash","floor":1.0},{"not_picked":["Conserve Battery","ReplayTheSpireMod:System Scan","Sweeping Beam"],"picked":"SKIP","floor":4.0},{"not_picked":["Loop","Compile Driver"],"picked":"Go for the Eyes","floor":6.0},{"not_picked":["Chill","Force Field"],"picked":"Coolheaded","floor":7.0},{"not_picked":["Melter","Cold Snap"],"picked":"Gash","floor":8.0},{"not_picked":["ReplayTheSpireMod:Reroute Power","Multi-Cast"],"picked":"Gash","floor":10.0},{"not_picked":["Heatsinks","Capacitor","Redo"],"picked":"SKIP","floor":11.0},{"not_picked":["Go for the Eyes","Beam Cell"],"picked":"Gash","floor":12.0},{"not_picked":["Streamline","Crystallizer"],"picked":"Gash","floor":13.0},{"not_picked":["Genetic Algorithm","Stack"],"picked":"All For One","floor":14.0},{"not_picked":["Buffer","Electrodynamics"],"picked":"Seek","floor":16},{"not_picked":["Double Energy","Sunder","Cold Snap"],"picked":"SKIP","floor":18},{"not_picked":["Hologram","Consume"],"picked":"Beam Cell","floor":20},{"not_picked":["Glacier","FIFO Queue","Lockon"],"picked":"SKIP","floor":21},{"not_picked":["Leap+1","Stack","Compile Driver"],"picked":"SKIP","floor":22},{"not_picked":["Stack","Crystallizer"],"picked":"Gash+1","floor":23},{"not_picked":["Cold Snap+1","Coolheaded","Glacier+1"],"picked":"SKIP","floor":25},{"not_picked":["Chill","Leap","Steam"],"picked":"SKIP","floor":28},{"not_picked":["Rebound+1","Stack"],"picked":"Scrape","floor":29},{"not_picked":["FIFO Queue","Leap","Conserve Battery"],"picked":"SKIP","floor":30},{"not_picked":["Coolheaded+1","Self Repair+1","Streamline"],"picked":"SKIP","floor":35},{"not_picked":["ReplayGash+1","Leap","Streamline+1"],"picked":"SKIP","floor":36},{"not_picked":["Blizzard","Fission","Hologram+1"],"picked":"SKIP","floor":39},{"not_picked":["Leap","Consume","Ball Lightning"],"picked":"SKIP","floor":44},{"not_picked":["Streamline","Cold Snap","Conserve Battery"],"picked":"SKIP","floor":46},{"not_picked":["BasicCrystalCard","Amplify"],"picked":"Gash+1","floor":47},{"not_picked":["Time Bomb+1","Electrodynamics"],"picked":"Gash+1","floor":48},{"not_picked":["Streamline","Darkness","Leap+1"],"picked":"SKIP","floor":54}],"player_experience":82406,"relics_obtained":[{"floor":6.0,"key":"Garlic"},{"floor":8.0,"key":"Bag of Preparation"},{"floor":9.0,"key":"ReplayTheSpireMod:Ninjato"},{"floor":10.0,"key":"Blue Doll"},{"floor":23,"key":"Letter Opener"},{"floor":25,"key":"Blue Candle"},{"floor":26,"key":"Sundial"},{"floor":34,"key":"Vajra"},{"floor":34,"key":"Ornamental Fan"},{"floor":34,"key":"Replay:Arrowhead"},{"floor":37,"key":"Ring of Peace"},{"floor":37,"key":"ReplayTheSpireMod:Ring of Addiction"},{"floor":37,"key":"White Beast Statue"},{"floor":37,"key":"SacredBark"},{"floor":41,"key":"CaptainsWheel"},{"floor":44,"key":"Geode"},{"floor":47,"key":"Lizard Tail"},{"floor":48,"key":"MawBank"},{"floor":54,"key":"Snack Pack"}],"event_choices":[{"damage_healed":0.0,"max_hp_gain":0.0,"max_hp_loss":0.0,"gold_gain":175.0,"event_name":"Liars Game","player_choice":"AGREE","floor":2.0,"gold_loss":0.0,"damage_taken":0.0,"cards_obtained":["Doubt"]},{"damage_healed":0.0,"max_hp_gain":0.0,"max_hp_loss":0.0,"gold_gain":0.0,"event_name":"WeMeetAgain","player_choice":"Paid Gold","floor":3.0,"gold_loss":82.0,"damage_taken":0.0,"relics_obtained":["Thread and Needle"]},{"damage_healed":0,"gold_gain":0,"player_choice":"Shed Blood","damage_taken":19,"max_hp_gain":5,"max_hp_loss":0,"event_name":"Forgotten Altar","floor":19,"gold_loss":0},{"damage_healed":0,"gold_gain":0,"player_choice":"Ignored","damage_taken":0,"max_hp_gain":0,"max_hp_loss":0,"event_name":"Vampires","floor":27,"gold_loss":0},{"damage_healed":0,"gold_gain":0,"player_choice":"Fight","damage_taken":0,"max_hp_gain":0,"max_hp_loss":0,"event_name":"Mysterious Sphere","floor":41,"gold_loss":0}],"is_beta":false,"boss_relics":[{"not_picked":["Nuclear Battery","ChewingGum"],"picked":"Pandora\u0027s Box"},{"not_picked":["Tiny House","Runic Dome"],"picked":"Calling Bell"}],"items_purged_floors":[5,31,38,53],"is_endless":false,"potions_floor_spawned":[4,6,10,13,14,18,20,23,25,30,36,39,41,44,46,47,54],"ascension_level":12}}