{"host":"kda2p2afd6bvz6qo","time":1610754762,"event":{"mods":["BaseMod","Colored Map","Minty Spire (QoL Compilation)","Relic Stats"],"gold_per_floor":[114,114,62,80,91,126,141,171,194,194,269,269,269,269,269,341,341,358,283,295,210,53,53,85,85,85,120,143,158,183,203,203,280,280,293,293,318,318,318,347,359,359,359,359,388,407,407,437,437,437],"floor_reached":51,"language":"ENG","playtime":3262,"items_purged":["Pain"],"score":1584,"play_id":"0e37cca2-6c3c-4d00-a661-c48fa247c0e4","local_time":"20210115235242","is_ascension_mode":true,"campfire_choices":[{"data":"Eviscerate","floor":10.0,"key":"SMITH"},{"floor":12.0,"key":"REST"},{"floor":15.0,"key":"REST"},{"data":"Prepared","floor":23.0,"key":"SMITH"},{"floor":25.0,"key":"REST"},{"floor":32.0,"key":"REST"},{"floor":42,"key":"REST"},{"floor":47,"key":"REST"},{"data":"Reflex","floor":49,"key":"SMITH"}],"circlet_count":0,"master_deck":["AscendersBane","Strike_G","Strike_G","Strike_G","Strike_G","Strike_G","Defend_G","Defend_G","Defend_G","Defend_G","Survivor","Neutralize","Eviscerate+1","Dagger Throw","Underhanded Strike","Dagger Throw","Acrobatics","Calculated Gamble","Dagger Throw","Deflect","Phantasmal Killer","Prepared+1","Tactician","Prepared+1","Prepared+1","Calculated Gamble","Die Die Die+1","Reflex+1","Underhanded Strike+1","Calculated Gamble","Quick Slash+1","Finisher+1","Backstab+1"],"relics":["Ring of the Snake","NeowsBlessing","Shuriken","Juzu Bracelet","MealTicket","Tough Bandages","WarpedTongs","Black Star","Oddly Smooth Stone","Pen Nib","Meat on the Bone","Calipers","HornCleat","Bird Faced Urn","Snake Skull","Orichalcum","Molten Egg 2","Letter Opener","HoveringKite","Ginger","Sundial","Paper Crane","The Courier","Ancient Tea Set","War Paint","Bag of Preparation","Bag of Marbles"],"acts_visited":["Exordium","TheCity","TheBeyond"],"potions_floor_usage":[44,45,50],"damage_taken":[{"damage":0.0,"enemies":"Cultist","floor":1.0,"turns":1.0},{"damage":0.0,"enemies":"Jaw Worm","floor":4.0,"turns":1.0},{"damage":0.0,"enemies":"Small Slimes","floor":5.0,"turns":1.0},{"damage":29.0,"enemies":"Gremlin Nob","floor":6.0,"turns":4.0},{"damage":0.0,"enemies":"2 Fungi Beasts","floor":7.0,"turns":2.0},{"damage":10.0,"enemies":"3 Sentries","floor":8.0,"turns":4.0},{"damage":43.0,"enemies":"Hexaghost","floor":16.0,"turns":10.0},{"damage":6.0,"enemies":"2 Thieves","floor":18.0,"turns":4.0},{"damage":6.0,"enemies":"3 Byrds","floor":20.0,"turns":8.0},{"damage":39.0,"enemies":"Slavers","floor":24.0,"turns":7.0},{"damage":26.0,"enemies":"Book of Stabbing","floor":27.0,"turns":5.0},{"damage":3.0,"enemies":"Shelled Parasite and Fungi","floor":29.0,"turns":5.0},{"damage":15.0,"enemies":"Gremlin Leader","floor":30.0,"turns":7.0},{"damage":16.0,"enemies":"Snecko","floor":31.0,"turns":5.0},{"damage":16.0,"enemies":"Automaton","floor":33.0,"turns":7.0},{"damage":0.0,"enemies":"3 Shapes","floor":35.0,"turns":4.0},{"damage":0.0,"enemies":"Mind Bloom Boss Battle","floor":37.0,"turns":2.0},{"damage":25.0,"enemies":"Reptomancer","floor":40.0,"turns":6.0},{"damage":0,"enemies":"3 Darklings","floor":41,"turns":2},{"damage":3,"enemies":"Writhing Mass","floor":44,"turns":2},{"damage":12,"enemies":"Giant Head","floor":45,"turns":6},{"damage":0,"enemies":"Jaw Worm Horde","floor":46,"turns":2},{"damage":0,"enemies":"Reptomancer","floor":48,"turns":2},{"damage":6,"enemies":"Donu and Deca","floor":50,"turns":6}],"seed_played":"4653219381743851240","potions_obtained":[{"floor":7.0,"key":"Fire Potion"},{"floor":8.0,"key":"Weak Potion"},{"floor":18.0,"key":"LiquidMemories"},{"floor":20.0,"key":"FearPotion"},{"floor":29.0,"key":"Weak Potion"},{"floor":30.0,"key":"SpeedPotion"},{"floor":31.0,"key":"SmokeBomb"},{"floor":41,"key":"Weak Potion"},{"floor":45,"key":"GamblersBrew"}],"is_trial":false,"path_per_floor":["M","?","$","M","M","E","M","E","T","R","?","R","T","?","R","B",null,"M","$","M","?","$","R","E","R","T","E","T","M","E","M","R","B",null,"M","?","?","?","?","E","M","R","T","M","E","M","R","E","R","B",null],"character_chosen":"THE_SILENT","items_purchased":["Underhanded Strike","Pen Nib"],"campfire_rested":6,"item_purchase_floors":[3,22],"current_hp_per_floor":[59,59,59,59,59,30,30,20,20,20,9,28,28,28,47,4,51,45,60,54,54,66,66,27,46,46,32,32,41,38,34,53,37,59,59,59,59,59,59,34,34,52,52,49,37,37,55,55,55,49],"gold":437,"neow_bonus":"THREE_ENEMY_KILL","is_daily":false,"chose_seed":false,"campfire_upgraded":3,"win_rate":0.0,"timestamp":1610754762,"path_taken":["M","?","?","M","M","E","?","E","T","R","?","R","?","?","R","BOSS","M","$","M","?","$","R","E","R","T","E","?","M","E","M","R","BOSS","M","?","?","?","?","E","M","R","T","M","E","M","R","E","R","BOSS"],"items_purchased_type":["Card","Relic"],"build_version":"2020-12-22","purchased_purges":1,"victory":true,"max_hp_per_floor":[66,66,66,66,66,66,66,66,66,66,66,66,66,66,66,66,66,66,66,66,66,66,66,66,66,66,66,66,66,66,66,66,66,66,66,66,66,63,63,63,63,63,63,63,63,63,63,63,63,63],"relic_stats":{"counters":[24,103],"HoveringKite":[27],"Pen Nib":[18],"Snake Skull":[0],"Juzu Bracelet":1,"Bag of Preparation":[2],"Letter Opener":[166],"Ginger":[3],"Orichalcum":[12],"War Paint":["Prepared","Prepared"],"WarpedTongs":[90],"Tough Bandages":[864],"Shuriken":[51],"Sundial":[4],"Bird Faced Urn":[0],"MealTicket":27,"Black Star":6,"obtain_stats":[{"Calipers":24,"HoveringKite":34,"Snake Skull":27,"Juzu Bracelet":8,"Bag of Preparation":48,"Ginger":37,"Ancient Tea Set":45,"Tough Bandages":13,"HornCleat":26,"Sundial":40,"MealTicket":9,"Ring of the Snake":0,"NeowsBlessing":0,"Oddly Smooth Stone":21,"Pen Nib":22,"The Courier":43,"Letter Opener":30,"Orichalcum":28,"Paper Crane":40,"War Paint":45,"WarpedTongs":14,"Shuriken":6,"Bird Faced Urn":27,"Molten Egg 2":30,"Black Star":17,"Bag of Marbles":48,"Meat on the Bone":24},{"Calipers":10,"HoveringKite":15,"Snake Skull":11,"Juzu Bracelet":6,"Bag of Preparation":23,"Ginger":17,"Ancient Tea Set":21,"Tough Bandages":6,"HornCleat":10,"Sundial":18,"MealTicket":6,"Ring of the Snake":0,"NeowsBlessing":0,"Oddly Smooth Stone":9,"Pen Nib":9,"The Courier":19,"Letter Opener":13,"Orichalcum":11,"Paper Crane":18,"War Paint":21,"WarpedTongs":6,"Shuriken":4,"Bird Faced Urn":11,"Molten Egg 2":13,"Black Star":7,"Bag of Marbles":23,"Meat on the Bone":10},{"Calipers":42,"HoveringKite":71,"Snake Skull":47,"Juzu Bracelet":13,"Bag of Preparation":97,"Ginger":77,"Ancient Tea Set":93,"Tough Bandages":13,"HornCleat":42,"Sundial":83,"MealTicket":13,"Ring of the Snake":0,"NeowsBlessing":0,"Oddly Smooth Stone":35,"Pen Nib":35,"The Courier":85,"Letter Opener":59,"Orichalcum":47,"Paper Crane":83,"War Paint":93,"WarpedTongs":13,"Shuriken":7,"Bird Faced Urn":47,"Molten Egg 2":59,"Black Star":23,"Bag of Marbles":97,"Meat on the Bone":42}],"Ring of the Snake":[48],"Meat on the Bone":48},"card_choices":[{"not_picked":["Underhanded Strike","Dodge and Roll"],"picked":"Eviscerate","floor":1.0},{"not_picked":["Sucker Punch","Bane"],"picked":"Dagger Throw","floor":4.0},{"not_picked":["Tactician","Infinite Blades"],"picked":"Acrobatics","floor":5.0},{"not_picked":["Quick Slash","Infinite Blades"],"picked":"Calculated Gamble","floor":6.0},{"not_picked":["Skewer","Cloak And Dagger"],"picked":"Dagger Throw","floor":7.0},{"not_picked":["Catalyst","Deadly Poison"],"picked":"Deflect","floor":8.0},{"not_picked":["Venomology","Doppelganger"],"picked":"Phantasmal Killer","floor":16.0},{"not_picked":["Dagger Spray","Flechettes"],"picked":"Prepared","floor":18.0},{"not_picked":["Riddle With Holes","Deadly Poison"],"picked":"Tactician","floor":20.0},{"not_picked":["Flying Knee","Slice","Poisoned Stab"],"picked":"SKIP","floor":24.0},{"not_picked":["Riddle With Holes","Underhanded Strike"],"picked":"Prepared","floor":27.0},{"not_picked":["Infinite Blades","Backflip"],"picked":"Prepared","floor":29.0},{"not_picked":["Sucker Punch+1","Leg Sweep"],"picked":"Calculated Gamble","floor":30.0},{"not_picked":["Setup","Deadly Poison","Bane+1"],"picked":"SKIP","floor":31.0},{"not_picked":["After Image","A Thousand Cuts"],"picked":"Die Die Die+1","floor":33.0},{"not_picked":["Slice+1","Cloak And Dagger"],"picked":"Reflex","floor":35.0},{"not_picked":["Predator+1","Grand Finale+1"],"picked":"Underhanded Strike+1","floor":37.0},{"not_picked":["Slice+1","Outmaneuver"],"picked":"Calculated Gamble","floor":40},{"not_picked":["Setup","Footwork","Quick Slash+1"],"picked":"SKIP","floor":41},{"not_picked":["Setup","Footwork"],"picked":"Quick Slash+1","floor":41},{"not_picked":["Poisoned Stab+1","Bouncing Flask+1","Dodge and Roll"],"picked":"SKIP","floor":45},{"not_picked":["Bouncing Flask","PiercingWail"],"picked":"Finisher+1","floor":46},{"not_picked":["Noxious Fumes","Distraction"],"picked":"Backstab+1","floor":48}],"player_experience":126373,"relics_obtained":[{"floor":6.0,"key":"Shuriken"},{"floor":8.0,"key":"Juzu Bracelet"},{"floor":9.0,"key":"MealTicket"},{"floor":13.0,"key":"Tough Bandages"},{"floor":24.0,"key":"Meat on the Bone"},{"floor":24.0,"key":"Calipers"},{"floor":26.0,"key":"HornCleat"},{"floor":27.0,"key":"Bird Faced Urn"},{"floor":27.0,"key":"Snake Skull"},{"floor":28.0,"key":"Orichalcum"},{"floor":30.0,"key":"Molten Egg 2"},{"floor":30.0,"key":"Letter Opener"},{"floor":37.0,"key":"Ginger"},{"floor":40,"key":"Sundial"},{"floor":40,"key":"Paper Crane"},{"floor":43,"key":"The Courier"},{"floor":45,"key":"Ancient Tea Set"},{"floor":45,"key":"War Paint"},{"floor":48,"key":"Bag of Preparation"},{"floor":48,"key":"Bag of Marbles"}],"event_choices":[{"damage_healed":0.0,"max_hp_gain":0.0,"max_hp_loss":0.0,"gold_gain":0.0,"event_name":"Match and Keep!","player_choice":"1 cards matched","floor":2.0,"gold_loss":0.0,"damage_taken":0.0,"cards_obtained":["Dagger Throw"]},{"damage_healed":0.0,"max_hp_gain":0.0,"max_hp_loss":0.0,"gold_gain":75.0,"event_name":"World of Goop","player_choice":"Gather Gold","floor":11.0,"gold_loss":0.0,"damage_taken":11.0},{"damage_healed":0.0,"max_hp_gain":0.0,"max_hp_loss":0.0,"gold_gain":0.0,"event_name":"Accursed Blacksmith","player_choice":"Rummage","floor":14.0,"gold_loss":0.0,"damage_taken":0.0,"relics_obtained":["WarpedTongs"],"cards_obtained":["Pain"]},{"damage_healed":0.0,"max_hp_gain":0.0,"max_hp_loss":0.0,"gold_gain":0.0,"event_name":"Addict","player_choice":"Obtained Relic","floor":21.0,"gold_loss":85.0,"damage_taken":0.0,"relics_obtained":["Oddly Smooth Stone"]},{"cards_removed":["Defend_G"],"damage_healed":0.0,"max_hp_gain":0.0,"max_hp_loss":0.0,"gold_gain":0.0,"event_name":"Falling","player_choice":"Removed Skill","floor":36.0,"gold_loss":0.0,"damage_taken":0.0},{"damage_healed":0.0,"max_hp_gain":0.0,"max_hp_loss":0.0,"gold_gain":0.0,"event_name":"MindBloom","player_choice":"Fight","floor":37.0,"gold_loss":0.0,"damage_taken":0.0},{"damage_healed":0.0,"max_hp_gain":0.0,"max_hp_loss":3.0,"gold_gain":0.0,"event_name":"Winding Halls","player_choice":"Max HP","floor":38.0,"gold_loss":0.0,"damage_taken":0.0},{"damage_healed":0.0,"max_hp_gain":0.0,"max_hp_loss":0.0,"gold_gain":0.0,"event_name":"Match and Keep!","player_choice":"0 cards matched","floor":39.0,"gold_loss":0.0,"damage_taken":0.0,"cards_obtained":[]}],"is_beta":false,"boss_relics":[{"not_picked":["Velvet Choker","Philosopher\u0027s Stone"],"picked":"Black Star"},{"not_picked":["Runic Pyramid","Empty Cage"],"picked":"HoveringKite"}],"items_purged_floors":[19],"is_endless":false,"potions_floor_spawned":[7,8,18,20,29,30,31,41,44,45],"ascension_level":19}}