{"host":"ertz0a1vw3taca14","time":1610735030,"event":{"mods":["BaseMod","Downfall","KinomotoSakuraMod(ƒæ÷Æ±æ”£)","Luminous","Marisa£®ÏF”Í°°ƒß¿Ì…≥£©","Minty Spire (QoL Compilation)","Remilia£®¿Ÿ√◊¿Ú—«£©","StSLib","The Administrix","The Servant 0.9.4","Yakumo Yukari mod","Youmu£®ªÍ∆«—˝√Œ£©","Yuyuko"],"gold_per_floor":[99,99,99,99,99,99,99],"floor_reached":6,"language":"ZHS","playtime":180,"items_purged":[],"score":30,"play_id":"f333744e-635c-4c0e-b515-63fbd70f0703","local_time":"20210116022350","is_ascension_mode":false,"campfire_choices":[{"floor":1,"key":"RECALL"}],"circlet_count":0,"master_deck":["Fantasy Butterflies","Fantasy Butterflies","Fantasy Butterflies","Fantasy Butterflies","Fantasy Butterflies","Dreamy Sakura","Dreamy Sakura","Dreamy Sakura","Dreamy Sakura","Dreamy Sakura","Deathly Ground","Faramita\u0027s Temptation","Gather the Spring","Suicide","Unpaved Way"],"relics":["Coronal","Yuyuko\u0027s fan","downfall:HeartsMalice","Pantograph"],"acts_visited":["Exordium"],"potions_floor_usage":[],"damage_taken":[{"damage":1,"enemies":"2 Louse","floor":2,"turns":1},{"damage":1,"enemies":"Small Slimes","floor":4,"turns":1},{"damage":1,"enemies":"Cultist","floor":5,"turns":1},{"damage":46,"enemies":"Gremlin Nob","floor":6,"turns":5}],"seed_played":"-6204210777174622941","potions_obtained":[],"is_trial":false,"path_per_floor":["R","M","?","M","M","E"],"character_chosen":"YUYOKO","items_purchased":[],"campfire_rested":0,"item_purchase_floors":[],"current_hp_per_floor":[40,39,27,26,25,0,0],"gold":99,"neow_bonus":"THREE_ENEMY_KILL","is_daily":false,"chose_seed":false,"campfire_upgraded":0,"win_rate":0.0,"timestamp":1610735030,"path_taken":["R","M","?","M","M","E"],"items_purchased_type":[],"build_version":"2020-12-22","purchased_purges":0,"victory":false,"max_hp_per_floor":[40,40,40,40,40,40,40],"card_choices":[{"not_picked":["Dancing Butterflies","Unborn Light"],"picked":"Gather the Spring","floor":2},{"not_picked":["Fondling of Papilio","End of Faramita"],"picked":"Suicide","floor":4},{"not_picked":["Final of Final","Unreal"],"picked":"Unpaved Way","floor":5}],"player_experience":150767,"relics_obtained":[],"event_choices":[{"damage_healed":0,"gold_gain":0,"player_choice":"Success","damage_taken":12,"relics_obtained":["Pantograph"],"max_hp_gain":0,"max_hp_loss":0,"event_name":"Scrap Ooze","floor":3,"gold_loss":0}],"is_beta":false,"boss_relics":[],"items_purged_floors":[],"is_endless":false,"potions_floor_spawned":[],"killed_by":"Gremlin Nob","ascension_level":0}}