{"host":"snn1c4qsf0fj7fzf","time":1610695545,"event":{"mods":["AchievementEnabler","Act Like it!","Astrologer","Bard","Bartender","BaseMod","Colored Powertips","Conspire","Energized Spire","Gensokyo","Gremlin Mod","Hallownest","Hermit","HololiveMod","Hubris","Infinite Spire","Koishi","Lobotomy","LobotomyExtend","Marisa????????","Minty Spire (QoL Compilation)","Pale of the Ancients","Random Character Button","Rare Cards Sparkle","Reimu??????","Remilia??????","Replay The Spire","Shop Mod","StSLib","The Animator","The Bug Knight","The Cursed","The Gatherer","The Hierophant","The Poker Player","Wandering Minibosses","vexMod"],"gold_per_floor":[273,288,304,104,104,195,195,246,246,246,319,319,368,368],"floor_reached":13,"language":"ENG","playtime":1143,"items_purged":[],"score":118,"play_id":"e5f12fb8-7a66-4713-8411-4dca7b3e679c","local_time":"20210115152545","is_ascension_mode":false,"campfire_choices":[{"data":"HollowMod:BaldurShell","floor":7,"key":"SMITH"},{"data":"HollowMod:DashSlash","floor":10,"key":"SMITH"}],"circlet_count":0,"master_deck":["HollowMod:NailStrikeStart","HollowMod:NailStrikeStart","HollowMod:NailStrikeStart","HollowMod:NailStrikeStart","HollowMod:QuickDashStart","HollowMod:QuickDashStart","HollowMod:QuickDashStart","HollowMod:QuickDashStart","HollowMod:FocusHealStart","HollowMod:PogoStrike","Scorched","HollowMod:SoulShaman","FairyFestival","HollowMod:DesolateDive","DespairKnight","conspire:SpireCoStock","conspire:SpireCoStock","conspire:SpireCoStock","conspire:SpireCoStock","HollowMod:BaldurShell+1","Wellcheers","HollowMod:DashSlash+1","HollowMod:CloakDash"],"relics":["HollowMod:VesselMask","CogitoBucket","LetterFromLob","Hallownest:DreamNailRelic","infinitespire:Golems Mask","hubris:64BitClover","Replay:Mystery Machine"],"acts_visited":["Hallownest:Greenpath"],"potions_floor_usage":[8,11,13],"damage_taken":[{"damage":0,"enemies":"Hallownest:monsterHuskWarrior","floor":1,"turns":4},{"damage":0,"enemies":"2_ Uuma","floor":2,"turns":2},{"damage":0,"enemies":"Hallownest:2_Baldur","floor":3,"turns":1},{"damage":30,"enemies":"Hallownest:eliteMossKnight","floor":6,"turns":11},{"damage":33,"enemies":"Hallownest:1_Ooma_and_2_Uuma","floor":8,"turns":5},{"damage":14,"enemies":"Hallownest:eliteCrystalGuardian","floor":11,"turns":5},{"damage":4,"enemies":"Hallownest:eliteMossKnight","floor":13,"turns":5}],"seed_played":"4087404796145958405","potions_obtained":[{"floor":3,"key":"Regen Potion"},{"floor":6,"key":"DuplicationPotion"},{"floor":11,"key":"DistilledChaos"}],"is_trial":false,"path_per_floor":["M","M","M","?","?","E","R","M","T","R","E","M","E"],"character_chosen":"THE_BUGKNIGHT","items_purchased":[],"campfire_rested":0,"item_purchase_floors":[],"current_hp_per_floor":[75,75,75,75,75,45,45,26,26,26,18,1,0,0],"gold":368,"neow_bonus":"","is_daily":false,"chose_seed":false,"campfire_upgraded":2,"win_rate":0.0,"timestamp":1610695545,"path_taken":["M","M","M","?","?","E","R","M","T","R","E","?","E"],"items_purchased_type":[],"build_version":"2020-12-22","purchased_purges":0,"victory":false,"max_hp_per_floor":[75,75,75,75,75,75,75,75,75,75,75,1,1,1],"card_choices":[{"not_picked":["Bloodbath","NakedNest"],"picked":"Scorched","floor":1},{"not_picked":["HollowMod:InfectedAttack","HollowMod:InfectionAssault"],"picked":"HollowMod:SoulShaman","floor":1},{"not_picked":["MeltingLove","Murderer"],"picked":"FairyFestival","floor":2},{"not_picked":["HollowMod:VengefulVoid","HollowMod:InfectedCysts"],"picked":"HollowMod:DesolateDive","floor":2},{"not_picked":["WhitesApple","CherryBlossoms"],"picked":"DespairKnight","floor":3},{"not_picked":["HollowMod:DungDefenderAura","HollowMod:MawleksShell","HollowMod:PerfectDash"],"picked":"SKIP","floor":3},{"not_picked":["HollowMod:ChannelNail","HollowMod:VengefulVoid"],"picked":"HollowMod:BaldurShell","floor":6},{"not_picked":["MHz","WhitesApple"],"picked":"Wellcheers","floor":8},{"not_picked":["HollowMod:HeavyBlow","HollowMod:NewLittleFool"],"picked":"HollowMod:DashSlash","floor":8},{"not_picked":["HollowMod:HeavyBlow","HollowMod:HowlingWraiths"],"picked":"HollowMod:CloakDash","floor":11}],"player_experience":315774,"relics_obtained":[{"floor":1,"key":"LetterFromLob"},{"floor":6,"key":"infinitespire:Golems Mask"},{"floor":9,"key":"hubris:64BitClover"},{"floor":11,"key":"Replay:Mystery Machine"}],"event_choices":[{"damage_healed":0,"gold_gain":0,"player_choice":"Invest 4","damage_taken":0,"max_hp_gain":0,"max_hp_loss":0,"event_name":"conspire:Investor","floor":4,"gold_loss":0}],"is_beta":false,"boss_relics":[],"items_purged_floors":[],"is_endless":false,"potions_floor_spawned":[3,6,11],"killed_by":"Hallownest:eliteMossKnight","ascension_level":0}}