{"host":"wonp23fsqqcu31ie","time":1610690503,"event":{"mods":["2.2 Compatiblity","AchievementEnabler","Aspiration","BaseMod","Bestiary","Better Altar","Better Match","Better Sensory Stone","Better Skull","Better Third Choice","BetterRewards","Block Reminder","Colored Map","Colored Powertips","Conspire","Curses Come First","DeckTracker","Displayed Cursed Tome","Downfall","Energized Spire","Evolution","Hermit","Highlight Path","Hubris","Infinite Spire","Marisa????????","Minty Spire (QoL Compilation)","Permanent Neow","Prisma Mod","Quick Restart","Rare Cards Sparkle","Relic Stats","Replay The Spire","Robot Space Explorer","Shade Mod","Shop Mod","StSLib","SuperFastMode","The Animator","The Bug Knight","The Construct","The Cursed","The Disciple","The Dragon Tamer","The Gatherer","The Hierophant","The Marked","The Necromancer","The Poker Player","The Runesmith","The Saiyan","The Servant 0.9.4","TheBandit"],"gold_per_floor":[113,113,126,91,123,155,7,7,32,32,67,80,80,91,91,190,190,202,252,263,263,263,263,289,194,194,194,208,219,219,246,246,350,350,363,363,373,391,410,460,460,460,506,553,607,607,627,627,627,627,627,627,306,332,332],"floor_reached":56,"language":"ENG","playtime":2015,"items_purged":[],"score":1730,"play_id":"fe49bb8e-c184-462a-8b84-27e34902c521","local_time":"20210115170143","is_ascension_mode":true,"metric_token":3410,"campfire_choices":[{"data":"PokerPlayerMod:Club1","floor":8.0,"key":"SMITH"},{"floor":15.0,"key":"REST"},{"floor":23.0,"key":"RECALL"},{"floor":27.0,"key":"REST"},{"data":"PokerPlayerMod:Diamond1","floor":30.0,"key":"SMITH"},{"floor":32.0,"key":"REST"},{"data":"hubris:InfiniteBlow","floor":46.0,"key":"SMITH"},{"data":"infinitespire:Punishment","floor":49.0,"key":"SMITH"},{"data":"PokerPlayerMod:RoyalStrike","floor":52.0,"key":"SMITH"}],"circlet_count":0,"master_deck":["PokerPlayerMod:Diamond2","PokerPlayerMod:Diamond2","PokerPlayerMod:Diamond3","PokerPlayerMod:Diamond4","PokerPlayerMod:Diamond5","PokerPlayerMod:Spade2","PokerPlayerMod:Spade2","PokerPlayerMod:Spade3","PokerPlayerMod:Spade4","PokerPlayerMod:Club2","PokerPlayerMod:Club2","PokerPlayerMod:Heart2","PokerPlayerMod:ClubsClub","PokerPlayerMod:BadJoker","PokerPlayerMod:Mulligan","PokerPlayerMod:JackOfSpades+1","PokerPlayerMod:SpadeStrike","PokerPlayerMod:Harden+1","PokerPlayerMod:Club5","PokerPlayerMod:RoyalStrike+1","PokerPlayerMod:SecondChance","PokerPlayerMod:Duplicate","AbeCurse","PokerPlayerMod:Diamond8","PokerPlayerMod:ClubDance","hubris:InfiniteBlow+1","hubris:EnhanceAbility","Sadistic Nature","expansioncontent:FaceSlap","PokerPlayerMod:Diamond8","PokerPlayerMod:ClubsClub+1","PokerPlayerMod:WildCard","PokerPlayerMod:Club7","PokerPlayerMod:DartThrow","infinitespire:Punishment+1","PokerPlayerMod:Trickery+1","PokerPlayerMod:Sharpen+1","PokerPlayerMod:DartThrow+1","PokerPlayerMod:Spade7","expansioncontent:DonusPower","expansioncontent:LastStand","PokerPlayerMod:CloakAndDiamond","PokerPlayerMod:Raise+1","PokerPlayerMod:CardPrinter","PokerPlayerMod:Spade8","PokerPlayerMod:SpadeStrike","Midas Touch","expansioncontent:AwakenDeath","PokerPlayerMod:Club8","PokerPlayerMod:MagicTrick","PokerPlayerMod:HotShotCut"],"relics":["PokerPlayerMod:DeckCase","EVO:Axolotl","Toy Ornithopter","MerchantsRug","Boot","Regal Pillow","Happy Flower","Bottled Lightning","hubris:Towel","Abe\u0027s Treasure","Ginger","Membership Card","ReplayTheSpireMod:TigerMarble","infinitespire:CheckeredPen","aspiration:HummingbirdHeart","Mirror","hubris:Potato","Sling","TungstenRod","ReplayTheSpireMod:Ring of Collecting","ReplayTheSpireMod:Ring of Addiction","hubris:EmptyBottle","White Beast Statue","Ring of Peace","aspiration:ChemicalBlood","Ring of Panic","hexamod:BolsterEngine","CatCart","ClockworkSouvenir","Replay:Wax Seal","Runesmith:AutoHammer","ReplayTheSpireMod:Shallot"],"acts_visited":["Exordium","TheCity","TheBeyond","TheEnding"],"potions_floor_usage":[54,54,55,55,55,55,55,55,55,55],"damage_taken":[{"damage":4.0,"enemies":"Jaw Worm","floor":1.0,"turns":3.0},{"damage":7.0,"enemies":"Small Slimes","floor":3.0,"turns":3.0},{"damage":15.0,"enemies":"conspire:MimicChest","floor":5.0,"turns":6.0},{"damage":2.0,"enemies":"Gremlin Nob","floor":6.0,"turns":4.0},{"damage":17.0,"enemies":"3 Sentries","floor":11.0,"turns":5.0},{"damage":0.0,"enemies":"Cultist","floor":12.0,"turns":2.0},{"damage":0.0,"enemies":"Looter","floor":14.0,"turns":2.0},{"damage":24.0,"enemies":"Slime Boss","floor":16.0,"turns":4.0},{"damage":6.0,"enemies":"Spheric Guardian","floor":18.0,"turns":3.0},{"damage":0.0,"enemies":"Shell Parasite","floor":20.0,"turns":4.0},{"damage":20.0,"enemies":"Gremlin Leader","floor":24.0,"turns":6.0},{"damage":5.0,"enemies":"Snake Plant","floor":28.0,"turns":2.0},{"damage":6.0,"enemies":"Snecko","floor":29.0,"turns":4.0},{"damage":24.0,"enemies":"Book of Stabbing","floor":31.0,"turns":6.0},{"damage":13.0,"enemies":"hubris:MusketHawk","floor":33.0,"turns":6.0},{"damage":0.0,"enemies":"3 Shapes","floor":35.0,"turns":2.0},{"damage":0.0,"enemies":"Orb Walker","floor":37.0,"turns":2.0},{"damage":16.0,"enemies":"Spire Growth","floor":38.0,"turns":3.0},{"damage":16.0,"enemies":"Maw","floor":39.0,"turns":5.0},{"damage":0.0,"enemies":"Mind Bloom Boss Battle","floor":40.0,"turns":3.0},{"damage":0.0,"enemies":"Orin","floor":45.0,"turns":5.0},{"damage":23.0,"enemies":"Jaw Worm Horde","floor":47.0,"turns":6.0},{"damage":66.0,"enemies":"infinitespire:MassOfShapes","floor":50.0,"turns":10.0},{"damage":3,"enemies":"Shield and Spear","floor":54,"turns":6},{"damage":65,"enemies":"The Heart","floor":55,"turns":9}],"seed_played":"5650311681181249510","potions_obtained":[{"floor":3.0,"key":"Strength Potion"},{"floor":5.0,"key":"Venom Potion"},{"floor":14.0,"key":"conspire:TimeTravelPotion"},{"floor":18.0,"key":"Flashbang"},{"floor":19.0,"key":"infinitespire:BlackPotion"},{"floor":20.0,"key":"Fruit Juice"},{"floor":29.0,"key":"Milkshake"},{"floor":31.0,"key":"Strength Potion"},{"floor":37.0,"key":"Energy Potion"},{"floor":39.0,"key":"hexamod:EctoCoolerPotion"},{"floor":42.0,"key":"AttackPotion"},{"floor":42.0,"key":"Strength Potion"},{"floor":45.0,"key":"Fruit Juice"},{"floor":54,"key":"Block Potion"},{"floor":54,"key":"FearPotion"}],"is_trial":false,"path_per_floor":["M","?","M","$","?","E","$","R","T","?","E","M","?","M","R","B",null,"M","?","M","AVR","?","R","E","$","T","R","M","M","R","E","R","B",null,"M","AVR","M","M","M","?","?","?","T","T","?","R","M","?","R","B",null,"R","$","E","B",null],"character_chosen":"THE_POKER_PLAYER","items_purchased":["Toy Ornithopter","MerchantsRug","PokerPlayerMod:Harden","Guide Book","PokerPlayerMod:BottledPoker","ReplayTheSpireMod:ShopPack","ClockworkSouvenir","Replay:Wax Seal","Runesmith:AutoHammer","PokerPlayerMod:CardPrinter","Block Potion","Energy Potion","PokerPlayerMod:Spade8","PokerPlayerMod:SpadeStrike","Midas Touch","expansioncontent:AwakenDeath","sneckomod:MuddlingPotion","PokerPlayerMod:Club8","PokerPlayerMod:MagicTrick"],"campfire_rested":3,"item_purchase_floors":[0,0,4,7,25,25,53,53,53,53,53,53,53,53,53,53,53,53,53],"current_hp_per_floor":[45,50,45,45,34,34,34,34,34,34,21,23,23,23,55,35,59,53,30,43,43,43,43,34,34,34,64,59,55,55,33,64,57,64,64,64,64,48,40,40,40,40,40,40,72,72,56,56,56,47,74,74,74,74,46],"gold":332,"neow_bonus":"","is_daily":false,"chose_seed":false,"campfire_upgraded":5,"win_rate":0.0,"timestamp":1610690503,"path_taken":["M","?","M","$","?","E","?","R","T","?","E","?","?","M","R","BOSS","M","?","M","AVR","?","R","E","$","T","R","M","M","R","E","R","BOSS","M","AVR","M","M","M","?","?","?","T","?","?","R","?","?","R","BOSS","R","$","E","BOSS"],"items_purchased_type":["Relic","Relic","Card","Relic","Relic","Relic","Relic","Relic","Relic","Card","Potion","Potion","Card","Card","Card","Card","Potion","Card","Card"],"build_version":"2020-12-22","purchased_purges":0,"victory":true,"max_hp_per_floor":[54,59,59,59,59,59,59,59,59,59,59,59,59,59,59,59,59,59,59,64,64,64,64,64,64,64,64,64,64,64,64,64,64,64,64,64,64,64,64,64,64,64,64,64,74,74,74,74,74,74,74,74,74,74,74],"relic_stats":{"Regal Pillow":38,"Happy Flower":[32],"counters":[52,218],"Ginger":[23],"Boot":[13],"obtain_stats":[{"Calipers":10,"Tiny House":17,"CeramicFish":26,"EVO:Axolotl":0,"Ginger":19,"Boot":0,"Sling":36,"Lizard Tail":25,"HollowMod:PaleOreRelic":6,"Replay:Wax Seal":53,"MerchantsRug":25,"hubris:DuctTape":6,"Happy Flower":6,"aspiration:Nostalgia":0,"ReplayTheSpireMod:CursedCoin":14,"Blue Candle":24,"ReplayTheSpireMod:Ring of Addiction":42,"Pen Nib":27,"Guardian:PocketSentry":9,"Replay:Ancient Bell":34,"aspiration:SeaSaltIceCream":19,"aspiration:FrozenJewel":25,"Replay:Baseball":34,"ReplayTheSpireMod:Shallot":54,"Bronze Scales":14,"ReplayTheSpireMod:Ring of Collecting":42,"ReplayTheSpireMod:TigerMarble":18,"CatCart":45,"Mirror":34,"Abe\u0027s Treasure":17,"aspiration:Lifesprig":14,"Regal Pillow":5,"Blue Doll":23,"Juzu Bracelet":8,"hubris:EmptyBottle":42,"Cursed Key":17,"Smiling Mask":20,"ClockworkSouvenir":53,"PokerPlayerMod:DeckCase":0,"m_ScarletBlood":0,"Replay:Bandana":22,"hubris:Icosahedron":19,"Ring of Peace":43,"Ring of Panic":44,"aspiration:ChemicalBlood":43,"hubris:64BitClover":0,"Guide Book":7,"hubris:MedicalManual":2,"aspiration:HummingbirdHeart":31,"infinitespire:CheckeredPen":26,"hubris:Towel":13,"White Beast Statue":42,"PokerPlayerMod:BottledPoker":25,"Pondfish Scales":11,"PokerPlayerMod:ClubPass":26,"Bottled Lightning":11,"Membership Card":21,"Runesmith:AutoHammer":53,"hexamod:BolsterEngine":44,"Toy Ornithopter":0,"hubris:Potato":34,"TungstenRod":40,"ReplayTheSpireMod:ShopPack":25},{"Calipers":17,"Tiny House":21,"CeramicFish":9,"EVO:Axolotl":0,"Ginger":36,"Boot":27,"Sling":43,"Lizard Tail":26,"HollowMod:PaleOreRelic":15,"Replay:Wax Seal":50,"MerchantsRug":26,"hubris:DuctTape":4,"Happy Flower":31,"aspiration:Nostalgia":0,"ReplayTheSpireMod:CursedCoin":5,"Blue Candle":9,"ReplayTheSpireMod:Ring of Addiction":47,"Pen Nib":9,"Guardian:PocketSentry":4,"Replay:Ancient Bell":42,"aspiration:SeaSaltIceCream":36,"aspiration:FrozenJewel":26,"Replay:Baseball":42,"ReplayTheSpireMod:Shallot":51,"Bronze Scales":5,"ReplayTheSpireMod:Ring of Collecting":47,"ReplayTheSpireMod:TigerMarble":22,"CatCart":48,"Mirror":42,"Abe\u0027s Treasure":35,"aspiration:Lifesprig":5,"Regal Pillow":30,"Blue Doll":26,"Juzu Bracelet":4,"hubris:EmptyBottle":47,"Cursed Key":6,"Smiling Mask":23,"ClockworkSouvenir":50,"PokerPlayerMod:DeckCase":0,"m_ScarletBlood":0,"Replay:Bandana":8,"hubris:Icosahedron":7,"Ring of Peace":47,"Ring of Panic":47,"aspiration:ChemicalBlood":47,"hubris:64BitClover":12,"Guide Book":31,"hubris:MedicalManual":1,"aspiration:HummingbirdHeart":41,"infinitespire:CheckeredPen":38,"hubris:Towel":33,"White Beast Statue":47,"PokerPlayerMod:BottledPoker":38,"Pondfish Scales":18,"PokerPlayerMod:ClubPass":26,"Bottled Lightning":32,"Membership Card":37,"Runesmith:AutoHammer":50,"hexamod:BolsterEngine":47,"Toy Ornithopter":27,"hubris:Potato":42,"TungstenRod":47,"ReplayTheSpireMod:ShopPack":38},{"Calipers":61,"Tiny House":80,"CeramicFish":32,"EVO:Axolotl":0,"Ginger":139,"Boot":107,"Sling":169,"Lizard Tail":98,"HollowMod:PaleOreRelic":51,"Replay:Wax Seal":203,"MerchantsRug":98,"hubris:DuctTape":12,"Happy Flower":123,"aspiration:Nostalgia":0,"ReplayTheSpireMod:CursedCoin":13,"Blue Candle":32,"ReplayTheSpireMod:Ring of Addiction":182,"Pen Nib":32,"Guardian:PocketSentry":12,"Replay:Ancient Bell":167,"aspiration:SeaSaltIceCream":139,"aspiration:FrozenJewel":98,"Replay:Baseball":167,"ReplayTheSpireMod:Shallot":209,"Bronze Scales":13,"ReplayTheSpireMod:Ring of Collecting":182,"ReplayTheSpireMod:TigerMarble":84,"CatCart":187,"Mirror":167,"Abe\u0027s Treasure":136,"aspiration:Lifesprig":13,"Regal Pillow":119,"Blue Doll":98,"Juzu Bracelet":12,"hubris:EmptyBottle":182,"Cursed Key":20,"Smiling Mask":89,"ClockworkSouvenir":203,"PokerPlayerMod:DeckCase":0,"m_ScarletBlood":0,"Replay:Bandana":28,"hubris:Icosahedron":24,"Ring of Peace":182,"Ring of Panic":182,"aspiration:ChemicalBlood":182,"hubris:64BitClover":40,"Guide Book":123,"hubris:MedicalManual":3,"aspiration:HummingbirdHeart":161,"infinitespire:CheckeredPen":149,"hubris:Towel":130,"White Beast Statue":182,"PokerPlayerMod:BottledPoker":149,"Pondfish Scales":66,"PokerPlayerMod:ClubPass":98,"Bottled Lightning":128,"Membership Card":143,"Runesmith:AutoHammer":203,"hexamod:BolsterEngine":182,"Toy Ornithopter":107,"hubris:Potato":167,"TungstenRod":182,"ReplayTheSpireMod:ShopPack":149}],"Toy Ornithopter":129,"TungstenRod":39},"card_choices":[{"not_picked":["PokerPlayerMod:Raise","PokerPlayerMod:Trickery"],"picked":"PokerPlayerMod:JackOfSpades","floor":1.0},{"not_picked":["PokerPlayerMod:MagicTrick","PokerPlayerMod:Club3"],"picked":"PokerPlayerMod:SpadeStrike","floor":3.0},{"not_picked":["PokerPlayerMod:Configure","PokerPlayerMod:Spade3"],"picked":"PokerPlayerMod:Club5","floor":5.0},{"not_picked":["PokerPlayerMod:Spade4","PokerPlayerMod:Heart1","PokerPlayerMod:Club2"],"picked":"SKIP","floor":6.0},{"not_picked":["PokerPlayerMod:SpadeStrike","PokerPlayerMod:DiamondStrike"],"picked":"PokerPlayerMod:RoyalStrike","floor":11.0},{"not_picked":["PokerPlayerMod:Diamond1","PokerPlayerMod:Diamond2","PokerPlayerMod:Diamond3"],"picked":"SKIP","floor":12.0},{"not_picked":["PokerPlayerMod:Club4","PokerPlayerMod:Club6"],"picked":"PokerPlayerMod:SecondChance","floor":14.0},{"not_picked":["PokerPlayerMod:Club10+","PokerPlayerMod:Club9"],"picked":"PokerPlayerMod:Duplicate","floor":16.0},{"not_picked":["PokerPlayerMod:Club2","PokerPlayerMod:Diamond2"],"picked":"PokerPlayerMod:Diamond8","floor":18.0},{"not_picked":["PokerPlayerMod:ClubsClub","PokerPlayerMod:Club2"],"picked":"PokerPlayerMod:ClubDance","floor":19.0},{"not_picked":["PokerPlayerMod:Club4","PokerPlayerMod:Diamond4","PokerPlayerMod:Raise"],"picked":"SKIP","floor":20.0},{"not_picked":["PokerPlayerMod:Spade4","PokerPlayerMod:Fold","PokerPlayerMod:MagicTrick"],"picked":"SKIP","floor":24.0},{"not_picked":["Crow Ritual","Replay:Dark Deal"],"picked":"hubris:EnhanceAbility","floor":25.0},{"not_picked":["Replay:Sssssssssstrike","Replay:BasicMightCard"],"picked":"Sadistic Nature","floor":25.0},{"not_picked":["Survey Options","Replay:Sssssssssshield"],"picked":"expansioncontent:FaceSlap","floor":25.0},{"not_picked":["PokerPlayerMod:ClubsClub","PokerPlayerMod:Heart3"],"picked":"PokerPlayerMod:Diamond8","floor":28.0},{"not_picked":["PokerPlayerMod:CloakAndDiamond","PokerPlayerMod:Spade3"],"picked":"PokerPlayerMod:ClubsClub+1","floor":29.0},{"not_picked":["PokerPlayerMod:FillThePot","PokerPlayerMod:Diamond7"],"picked":"PokerPlayerMod:WildCard","floor":31.0},{"not_picked":["PokerPlayerMod:StackedDeck","PokerPlayerMod:Diamond7"],"picked":"PokerPlayerMod:Club7","floor":33.0},{"not_picked":["conspire:Blindness","hexamod:Haunted"],"picked":"Replay:Sluggish","floor":34.0},{"not_picked":["animator:Curse_Rozen","SwitchConfidence"],"picked":"Writhe","floor":34.0},{"not_picked":["hubris:Greed","Delirium"],"picked":"Slimebound:Icky","floor":34.0},{"not_picked":["PokerPlayerMod:Spade3","PokerPlayerMod:Diamond3"],"picked":"PokerPlayerMod:DartThrow","floor":35.0},{"not_picked":["PokerPlayerMod:Club2","PokerPlayerMod:Heart4"],"picked":"PokerPlayerMod:Trickery+1","floor":37.0},{"not_picked":["PokerPlayerMod:Heart4","PokerPlayerMod:Diamond2"],"picked":"PokerPlayerMod:Sharpen+1","floor":38.0},{"not_picked":["PokerPlayerMod:CardPrinter","PokerPlayerMod:Club3"],"picked":"PokerPlayerMod:DartThrow+1","floor":39.0},{"not_picked":["PokerPlayerMod:Spade3","PokerPlayerMod:Overdeal"],"picked":"PokerPlayerMod:Spade7","floor":40.0},{"not_picked":["Purity","ReplayTheSpireMod:Uncanny Aura"],"picked":"expansioncontent:DonusPower","floor":41.0},{"not_picked":["expansioncontent:DarkVoid","expansioncontent:HyperBeam"],"picked":"expansioncontent:LastStand","floor":41.0},{"not_picked":["PokerPlayerMod:Diamond2","PokerPlayerMod:Diamond5"],"picked":"PokerPlayerMod:CloakAndDiamond","floor":45.0},{"not_picked":["PokerPlayerMod:Harden+1","PokerPlayerMod:Spade1"],"picked":"PokerPlayerMod:Raise+1","floor":47.0},{"not_picked":["PokerPlayerMod:Diamond3","PokerPlayerMod:Diamond4"],"picked":"PokerPlayerMod:HotShotCut","floor":54}],"player_experience":527963,"relics_obtained":[{"floor":5.0,"key":"Regal Pillow"},{"floor":6.0,"key":"Happy Flower"},{"floor":11.0,"key":"Bottled Lightning"},{"floor":19.0,"key":"aspiration:SeaSaltIceCream"},{"floor":24.0,"key":"ReplayTheSpireMod:TigerMarble"},{"floor":26.0,"key":"infinitespire:CheckeredPen"},{"floor":31.0,"key":"aspiration:HummingbirdHeart"},{"floor":40.0,"key":"TungstenRod"},{"floor":42.0,"key":"ReplayTheSpireMod:Ring of Collecting"},{"floor":42.0,"key":"ReplayTheSpireMod:Ring of Addiction"},{"floor":42.0,"key":"hubris:EmptyBottle"},{"floor":42.0,"key":"White Beast Statue"},{"floor":43.0,"key":"Ring of Peace"},{"floor":43.0,"key":"aspiration:ChemicalBlood"},{"floor":44.0,"key":"Ring of Panic"},{"floor":44.0,"key":"hexamod:BolsterEngine"},{"floor":45.0,"key":"CatCart"},{"floor":54,"key":"ReplayTheSpireMod:Shallot"}],"event_choices":[{"damage_healed":0.0,"max_hp_gain":5.0,"max_hp_loss":0.0,"gold_gain":0.0,"event_name":"Big Fish","player_choice":"Donut","floor":2.0,"gold_loss":0.0,"damage_taken":0.0},{"damage_healed":0.0,"max_hp_gain":0.0,"max_hp_loss":0.0,"gold_gain":0.0,"event_name":"Upgrade Shrine","player_choice":"Upgraded","floor":10.0,"gold_loss":0.0,"damage_taken":0.0,"cards_upgraded":["PokerPlayerMod:Spade2"]},{"damage_healed":0.0,"max_hp_gain":0.0,"max_hp_loss":0.0,"gold_gain":0.0,"event_name":"MindBloom","player_choice":"Fight","floor":40.0,"gold_loss":0.0,"damage_taken":0.0},{"damage_healed":0.0,"max_hp_gain":0.0,"max_hp_loss":0.0,"gold_gain":3.0,"event_name":"betterStone:BetterStone","player_choice":"1","floor":41.0,"gold_loss":0.0,"damage_taken":0.0},{"damage_healed":0.0,"max_hp_gain":0.0,"max_hp_loss":0.0,"gold_gain":0.0,"event_name":"OrinTheCat","player_choice":"Fight","floor":45.0,"gold_loss":0.0,"damage_taken":0.0},{"cards_removed":["Slimebound:Icky","Writhe","Replay:Sluggish","AbeCurse"],"damage_healed":0.0,"max_hp_gain":0.0,"max_hp_loss":0.0,"gold_gain":0.0,"event_name":"Fountain of Cleansing","player_choice":"Removed Curses","floor":48.0,"gold_loss":0.0,"damage_taken":0.0}],"is_beta":false,"boss_relics":[{"not_picked":["Ectoplasm","construct:ClawGrip"],"picked":"Abe\u0027s Treasure"},{"not_picked":["aspiration:RitualDagger","hubris:CrackedHourglass"],"picked":"Replay:Ancient Bell"},{"not_picked":["MawBank","ReplayTheSpireMod:Lightbulb"],"picked":"Replay:Baseball"},{"not_picked":["Darkstone Periapt","infinitespire:BottledMercury"],"picked":"Mirror"},{"not_picked":["CaptainsWheel","Replay:Arrowhead"],"picked":"hubris:Potato"}],"items_purged_floors":[],"is_endless":false,"potions_floor_spawned":[3,5,14,18,20,29,31,37,39,45,47,54],"ascension_level":2}}