{"host":"ecaj4hn004xnnrw9","time":1610709561,"event":{"mods":["AchievementEnabler","BaseMod","Better Third Choice","Hermit","Hubris","Infinite Spire","Jorbs\u0027s Wanderer Trilogy","Minty Spire (QoL Compilation)","Quick Restart","Shop Mod","StSLib","The Construct","The Jungle","The Runesmith"],"gold_per_floor":[109,122,138,138,138,181,181,215,215,28,66,87,87,87,87,87,87],"floor_reached":16,"language":"ENG","playtime":317,"items_purged":["Strike_P"],"score":176,"play_id":"27a49ec3-4b98-4cfd-93a1-9cbf699293a7","local_time":"20210115111921","is_ascension_mode":true,"campfire_choices":[{"data":"infinitespire:TheBestDefense","floor":7,"key":"SMITH"},{"floor":15,"key":"REST"}],"circlet_count":0,"master_deck":["Strike_P","Strike_P","Defend_P","Defend_P","Defend_P","Defend_P","Eruption","Vigilance","BowlingBash","TalkToTheHand","infinitespire:TheBestDefense+1","CrushJoints","TalkToTheHand","Halt","Tantrum","Meditate","TalkToTheHand"],"relics":["Snecko Eye","CeramicFish","infinitespire:PuzzleCube","hubris:CrystalStatue","Frozen Egg 2","Pantograph"],"acts_visited":["Exordium"],"potions_floor_usage":[6],"damage_taken":[{"damage":0,"enemies":"Small Slimes","floor":1,"turns":2},{"damage":0,"enemies":"2 Louse","floor":2,"turns":1},{"damage":0,"enemies":"Cultist","floor":3,"turns":3},{"damage":20,"enemies":"3 Sentries","floor":6,"turns":7},{"damage":0,"enemies":"Gremlin Nob","floor":8,"turns":2},{"damage":0,"enemies":"Lagavulin","floor":11,"turns":3},{"damage":0,"enemies":"Red Slaver","floor":12,"turns":1},{"damage":0,"enemies":"Hexaghost","floor":16,"turns":1}],"seed_played":"-3478521270780413709","potions_obtained":[{"floor":2,"key":"DistilledChaos"},{"floor":6,"key":"SkillPotion"},{"floor":11,"key":"SneckoOil"}],"is_trial":false,"path_per_floor":["M","M","M","?","?","E","R","E","T","$","E","M","$","T","R","B"],"character_chosen":"WATCHER","items_purchased":["Halt","Tantrum"],"campfire_rested":1,"item_purchase_floors":[10,10],"current_hp_per_floor":[72,72,72,54,54,34,34,34,34,34,34,34,34,34,55,72,72],"gold":87,"neow_bonus":"BOSS_RELIC","is_daily":false,"chose_seed":false,"campfire_upgraded":1,"win_rate":0.0,"timestamp":1610709561,"path_taken":["M","M","M","?","?","E","R","E","T","$","E","?","$","?","R","BOSS"],"items_purchased_type":["Card","Card"],"build_version":"2020-12-22","purchased_purges":1,"victory":false,"max_hp_per_floor":[72,72,72,72,72,72,72,72,72,72,72,72,72,72,72,72,72],"card_choices":[{"not_picked":["Wireheading","SashWhip"],"picked":"BowlingBash","floor":1},{"not_picked":["Pray","Indignation"],"picked":"TalkToTheHand","floor":2},{"not_picked":["Halt","FlyingSleeves","Weave"],"picked":"SKIP","floor":3},{"not_picked":["infinitespire:UltimateForm","infinitespire:Menacing"],"picked":"infinitespire:TheBestDefense","floor":4},{"not_picked":["Prostrate","Vengeance"],"picked":"CrushJoints","floor":6},{"not_picked":["Weave","Consecrate"],"picked":"TalkToTheHand","floor":8},{"not_picked":["Prostrate","Consecrate"],"picked":"Meditate","floor":11},{"not_picked":["WreathOfFlame","Brilliance"],"picked":"TalkToTheHand","floor":12}],"player_experience":348968,"relics_obtained":[{"floor":6,"key":"CeramicFish"},{"floor":8,"key":"infinitespire:PuzzleCube"},{"floor":9,"key":"hubris:CrystalStatue"},{"floor":11,"key":"Frozen Egg 2"},{"floor":14,"key":"Pantograph"}],"event_choices":[{"cards_removed":["Strike_P"],"damage_healed":0,"gold_gain":0,"player_choice":"Purged","damage_taken":0,"max_hp_gain":0,"max_hp_loss":0,"event_name":"Purifier","floor":5,"gold_loss":0}],"is_beta":false,"boss_relics":[],"items_purged_floors":[10],"is_endless":false,"potions_floor_spawned":[2,6,11],"killed_by":"Hexaghost","ascension_level":1}}