{"host":"t4313i2190y6fz3q","time":1610749955,"event":{"mods":["2.2 Compatiblity","AchievementEnabler","Act Like it!","BaseMod","Colored Powertips","Downfall","Highlight Path","Minty Spire (QoL Compilation)","Permanent Neow","Quick Restart","Rare Cards Sparkle","StSLib"],"gold_per_floor":[19,30,43,57,57,90,90,90,115,133,133,154,190,210,210,336,336,351,85,85,103,103,144,144,167,167,200,216,54,54,78,78,78,78],"floor_reached":33,"language":"ENG","playtime":1211,"items_purged":["Strike_B"],"score":463,"play_id":"61627d18-3d0f-4f5b-a9f1-e9d16a3ea764","local_time":"20210115143235","is_ascension_mode":true,"campfire_choices":[{"data":"Streamline","floor":7,"key":"SMITH"},{"data":"1","floor":11,"key":"LIFT"},{"data":"2","floor":15,"key":"LIFT"},{"data":"3","floor":24,"key":"LIFT"},{"data":"Hyperbeam","floor":30,"key":"SMITH"},{"floor":32,"key":"REST"}],"circlet_count":0,"master_deck":["AscendersBane","Strike_B","Strike_B","Strike_B","Defend_B","Defend_B","Defend_B+1","Defend_B","Zap","Dualcast","Auto Shields+1","Streamline+1","Steam","FTL","Rebound","Recycle","Gash","Sweeping Beam","Seek","Conserve Battery","Rip and Tear","Self Repair","Steam Power","Beam Cell+1","Leap+1","Hyperbeam+1"],"relics":["Cracked Core","Girya","Golden Idol","Pear","Bottled Lightning","Toy Ornithopter","HornCleat","Philosopher\u0027s Stone","Oddly Smooth Stone","Nilry\u0027s Codex","War Paint","Blood Vial","Blue Candle","Kunai"],"acts_visited":["Exordium","TheCity"],"potions_floor_usage":[6,13,13,23,27,33],"damage_taken":[{"damage":2,"enemies":"2 Louse","floor":1,"turns":2},{"damage":0,"enemies":"Jaw Worm","floor":2,"turns":4},{"damage":3,"enemies":"Small Slimes","floor":3,"turns":4},{"damage":3,"enemies":"2 Fungi Beasts","floor":4,"turns":5},{"damage":5,"enemies":"3 Sentries","floor":6,"turns":6},{"damage":2,"enemies":"3 Louse","floor":10,"turns":3},{"damage":0,"enemies":"Large Slime","floor":12,"turns":2},{"damage":8,"enemies":"Gremlin Nob","floor":13,"turns":3},{"damage":4,"enemies":"Lots of Slimes","floor":14,"turns":4},{"damage":49,"enemies":"The Guardian","floor":16,"turns":10},{"damage":0,"enemies":"Chosen","floor":18,"turns":3},{"damage":0,"enemies":"3 Byrds","floor":21,"turns":4},{"damage":25,"enemies":"Book of Stabbing","floor":23,"turns":5},{"damage":0,"enemies":"Snake Plant","floor":25,"turns":4},{"damage":23,"enemies":"Gremlin Leader","floor":27,"turns":7},{"damage":12,"enemies":"3 Cultists","floor":28,"turns":4},{"damage":9,"enemies":"Centurion and Healer","floor":31,"turns":4},{"damage":62,"enemies":"Champ","floor":33,"turns":6}],"seed_played":"-8420762410494043039","potions_obtained":[{"floor":1,"key":"Fire Potion"},{"floor":4,"key":"sneckomod:MuddlingPotion"},{"floor":6,"key":"GamblersBrew"},{"floor":12,"key":"DistilledChaos"},{"floor":18,"key":"EssenceOfDarkness"},{"floor":23,"key":"Dexterity Potion"},{"floor":28,"key":"Explosive Potion"}],"is_trial":false,"path_per_floor":["M","M","M","M","?","E","R","T","T","M","R","M","E","M","R","B",null,"M","$","?","M","?","E","R","M","T","E","M","$","R","M","R","B"],"character_chosen":"DEFECT","items_purchased":["Oddly Smooth Stone","Rip and Tear","Hyperbeam"],"campfire_rested":1,"item_purchase_floors":[19,19,29],"current_hp_per_floor":[66,66,63,60,60,65,65,65,65,63,63,63,65,61,61,12,62,62,62,46,46,46,33,33,42,42,33,30,30,30,30,53,0,0],"gold":78,"neow_bonus":"ONE_RARE_RELIC","is_daily":false,"chose_seed":false,"campfire_upgraded":2,"win_rate":0.0,"timestamp":1610749955,"path_taken":["M","M","M","M","?","E","R","?","T","M","R","M","E","M","R","BOSS","M","$","?","M","?","E","R","M","T","E","M","$","R","M","R","BOSS"],"items_purchased_type":["Relic","Card","Card"],"build_version":"2020-12-22","purchased_purges":1,"victory":false,"max_hp_per_floor":[75,75,75,75,69,79,79,79,79,79,79,79,79,79,79,79,79,79,79,79,79,79,79,79,79,79,79,79,79,79,79,79,79,79],"card_choices":[{"not_picked":["Defragment","Turbo"],"picked":"Auto Shields","floor":1},{"not_picked":["Coolheaded","Ball Lightning"],"picked":"Streamline","floor":2},{"not_picked":["Turbo","Redo"],"picked":"Steam","floor":3},{"not_picked":["Barrage","Steam"],"picked":"FTL","floor":4},{"not_picked":["Steam","Redo","Streamline"],"picked":"SKIP","floor":6},{"not_picked":["Turbo","Recycle"],"picked":"Rebound","floor":10},{"not_picked":["Thunder Strike","Leap"],"picked":"Recycle","floor":12},{"not_picked":["Leap","Undo"],"picked":"Gash","floor":13},{"not_picked":["Ball Lightning","Barrage"],"picked":"Sweeping Beam","floor":14},{"not_picked":["Thunder Strike","Creative AI"],"picked":"Seek","floor":16},{"not_picked":["Compile Driver","Doom and Gloom"],"picked":"Conserve Battery","floor":18},{"not_picked":["Static Discharge+1","BootSequence"],"picked":"Self Repair","floor":21},{"not_picked":["Chill","Sweeping Beam","Defragment"],"picked":"SKIP","floor":23},{"not_picked":["Double Energy","Sweeping Beam"],"picked":"Steam Power","floor":25},{"not_picked":["Redo","Steam"],"picked":"Beam Cell+1","floor":27},{"not_picked":["Reinforced Body","Melter"],"picked":"Leap+1","floor":28},{"not_picked":["Darkness","Hello World+1","Redo"],"picked":"SKIP","floor":31}],"player_experience":215519,"relics_obtained":[{"floor":6,"key":"Pear"},{"floor":8,"key":"Bottled Lightning"},{"floor":9,"key":"Toy Ornithopter"},{"floor":13,"key":"HornCleat"},{"floor":20,"key":"Nilry\u0027s Codex"},{"floor":23,"key":"Blood Vial"},{"floor":26,"key":"Blue Candle"},{"floor":27,"key":"Kunai"}],"event_choices":[{"damage_healed":0,"gold_gain":0,"player_choice":"Lose Max HP","damage_taken":0,"relics_obtained":["Golden Idol"],"max_hp_gain":0,"max_hp_loss":6,"event_name":"Golden Idol","floor":5,"gold_loss":0},{"damage_healed":0,"gold_gain":0,"player_choice":"Obtained Book","damage_taken":16,"max_hp_gain":0,"max_hp_loss":0,"event_name":"Cursed Tome","floor":20,"gold_loss":0},{"damage_healed":0,"gold_gain":0,"player_choice":"Opened","damage_taken":0,"relics_obtained":["War Paint"],"max_hp_gain":0,"max_hp_loss":0,"event_name":"The Mausoleum","floor":22,"gold_loss":0}],"is_beta":false,"boss_relics":[{"not_picked":["Fusion Hammer","Empty Cage"],"picked":"Philosopher\u0027s Stone"}],"items_purged_floors":[19],"is_endless":false,"potions_floor_spawned":[1,4,6,12,18,23,28],"killed_by":"Champ","ascension_level":11}}