{"host":"2e3z4r48quhw80cc","time":1610716455,"event":{"mods":["BaseMod","Minty Spire (QoL Compilation)","Quick Restart","StSLib","SuperFastMode"],"gold_per_floor":[118,68,84,97,111,143,143,170,170,170,22,22,22,97,97,201,201,215,22,22,32,32,32,32,32,86,86,121,121,121,136,136,235,235,252,252,144,189,189,220,220,247,296,329,329,329],"floor_reached":45,"language":"KOR","playtime":1476,"items_purged":["Strike_B","Defend_B"],"score":701,"play_id":"3c0af1e3-3f51-4a3b-ac7a-4b83ef04d047","local_time":"20210115221415","is_ascension_mode":true,"campfire_choices":[{"floor":10.0,"key":"REST"},{"data":"Creative AI","floor":13.0,"key":"SMITH"},{"data":"Zap","floor":15.0,"key":"SMITH"},{"floor":23.0,"key":"REST"},{"floor":25.0,"key":"REST"},{"data":"Defragment","floor":27.0,"key":"SMITH"},{"floor":32.0,"key":"REST"},{"data":"Rainbow","floor":41,"key":"SMITH"}],"circlet_count":0,"master_deck":["Defend_B","Defend_B","Zap+1","Dualcast","Consume","Creative AI+1","Coolheaded","Self Repair","Echo Form","Leap","Defragment+1","FTL","Reboot","Chill+1","Rainbow+1","Glacier+1","Loop+1","Force Field","Heatsinks+1"],"relics":["FrozenCore","Lantern","FossilizedHelix","Girya","Symbiotic Virus","Membership Card","Enchiridion","Omamori","Oddly Smooth Stone","Calling Bell","Vajra","Frozen Egg 2","Mango","Unceasing Top","Pantograph","War Paint","Thread and Needle","Pen Nib","InkBottle"],"acts_visited":["Exordium","TheCity","TheBeyond"],"potions_floor_usage":[38],"damage_taken":[{"damage":0.0,"enemies":"2 Louse","floor":1.0,"turns":2.0},{"damage":0.0,"enemies":"Small Slimes","floor":3.0,"turns":3.0},{"damage":3.0,"enemies":"Jaw Worm","floor":4.0,"turns":4.0},{"damage":10.0,"enemies":"Large Slime","floor":5.0,"turns":5.0},{"damage":31.0,"enemies":"3 Sentries","floor":6.0,"turns":6.0},{"damage":10.0,"enemies":"Lagavulin","floor":8.0,"turns":6.0},{"damage":14.0,"enemies":"The Guardian","floor":16.0,"turns":8.0},{"damage":47.0,"enemies":"3 Byrds","floor":18.0,"turns":5.0},{"damage":0.0,"enemies":"Chosen","floor":21.0,"turns":5.0},{"damage":0.0,"enemies":"Slavers","floor":24.0,"turns":1.0},{"damage":42.0,"enemies":"Book of Stabbing","floor":28.0,"turns":4.0},{"damage":5.0,"enemies":"Snecko","floor":31.0,"turns":6.0},{"damage":4.0,"enemies":"Champ","floor":33.0,"turns":8.0},{"damage":6.0,"enemies":"Orb Walker","floor":35.0,"turns":5.0},{"damage":54,"enemies":"2 Orb Walkers","floor":38,"turns":7},{"damage":3,"enemies":"Reptomancer","floor":40,"turns":9},{"damage":28,"enemies":"Nemesis","floor":42,"turns":11},{"damage":37,"enemies":"Giant Head","floor":44,"turns":12},{"damage":13,"enemies":"3 Darklings","floor":45,"turns":3}],"seed_played":"-8052696463704219117","potions_obtained":[{"floor":5.0,"key":"SkillPotion"},{"floor":8.0,"key":"Strength Potion"},{"floor":21.0,"key":"SmokeBomb"},{"floor":30.0,"key":"Fire Potion"},{"floor":30.0,"key":"Block Potion"},{"floor":35.0,"key":"Swift Potion"},{"floor":38,"key":"SpeedPotion"}],"is_trial":false,"path_per_floor":["M","?","M","M","M","E","?","E","T","R","$","?","R","?","R","B",null,"M","$","?","M","?","R","E","R","T","R","E","?","?","M","R","B",null,"M","?","$","?","T","E","R","E","T","E","M"],"character_chosen":"DEFECT","items_purchased":["Self Repair","Membership Card","Defragment","Loop+1","Force Field"],"campfire_rested":4,"item_purchase_floors":[11,19,19,37,37],"current_hp_per_floor":[75,75,75,72,62,31,24,14,14,36,36,36,36,25,25,18,61,28,28,12,26,26,48,48,70,70,70,42,28,28,37,61,64,90,91,91,91,51,51,55,55,41,41,11,0,0],"gold":329,"neow_bonus":"RANDOM_COMMON_RELIC","is_daily":false,"chose_seed":false,"campfire_upgraded":4,"win_rate":0.0,"timestamp":1610716455,"path_taken":["M","?","M","M","M","E","?","E","T","R","$","?","R","?","R","BOSS","M","$","?","M","?","R","E","R","T","R","E","?","?","M","R","BOSS","M","?","$","?","?","E","R","E","T","E","?"],"items_purchased_type":["Card","Relic","Card","Card","Card"],"build_version":"2020-12-22","purchased_purges":2,"victory":false,"max_hp_per_floor":[75,75,75,75,75,75,75,75,75,75,75,75,75,75,75,75,75,75,75,75,75,75,75,75,75,75,75,75,80,80,80,80,80,94,94,94,94,94,94,94,94,94,94,94,94,94],"card_choices":[{"not_picked":["Streamline","Rebound","Go for the Eyes"],"picked":"SKIP","floor":1.0},{"not_picked":["Steam","Stack"],"picked":"Consume","floor":3.0},{"not_picked":["Go for the Eyes","Consume"],"picked":"FTL","floor":4.0},{"not_picked":["Steam","White Noise"],"picked":"Creative AI","floor":5.0},{"not_picked":["Rebound","All For One","Gash"],"picked":"SKIP","floor":6.0},{"not_picked":["Go for the Eyes","Turbo"],"picked":"Coolheaded","floor":8.0},{"not_picked":["Rainbow","Seek"],"picked":"Echo Form","floor":16.0},{"not_picked":["Go for the Eyes+1","Cold Snap"],"picked":"Leap","floor":18.0},{"not_picked":["Rebound","Scrape","Auto Shields"],"picked":"SKIP","floor":21.0},{"not_picked":["Beam Cell","Redo+1"],"picked":"Chill","floor":28.0},{"not_picked":["Redo","Static Discharge","Darkness+1"],"picked":"SKIP","floor":31.0},{"not_picked":["Biased Cognition","Multi-Cast"],"picked":"Rainbow","floor":33.0},{"not_picked":["Coolheaded+1","Steam"],"picked":"Glacier","floor":35.0},{"not_picked":["Redo+1","FTL"],"picked":"Heatsinks+1","floor":38},{"not_picked":["Conserve Battery+1","BootSequence","Redo+1"],"picked":"SKIP","floor":40},{"not_picked":["Redo","Compile Driver+1","Rip and Tear"],"picked":"SKIP","floor":42},{"not_picked":["Rebound+1","Doom and Gloom","Conserve Battery"],"picked":"SKIP","floor":44}],"player_experience":63954,"relics_obtained":[{"floor":6.0,"key":"FossilizedHelix"},{"floor":8.0,"key":"Girya"},{"floor":9.0,"key":"Symbiotic Virus"},{"floor":20.0,"key":"Enchiridion"},{"floor":26.0,"key":"Omamori"},{"floor":28.0,"key":"Oddly Smooth Stone"},{"floor":34.0,"key":"Vajra"},{"floor":34.0,"key":"Frozen Egg 2"},{"floor":34.0,"key":"Mango"},{"floor":38,"key":"Unceasing Top"},{"floor":39,"key":"Pantograph"},{"floor":40,"key":"War Paint"},{"floor":42,"key":"Thread and Needle"},{"floor":43,"key":"Pen Nib"},{"floor":44,"key":"InkBottle"}],"event_choices":[{"cards_removed":["Strike_B"],"damage_healed":0.0,"max_hp_gain":0.0,"max_hp_loss":0.0,"gold_gain":0.0,"event_name":"The Cleric","player_choice":"Card Removal","floor":2.0,"gold_loss":50.0,"damage_taken":0.0},{"cards_removed":["Strike_B"],"damage_healed":0.0,"max_hp_gain":0.0,"max_hp_loss":0.0,"gold_gain":0.0,"event_name":"Golden Wing","player_choice":"Card Removal","floor":7.0,"gold_loss":0.0,"damage_taken":7.0},{"damage_healed":0.0,"max_hp_gain":0.0,"max_hp_loss":0.0,"gold_gain":0.0,"event_name":"Dead Adventurer","player_choice":"Searched \u00271\u0027 times","floor":12.0,"gold_loss":0.0,"damage_taken":0.0},{"damage_healed":0.0,"max_hp_gain":0.0,"max_hp_loss":0.0,"gold_gain":75.0,"event_name":"World of Goop","player_choice":"Gather Gold","floor":14.0,"gold_loss":0.0,"damage_taken":11.0},{"damage_healed":0.0,"max_hp_gain":0.0,"max_hp_loss":0.0,"gold_gain":0.0,"event_name":"Cursed Tome","player_choice":"Obtained Book","floor":20.0,"gold_loss":0.0,"damage_taken":16.0},{"damage_healed":0.0,"max_hp_gain":0.0,"max_hp_loss":0.0,"gold_gain":0.0,"cards_transformed":["Strike_B","Defend_B"],"event_name":"Drug Dealer","player_choice":"Became Test Subject","floor":22.0,"gold_loss":0.0,"damage_taken":0.0,"cards_obtained":["FTL","Reboot"]},{"damage_healed":0.0,"max_hp_gain":5.0,"max_hp_loss":0.0,"gold_gain":0.0,"event_name":"Forgotten Altar","player_choice":"Shed Blood","floor":29.0,"gold_loss":0.0,"damage_taken":19.0},{"damage_healed":0.0,"max_hp_gain":0.0,"max_hp_loss":0.0,"gold_gain":0.0,"event_name":"Lab","player_choice":"Got Potions","floor":30.0,"gold_loss":0.0,"damage_taken":0.0},{"cards_removed":["FTL"],"damage_healed":0.0,"max_hp_gain":0.0,"max_hp_loss":0.0,"gold_gain":0.0,"event_name":"Falling","player_choice":"Removed Attack","floor":36.0,"gold_loss":0.0,"damage_taken":0.0},{"damage_healed":0,"gold_gain":0,"player_choice":"Fight","damage_taken":0,"max_hp_gain":0,"max_hp_loss":0,"event_name":"Mysterious Sphere","floor":38,"gold_loss":0}],"is_beta":false,"boss_relics":[{"not_picked":["Ectoplasm","Sozu"],"picked":"FrozenCore"},{"not_picked":["Cursed Key","Nuclear Battery"],"picked":"Calling Bell"}],"items_purged_floors":[11,37],"is_endless":false,"potions_floor_spawned":[5,8,21,24,35,38],"killed_by":"3 Darklings","ascension_level":5}}