{"host":"ga4s3hj9m6nkn6gp","time":1610715286,"event":{"mods":["AchievementEnabler","BaseMod","Bestiary","Colored Powertips","Highlight Path","Minty Spire (QoL Compilation)","Relic Stats","everything is the same but u backflip on backflip"],"gold_per_floor":[110,110,285,306,207,207,207],"floor_reached":6,"language":"ENG","playtime":316,"items_purged":["Doubt"],"score":49,"play_id":"e60dbb44-f6f1-4281-9446-6cc9cf20c4f3","local_time":"20210115135446","is_ascension_mode":true,"campfire_choices":[],"circlet_count":0,"master_deck":["Strike_B","Strike_B","Strike_B","Strike_B","Defend_B","Defend_B","Defend_B","Defend_B","Zap","Dualcast","Sweeping Beam","Beam Cell","Coolheaded"],"relics":["Philosopher\u0027s Stone","Golden Idol"],"acts_visited":["Exordium"],"potions_floor_usage":[6],"damage_taken":[{"damage":8,"enemies":"Jaw Worm","floor":1,"turns":4},{"damage":6,"enemies":"Cultist","floor":4,"turns":4},{"damage":24,"enemies":"Lagavulin","floor":6,"turns":6}],"seed_played":"2419984575134047344","potions_obtained":[{"floor":4,"key":"Regen Potion"}],"is_trial":false,"path_per_floor":["M","?","?","M","$","E"],"character_chosen":"DEFECT","items_purchased":["Coolheaded"],"campfire_rested":0,"item_purchase_floors":[5],"current_hp_per_floor":[60,60,60,54,54,44,44],"gold":207,"neow_bonus":"BOSS_RELIC","is_daily":false,"chose_seed":false,"campfire_upgraded":0,"win_rate":0.0,"timestamp":1610715286,"path_taken":["M","?","?","M","$","E"],"items_purchased_type":["Card"],"build_version":"2020-12-22","purchased_purges":1,"victory":false,"max_hp_per_floor":[75,69,69,69,69,69,69],"relic_stats":{"counters":[3,14],"Golden Idol":4,"obtain_stats":[{"Golden Idol":2,"Philosopher\u0027s Stone":0,"Cracked Core":0},{"Golden Idol":1,"Philosopher\u0027s Stone":0,"Cracked Core":0},{"Golden Idol":4,"Philosopher\u0027s Stone":0,"Cracked Core":0}]},"card_choices":[{"not_picked":["Compile Driver","Turbo"],"picked":"Sweeping Beam","floor":1},{"not_picked":["Steam","Tempest"],"picked":"Beam Cell","floor":4}],"player_experience":629937,"relics_obtained":[],"event_choices":[{"damage_healed":0,"gold_gain":0,"player_choice":"Lose Max HP","damage_taken":0,"relics_obtained":["Golden Idol"],"max_hp_gain":0,"max_hp_loss":6,"event_name":"Golden Idol","floor":2,"gold_loss":0},{"damage_healed":0,"gold_gain":175,"player_choice":"AGREE","damage_taken":0,"max_hp_gain":0,"max_hp_loss":0,"event_name":"Liars Game","floor":3,"gold_loss":0,"cards_obtained":["Doubt"]}],"is_beta":false,"boss_relics":[],"items_purged_floors":[5],"is_endless":false,"potions_floor_spawned":[4],"killed_by":"Lagavulin","ascension_level":9}}