{"host":"puf131q5awx2h4uh","time":1610738953,"event":{"mods":["BaseMod","Minty Spire (QoL Compilation)","Quick Restart","Shop Mod","StSLib"],"gold_per_floor":[109,109,72,72,92,92,120,120,147,147,147,190,34,48,48,146,146,161,161,182,195,214,214,214,214],"floor_reached":24,"language":"ZHS","playtime":435,"items_purged":[],"score":389,"play_id":"70ce7bbc-60b1-463d-88c5-50ff5fde289f","local_time":"20210116032913","is_ascension_mode":true,"campfire_choices":[{"data":"Blade Dance","floor":6.0,"key":"SMITH"},{"data":"Accuracy","floor":8.0,"key":"SMITH"},{"data":"Phantasmal Killer","floor":10.0,"key":"SMITH"},{"data":"Neutralize","floor":15.0,"key":"SMITH"},{"data":"Cloak And Dagger","floor":23,"key":"SMITH"}],"circlet_count":0,"master_deck":["AscendersBane","Strike_G","Strike_G","Strike_G","Strike_G","Defend_G","Defend_G","Defend_G","Defend_G","Defend_G","Survivor","Neutralize+1","Accuracy+1","Blade Dance+1","Phantasmal Killer+1","Cloak And Dagger+1","Spot Weakness","Infinite Blades","Footwork"],"relics":["Ring of the Snake","NeowsBlessing","Singing Bowl","Akabeko","Golden Idol","Du-Vu Doll","PrismaticShard","Coffee Dripper"],"acts_visited":["Exordium","TheCity"],"potions_floor_usage":[22,24],"damage_taken":[{"damage":0.0,"enemies":"Small Slimes","floor":1.0,"turns":1.0},{"damage":0.0,"enemies":"Cultist","floor":5.0,"turns":1.0},{"damage":0.0,"enemies":"Lagavulin","floor":7.0,"turns":1.0},{"damage":13.0,"enemies":"Gremlin Nob","floor":12.0,"turns":3.0},{"damage":0.0,"enemies":"Jaw Worm","floor":14.0,"turns":1.0},{"damage":6.0,"enemies":"Hexaghost","floor":16.0,"turns":6.0},{"damage":4,"enemies":"Shell Parasite","floor":18,"turns":3},{"damage":12,"enemies":"2 Thieves","floor":20,"turns":3},{"damage":2,"enemies":"3 Cultists","floor":21,"turns":4},{"damage":23,"enemies":"Snake Plant","floor":22,"turns":3},{"damage":29,"enemies":"Book of Stabbing","floor":24,"turns":4}],"seed_played":"-459125307060637384","potions_obtained":[{"floor":5.0,"key":"PowerPotion"},{"floor":7.0,"key":"Poison Potion"},{"floor":14.0,"key":"SkillPotion"},{"floor":20,"key":"FearPotion"}],"is_trial":false,"path_per_floor":["M","?","$","$","M","R","E","R","T","R","?","E","$","M","R","B",null,"M","?","M","M","M","R","E"],"character_chosen":"THE_SILENT","items_purchased":["Accuracy","PrismaticShard"],"campfire_rested":0,"item_purchase_floors":[3,13],"current_hp_per_floor":[59,59,59,59,59,59,59,59,59,59,43,30,30,30,30,26,58,56,56,46,44,23,23,0,0],"gold":214,"neow_bonus":"THREE_ENEMY_KILL","is_daily":false,"chose_seed":false,"campfire_upgraded":5,"win_rate":0.0,"timestamp":1610738953,"path_taken":["M","?","?","$","M","R","E","R","T","R","?","E","$","M","R","BOSS","M","?","M","M","M","R","E"],"items_purchased_type":["Card","Relic"],"build_version":"2020-12-22","purchased_purges":0,"victory":false,"max_hp_per_floor":[66,66,66,66,66,66,66,66,66,66,66,66,66,66,66,68,68,70,70,72,72,74,74,74,74],"card_choices":[{"not_picked":["Dagger Throw","Dodge and Roll","Calculated Gamble"],"picked":"SKIP","floor":1.0},{"not_picked":["Cloak And Dagger","Outmaneuver"],"picked":"Blade Dance","floor":5.0},{"not_picked":["Tools of the Trade","Sucker Punch"],"picked":"Phantasmal Killer","floor":7.0},{"not_picked":["Dagger Throw","Deflect"],"picked":"Cloak And Dagger","floor":12.0},{"not_picked":["BattleHymn","Fusion"],"picked":"Spot Weakness","floor":14.0},{"not_picked":["Unload","Judgement","Brutality"],"picked":"Singing Bowl","floor":16.0},{"not_picked":["FollowUp","True Grit","PanicButton"],"picked":"Singing Bowl","floor":18},{"not_picked":["Halt","Shockwave","Rebound"],"picked":"Singing Bowl","floor":20},{"not_picked":["Headbutt","Prepared"],"picked":"Footwork","floor":21},{"not_picked":["WaveOfTheHand","ReachHeaven","Outmaneuver"],"picked":"Singing Bowl","floor":22}],"player_experience":317738,"relics_obtained":[{"floor":7.0,"key":"Singing Bowl"},{"floor":9.0,"key":"Akabeko"},{"floor":12.0,"key":"Du-Vu Doll"}],"event_choices":[{"cards_removed":["Strike_G"],"damage_healed":0.0,"max_hp_gain":0.0,"max_hp_loss":0.0,"gold_gain":0.0,"event_name":"Bonfire Elementals","player_choice":"Offered Basic","floor":2.0,"gold_loss":0.0,"damage_taken":0.0},{"damage_healed":0.0,"max_hp_gain":0.0,"max_hp_loss":0.0,"gold_gain":0.0,"event_name":"Golden Idol","player_choice":"Take Damage","floor":11.0,"gold_loss":0.0,"damage_taken":16.0,"relics_obtained":["Golden Idol"]},{"damage_healed":0,"gold_gain":0,"player_choice":"Read","damage_taken":0,"max_hp_gain":0,"max_hp_loss":0,"event_name":"The Library","floor":19,"gold_loss":0,"cards_obtained":["Infinite Blades"]}],"is_beta":false,"boss_relics":[{"not_picked":["Runic Pyramid","Runic Dome"],"picked":"Coffee Dripper"}],"items_purged_floors":[],"is_endless":false,"potions_floor_spawned":[5,7,14,20],"killed_by":"Book of Stabbing","ascension_level":14}}