{"host":"5ffrjkuvgrxgllwx","time":1610737089,"event":{"mods":["AchievementEnabler","BaseMod","Colored Map","Colored Powertips","Conspire","Hubris","Minty Spire (QoL Compilation)","Quick Restart","Rare Cards Sparkle","Replay The Spire","StSLib","everything is the same but u backflip on backflip"],"gold_per_floor":[116,131,158,171,171,171,191,191,217,217,234,265,190,208,208,282,282,297,297,297],"floor_reached":19,"language":"ENG","playtime":738,"items_purged":[],"score":313,"play_id":"55f982f3-6f8c-4afa-a402-20d572c8aa4c","local_time":"20210115135809","is_ascension_mode":true,"campfire_choices":[{"data":"Searing Blow","floor":6,"key":"SMITH"},{"data":"Searing Blow+1","floor":8,"key":"SMITH"},{"data":"Searing Blow+2","floor":15,"key":"SMITH"}],"circlet_count":0,"master_deck":["AscendersBane","Strike_R","Strike_R","Strike_R","Defend_R","Defend_R","Defend_R","Defend_R","Bash","Impervious","Twin Strike","Searing Blow+3","Evolve","Cleave","Replay:Undeath\u0027s Touch","ReplayTheSpireMod:Corrosion Curse","Reaper","Clothesline"],"relics":["Burning Blood","Anchor","Omamori","hubris:Towel","Vajra","Honey Jar"],"acts_visited":["Exordium","TheCity"],"potions_floor_usage":[12,12,16,16,19],"damage_taken":[{"damage":12,"enemies":"Cultist","floor":1,"turns":5},{"damage":10,"enemies":"conspire:RoseBush","floor":2,"turns":4},{"damage":2,"enemies":"Jaw Worm","floor":4,"turns":2},{"damage":1,"enemies":"Exordium Wildlife","floor":7,"turns":4},{"damage":2,"enemies":"2 Fungi Beasts","floor":11,"turns":3},{"damage":3,"enemies":"3 Sentries","floor":12,"turns":6},{"damage":0,"enemies":"Looter","floor":14,"turns":2},{"damage":61,"enemies":"Fading Forest","floor":16,"turns":11},{"damage":52,"enemies":"conspire:FuzzyDice","floor":18,"turns":7},{"damage":41,"enemies":"conspire:MimicChest","floor":19,"turns":6}],"seed_played":"365892650418237902","potions_obtained":[{"floor":4,"key":"Energy Potion"},{"floor":7,"key":"LifebloodPotion"},{"floor":12,"key":"Dexterity Potion"},{"floor":14,"key":"DuplicationPotion"},{"floor":18,"key":"BlessingOfTheForge"}],"is_trial":false,"path_per_floor":["M","M","T","M","?","R","M","R","T","?","M","E","?","M","R","B",null,"M","?"],"character_chosen":"IRONCLAD","items_purchased":[],"campfire_rested":0,"item_purchase_floors":[],"current_hp_per_floor":[62,58,58,62,62,62,67,67,67,67,71,74,74,75,75,20,61,22,0,0],"gold":297,"neow_bonus":"ONE_RANDOM_RARE_CARD","is_daily":false,"chose_seed":false,"campfire_upgraded":3,"win_rate":0.0,"timestamp":1610737089,"path_taken":["M","M","?","M","?","R","?","R","T","?","M","E","?","M","R","BOSS","M","?"],"items_purchased_type":[],"build_version":"2020-12-22","purchased_purges":0,"victory":false,"max_hp_per_floor":[75,75,75,75,75,75,75,75,75,75,75,75,75,75,75,75,75,75,75,75],"card_choices":[{"not_picked":["Havoc","Battle Trance"],"picked":"Twin Strike","floor":1},{"not_picked":["True Grit","hubris:ReadiedAction"],"picked":"Searing Blow","floor":2},{"not_picked":["Warcry","Burning Pact"],"picked":"Evolve","floor":4},{"not_picked":["Double Tap","ReplayReversal"],"picked":"Cleave","floor":7},{"not_picked":["Cleave","Heavy Blade"],"picked":"Replay:Undeath\u0027s Touch","floor":11},{"not_picked":["Thunderclap","Abandon"],"picked":"ReplayTheSpireMod:Corrosion Curse","floor":12},{"not_picked":["Iron Wave","Anger","Wild Strike"],"picked":"SKIP","floor":14},{"not_picked":["conspire:Purge","conspire:HitWhereItHurts"],"picked":"Reaper","floor":16},{"not_picked":["Body Slam","ReplayTheSpireMod:LeadingStrike","Entrench"],"picked":"Clothesline","floor":18}],"player_experience":1394615,"relics_obtained":[{"floor":3,"key":"Anchor"},{"floor":9,"key":"Omamori"},{"floor":12,"key":"Vajra"}],"event_choices":[{"cards_removed":["Strike_R"],"damage_healed":0,"gold_gain":0,"player_choice":"Purged","damage_taken":0,"max_hp_gain":0,"max_hp_loss":0,"event_name":"Purifier","floor":5,"gold_loss":0},{"cards_removed":["Strike_R"],"damage_healed":0,"gold_gain":0,"player_choice":"Card Removal","damage_taken":0,"max_hp_gain":0,"max_hp_loss":0,"event_name":"The Cleric","floor":13,"gold_loss":75}],"is_beta":false,"boss_relics":[{"not_picked":["hubris:RunicObelisk","Ring of Chaos"],"picked":"Honey Jar"}],"items_purged_floors":[],"is_endless":false,"potions_floor_spawned":[4,7,12,14,18],"killed_by":"conspire:MimicChest","ascension_level":17}}