{"host":"bq4pt811tk9yrmjl","time":1610717875,"event":{"mods":["AchievementEnabler","BaseMod","Colored Map","Colored Powertips","Defuse TimeMaze Blight","Hermit","Minty Spire (QoL Compilation)","StSLib","SuperFastMode"],"gold_per_floor":[111,165,181,38,38,71,71,105,105,105,179,203,217,1,22,22,22,22],"floor_reached":17,"language":"ENG","playtime":303,"items_purged":[],"score":147,"play_id":"b199d37c-48fc-4627-937e-5783e15f5a2c","local_time":"20210115113755","is_ascension_mode":true,"campfire_choices":[{"data":"hermit:FullyLoaded","floor":7,"key":"SMITH"},{"data":"hermit:Maintenance","floor":16,"key":"SMITH"}],"circlet_count":0,"master_deck":["hermit:Strike_Hermit","hermit:Strike_Hermit","hermit:Strike_Hermit","hermit:Strike_Hermit","hermit:Defend_Hermit","hermit:Defend_Hermit","hermit:Defend_Hermit","hermit:Defend_Hermit","hermit:Snapshot","hermit:Covet","hermit:FullyLoaded+1","hermit:GhostlyPresence","Injury","hermit:Coalescence","hermit:Shortfuse","hermit:Deadeye","hermit:Maintenance+1"],"relics":["hermit:Momento","NeowsBlessing","Sling","Golden Idol","Thread and Needle","Bag of Marbles","Ancient Tea Set","OrangePellets"],"acts_visited":["Exordium"],"potions_floor_usage":[8,8,8],"damage_taken":[{"damage":0,"enemies":"Jaw Worm","floor":1,"turns":1},{"damage":0,"enemies":"2 Louse","floor":3,"turns":1},{"damage":0,"enemies":"Lagavulin","floor":6,"turns":1},{"damage":16,"enemies":"3 Sentries","floor":8,"turns":7},{"damage":30,"enemies":"Lagavulin Event","floor":11,"turns":7},{"damage":0,"enemies":"Small Slimes","floor":12,"turns":2},{"damage":0,"enemies":"Gremlin Gang","floor":13,"turns":5},{"damage":0,"enemies":"Blue Slaver","floor":15,"turns":2},{"damage":30,"enemies":"Hexaghost","floor":17,"turns":7}],"seed_played":"-2899594599210692791","potions_obtained":[{"floor":1,"key":"ColorlessPotion"},{"floor":3,"key":"Strength Potion"},{"floor":6,"key":"LiquidBronze"}],"is_trial":false,"path_per_floor":["M","?","M","$","?","E","R","E","E","T","?","M","M","$","M","R","B"],"character_chosen":"HERMIT","items_purchased":["Sling","hermit:Maintenance","OrangePellets"],"campfire_rested":0,"item_purchase_floors":[4,14,14],"current_hp_per_floor":[75,75,75,75,75,75,75,59,59,59,29,29,29,29,29,29,0,0],"gold":22,"neow_bonus":"THREE_ENEMY_KILL","is_daily":false,"chose_seed":false,"campfire_upgraded":2,"win_rate":0.0,"timestamp":1610717875,"path_taken":["M","?","M","$","?","E","R","E","E","T","?","M","M","?","M","R","BOSS"],"items_purchased_type":["Relic","Card","Relic"],"build_version":"2020-12-22","purchased_purges":0,"victory":false,"max_hp_per_floor":[75,75,75,75,75,75,75,75,75,75,75,75,75,75,75,75,75,75],"card_choices":[{"not_picked":["hermit:LuckOfTheDraw","hermit:Combo"],"picked":"hermit:FullyLoaded","floor":1},{"not_picked":["hermit:BodyArmor","hermit:Coalescence"],"picked":"hermit:GhostlyPresence","floor":3},{"not_picked":["hermit:PistolWhip","hermit:Showdown"],"picked":"hermit:Coalescence","floor":6},{"not_picked":["hermit:Feint","hermit:ItchyTrigger","hermit:Ricochet"],"picked":"SKIP","floor":8},{"not_picked":["hermit:SprayPray","hermit:CalledShot"],"picked":"hermit:Shortfuse","floor":11},{"not_picked":["hermit:Ricochet","hermit:OverwhelmingPower","hermit:FullyLoaded"],"picked":"SKIP","floor":12},{"not_picked":["hermit:Deadeye","hermit:Feint","hermit:ItchyTrigger"],"picked":"SKIP","floor":13},{"not_picked":["hermit:Feint","hermit:ItchyTrigger"],"picked":"hermit:Deadeye","floor":13},{"not_picked":["hermit:HoleUp","hermit:Magnum","hermit:Gestalt"],"picked":"SKIP","floor":15}],"player_experience":162581,"relics_obtained":[{"floor":6,"key":"Thread and Needle"},{"floor":8,"key":"Bag of Marbles"},{"floor":11,"key":"Ancient Tea Set"}],"event_choices":[{"damage_healed":0,"gold_gain":54,"player_choice":"Gained Gold","damage_taken":0,"max_hp_gain":0,"max_hp_loss":0,"event_name":"Golden Wing","floor":2,"gold_loss":0},{"damage_healed":0,"gold_gain":0,"player_choice":"Take Wound","damage_taken":0,"relics_obtained":["Golden Idol"],"max_hp_gain":0,"max_hp_loss":0,"event_name":"Golden Idol","floor":5,"gold_loss":0,"cards_obtained":["Injury"]},{"damage_healed":0,"gold_gain":0,"player_choice":"Searched \u00271\u0027 times","damage_taken":0,"max_hp_gain":0,"max_hp_loss":0,"event_name":"Dead Adventurer","floor":11,"gold_loss":0}],"is_beta":false,"boss_relics":[],"items_purged_floors":[],"is_endless":false,"potions_floor_spawned":[1,3,6],"killed_by":"Hexaghost","ascension_level":1}}