{"host":"mal0jdk4f6ubgyb8","time":1610733112,"event":{"mods":["Act Like it!","Aspiration","BaseMod","Gensokyo","Hallownest","Koishi","Luminous","Marisa£®ÏF”Í°°ƒß¿Ì…≥£©","Minty Spire (QoL Compilation)","Quick Restart","Reimu£®≤©¿ˆ¡È√Œ£©","Relic Stats","Remilia£®¿Ÿ√◊¿Ú—«£©","StSLib","The Bug Knight","WarShipGirlsR/’ΩΩ¢…Ÿ≈ÆR mod","Yakumo Yukari mod","Youmu£®ªÍ∆«—˝√Œ£©","Yuri Mod","Yuyuko"],"gold_per_floor":[111,122,122,122,136,467,77,87,133,210,210,239,259,274,274,378,378,395,395,395,410,410,445,464,464,491,260,293,311,331,393,393,496,496,513,533,334,353,373,403,416,450,520,554,554,589,539,274,274,274,274,274,139,166,166],"floor_reached":56,"language":"ZHS","playtime":4280,"items_purged":["Faramita\u0027s Temptation","Sakura Sakura","Mini Ghostdom"],"score":1512,"play_id":"46db7fa3-1528-4bd8-85d8-3c3150c20fc3","local_time":"20210116015152","is_ascension_mode":true,"campfire_choices":[{"data":"Fondling of Papilio","floor":11.0,"key":"SMITH"},{"data":"Fondling of Papilio","floor":15.0,"key":"SMITH"},{"floor":25.0,"key":"RECALL"},{"data":"Trip","floor":32.0,"key":"SMITH"},{"data":"Unfulfilling Attachment","floor":45,"key":"SMITH"},{"data":"Singularity","floor":52,"key":"SMITH"}],"circlet_count":0,"master_deck":["Fantasy Butterflies","Fantasy Butterflies","Fantasy Butterflies","Fantasy Butterflies","Fantasy Butterflies","Dreamy Sakura","Dreamy Sakura","Dreamy Sakura","Dreamy Sakura","Dreamy Sakura","Deathly Ground","Fondling of Papilio+1","Sweet of Phantom","Sweet of Phantom","Trip+1","Fondling of Papilio+1","Spear of Papilio","Sakura Sakura","Unknown Petal","Sweet of Phantom","Revive The Butterflies+1","Steamed Phantom+1","Home of Suicide","Hallownest:attackFallenFury","Bloom","Showy Withering","Unfulfilling Attachment+1","Septette+1","ButterflyHabitatTemple_purple+1","Vengeance+1","Finesse+1","Singularity+1"],"relics":["Coronal","Yuyuko\u0027s fan","Old Coin","aspiration:Nostalgia","Cracked Core","Blue Candle","Ghost Lamp","SacredBark","Bottled Flame","aspiration:ChemicalBlood","PrismaticShard","Matryoshka","Philosopher\u0027s Stone","Membership Card","Toxic Egg 2","Bag of Marbles","Vajra","Pear","Turnip","Art of War","Mummified Hand","Gambling Chip","Toy Ornithopter","Strawberry"],"acts_visited":["Exordium","Hallownest:Greenpath","Hallownest:CityofTears","TheEnding"],"potions_floor_usage":[41,41,41,42,44,46,50,50,54,55,55,55],"damage_taken":[{"damage":20.0,"enemies":"Hallownest:2_Baldur","floor":1.0,"turns":4.0},{"damage":30.0,"enemies":"Hallownest:2_Tiktiks_and_1_Crawlid","floor":2.0,"turns":3.0},{"damage":17.0,"enemies":"Hallownest:2_MossCreeps","floor":5.0,"turns":5.0},{"damage":57.0,"enemies":"Hallownest:eliteCrystalGuardian","floor":6.0,"turns":6.0},{"damage":3.0,"enemies":"Hallownest:monsterAspidMother","floor":8.0,"turns":3.0},{"damage":57.0,"enemies":"Hallownest:eliteMossKnight","floor":12.0,"turns":6.0},{"damage":36.0,"enemies":"Hallownest:1_Ooma_and_2_Uuma","floor":13.0,"turns":5.0},{"damage":10.0,"enemies":"Hallownest:1_Baldur_1_Crawlid_1_Warrior","floor":14.0,"turns":2.0},{"damage":56.0,"enemies":"Hallownest:BossBrokenVessel","floor":16.0,"turns":7.0},{"damage":9.0,"enemies":"Hallownest:2_Mistakes","floor":18.0,"turns":4.0},{"damage":21.0,"enemies":"Hallownest:Guard_and_Sentry","floor":21.0,"turns":3.0},{"damage":21.0,"enemies":"Hallownest:eliteWatcherKnight","floor":23.0,"turns":9.0},{"damage":16.0,"enemies":"Hallownest:monsterMisterMushroom","floor":24.0,"turns":5.0},{"damage":30.0,"enemies":"Hallownest:eliteSoulWarrior","floor":28.0,"turns":5.0},{"damage":7.0,"enemies":"Hallownest:monsterShrumalOgre","floor":29.0,"turns":4.0},{"damage":38.0,"enemies":"Hallownest:Master_and_Novice","floor":30.0,"turns":4.0},{"damage":11.0,"enemies":"Hallownest:Glutton_and_Coward","floor":31.0,"turns":2.0},{"damage":47.0,"enemies":"Hallownest:BossGrimm","floor":33.0,"turns":3.0},{"damage":39.0,"enemies":"Hallownest:Shield_Heavy","floor":35.0,"turns":4.0},{"damage":58.0,"enemies":"Hallownest:2_Littles","floor":36.0,"turns":5.0},{"damage":69.0,"enemies":"Hallownest:Shield_Sturdy","floor":38.0,"turns":6.0},{"damage":25.0,"enemies":"Hallownest:Xero_Hu_Marmu","floor":39.0,"turns":2.0},{"damage":7.0,"enemies":"Hallownest:StalkingDevout","floor":40.0,"turns":4.0},{"damage":35,"enemies":"Hallownest:2_Wandering_and_1_Horned","floor":41,"turns":5},{"damage":18,"enemies":"Hallownest:eliteHiveKnight","floor":42,"turns":4},{"damage":10,"enemies":"Hallownest:eliteCollector","floor":44,"turns":4},{"damage":2,"enemies":"Hallownest:StalkingDevout","floor":46,"turns":4},{"damage":60,"enemies":"Hallownest:BossGreyPrinceZote","floor":50,"turns":5},{"damage":3,"enemies":"Shield and Spear","floor":54,"turns":3},{"damage":94,"enemies":"The Heart","floor":55,"turns":5}],"seed_played":"8350014011158226040","potions_obtained":[{"floor":2.0,"key":"Gelsemium Tea"},{"floor":12.0,"key":"Gelsemium Tea"},{"floor":13.0,"key":"SteroidPotion"},{"floor":16.0,"key":"Pckles"},{"floor":23.0,"key":"Pckles"},{"floor":23.0,"key":"EssenceOfSteel"},{"floor":24.0,"key":"FearPotion"},{"floor":28.0,"key":"Regen Potion"},{"floor":35.0,"key":"Dexterity Potion"},{"floor":36.0,"key":"Swift Potion"},{"floor":38.0,"key":"Strength Potion"},{"floor":38.0,"key":"Regen Potion"},{"floor":39.0,"key":"AttackPotion"},{"floor":39.0,"key":"AttackPotion"},{"floor":40.0,"key":"SpeedPotion"},{"floor":41,"key":"Regen Potion"},{"floor":41,"key":"SteroidPotion"}],"is_trial":false,"path_per_floor":["M","M","?","?","M","E","$","M","T","T","R","E","M","M","R","B",null,"M","?","?","M","?","E","M","R","T","$","E","M","M","M","R","B",null,"M","M","$","M","M","E","M","E","T","E","R","E","?","$","R","B",null,"R","$","E","B",null],"character_chosen":"YUYOKO","items_purchased":["aspiration:Nostalgia","Trip","Fondling of Papilio","Spear of Papilio","Showy Withering","PrismaticShard","Membership Card","Mummified Hand","Gambling Chip","Toy Ornithopter"],"campfire_rested":0,"item_purchase_floors":[7,7,7,7,27,27,37,48,48,53],"current_hp_per_floor":[40,24,28,19,37,31,31,41,41,41,41,15,16,10,10,37,44,26,26,26,5,5,35,30,30,30,30,39,8,40,36,36,37,54,50,46,46,36,48,18,37,1,11,59,59,63,64,64,64,42,64,64,64,28,53],"gold":166,"neow_bonus":"TEN_PERCENT_HP_BONUS","is_daily":false,"chose_seed":false,"campfire_upgraded":5,"win_rate":0.0,"timestamp":1610733112,"path_taken":["M","M","?","?","M","E","$","M","T","?","R","E","M","?","R","BOSS","M","?","?","?","?","E","M","R","T","$","E","M","M","M","R","BOSS","M","M","$","M","?","E","M","E","T","E","R","E","?","$","R","BOSS","R","$","E","BOSS"],"items_purchased_type":["Relic","Card","Card","Card","Card","Relic","Relic","Relic","Relic","Relic"],"build_version":"2020-12-22","purchased_purges":3,"victory":true,"max_hp_per_floor":[44,44,44,44,44,44,44,44,44,44,44,44,44,44,44,44,44,44,44,44,44,44,44,44,44,44,44,44,44,44,44,44,54,54,54,54,54,54,54,54,54,54,64,64,64,64,64,64,64,64,64,64,64,71,71],"relic_stats":{"counters":[30,130],"Mummified Hand":[13],"Blue Candle":[0],"Gambling Chip":[13],"Turnip":[5],"Art of War":[1],"obtain_stats":[{"Pear":43,"aspiration:Nostalgia":7,"Blue Candle":10,"SacredBark":17,"Vajra":43,"PrismaticShard":27,"Old Coin":6,"Bottled Flame":23,"Yuyuko\u0027s fan":0,"Matryoshka":28,"Mummified Hand":48,"Coronal":0,"Gambling Chip":48,"Strawberry":54,"Philosopher\u0027s Stone":34,"Turnip":44,"Ghost Lamp":12,"Bag of Marbles":42,"Art of War":46,"Membership Card":37,"Toxic Egg 2":40,"Cracked Core":7,"Toy Ornithopter":53,"aspiration:ChemicalBlood":26},{"Pear":25,"aspiration:Nostalgia":4,"Blue Candle":5,"SacredBark":9,"Vajra":25,"PrismaticShard":13,"Old Coin":4,"Bottled Flame":12,"Yuyuko\u0027s fan":0,"Matryoshka":14,"Mummified Hand":27,"Coronal":0,"Gambling Chip":27,"Strawberry":29,"Philosopher\u0027s Stone":18,"Turnip":26,"Ghost Lamp":6,"Bag of Marbles":25,"Art of War":27,"Membership Card":20,"Toxic Egg 2":23,"Cracked Core":4,"Toy Ornithopter":28,"aspiration:ChemicalBlood":13},{"Pear":109,"aspiration:Nostalgia":18,"Blue Candle":21,"SacredBark":41,"Vajra":109,"PrismaticShard":61,"Old Coin":18,"Bottled Flame":57,"Yuyuko\u0027s fan":0,"Matryoshka":66,"Mummified Hand":117,"Coronal":0,"Gambling Chip":117,"Strawberry":125,"Philosopher\u0027s Stone":79,"Turnip":113,"Ghost Lamp":27,"Bag of Marbles":109,"Art of War":117,"Membership Card":88,"Toxic Egg 2":100,"Cracked Core":18,"Toy Ornithopter":122,"aspiration:ChemicalBlood":61}],"Toy Ornithopter":15},"card_choices":[{"not_picked":["End of Faramita","Linger over Flower"],"picked":"Fondling of Papilio","floor":1.0},{"not_picked":["City of Death","Unstable Ward"],"picked":"Sweet of Phantom","floor":2.0},{"not_picked":["Unstable Ward","Steamed Phantom"],"picked":"Sakura Sakura","floor":5.0},{"not_picked":["Redemption of Death","Gone"],"picked":"Sweet of Phantom","floor":6.0},{"not_picked":["Final of Final","Dying Butterflies"],"picked":"Sakura Sakura","floor":8.0},{"not_picked":["Steamed Phantom","Elegance","Unstable Ward"],"picked":"SKIP","floor":12.0},{"not_picked":["Triple Snow","Showy Withering"],"picked":"Unknown Petal","floor":13.0},{"not_picked":["Linger over Flower","Redemption of Death"],"picked":"Sweet of Phantom","floor":14.0},{"not_picked":["Ghastly Dream","Bury in The Template"],"picked":"Revive The Butterflies","floor":16.0},{"not_picked":["The Forgotten Winter+1","Gather the Spring"],"picked":"Steamed Phantom+1","floor":18.0},{"not_picked":[],"picked":"Home of Suicide","floor":20.0},{"not_picked":["Immigrant Phantom","Linger over Flower"],"picked":"Mini Ghostdom","floor":21.0},{"not_picked":["Serene Spring+1","Unreal"],"picked":"Bloom","floor":23.0},{"not_picked":["Reverse The Screen","Sakura Ward","Gone"],"picked":"SKIP","floor":24.0},{"not_picked":["Koishi:PhilosophyOfTheDespised","StarlightTyphoon","yuri:ThornRemove"],"picked":"SKIP","floor":28.0},{"not_picked":["Iron Wave","MysteriousBeam","Gensokyo:SalamanderShield"],"picked":"SKIP","floor":29.0},{"not_picked":["Body Slam","Reverse The Screen","Koishi:GhostParty"],"picked":"SKIP","floor":30.0},{"not_picked":["Gone+1","GrandCross","SandsOfTime"],"picked":"SKIP","floor":31.0},{"not_picked":["Koishi:TerrifyingSpectre","Reaper"],"picked":"Unfulfilling Attachment","floor":33.0},{"not_picked":["Reverse The Screen","Deadly Poison","Indignation+1"],"picked":"SKIP","floor":35.0},{"not_picked":["yuri:RepairCode","Gensokyo:SalamanderShield"],"picked":"Septette+1","floor":36.0},{"not_picked":["Pummel","HollowMod:InfectedCysts","AlertArray:ReiMu+1"],"picked":"SKIP","floor":38.0},{"not_picked":["yuri:HeavierStrike+1","Good Instincts+1"],"picked":"ButterflyHabitatTemple_purple+1","floor":39.0},{"not_picked":["Shrug It Off+1","Leap+1"],"picked":"Vengeance+1","floor":40.0},{"not_picked":["CareerPray:ReiMu+1","All Wander+1","Armaments+1"],"picked":"SKIP","floor":41},{"not_picked":["GrandCross","Brutality"],"picked":"Finesse+1","floor":42},{"not_picked":["HollowMod:SoulEater","Hologram+1","rmod:stealaluminum"],"picked":"SKIP","floor":44},{"not_picked":["Luminous:Light_Disperse","Luminous:Chase_Spell_Luminous+1"],"picked":"Singularity","floor":46},{"not_picked":["SfantasyHide_purple+1","Adaptation","Consecrate+1"],"picked":"SKIP","floor":54}],"player_experience":312112,"relics_obtained":[{"floor":6.0,"key":"Old Coin"},{"floor":10.0,"key":"Blue Candle"},{"floor":12.0,"key":"Ghost Lamp"},{"floor":23.0,"key":"Bottled Flame"},{"floor":26.0,"key":"aspiration:ChemicalBlood"},{"floor":28.0,"key":"Matryoshka"},{"floor":40.0,"key":"Toxic Egg 2"},{"floor":42,"key":"Bag of Marbles"},{"floor":43,"key":"Vajra"},{"floor":43,"key":"Pear"},{"floor":44,"key":"Turnip"},{"floor":46,"key":"Art of War"},{"floor":54,"key":"Strawberry"}],"event_choices":[],"is_beta":false,"boss_relics":[{"not_picked":["Pandora\u0027s Box","aspiration:FutureDiary"],"picked":"SacredBark"},{"not_picked":["aspiration:WatcherSkillbook","Tiny House"],"picked":"Philosopher\u0027s Stone"}],"items_purged_floors":[7,37,53],"is_endless":false,"potions_floor_spawned":[2,12,13,16,23,24,28,30,35,36,39,40],"ascension_level":4}}