{"host":"msmkw03x1o7nq45i","time":1610733616,"event":{"mods":["AchievementEnabler","BaseMod","Bestiary","Colored Powertips","GifTheSpireLib","Highlight Path","Minty Spire (QoL Compilation)","Random Character Button","StSLib","everything is the same but u backflip on backflip"],"gold_per_floor":[115,128,147,147,163,194,30,30,30,30,62,73,90,117,117,217,217,233,233,257,276,276,293,293,322,322,350,350,368,398,411,411,506,506,523,523,292,292,303,338,338,372,372,388,413,15,15,0,0,0],"floor_reached":51,"language":"ENG","playtime":3329,"items_purged":["Bite","Bite"],"score":1566,"play_id":"d0cca70e-c244-4d05-984c-88739053781c","local_time":"20210115200016","is_ascension_mode":true,"campfire_choices":[{"data":"Blade Dance","floor":8,"key":"SMITH"},{"data":"Neutralize","floor":10,"key":"SMITH"},{"data":"Bouncing Flask","floor":15,"key":"SMITH"},{"data":"Die Die Die","floor":24,"key":"SMITH"},{"data":"Footwork","floor":28,"key":"SMITH"},{"data":"Sadistic Nature","floor":32,"key":"SMITH"},{"data":"Catalyst","floor":41,"key":"SMITH"},{"data":"A Thousand Cuts","floor":47,"key":"SMITH"},{"data":"Bouncing Flask","floor":49,"key":"SMITH"}],"circlet_count":0,"master_deck":["AscendersBane","Defend_G","Defend_G","Defend_G","Defend_G","Defend_G","Survivor","Neutralize+1","Blade Dance+1","Bouncing Flask+1","Blur","Catalyst+1","Sadistic Nature+1","Die Die Die+1","Deadly Poison","Footwork+1","Bullet Time","Bite","Bite","Bite","Bouncing Flask+1","PiercingWail","Acrobatics","Adrenaline","Backflip+1","Crippling Poison+1","Blade Dance+1","Crippling Poison+1","A Thousand Cuts+1","PiercingWail","Good Instincts"],"relics":["Ring of the Serpent","PreservedInsect","Mummified Hand","Ice Cream","FossilizedHelix","Du-Vu Doll","Coffee Dripper","Tiny Chest","Bag of Marbles","Turnip","Orichalcum","Blood Vial","Vajra","Toolbox","Mercury Hourglass","Snake Skull","Ninja Scroll","MealTicket","Red Mask"],"acts_visited":["Exordium","TheCity","TheBeyond"],"potions_floor_usage":[14,25,27,40,50],"damage_taken":[{"damage":10,"enemies":"Jaw Worm","floor":1,"turns":7},{"damage":0,"enemies":"Small Slimes","floor":2,"turns":3},{"damage":0,"enemies":"Cultist","floor":3,"turns":3},{"damage":12,"enemies":"Lots of Slimes","floor":5,"turns":7},{"damage":5,"enemies":"Lagavulin","floor":6,"turns":7},{"damage":0,"enemies":"Gremlin Nob","floor":11,"turns":2},{"damage":0,"enemies":"Large Slime","floor":12,"turns":6},{"damage":0,"enemies":"3 Louse","floor":13,"turns":3},{"damage":0,"enemies":"Lagavulin","floor":14,"turns":3},{"damage":0,"enemies":"Hexaghost","floor":16,"turns":8},{"damage":0,"enemies":"3 Byrds","floor":18,"turns":4},{"damage":0,"enemies":"Shell Parasite","floor":21,"turns":4},{"damage":0,"enemies":"Snecko","floor":23,"turns":2},{"damage":0,"enemies":"Slavers","floor":25,"turns":3},{"damage":10,"enemies":"Book of Stabbing","floor":27,"turns":4},{"damage":0,"enemies":"Snake Plant","floor":29,"turns":2},{"damage":0,"enemies":"Slavers","floor":30,"turns":3},{"damage":0,"enemies":"Chosen and Byrds","floor":31,"turns":5},{"damage":2,"enemies":"Collector","floor":33,"turns":6},{"damage":0,"enemies":"Orb Walker","floor":35,"turns":2},{"damage":0,"enemies":"3 Darklings","floor":39,"turns":3},{"damage":0,"enemies":"Giant Head","floor":40,"turns":6},{"damage":5,"enemies":"Reptomancer","floor":42,"turns":4},{"damage":0,"enemies":"Jaw Worm Horde","floor":44,"turns":3},{"damage":0,"enemies":"Giant Head","floor":45,"turns":3},{"damage":31,"enemies":"Donu and Deca","floor":50,"turns":6}],"seed_played":"395580754816299211","potions_obtained":[{"floor":6,"key":"ColorlessPotion"},{"floor":11,"key":"ColorlessPotion"},{"floor":14,"key":"SneckoOil"},{"floor":16,"key":"GamblersBrew"},{"floor":25,"key":"Swift Potion"},{"floor":29,"key":"LiquidBronze"},{"floor":31,"key":"Fruit Juice"},{"floor":40,"key":"Regen Potion"}],"is_trial":false,"path_per_floor":["M","M","M","?","M","E","$","R","T","R","E","M","M","E","R","B",null,"M","?","T","M","?","M","R","E","T","E","R","M","E","M","R","B",null,"M","T","$","?","M","E","R","E","T","M","E","$","R","?","R","B",null],"character_chosen":"THE_SILENT","items_purchased":["Sadistic Nature","Toolbox","A Thousand Cuts","PiercingWail","Good Instincts"],"campfire_rested":0,"item_purchase_floors":[7,37,46,46,46],"current_hp_per_floor":[53,53,53,53,41,36,36,36,36,36,36,36,36,36,36,36,62,62,49,49,49,49,49,49,49,49,41,41,45,49,49,49,49,49,49,49,49,47,47,52,52,49,49,52,52,52,52,52,52,32],"gold":0,"neow_bonus":"RANDOM_COMMON_RELIC","is_daily":false,"chose_seed":false,"campfire_upgraded":9,"win_rate":0.0,"timestamp":1610733616,"path_taken":["M","M","M","?","M","E","$","R","T","R","E","M","M","E","R","BOSS","M","?","?","M","?","?","R","E","T","E","R","M","E","?","R","BOSS","M","?","$","?","M","E","R","E","T","M","E","$","R","?","R","BOSS"],"items_purchased_type":["Card","Relic","Card","Card","Card"],"build_version":"2020-12-22","purchased_purges":2,"victory":true,"max_hp_per_floor":[70,70,70,70,70,70,70,70,70,70,70,70,70,70,70,70,70,70,49,49,49,49,49,49,49,49,49,49,49,49,49,49,49,49,49,49,49,47,47,52,52,52,52,52,52,52,52,52,52,52],"card_choices":[{"not_picked":["Poisoned Stab","Reflex"],"picked":"Blade Dance","floor":1},{"not_picked":["Quick Slash","Tactician"],"picked":"Bouncing Flask","floor":2},{"not_picked":["Backflip","Setup","Tactician"],"picked":"SKIP","floor":3},{"not_picked":["Dagger Throw","Deadly Poison","Prepared"],"picked":"SKIP","floor":5},{"not_picked":["Backflip","Finisher"],"picked":"Catalyst","floor":6},{"not_picked":["Sucker Punch","After Image"],"picked":"Die Die Die","floor":11},{"not_picked":["Infinite Blades","Predator"],"picked":"Deadly Poison","floor":12},{"not_picked":["Skewer","Tactician"],"picked":"Footwork","floor":13},{"not_picked":["Bane","Infinite Blades","Sucker Punch"],"picked":"SKIP","floor":14},{"not_picked":["Unload","Doppelganger"],"picked":"Bullet Time","floor":16},{"not_picked":["Sucker Punch","Concentrate+1","Prepared"],"picked":"SKIP","floor":18},{"not_picked":["Riddle With Holes+1","Eviscerate"],"picked":"Bouncing Flask","floor":21},{"not_picked":["Deadly Poison","Quick Slash+1","Outmaneuver"],"picked":"SKIP","floor":23},{"not_picked":["Poisoned Stab","Endless Agony"],"picked":"Acrobatics","floor":25},{"not_picked":["Dagger Throw","Caltrops"],"picked":"Adrenaline","floor":27},{"not_picked":["Escape Plan","Calculated Gamble","Blur"],"picked":"SKIP","floor":29},{"not_picked":["Underhanded Strike","Quick Slash","Endless Agony+1"],"picked":"SKIP","floor":30},{"not_picked":["Underhanded Strike","Bane","Flechettes"],"picked":"SKIP","floor":31},{"not_picked":["Poisoned Stab","Prepared"],"picked":"Backflip+1","floor":35},{"not_picked":["Bane","Terror+1"],"picked":"Crippling Poison+1","floor":39},{"not_picked":["Bane","Dodge and Roll+1"],"picked":"Blade Dance+1","floor":40},{"not_picked":["Terror","Heel Hook+1","Outmaneuver"],"picked":"SKIP","floor":42},{"not_picked":["Masterful Stab","Dagger Throw+1"],"picked":"Crippling Poison+1","floor":44},{"not_picked":["Dagger Spray","Escape Plan","Deflect"],"picked":"SKIP","floor":45}],"player_experience":381158,"relics_obtained":[{"floor":6,"key":"Mummified Hand"},{"floor":9,"key":"Ice Cream"},{"floor":11,"key":"FossilizedHelix"},{"floor":14,"key":"Du-Vu Doll"},{"floor":20,"key":"Tiny Chest"},{"floor":25,"key":"Bag of Marbles"},{"floor":26,"key":"Turnip"},{"floor":27,"key":"Orichalcum"},{"floor":30,"key":"Blood Vial"},{"floor":36,"key":"Vajra"},{"floor":40,"key":"Mercury Hourglass"},{"floor":42,"key":"Snake Skull"},{"floor":43,"key":"Ninja Scroll"},{"floor":45,"key":"MealTicket"}],"event_choices":[{"damage_healed":0,"gold_gain":0,"cards_transformed":["Strike_G"],"player_choice":"Change","damage_taken":0,"max_hp_gain":0,"max_hp_loss":0,"event_name":"Living Wall","floor":4,"gold_loss":0,"cards_obtained":["Blur"]},{"damage_healed":0,"gold_gain":0,"player_choice":"Became a vampire","damage_taken":0,"max_hp_gain":0,"max_hp_loss":21,"event_name":"Vampires","floor":19,"gold_loss":0,"cards_obtained":["Bite","Bite","Bite","Bite","Bite"]},{"damage_healed":0,"gold_gain":0,"player_choice":"Read","damage_taken":0,"max_hp_gain":0,"max_hp_loss":0,"event_name":"The Library","floor":22,"gold_loss":0,"cards_obtained":["PiercingWail"]},{"damage_healed":0,"gold_gain":0,"player_choice":"Max HP","damage_taken":0,"max_hp_gain":0,"max_hp_loss":2,"event_name":"Winding Halls","floor":38,"gold_loss":0},{"damage_healed":0,"gold_gain":0,"player_choice":"Paid","damage_taken":0,"relics_obtained":["Red Mask"],"max_hp_gain":0,"max_hp_loss":0,"event_name":"Tomb of Lord Red Mask","floor":48,"gold_loss":15}],"is_beta":false,"boss_relics":[{"not_picked":["Busted Crown","Fusion Hammer"],"picked":"Coffee Dripper"},{"not_picked":["WristBlade","SacredBark"],"picked":"Ring of the Serpent"}],"items_purged_floors":[37,46],"is_endless":false,"potions_floor_spawned":[6,11,14,16,18,25,29,31,40,42],"ascension_level":12}}