{"host":"mykjnfgvckiyjptv","time":1610744737,"event":{"mods":["2.2 Compatiblity","Act Like it!","Aspiration","BaseMod","Better Altar","Better Third Choice","BetterRewards","Card Forge","Custom Start","Dio Mod","Energized Spire","GifTheSpireLib","Gold Saver","Halation","Hermit","Hubris","Hyrulean Relics","Jedi Mod","Minty Spire (QoL Compilation)","Pale of the Ancients","Practice Mode","Replay The Spire","Robot Space Explorer","Shade Mod","Small Relic Pack","Spicy Shops","Spikes Relics","StSLib","Stuff the Spire","vexMod"],"gold_per_floor":[844,844,162,162,162,162,162,162,162,162,7,7,7,7,7,7,7,7,7,7,18,82,117,134,169,196,232,272,335,390,428,428,553,553,564,577,577,593,603,641,653,687,687,687,714,714,476,489,489,489,527,539,539,565,565,608,608,608,608,608],"floor_reached":61,"language":"ENG","playtime":6801,"items_purged":[],"score":2243,"play_id":"08322730-6ba5-4fe5-8bfc-512643933beb","local_time":"20210115150537","is_ascension_mode":true,"campfire_choices":[{"floor":7.0,"key":"RECALL"},{"data":"RobotSpaceExplorer:BlastShield","floor":13.0,"key":"SMITH"},{"data":"HandOfGreed","floor":15.0,"key":"SMITH"},{"floor":32.0,"key":"REST"},{"floor":44.0,"key":"REST"},{"floor":49.0,"key":"REST"},{"floor":55.0,"key":"REST"},{"floor":57,"key":"REST"}],"circlet_count":0,"master_deck":["RobotSpaceExplorer:Defend+1","RobotSpaceExplorer:MiniLasers+1","RobotSpaceExplorer:JunkDive+1","HandOfGreed+1","RobotSpaceExplorer:LaserBurst+1","RobotSpaceExplorer:ShovelStrike+1","RobotSpaceExplorer:Scanner+1","RobotSpaceExplorer:ScrapToss+1","RobotSpaceExplorer:BlastShield+1","RobotSpaceExplorer:ShovelStrike+1","RobotSpaceExplorer:LuckyStrike+1","RobotSpaceExplorer:Accelerator+1","RobotSpaceExplorer:ShovelStrike+1","RobotSpaceExplorer:Fix+1","hubris:NaturalOne","RobotSpaceExplorer:ShovelStrike+1","RobotSpaceExplorer:ShovelStrike+1","RobotSpaceExplorer:TrailblazerForm+1","RobotSpaceExplorer:ImprovisedAttack+1","RobotSpaceExplorer:ChargingLaser+1","RobotSpaceExplorer:Accelerator","hubris:DuctTapeCard"],"relics":["RobotSpaceExplorer:RoboCore","Hammer of Thor","Seething Fire","Anvil of the Gods","aspiration:ChemicalBlood","hubris:DuctTape","Iron Hammer","jedi:ominousloannote","halation:Trompette","aspiration:HatOfInfinitePower","Vajra","Sling","hubris:SlimyHat","Orrery","Replay:Ringing Soul","MealTicket","Blue Doll","hubris:Icosahedron","Replay:Wanted Poster","Orichalcum","Replay:Rubber Ducky","jedi:arcanewood","Pen Nib","Cursed Key","halation:PenCase","BrokenLever","paleoftheancients:Timepiece","paleoftheancients:KeyRelic","Oddly Smooth Stone","Letter Opener","RobotSpaceExplorer:FoglandsKnife","paleoftheancients:SoulOfTheVixen","Rawhide"],"acts_visited":["Exordium","TheCity","TheBeyond","paleoftheancients:PaleOfTheAncients"],"potions_floor_usage":[60],"damage_taken":[{"damage":2.0,"enemies":"2 Louse","floor":1.0,"turns":3.0},{"damage":0.0,"enemies":"Small Slimes","floor":5.0,"turns":1.0},{"damage":14.0,"enemies":"Replay:BlueRogue","floor":6.0,"turns":2.0},{"damage":0.0,"enemies":"Gremlin Nob","floor":10.0,"turns":1.0},{"damage":0.0,"enemies":"Jaw Worm","floor":12.0,"turns":2.0},{"damage":35.0,"enemies":"The Guardian","floor":16.0,"turns":12.0},{"damage":5.0,"enemies":"3 Byrds","floor":18.0,"turns":3.0},{"damage":0.0,"enemies":"Spheric Guardian","floor":19.0,"turns":1.0},{"damage":0.0,"enemies":"Chosen and Byrds","floor":21.0,"turns":3.0},{"damage":26.0,"enemies":"Shelled Parasite and Fungi","floor":22.0,"turns":2.0},{"damage":5.0,"enemies":"Slavers","floor":23.0,"turns":3.0},{"damage":0.0,"enemies":"Snake Plant","floor":24.0,"turns":3.0},{"damage":11.0,"enemies":"Book of Stabbing","floor":25.0,"turns":4.0},{"damage":18.0,"enemies":"Cultist and Chosen","floor":27.0,"turns":4.0},{"damage":12.0,"enemies":"Centurion and Healer","floor":28.0,"turns":2.0},{"damage":9.0,"enemies":"3 Cultists","floor":29.0,"turns":4.0},{"damage":0.0,"enemies":"Slavers","floor":30.0,"turns":2.0},{"damage":0.0,"enemies":"Snake Plant","floor":31.0,"turns":3.0},{"damage":20.0,"enemies":"Pondfish","floor":33.0,"turns":11.0},{"damage":0.0,"enemies":"3 Darklings","floor":35.0,"turns":3.0},{"damage":0.0,"enemies":"Orb Walker","floor":36.0,"turns":3.0},{"damage":18.0,"enemies":"4 Shapes","floor":38.0,"turns":3.0},{"damage":0.0,"enemies":"Sphere and 2 Shapes","floor":39.0,"turns":1.0},{"damage":0.0,"enemies":"3 Darklings","floor":40.0,"turns":3.0},{"damage":0.0,"enemies":"Jaw Worm Horde","floor":41.0,"turns":1.0},{"damage":0.0,"enemies":"R_Hoarder","floor":42.0,"turns":3.0},{"damage":0.0,"enemies":"Nemesis","floor":45.0,"turns":3.0},{"damage":0.0,"enemies":"Writhing Mass","floor":48.0,"turns":4.0},{"damage":20.0,"enemies":"hubris:GrandSnecko","floor":50.0,"turns":6.0},{"damage":0.0,"enemies":"hubris:GrandSnecko","floor":51.0,"turns":3.0},{"damage":9.0,"enemies":"hubris:GrandSnecko","floor":52.0,"turns":6.0},{"damage":0.0,"enemies":"hubris:GrandSnecko","floor":56.0,"turns":2.0},{"damage":55,"enemies":"paleoftheancients:N","floor":60,"turns":10}],"seed_played":"-3533663932745865606","potions_obtained":[{"floor":1.0,"key":"PowerPotion"},{"floor":16.0,"key":"Elixir"},{"floor":18.0,"key":"SpeedPotion"},{"floor":23.0,"key":"SpeedPotion"},{"floor":24.0,"key":"SkillPotion"},{"floor":27.0,"key":"Reflective Coating"},{"floor":29.0,"key":"jedi:StrikingPotion"},{"floor":33.0,"key":"jedi:StrikingPotion"},{"floor":36.0,"key":"Adrenaline Potion"},{"floor":42.0,"key":"Swift Potion"},{"floor":48.0,"key":"DistilledChaos"},{"floor":52.0,"key":"SmokeBomb"}],"is_trial":false,"path_per_floor":["M","?","$","?","M","E","R","?","T","E","$","M","R","?","R","B",null,"M","M","?","M","M","E","M","E","T","M","M","M","E","M","R","B",null,"M","M","?","M","M","M","M","E","T","R","E","?","$","M","R","B","M","M","?","T","R","M","R","T","?","B",null],"character_chosen":"RobotSpaceExplorer","items_purchased":["RobotSpaceExplorer:JunkDive","aspiration:ChemicalBlood","Finesse","hubris:DuctTape","Iron Hammer","jedi:ominousloannote","halation:Trompette","HandOfGreed","aspiration:HatOfInfinitePower","Vajra","Sling","hubris:SlimyHat","Orrery","Blue Doll","BrokenLever"],"campfire_rested":5,"item_purchase_floors":[0,0,0,0,0,0,0,0,3,3,3,3,3,11,47],"current_hp_per_floor":[73,62,62,67,77,66,66,81,81,83,83,86,86,86,86,54,89,84,87,87,90,64,68,72,61,61,49,37,31,34,34,65,52,107,110,110,113,98,101,101,111,111,114,122,122,122,122,125,125,125,125,121,124,127,128,131,131,134,134,79],"gold":608,"neow_bonus":"","is_daily":false,"chose_seed":false,"campfire_upgraded":2,"win_rate":0.0,"timestamp":1610744737,"path_taken":["M","?","$","?","M","E","R","?","T","E","?","?","R","?","R","BOSS","M","M","?","M","M","E","M","E","T","M","M","M","E","M","R","BOSS","M","M","?","M","?","M","?","E","T","R","E","?","$","M","R","BOSS","M","M","?","T","R","M","R","T","?","BOSS"],"items_purchased_type":["Card","Relic","Card","Relic","Relic","Relic","Relic","Card","Relic","Relic","Relic","Relic","Relic","Relic","Relic"],"build_version":"2020-12-22","purchased_purges":0,"victory":true,"max_hp_per_floor":[75,75,75,80,80,83,83,83,83,83,83,86,86,86,86,89,89,89,92,92,95,95,98,98,98,98,98,98,101,104,104,104,107,107,110,110,113,116,119,119,119,119,122,122,122,122,122,125,125,125,125,122,125,128,128,131,131,134,134,134],"card_choices":[{"not_picked":["RobotSpaceExplorer:Counterblock","RobotSpaceExplorer:GlueSpray"],"picked":"RobotSpaceExplorer:LaserBurst","floor":1.0},{"not_picked":["RobotSpaceExplorer:ShockKick","RobotSpaceExplorer:SurgingStrike"],"picked":"RobotSpaceExplorer:ShovelStrike","floor":3.0},{"not_picked":["RobotSpaceExplorer:Explosion","RobotSpaceExplorer:Autoloader"],"picked":"RobotSpaceExplorer:Scanner","floor":3.0},{"not_picked":["RobotSpaceExplorer:StarDust","RobotSpaceExplorer:Autoloader"],"picked":"RobotSpaceExplorer:ScrapToss","floor":3.0},{"not_picked":["RobotSpaceExplorer:SwiftStep","RobotSpaceExplorer:ImprovisedAttack"],"picked":"RobotSpaceExplorer:BlastShield","floor":3.0},{"not_picked":["RobotSpaceExplorer:PowerGlove","RobotSpaceExplorer:Counterblock","RobotSpaceExplorer:GlueShot"],"picked":"SKIP","floor":5.0},{"not_picked":["RobotSpaceExplorer:Fix","RobotSpaceExplorer:Ammunition"],"picked":"RobotSpaceExplorer:ShovelStrike","floor":6.0},{"not_picked":["RobotSpaceExplorer:ScrapToss","RobotSpaceExplorer:MetalStrike","RobotSpaceExplorer:GlueShot"],"picked":"SKIP","floor":10.0},{"not_picked":["RobotSpaceExplorer:FrostMissile","RobotSpaceExplorer:Electropulse"],"picked":"RobotSpaceExplorer:LuckyStrike","floor":12.0},{"not_picked":["RobotSpaceExplorer:Arsenal","RobotSpaceExplorer:Asteroid"],"picked":"RobotSpaceExplorer:Accelerator","floor":16.0},{"not_picked":["RobotSpaceExplorer:SurgingShield+1","RobotSpaceExplorer:SurgingStrike","RobotSpaceExplorer:ShockKick"],"picked":"SKIP","floor":18.0},{"not_picked":["RobotSpaceExplorer:MakeshiftVolley","RobotSpaceExplorer:GlueShot"],"picked":"RobotSpaceExplorer:ShovelStrike","floor":19.0},{"not_picked":["RobotSpaceExplorer:FranticSearch","RobotSpaceExplorer:SwiftStep"],"picked":"RobotSpaceExplorer:Fix","floor":21.0},{"not_picked":["RobotSpaceExplorer:ImprovisedAttack","RobotSpaceExplorer:DoubleFind","RobotSpaceExplorer:SwiftStep"],"picked":"SKIP","floor":22.0},{"not_picked":["RobotSpaceExplorer:GlueShot","RobotSpaceExplorer:StunGrenade","RobotSpaceExplorer:SlimeMissile"],"picked":"SKIP","floor":23.0},{"not_picked":["RobotSpaceExplorer:ToxicBomb","RobotSpaceExplorer:SlimeMissile","RobotSpaceExplorer:MiniDrones"],"picked":"SKIP","floor":24.0},{"not_picked":["RobotSpaceExplorer:Comet","RobotSpaceExplorer:Counterblock","RobotSpaceExplorer:FrostMissile"],"picked":"SKIP","floor":25.0},{"not_picked":["RobotSpaceExplorer:Probe","RobotSpaceExplorer:Ammunition","RobotSpaceExplorer:PlasmaMissile"],"picked":"SKIP","floor":27.0},{"not_picked":["RobotSpaceExplorer:Probe","RobotSpaceExplorer:SurgingShield+1","RobotSpaceExplorer:ShovelStrike+1"],"picked":"SKIP","floor":28.0},{"not_picked":["RobotSpaceExplorer:Comet","RobotSpaceExplorer:MiniDrones"],"picked":"RobotSpaceExplorer:ShovelStrike+1","floor":29.0},{"not_picked":["RobotSpaceExplorer:SurgingShield","RobotSpaceExplorer:FranticSearch"],"picked":"RobotSpaceExplorer:ShovelStrike+1","floor":30.0},{"not_picked":["RobotSpaceExplorer:SurgingShield","RobotSpaceExplorer:FrostMissile","RobotSpaceExplorer:IronShell"],"picked":"SKIP","floor":31.0},{"not_picked":["RobotSpaceExplorer:Autoloader","RobotSpaceExplorer:Arsenal"],"picked":"RobotSpaceExplorer:TrailblazerForm","floor":33.0},{"not_picked":["RobotSpaceExplorer:SurgingShield","RobotSpaceExplorer:MetalStrike"],"picked":"RobotSpaceExplorer:ImprovisedAttack","floor":35.0},{"not_picked":["RobotSpaceExplorer:SurgingShield","RobotSpaceExplorer:Pulsar+1","RobotSpaceExplorer:Counterblock+1"],"picked":"SKIP","floor":36.0},{"not_picked":["RobotSpaceExplorer:TurboDodge","RobotSpaceExplorer:SlimeMissile+1"],"picked":"RobotSpaceExplorer:BigMissile+1","floor":38.0},{"not_picked":["RobotSpaceExplorer:ShockKick","RobotSpaceExplorer:GlueSpray"],"picked":"RobotSpaceExplorer:ChargingLaser","floor":39.0},{"not_picked":["RobotSpaceExplorer:ImprovisedAttack+1","RobotSpaceExplorer:Probe+1","RobotSpaceExplorer:FranticSearch"],"picked":"SKIP","floor":40.0},{"not_picked":["RobotSpaceExplorer:ImprovisedAttack","RobotSpaceExplorer:ToxicBomb","RobotSpaceExplorer:Electroshield"],"picked":"SKIP","floor":41.0},{"not_picked":["RobotSpaceExplorer:MakeshiftVolley","RobotSpaceExplorer:SwiftStep","RobotSpaceExplorer:StunGrenade"],"picked":"SKIP","floor":42.0},{"not_picked":["RobotSpaceExplorer:StunGrenade+1","RobotSpaceExplorer:PlasmaMissile","RobotSpaceExplorer:Smokescreen+1"],"picked":"SKIP","floor":45.0},{"not_picked":["RobotSpaceExplorer:TurboDodge","RobotSpaceExplorer:ImprovisedAttack","RobotSpaceExplorer:Counterblock+1"],"picked":"SKIP","floor":48.0},{"not_picked":["RobotSpaceExplorer:LaserBurst+1","RobotSpaceExplorer:PlasmaMissile","RobotSpaceExplorer:Counterblock"],"picked":"SKIP","floor":51.0},{"not_picked":["RobotSpaceExplorer:SwiftStep+1","RobotSpaceExplorer:MetalStrike+1","RobotSpaceExplorer:Probe+1"],"picked":"SKIP","floor":52.0},{"not_picked":["RobotSpaceExplorer:SwiftStep+1","RobotSpaceExplorer:RigExplosive"],"picked":"RobotSpaceExplorer:Accelerator","floor":56.0}],"player_experience":441557,"relics_obtained":[{"floor":6.0,"key":"Replay:Ringing Soul"},{"floor":10.0,"key":"MealTicket"},{"floor":23.0,"key":"Orichalcum"},{"floor":25.0,"key":"Replay:Rubber Ducky"},{"floor":26.0,"key":"jedi:arcanewood"},{"floor":30.0,"key":"Pen Nib"},{"floor":43.0,"key":"halation:PenCase"},{"floor":54.0,"key":"RobotSpaceExplorer:FoglandsKnife"},{"floor":56.0,"key":"paleoftheancients:SoulOfTheVixen"},{"floor":58,"key":"Rawhide"}],"event_choices":[{"damage_healed":0.0,"max_hp_gain":0.0,"max_hp_loss":0.0,"gold_gain":75.0,"event_name":"betterThird:BetterGoop","player_choice":"Gold","floor":2.0,"gold_loss":0.0,"damage_taken":11.0},{"damage_healed":0.0,"max_hp_gain":5.0,"max_hp_loss":0.0,"gold_gain":0.0,"event_name":"Big Fish","player_choice":"Donut","floor":4.0,"gold_loss":0.0,"damage_taken":0.0},{"damage_healed":0.0,"max_hp_gain":0.0,"max_hp_loss":0.0,"gold_gain":0.0,"event_name":"Vampires","player_choice":"Ignored","floor":20.0,"gold_loss":0.0,"damage_taken":0.0},{"damage_healed":0.0,"max_hp_gain":0.0,"max_hp_loss":0.0,"gold_gain":0.0,"cards_transformed":["RobotSpaceExplorer:Defend"],"event_name":"Transmorgrifier","player_choice":"Transformed","floor":37.0,"gold_loss":0.0,"damage_taken":0.0,"cards_obtained":["RobotSpaceExplorer:Explosion"]}],"is_beta":false,"boss_relics":[{"not_picked":["aspiration:FutureDiary","halation:Yufonium"],"picked":"Replay:Wanted Poster"},{"not_picked":["jedi:battlestandard","energizedSpire:EnergizedDie"],"picked":"Cursed Key"}],"items_purged_floors":[],"is_endless":false,"potions_floor_spawned":[1,16,18,23,24,27,29,33,36,39,42,48,52,56],"ascension_level":1}}