{"host":"qa029bqsloh3rj2z","time":1610684194,"event":{"mods":["AchievementEnabler","BaseMod","Colored Map","Colored Powertips","DeckTracker","Fox Events","Minty Spire (QoL Compilation)","Permanent Neow","StSLib","Waifu the Spire","篝火指南"],"gold_per_floor":[113,188,188,205,155,181,181,106,106,123,123,150,207,225,225,320,320,340,356,356,370,370,270,304,323,403,328,328,347,446,464,464,464,464],"floor_reached":33,"language":"ENG","playtime":1579,"items_purged":["Strike_R","Strike_R"],"score":325,"play_id":"f9c72058-63e4-4672-b604-de460fc8a608","local_time":"20210114231634","is_ascension_mode":false,"campfire_choices":[{"data":"Demon Form","floor":7,"key":"SMITH"},{"data":"Whirlwind","floor":11,"key":"SMITH"},{"floor":15,"key":"REST"},{"floor":32,"key":"REST"}],"circlet_count":0,"master_deck":["Strike_R","Defend_R","Defend_R","Demon Form+1","Heavy Blade","Spot Weakness","Whirlwind+1","Inflame","Clash","Flex"],"relics":["Burning Blood","Mercury Hourglass","Nunchaku","Blood Vial","Lantern","Empty Cage","Question Card","Self Forming Clay"],"acts_visited":["Exordium","TheCity"],"potions_floor_usage":[29,33,33],"damage_taken":[{"damage":5,"enemies":"Cultist","floor":1,"turns":4},{"damage":6,"enemies":"Jaw Worm","floor":4,"turns":2},{"damage":25,"enemies":"3 Sentries","floor":6,"turns":6},{"damage":12,"enemies":"2 Louse","floor":10,"turns":3},{"damage":13,"enemies":"Lagavulin","floor":12,"turns":4},{"damage":15,"enemies":"Exordium Thugs","floor":14,"turns":3},{"damage":0,"enemies":"Slime Boss","floor":16,"turns":6},{"damage":10,"enemies":"3 Byrds","floor":18,"turns":3},{"damage":10,"enemies":"Spheric Guardian","floor":19,"turns":3},{"damage":4,"enemies":"Centurion and Healer","floor":21,"turns":4},{"damage":34,"enemies":"Slavers","floor":24,"turns":4},{"damage":32,"enemies":"Snake Plant","floor":25,"turns":3},{"damage":12,"enemies":"Snecko","floor":29,"turns":4},{"damage":24,"enemies":"Centurion and Healer","floor":31,"turns":4},{"damage":36,"enemies":"Champ","floor":33,"turns":3}],"seed_played":"7987202867993922759","potions_obtained":[{"floor":6,"key":"SkillPotion"},{"floor":12,"key":"Ancient Potion"},{"floor":14,"key":"LiquidBronze"}],"is_trial":false,"path_per_floor":["M","T","?","M","?","E","R","$","T","M","R","E","?","M","R","B",null,"M","M","?","M","?","R","E","M","T","?","?","M","?","M","R","B"],"character_chosen":"IRONCLAD","items_purchased":[],"campfire_rested":2,"item_purchase_floors":[],"current_hp_per_floor":[57,57,57,57,57,38,38,38,38,34,34,29,29,22,46,54,80,76,74,74,78,78,78,52,28,28,28,28,24,24,8,28,0,0],"gold":464,"neow_bonus":"THREE_RARE_CARDS","is_daily":false,"chose_seed":false,"campfire_upgraded":2,"win_rate":0.0,"timestamp":1610684194,"path_taken":["M","?","?","?","?","E","R","$","T","M","R","E","?","?","R","BOSS","M","M","?","M","?","R","E","M","T","?","?","?","?","M","R","BOSS"],"items_purchased_type":[],"build_version":"2020-12-22","purchased_purges":2,"victory":false,"max_hp_per_floor":[80,80,80,80,80,80,80,80,80,80,80,80,80,80,80,80,80,80,80,80,80,80,80,80,80,80,80,68,68,68,68,68,68,68],"card_choices":[{"not_picked":["Brutality","Barricade"],"picked":"Demon Form","floor":0},{"not_picked":["Hemokinesis","Battle Trance"],"picked":"Heavy Blade","floor":1},{"not_picked":["Heavy Blade","Warcry","Sword Boomerang"],"picked":"SKIP","floor":4},{"not_picked":["Sword Boomerang","Bloodletting"],"picked":"Spot Weakness","floor":6},{"not_picked":["Burning Pact","Headbutt"],"picked":"Whirlwind","floor":10},{"not_picked":["Combust","Headbutt"],"picked":"Inflame","floor":12},{"not_picked":["Sentinel","Second Wind","Warcry"],"picked":"SKIP","floor":14},{"not_picked":["Whirlwind","Metallicize","Twin Strike"],"picked":"SKIP","floor":18},{"not_picked":["Pommel Strike","Seeing Red"],"picked":"Clash","floor":19},{"not_picked":["Iron Wave","Rupture","Havoc"],"picked":"SKIP","floor":21},{"not_picked":["Havoc","Wild Strike","Heavy Blade"],"picked":"SKIP","floor":24},{"not_picked":["Hemokinesis","Ghostly Armor","Warcry","Sword Boomerang"],"picked":"SKIP","floor":25},{"not_picked":["Carnage","Inflame","Feel No Pain","Spot Weakness"],"picked":"SKIP","floor":29},{"not_picked":["Rupture+1","Infernal Blade+1","Iron Wave","Armaments"],"picked":"SKIP","floor":31}],"player_experience":46582,"relics_obtained":[{"floor":2,"key":"Mercury Hourglass"},{"floor":6,"key":"Nunchaku"},{"floor":9,"key":"Blood Vial"},{"floor":12,"key":"Lantern"},{"floor":24,"key":"Question Card"},{"floor":26,"key":"Self Forming Clay"}],"event_choices":[{"damage_healed":0,"gold_gain":0,"cards_transformed":["Defend_R"],"player_choice":"Transformed","damage_taken":0,"max_hp_gain":0,"max_hp_loss":0,"event_name":"Transmorgrifier","floor":3,"gold_loss":0,"cards_obtained":["Heavy Blade"]},{"cards_removed":["Strike_R"],"damage_healed":0,"gold_gain":0,"player_choice":"Card Removal","damage_taken":0,"max_hp_gain":0,"max_hp_loss":0,"event_name":"The Cleric","floor":5,"gold_loss":50},{"damage_healed":0,"gold_gain":57,"player_choice":"Gained Gold","damage_taken":0,"max_hp_gain":0,"max_hp_loss":0,"event_name":"Golden Wing","floor":13,"gold_loss":0},{"damage_healed":0,"gold_gain":0,"player_choice":"Read","damage_taken":0,"max_hp_gain":0,"max_hp_loss":0,"event_name":"The Library","floor":20,"gold_loss":0,"cards_obtained":["Flex"]},{"cards_removed":["Heavy Blade"],"damage_healed":0,"gold_gain":0,"player_choice":"Elegance","damage_taken":0,"max_hp_gain":0,"max_hp_loss":0,"event_name":"Back to Basics","floor":22,"gold_loss":0},{"cards_removed":["Strike_R"],"damage_healed":0,"gold_gain":0,"player_choice":"Gave Gold","damage_taken":0,"max_hp_gain":0,"max_hp_loss":0,"event_name":"Beggar","floor":27,"gold_loss":75},{"damage_healed":0,"gold_gain":99,"player_choice":"Stole From Cult","damage_taken":0,"max_hp_gain":0,"max_hp_loss":0,"event_name":"Nest","floor":30,"gold_loss":0}],"is_beta":false,"boss_relics":[{"not_picked":["Busted Crown","Sozu"],"picked":"Empty Cage"}],"items_purged_floors":[8,23],"is_endless":false,"potions_floor_spawned":[6,12,14,16,19,21,25],"killed_by":"Champ","ascension_level":0}}