{"host":"h5mpg8xef8fl8s1y","time":1610689705,"event":{"mods":["100% Spire Juice","AchievementEnabler","BaseMod","Bestiary","Block Reminder","CapriCore","Colored Map","Colored Powertips","Curses Come First","Dark Map","Displayed Cursed Tome","Googly Eyes","Koishi","Marisa????????","Minty Spire (QoL Compilation)","Permanent Neow","Quick Restart","Random Character Button","Rare Cards Sparkle","Reimu??????","Relic Stats","Remilia??????","StSLib","Starting Relic: Pandora\u0027s Box","The Immortal","The Marked","The Senshi","The Servant 0.9.4","TheVelvet","Waifu the Spire","Yakumo Yukari mod","Yuyuko","everything is the same but u backflip on backflip"],"gold_per_floor":[121,76,91,56,69,69,87,113,113,113,124,124,299,154,154,252,252,265,265,277,302,316,316,316],"floor_reached":23,"language":"ENG","playtime":1374,"items_purged":["Moonworks:BigMagnum"],"score":210,"play_id":"949c55f2-ecc7-4471-b9da-51ed2526657b","local_time":"20210115004825","is_ascension_mode":true,"campfire_choices":[{"data":"Moonworks:CloudOfSeagulls","floor":6,"key":"SMITH"},{"data":"Moonworks:TreasureThief","floor":10,"key":"SMITH"},{"data":"Moonworks:LulusLuckyEgg","floor":15,"key":"SMITH"}],"circlet_count":0,"master_deck":["Moonworks:Ambush","Moonworks:LongDistanceShot","Moonworks:CookingTime","Moonworks:NicePresent","Moonworks:CloudOfSeagulls+1","Moonworks:TreasureThief+1","Moonworks:SakisCookie","Moonworks:BigMagnum","Moonworks:ImOnFire","Moonworks:LulusLuckyEgg+1","Moonworks:ForcedRevival","Moonworks:FullSpeedAlicianrone","Moonworks:SakisCookie","Moonworks:Heat300Percent","Doubt","Moonworks:PlushieMaster","Moonworks:ShieldCounter","Moonworks:EvilSpyWorkPreparation","Moonworks:DeployBits"],"relics":["Moonworks:BrokenBomb","Moonworks:Homemark","Gremlin Horn","Philosopher\u0027s Stone","Nloth\u0027s Gift","Ancient Tea Set"],"acts_visited":["Exordium","TheCity"],"potions_floor_usage":[],"damage_taken":[{"damage":12,"enemies":"Small Slimes","floor":1,"turns":4},{"damage":1,"enemies":"Cultist","floor":3,"turns":4},{"damage":12,"enemies":"Jaw Worm","floor":5,"turns":3},{"damage":23,"enemies":"Looter","floor":7,"turns":4},{"damage":38,"enemies":"Gremlin Nob","floor":8,"turns":4},{"damage":3,"enemies":"Blue Slaver","floor":11,"turns":2},{"damage":22,"enemies":"Hexaghost","floor":16,"turns":9},{"damage":17,"enemies":"Chosen","floor":18,"turns":5},{"damage":30,"enemies":"2 Thieves","floor":20,"turns":3},{"damage":8,"enemies":"Chosen and Byrds","floor":22,"turns":3},{"damage":42,"enemies":"Slavers","floor":23,"turns":1}],"seed_played":"-382093518628739673","potions_obtained":[{"floor":3,"key":"FearPotion"},{"floor":5,"key":"EssenceOfSteel"},{"floor":7,"key":"Explosive Potion"},{"floor":8,"key":"MagicPotion:ReiMu"},{"floor":18,"key":"Energy Potion"}],"is_trial":false,"path_per_floor":["M","?","M","?","M","R","M","E","T","R","M","$","?","$","R","B",null,"M","?","M","T","M","E"],"character_chosen":"THE_STARBREAKER","items_purchased":["Moonworks:PlushieMaster"],"campfire_rested":0,"item_purchase_floors":[14],"current_hp_per_floor":[42,37,44,54,50,50,32,5,5,5,13,13,13,13,13,4,54,45,45,21,21,21,0,0],"gold":316,"neow_bonus":"TWO_FIFTY_GOLD","is_daily":false,"chose_seed":false,"campfire_upgraded":3,"win_rate":0.0,"timestamp":1610689705,"path_taken":["M","?","?","?","M","R","M","E","T","R","M","$","?","?","R","BOSS","M","?","?","?","M","E"],"items_purchased_type":["Card"],"build_version":"2020-12-22","purchased_purges":1,"victory":false,"max_hp_per_floor":[54,54,54,54,54,54,54,54,54,54,54,54,54,54,54,54,54,54,54,54,54,54,54,54],"relic_stats":{"Gremlin Horn":[2,2],"counters":[11,42],"Nloth\u0027s Gift":0,"obtain_stats":[{"Gremlin Horn":8,"Moonworks:Homemark":0,"Philosopher\u0027s Stone":17,"Nloth\u0027s Gift":19,"Bottled Lightning":9,"Ancient Tea Set":21,"Moonworks:BrokenBomb":0},{"Gremlin Horn":5,"Moonworks:Homemark":0,"Philosopher\u0027s Stone":7,"Nloth\u0027s Gift":8,"Bottled Lightning":5,"Ancient Tea Set":9,"Moonworks:BrokenBomb":0},{"Gremlin Horn":19,"Moonworks:Homemark":0,"Philosopher\u0027s Stone":30,"Nloth\u0027s Gift":35,"Bottled Lightning":19,"Ancient Tea Set":38,"Moonworks:BrokenBomb":0}]},"card_choices":[{"not_picked":["Moonworks:ImmovableObject","Moonworks:MiracleRedBeanIceCream"],"picked":"Moonworks:LulusLuckyEgg","floor":1},{"not_picked":["Moonworks:Assault","Moonworks:ImmovableObject"],"picked":"Moonworks:ForcedRevival","floor":3},{"not_picked":["Moonworks:IndiscriminateFireSupport","Moonworks:JonathanRush"],"picked":"Moonworks:FullSpeedAlicianrone","floor":5},{"not_picked":["Moonworks:JonathanRush","Moonworks:Accelerator"],"picked":"Moonworks:SakisCookie","floor":7},{"not_picked":["Moonworks:ExtendedPhotonRifle","Moonworks:BigMagnum","Moonworks:UnluckyCharm"],"picked":"SKIP","floor":8},{"not_picked":["Moonworks:CastOff","Moonworks:IndiscriminateFireSupport"],"picked":"Moonworks:Heat300Percent","floor":11},{"not_picked":["Moonworks:Accelerator","Moonworks:ReflectiveShell"],"picked":"Moonworks:ShieldCounter","floor":16},{"not_picked":["Moonworks:ImOnFire","Moonworks:ForcedRevival"],"picked":"Moonworks:EvilSpyWorkPreparation","floor":18},{"not_picked":["Moonworks:CloudOfSeagulls+1","Moonworks:ExtendedPhotonRifle+1"],"picked":"Moonworks:DeployBits","floor":20},{"not_picked":["Moonworks:FinalSurgery","Moonworks:ImOnFire","Moonworks:RedAndBlue+1"],"picked":"SKIP","floor":22}],"player_experience":230036,"relics_obtained":[{"floor":8,"key":"Gremlin Horn"},{"floor":9,"key":"Bottled Lightning"},{"floor":21,"key":"Ancient Tea Set"}],"event_choices":[{"damage_healed":0,"gold_gain":75,"player_choice":"Touch","damage_taken":5,"max_hp_gain":0,"max_hp_loss":0,"event_name":"FaceTrader","floor":2,"gold_loss":0},{"damage_healed":13,"gold_gain":0,"player_choice":"Healed","damage_taken":0,"max_hp_gain":0,"max_hp_loss":0,"event_name":"The Cleric","floor":4,"gold_loss":35},{"damage_healed":0,"gold_gain":175,"player_choice":"AGREE","damage_taken":0,"max_hp_gain":0,"max_hp_loss":0,"event_name":"Liars Game","floor":13,"gold_loss":0,"cards_obtained":["Doubt"]},{"damage_healed":0,"gold_gain":0,"player_choice":"Traded Relic","damage_taken":0,"relics_obtained":["Nloth\u0027s Gift"],"max_hp_gain":0,"max_hp_loss":0,"event_name":"N\u0027loth","floor":19,"relics_lost":["Bottled Lightning"],"gold_loss":0}],"is_beta":false,"boss_relics":[{"not_picked":["Snecko Eye","RedLine:ReiMu"],"picked":"Philosopher\u0027s Stone"}],"items_purged_floors":[14],"is_endless":false,"potions_floor_spawned":[3,5,7,8,18],"killed_by":"Slavers","ascension_level":2}}