{"host":"ygfasg9u7olr7skw","time":1610729566,"event":{"mods":["AchievementEnabler","BaseMod","Better Note","Better Vampires","Colored Powertips","Minty Spire (QoL Compilation)","Replay The Spire","Spicy Shops","StSLib","The IronCluck"],"gold_per_floor":[116,127,127,127,73,101,101,126,149,169,180,180,130,148,148,246,246,264,264,41,41,41,41,61,61,61,61],"floor_reached":26,"language":"ENG","playtime":1278,"items_purged":["Mirror Shield+1"],"score":271,"play_id":"aa013b8b-1077-44ba-92d0-3f1bc8156b07","local_time":"20210115115246","is_ascension_mode":true,"campfire_choices":[{"floor":7,"key":"REST"},{"floor":15,"key":"REST"},{"floor":25,"key":"REST"}],"circlet_count":0,"master_deck":["Defend_B","Defend_B","Defend_B","Defend_B","Zap","Gash","Steam","Go for the Eyes","Gash","Gash","Gash"],"relics":["Cracked Core","Dream Catcher","Shuriken","Anchor","Replay:Grab Bag","Sozu","Philosopher\u0027s Stone","Empty Cage","Frozen Eye"],"acts_visited":["Exordium","TheCity"],"potions_floor_usage":[16,16,16],"damage_taken":[{"damage":1,"enemies":"2 Louse","floor":1,"turns":2},{"damage":11,"enemies":"Small Slimes","floor":2,"turns":5},{"damage":41,"enemies":"Gremlin Nob","floor":6,"turns":6},{"damage":7,"enemies":"3 Sentries","floor":8,"turns":8},{"damage":0,"enemies":"Jaw Worm","floor":10,"turns":3},{"damage":1,"enemies":"Looter","floor":11,"turns":3},{"damage":4,"enemies":"Lots of Slimes","floor":14,"turns":4},{"damage":9,"enemies":"The Guardian","floor":16,"turns":8},{"damage":8,"enemies":"Spheric Guardian","floor":18,"turns":4},{"damage":35,"enemies":"3 Byrds","floor":24,"turns":6},{"damage":39,"enemies":"Book of Stabbing","floor":26,"turns":5}],"seed_played":"5658522679309325073","potions_obtained":[{"floor":6,"key":"SteroidPotion"},{"floor":10,"key":"Strength Potion"},{"floor":11,"key":"EssenceOfSteel"},{"floor":14,"key":"AttackPotion"}],"is_trial":false,"path_per_floor":["M","M","?","?","$","E","R","E","T","M","M","?","?","M","R","B",null,"M","?","$","?","PTL","PTL","M","R","E"],"character_chosen":"DEFECT","items_purchased":["Gash","Frozen Eye"],"campfire_rested":3,"item_purchase_floors":[5,20],"current_hp_per_floor":[81,70,63,63,63,22,46,39,39,39,38,38,38,34,58,49,82,74,74,74,74,74,74,39,63,24,24],"gold":61,"neow_bonus":"TEN_PERCENT_HP_BONUS","is_daily":false,"chose_seed":false,"campfire_upgraded":0,"win_rate":0.0,"timestamp":1610729566,"path_taken":["M","M","?","?","$","E","R","E","T","M","M","?","?","M","R","BOSS","M","?","$","?","PTL","PTL","?","R","E"],"items_purchased_type":["Card","Relic"],"build_version":"2020-12-22","purchased_purges":1,"victory":false,"max_hp_per_floor":[82,82,82,82,82,82,82,82,82,82,82,82,82,82,82,82,82,82,82,82,82,82,82,82,82,82,82],"card_choices":[{"not_picked":["Go for the Eyes","Stack","Glacier"],"picked":"SKIP","floor":1},{"not_picked":["Hologram","Cold Snap","Undo"],"picked":"SKIP","floor":2},{"not_picked":["Hello World","Lockon"],"picked":"Steam","floor":6},{"not_picked":["Barrage","Glacier"],"picked":"Go for the Eyes","floor":8},{"not_picked":["Leap","Stack","Redo"],"picked":"SKIP","floor":10},{"not_picked":["ReplayTheSpireMod:Reroute Power","Mirror Shield"],"picked":"Gash","floor":11},{"not_picked":["Cold Snap","Leap"],"picked":"Gash","floor":14},{"not_picked":["Cold Snap+1","Steam","Rebound+1"],"picked":"SKIP","floor":18},{"not_picked":["Rip and Tear+1","Stack+1","ReplaySolidLightProjector"],"picked":"SKIP","floor":24},{"not_picked":["Rebound+1","Genetic Algorithm+1"],"picked":"Gash","floor":25}],"player_experience":294389,"relics_obtained":[{"floor":6,"key":"Dream Catcher"},{"floor":8,"key":"Shuriken"},{"floor":9,"key":"Anchor"}],"event_choices":[{"cards_removed":["Strike_B"],"damage_healed":0,"gold_gain":0,"player_choice":"Card Removal","damage_taken":7,"max_hp_gain":0,"max_hp_loss":0,"event_name":"Golden Wing","floor":3,"gold_loss":0},{"damage_healed":0,"gold_gain":0,"player_choice":"Ignored","damage_taken":0,"max_hp_gain":0,"max_hp_loss":0,"event_name":"Shining Light","floor":12,"gold_loss":0},{"cards_removed":["Strike_B"],"damage_healed":0,"gold_gain":0,"player_choice":"Card Removal","damage_taken":0,"max_hp_gain":0,"max_hp_loss":0,"event_name":"The Cleric","floor":13,"gold_loss":50},{"damage_healed":0,"gold_gain":0,"player_choice":"Ignored","damage_taken":0,"max_hp_gain":0,"max_hp_loss":0,"event_name":"Vampires","floor":19,"gold_loss":0},{"damage_healed":0,"gold_gain":0,"player_choice":"Ignored","damage_taken":0,"max_hp_gain":0,"max_hp_loss":0,"event_name":"WeMeetAgain","floor":21,"gold_loss":0}],"is_beta":false,"boss_relics":[{"not_picked":["Inserter","SlaversCollar"],"picked":"Replay:Grab Bag"},{"not_picked":["Replay:Wanted Poster","Ectoplasm"],"picked":"Sozu"},{"not_picked":["Fusion Hammer","Cursed Key"],"picked":"Philosopher\u0027s Stone"},{"not_picked":["Nuclear Battery","Black Star"],"picked":"Empty Cage"}],"items_purged_floors":[20],"is_endless":false,"potions_floor_spawned":[6,10,11,14,18],"killed_by":"Book of Stabbing","ascension_level":3}}