{"host":"i8yxn151kg9e8hbw","time":1610743111,"event":{"mods":["AchievementEnabler","Act Like it!","Astrologer","BaseMod","Better Note","Better Third Choice","Colored Map","Colored Powertips","Googly Eyes","Hermit","Highlight Path","Jorbs\u0027s Wanderer Trilogy","Mad Scientist","Minty Spire (QoL Compilation)","Permanent Neow","Quick Restart","StSLib","The Animator","The Hierophant","The Servant 0.9.4","Waifu the Spire"],"gold_per_floor":[126,144,164,176,176,176,206,206,233,233,233,264,264,283,283,378,378,391,391],"floor_reached":18,"language":"ENG","playtime":1120,"items_purged":[],"score":246,"play_id":"d27d8d8f-46e8-4099-a7f3-7a9c8961536a","local_time":"20210115153831","is_ascension_mode":true,"campfire_choices":[{"data":"animator:Emonzaemon","floor":6.0,"key":"SMITH"},{"floor":8.0,"key":"REST"},{"floor":10.0,"key":"REST"},{"data":"animator:ElricEdward","floor":13.0,"key":"SMITH"},{"data":"animator:ElricAlphonse","floor":15.0,"key":"SMITH"}],"circlet_count":0,"master_deck":["AscendersBane","animator:Strike_FullmetalAlchemist","animator:Defend_FullmetalAlchemist","animator:Strike","animator:Strike","animator:Strike","animator:Defend","animator:Defend","animator:Defend","animator:ElricEdward+1","animator:ElricAlphonse+1","animator:SwordMaiden","animator:Sloth+1","animator:Emonzaemon+1","animator:Azekura","animator:Souei","animator:Sora"],"relics":["animator:LivingPicture","animator:TheMissingPiece","animator:ShionDessert","Happy Flower","animator:HolyGrailRelic"],"acts_visited":["Exordium","TheCity"],"potions_floor_usage":[],"damage_taken":[{"damage":2.0,"enemies":"Small Slimes","floor":1.0,"turns":4.0},{"damage":11.0,"enemies":"Jaw Worm","floor":2.0,"turns":5.0},{"damage":3.0,"enemies":"Cultist","floor":3.0,"turns":5.0},{"damage":11.0,"enemies":"Looter","floor":4.0,"turns":3.0},{"damage":12.0,"enemies":"Lagavulin","floor":7.0,"turns":8.0},{"damage":0.0,"enemies":"2 Fungi Beasts","floor":12.0,"turns":2.0},{"damage":10.0,"enemies":"3 Louse","floor":14.0,"turns":2.0},{"damage":11.0,"enemies":"The Guardian","floor":16.0,"turns":11.0},{"damage":16,"enemies":"3 Byrds","floor":18,"turns":4}],"seed_played":"4996243364046581745","potions_obtained":[{"floor":1.0,"key":"Swift Potion"},{"floor":3.0,"key":"Energy Potion"},{"floor":7.0,"key":"FearPotion"},{"floor":14.0,"key":"SkillPotion"},{"floor":18,"key":"Strength Potion"}],"is_trial":false,"path_per_floor":["M","M","M","M","?","R","E","R","T","R","?","M","R","M","R","B",null,"M"],"character_chosen":"THE_ANIMATOR","items_purchased":[],"campfire_rested":2,"item_purchase_floors":[],"current_hp_per_floor":[57,46,43,32,14,14,2,21,21,40,40,40,40,30,30,19,62,46,46],"gold":391,"neow_bonus":"ONE_RANDOM_RARE_CARD","is_daily":false,"chose_seed":false,"campfire_upgraded":3,"win_rate":0.0,"timestamp":1610743111,"path_taken":["M","M","M","M","?","R","E","R","T","R","?","?","R","M","R","BOSS","M"],"items_purchased_type":[],"build_version":"2020-12-22","purchased_purges":0,"victory":false,"max_hp_per_floor":[66,66,66,66,66,66,66,66,66,66,66,66,66,66,66,66,74,72,72],"card_choices":[{"not_picked":["animator:DwarfShaman","animator:Vanir"],"picked":"animator:Sloth","floor":1.0},{"not_picked":["animator:Aqua","animator:DwarfShaman","animator:GuildGirl"],"picked":"SKIP","floor":2.0},{"not_picked":["animator:Souei","animator:Shion"],"picked":"animator:Emonzaemon","floor":3.0},{"not_picked":["animator:Shion","animator:Souei"],"picked":"animator:Azekura","floor":7.0},{"not_picked":["animator:Priestess","animator:Aqua"],"picked":"animator:Souei","floor":12.0},{"not_picked":["animator:Wiz","animator:Genos","animator:Shion"],"picked":"SKIP","floor":14.0},{"not_picked":["animator:Biyorigo","animator:Boros"],"picked":"animator:Sora","floor":16.0}],"player_experience":869728,"relics_obtained":[{"floor":7.0,"key":"animator:ShionDessert"},{"floor":9.0,"key":"Happy Flower"}],"event_choices":[{"damage_healed":0.0,"max_hp_gain":0.0,"max_hp_loss":0.0,"gold_gain":1.0,"event_name":"betterThird:BetterScrap","player_choice":"LEAVE","floor":5.0,"gold_loss":0.0,"damage_taken":18.0,"cards_obtained":["Burning Pact"]},{"damage_healed":0.0,"max_hp_gain":0.0,"max_hp_loss":0.0,"gold_gain":0.0,"event_name":"Accursed Blacksmith","player_choice":"Forge","floor":11.0,"gold_loss":0.0,"damage_taken":0.0,"cards_upgraded":["animator:Sloth"]}],"is_beta":false,"boss_relics":[{"not_picked":["Black Star","SacredBark"],"picked":"animator:HolyGrailRelic"}],"items_purged_floors":[],"is_endless":false,"potions_floor_spawned":[1,3,7,14,18],"killed_by":"3 Byrds","ascension_level":10}}