{"host":"a3oe3gstxz77c7qu","time":1610734354,"event":{"mods":["2.2 Compatiblity","Act Like it!","Astrologer","BaseMod","Bestiary","Better Altar","Better Match","Better Note","Better Skull","Better Third Choice","Block Reminder","Curses Come First","Custom Start","Dark Map","Downfall","Fox Events","Friendly Minions","GifTheSpireLib","Hallownest","Hermit","Jorbs\u0027s Wanderer Trilogy","Lobotomy","LobotomyExtend","Marisa????????","Minty Spire (QoL Compilation)","Permanent Neow","Quick Restart","Relic Stats","Replay The Spire","StSLib","The Bug Knight","The Cursed","The Disciple","The Jungle","Uncapped","Unknown Chances","Wandering Minibosses"],"gold_per_floor":[167,186,204,204,214,214,232,232,232],"floor_reached":8,"language":"ENG","playtime":884,"items_purged":[],"score":100,"play_id":"08f084e0-2c6c-4671-a906-54f9050e951d","local_time":"20210115181234","is_ascension_mode":true,"campfire_choices":[{"data":"Neutralize","floor":6.0,"key":"SMITH"}],"circlet_count":0,"master_deck":["AscendersBane","Strike_G","Strike_G","Strike_G","Strike_G","Strike_G","Defend_G","Defend_G","Defend_G","Defend_G","Defend_G","Survivor+1","Neutralize+1","Calculated Gamble","Blade Dance","PiercingWail","Hallownest:curseDreamersLament","Blade Dance","Cloak And Dagger"],"relics":["Tiny House","LetterFromLob","Hallownest:TeacherSealRelic"],"acts_visited":["Exordium"],"potions_floor_usage":[],"damage_taken":[{"damage":0.0,"enemies":"Hallownest:2_Baldur","floor":1.0,"turns":6.0},{"damage":0.0,"enemies":"Hallownest:monsterHuskGuard","floor":2.0,"turns":7.0},{"damage":8.0,"enemies":"Hallownest:2_Tiktiks_and_1_Crawlid","floor":3.0,"turns":7.0},{"damage":8.0,"enemies":"Hallownest:monsterMossCharger","floor":5.0,"turns":10.0},{"damage":12.0,"enemies":"Hallownest:2_Tiktiks_1_Baldur_1_Crawlid","floor":7.0,"turns":8.0},{"damage":37,"enemies":"Hallownest:eliteMossKnight","floor":8,"turns":22}],"seed_played":"-2898514654207361904","potions_obtained":[{"floor":0.0,"key":"GamblersBrew"},{"floor":1.0,"key":"Adrenaline Potion"}],"is_trial":false,"path_per_floor":["M","M","M","?","M","R","M","E"],"character_chosen":"THE_SILENT","items_purchased":[],"campfire_rested":0,"item_purchase_floors":[],"current_hp_per_floor":[64,64,56,56,48,48,36,0,0],"gold":232,"neow_bonus":"BOSS_RELIC","is_daily":false,"chose_seed":false,"campfire_upgraded":1,"win_rate":0.0,"timestamp":1610734354,"path_taken":["M","M","?","?","M","R","M","E"],"items_purchased_type":[],"build_version":"2020-12-22","purchased_purges":0,"victory":false,"max_hp_per_floor":[71,71,71,71,71,71,71,71,71],"relic_stats":{"counters":[6,60],"obtain_stats":[{"Tiny House":0,"LetterFromLob":1,"Hallownest:TeacherSealRelic":4,"Ring of the Snake":0},{"Tiny House":0,"LetterFromLob":1,"Hallownest:TeacherSealRelic":3,"Ring of the Snake":0},{"Tiny House":0,"LetterFromLob":6,"Hallownest:TeacherSealRelic":20,"Ring of the Snake":0}]},"card_choices":[{"not_picked":["Fluid Movement","Backflip"],"picked":"Calculated Gamble","floor":0.0},{"not_picked":["Flying Knee","ReplayTheSpireMod:Shiv Toss"],"picked":"Blade Dance","floor":1.0},{"not_picked":["Quick Slash","Poisoned Stab"],"picked":"PiercingWail","floor":2.0},{"not_picked":["Dodge and Roll","Expertise","Hidden Blade"],"picked":"SKIP","floor":3.0},{"not_picked":["Prepared","Hidden Blade"],"picked":"Blade Dance","floor":5.0},{"not_picked":["Deflect","Glass Knife"],"picked":"Cloak And Dagger","floor":7.0}],"player_experience":1029068,"relics_obtained":[{"floor":1.0,"key":"LetterFromLob"}],"event_choices":[],"is_beta":false,"boss_relics":[],"items_purged_floors":[],"is_endless":false,"potions_floor_spawned":[1],"killed_by":"Hallownest:eliteMossKnight","ascension_level":20}}