{"host":"u19jhb6amotr3ucl","time":1610747669,"event":{"mods":["Act Like it!","Astrologer","BaseMod","Better Match","BetterRewards","Conspire","Duelist Mod","Hubris","Infinite Spire","Jorbs\u0027s Wanderer Trilogy","Marisa????????","Minty Spire (QoL Compilation)","Quick Restart","Replay The Spire","Spicy Shops","StSLib","The Animator"],"gold_per_floor":[116,116,10,10,26,61,61,98,122,139,165,165,176,196,196,296,296,307,307,307,319,333,360,379,408,431,431,19,29,47,47,47,152,152,164,177,177,177,177],"floor_reached":38,"language":"ENG","playtime":4756,"items_purged":["Shame"],"score":776,"play_id":"11c2062c-9d56-46ec-b039-01bedcc318b3","local_time":"20210115165429","is_ascension_mode":false,"campfire_choices":[{"floor":7,"key":"REST"},{"floor":12,"key":"RECALL"},{"data":"astrologer:Death","floor":15,"key":"SMITH"},{"data":"astrologer:Starfield","floor":32,"key":"SMITH"}],"circlet_count":0,"master_deck":["astrologer:Strike","astrologer:Strike+1","astrologer:Strike","astrologer:Defend+1","astrologer:Defend","astrologer:Defend","astrologer:Defend+1","astrologer:TheFool","astrologer:TheWorld","astrologer:Stardust","astrologer:Prismatic+1","astrologer:MeteorShower","infinitespire:Starlight","astrologer:Prestidigitation","astrologer:Justice","astrologer:Moonlight","astrologer:StarOfRegret+1","astrologer:Death+1","astrologer:TheEmperor","astrologer:ShootingStar","astrologer:TheChariot","astrologer:CosmicExpanse+1","astrologer:CometStrike","astrologer:Premeditation","hubris:DuctTapeCard","astrologer:FrozenStar","astrologer:TheTower+1","astrologer:Starfield+1","Decay","astrologer:Fireball","astrologer:Fate","astrologer:TheHangedMan+1","astrologer:TheSun","astrologer:TheDevil+1","astrologer:Stardust"],"relics":["astrologer:SkyMirror","Mango","ReplayTheSpireMod:TigerMarble","hubris:EmptyBottle","MealTicket","conspire:BottledYoYo","Bottled Tornado","Potion Belt","Centennial Puzzle","War Paint","ChewingGum","hubris:DuctTape","Peace Pipe","Whetstone","Bag of Marbles","hubris:CrystalStatue","Replay:Bronze Core"],"acts_visited":["Exordium","TheCity","TheBeyond"],"potions_floor_usage":[8,8,16,16,21,21,21,21,23,23,23,24,25,25,30,33,33,33,38],"damage_taken":[{"damage":0,"enemies":"2 Louse","floor":1,"turns":4},{"damage":7,"enemies":"Cultist","floor":5,"turns":5},{"damage":26,"enemies":"3 Sentries","floor":6,"turns":10},{"damage":19,"enemies":"conspire:MimicChest","floor":8,"turns":7},{"damage":3,"enemies":"Jaw Worm","floor":10,"turns":6},{"damage":12,"enemies":"Replay:BlueRogue","floor":11,"turns":9},{"damage":0,"enemies":"Gremlin Gang","floor":13,"turns":6},{"damage":2,"enemies":"Blue Slaver","floor":14,"turns":5},{"damage":51,"enemies":"Hexaghost","floor":16,"turns":13},{"damage":23,"enemies":"2 Thieves","floor":18,"turns":5},{"damage":1,"enemies":"conspire:FuzzyDice","floor":21,"turns":4},{"damage":4,"enemies":"Shelled Parasite and Fungi","floor":22,"turns":6},{"damage":10,"enemies":"theDuelist:KaibaA2","floor":23,"turns":4},{"damage":25,"enemies":"Cultist and Chosen","floor":24,"turns":7},{"damage":63,"enemies":"Gremlin Leader","floor":25,"turns":9},{"damage":0,"enemies":"conspire:HollyBat","floor":29,"turns":7},{"damage":6,"enemies":"Snake Plant","floor":30,"turns":4},{"damage":0,"enemies":"conspire:MysteriousRune","floor":33,"turns":5},{"damage":1,"enemies":"3 Darklings","floor":35,"turns":6},{"damage":35,"enemies":"3 Shapes","floor":36,"turns":4},{"damage":95,"enemies":"Transient","floor":38,"turns":5}],"seed_played":"-3046850553196445382","potions_obtained":[{"floor":6,"key":"AttackPotion"},{"floor":8,"key":"Energy Potion"},{"floor":10,"key":"SpeedPotion"},{"floor":14,"key":"AttackPotion"},{"floor":18,"key":"PowerPotion"},{"floor":19,"key":"Toxic Potion"},{"floor":19,"key":"Death Potion"},{"floor":22,"key":"Adrenaline Potion"},{"floor":24,"key":"Ancient Potion"},{"floor":25,"key":"FearPotion"},{"floor":30,"key":"Adrenaline Potion"},{"floor":33,"key":"Dexterity Potion"},{"floor":35,"key":"BlessingOfTheForge"}],"is_trial":false,"path_per_floor":["M","?","$","?","M","E","R","?","T","M","E","R","M","M","R","B",null,"M","?","AVR","M","M","E","M","E","T","?","$","M","M","$","R","B",null,"M","M","?","M"],"character_chosen":"ASTROLOGER","items_purchased":["ReplayTheSpireMod:TigerMarble","hubris:EmptyBottle","astrologer:TheWorld","astrologer:Stardust","astrologer:Prismatic+1","MealTicket","astrologer:Prestidigitation","Bag of Marbles","astrologer:Fireball","hubris:CrystalStatue"],"campfire_rested":1,"item_purchase_floors":[0,0,0,0,0,3,3,28,28,28],"current_hp_per_floor":[52,31,31,31,44,28,53,44,44,51,49,49,60,72,72,31,85,62,62,62,71,77,75,60,7,7,7,22,32,36,51,51,61,85,85,60,60,0,0],"gold":177,"neow_bonus":"","is_daily":false,"chose_seed":false,"campfire_upgraded":2,"win_rate":0.0,"timestamp":1610747669,"path_taken":["M","?","$","?","M","E","R","?","T","?","E","R","M","M","R","BOSS","M","?","AVR","M","?","E","M","E","T","?","?","M","M","$","R","BOSS","M","M","?","M"],"items_purchased_type":["Relic","Relic","Card","Card","Card","Relic","Card","Relic","Card","Relic"],"build_version":"2020-12-22","purchased_purges":1,"victory":false,"max_hp_per_floor":[84,84,84,84,84,84,84,84,84,84,84,84,85,85,85,85,85,85,85,85,85,85,85,85,85,85,85,85,85,85,85,85,85,85,85,85,85,85,85],"card_choices":[{"not_picked":["astrologer:SolarFlare","astrologer:Confirmation"],"picked":"astrologer:MeteorShower","floor":1},{"not_picked":["infinitespire:FutureSight","infinitespire:SealOfDarkness+"],"picked":"infinitespire:Starlight","floor":2},{"not_picked":["astrologer:Radiance","astrologer:Still"],"picked":"astrologer:Justice","floor":5},{"not_picked":["astrologer:ReadTheStars","astrologer:Eclipse"],"picked":"astrologer:Moonlight","floor":6},{"not_picked":["astrologer:Moonlight","astrologer:Shine"],"picked":"astrologer:FrozenStar","floor":8},{"not_picked":["astrologer:Shine","astrologer:SolarFlare"],"picked":"astrologer:StarOfRegret","floor":10},{"not_picked":["astrologer:Moonlight","astrologer:Prismatic"],"picked":"astrologer:Death","floor":11},{"not_picked":["astrologer:TheHierophant","astrologer:Still"],"picked":"astrologer:TheEmperor","floor":13},{"not_picked":["astrologer:Stardust","astrologer:MeteorShower"],"picked":"astrologer:ShootingStar","floor":14},{"not_picked":["astrologer:Wish","astrologer:Death"],"picked":"astrologer:TheChariot","floor":16},{"not_picked":["astrologer:Still+1","astrologer:Confirmation"],"picked":"astrologer:CosmicExpanse+1","floor":18},{"not_picked":["astrologer:Radiance","astrologer:Eclipse"],"picked":"astrologer:CometStrike","floor":21},{"not_picked":["astrologer:MeteorShower","astrologer:Still"],"picked":"astrologer:Premeditation","floor":22},{"not_picked":["astrologer:Stardust","astrologer:Prismatic+1"],"picked":"astrologer:FrozenStar","floor":23},{"not_picked":["astrologer:CrystalBall+1","astrologer:TheMoon"],"picked":"astrologer:TheTower+1","floor":24},{"not_picked":["astrologer:Fate","astrologer:TheStar+1"],"picked":"astrologer:Starfield","floor":25},{"not_picked":["astrologer:Still","astrologer:Cataclysm"],"picked":"astrologer:Fate","floor":29},{"not_picked":["astrologer:Opposition","astrologer:SolarFlare"],"picked":"astrologer:TheHangedMan+1","floor":30},{"not_picked":["astrologer:Wish","astrologer:Starfield"],"picked":"astrologer:TheSun","floor":33},{"not_picked":["astrologer:GlassStar+1","astrologer:Opposition"],"picked":"astrologer:TheDevil+1","floor":35},{"not_picked":["astrologer:Eclipse+1","astrologer:Still"],"picked":"astrologer:Stardust","floor":36}],"player_experience":310207,"relics_obtained":[{"floor":4,"key":"conspire:BottledYoYo"},{"floor":6,"key":"Bottled Tornado"},{"floor":8,"key":"Potion Belt"},{"floor":9,"key":"Centennial Puzzle"},{"floor":11,"key":"War Paint"},{"floor":23,"key":"hubris:DuctTape"},{"floor":25,"key":"Peace Pipe"},{"floor":26,"key":"Whetstone"}],"event_choices":[{"damage_healed":0,"gold_gain":0,"player_choice":"Got Potions","damage_taken":0,"max_hp_gain":0,"max_hp_loss":0,"event_name":"Lab","floor":19,"gold_loss":0},{"damage_healed":0,"gold_gain":0,"player_choice":"Smashed Altar","damage_taken":0,"max_hp_gain":0,"max_hp_loss":0,"event_name":"Forgotten Altar","floor":27,"gold_loss":0,"cards_obtained":["Decay"]},{"cards_removed":["astrologer:Strike"],"damage_healed":0,"gold_gain":0,"player_choice":"Purged","damage_taken":0,"max_hp_gain":0,"max_hp_loss":0,"event_name":"Purifier","floor":37,"gold_loss":0}],"is_beta":false,"boss_relics":[{"not_picked":["Replay:Grab Bag","Tiny House"],"picked":"ChewingGum"},{"not_picked":["Snecko Eye","Busted Crown"],"picked":"Replay:Bronze Core"}],"items_purged_floors":[0],"is_endless":false,"potions_floor_spawned":[6,8,10,14,18,22,24,25,30,33,35],"killed_by":"Transient","ascension_level":0}}