{"host":"79i8v4iokcki37ew","time":1610731483,"event":{"mods":["AchievementEnabler","BaseMod","Beaked The Cultist","Better Note","Better Third Choice","BetterRewards","Colored Powertips","Conspire","Downfall","Friendly Minions","Halation","Hermit","Infinite Spire","Jorbs\u0027s Wanderer Trilogy","Marisa????????","Minty Spire (QoL Compilation)","Permanent Neow","Quick Restart","Replay The Spire","Shop Mod","Spicy Shops","StSLib","SuperFastMode","The Construct","The Cursed","The Mystic","The Runesmith","The Servant 0.9.4"],"gold_per_floor":[113,113,35,35,80,80,80],"floor_reached":6,"language":"ENG","playtime":200,"items_purged":[],"score":90,"play_id":"13af8825-4abf-4100-936c-b32231c0b5d8","local_time":"20210115112443","is_ascension_mode":true,"campfire_choices":[],"circlet_count":0,"master_deck":["conspire:GhostlyStrike","conspire:GhostlyStrike","conspire:GhostlyStrike","conspire:GhostlyStrike","conspire:GhostlyDefend","conspire:GhostlyDefend","conspire:GhostlyDefend","conspire:GhostlyDefend","Zap","Dualcast","CurseOfTheBell","Creative AI"],"relics":["Calling Bell","DataDisk","conspire:DecoderRing","infinitespire:Magic Flask","Replay:WaspNest"],"acts_visited":["Exordium"],"potions_floor_usage":[6],"damage_taken":[{"damage":5,"enemies":"Small Slimes","floor":1,"turns":4},{"damage":42,"enemies":"Gremlin Nob","floor":6,"turns":4}],"seed_played":"1856169108303288337","potions_obtained":[{"floor":5,"key":"Swift Potion"}],"is_trial":false,"path_per_floor":["M","?","$","?","?","E"],"character_chosen":"DEFECT","items_purchased":["Creative AI"],"campfire_rested":0,"item_purchase_floors":[3],"current_hp_per_floor":[70,70,70,70,40,0,0],"gold":80,"neow_bonus":"BOSS_RELIC","is_daily":false,"chose_seed":false,"campfire_upgraded":0,"win_rate":0.0,"timestamp":1610731483,"path_taken":["M","?","$","?","?","E"],"items_purchased_type":["Card"],"build_version":"2020-12-22","purchased_purges":0,"victory":false,"max_hp_per_floor":[75,75,75,75,75,75,75],"card_choices":[{"not_picked":["Barrage","Steam Power","Compile Driver"],"picked":"SKIP","floor":1}],"player_experience":345703,"relics_obtained":[{"floor":0.0,"key":"DataDisk"},{"floor":0.0,"key":"conspire:DecoderRing"},{"floor":0.0,"key":"infinitespire:Magic Flask"},{"floor":5,"key":"Replay:WaspNest"}],"event_choices":[{"damage_healed":0,"gold_gain":0,"player_choice":"Agree","damage_taken":0,"max_hp_gain":0,"max_hp_loss":0,"event_name":"conspire:LoneGhost","floor":2,"gold_loss":0},{"damage_healed":0,"gold_gain":0,"player_choice":"Leave","damage_taken":0,"max_hp_gain":0,"max_hp_loss":0,"event_name":"The Cleric","floor":4,"gold_loss":0}],"is_beta":false,"boss_relics":[],"items_purged_floors":[],"is_endless":false,"potions_floor_spawned":[],"killed_by":"Gremlin Nob","ascension_level":5}}