{"host":"51fyd6gkml7xavq8","time":1610690921,"event":{"mods":["BaseMod","BetterRewards","Colored Map","Energized Spire","Infinite Spire","Minty Spire (QoL Compilation)","Replay The Spire","Shop Mod","Spicy Shops","StSLib","The Blue Laboratory","[IsaacMod]????"],"gold_per_floor":[116,116,136,155,165,192,203,62,62,62,62,62,20,20,20,20,20],"floor_reached":16,"language":"ENG","playtime":729,"items_purged":["Dualcast"],"score":130,"play_id":"9ea46869-3e2f-4c35-9ad1-5de6dbcb1567","local_time":"20210115030841","is_ascension_mode":true,"campfire_choices":[{"data":"Defragment","floor":11,"key":"SMITH"},{"data":"Static Discharge","floor":15,"key":"SMITH"}],"circlet_count":0,"master_deck":["Strike_B","Strike_B","Strike_B","Defend_B","Defend_B","Defend_B","Defend_B","Zap","Defragment+1","Seek+1","Static Discharge+1","Parasite"],"relics":["Cracked Core","HushsDoor","Leech","MerchantsRug","Unceasing Top","FossilizedHelix","SteamSale"],"acts_visited":["Exordium"],"potions_floor_usage":[6,7,8],"damage_taken":[{"damage":0.0,"enemies":"2 Louse","floor":1.0,"turns":2.0},{"damage":0,"enemies":"Small Slimes","floor":3,"turns":3},{"damage":4,"enemies":"Jaw Worm","floor":4,"turns":3},{"damage":0,"enemies":"Blue Slaver","floor":5,"turns":3},{"damage":30,"enemies":"3 Sentries","floor":6,"turns":6},{"damage":5,"enemies":"2 Fungi Beasts","floor":7,"turns":3},{"damage":62,"enemies":"Fading Forest","floor":16,"turns":9}],"seed_played":"3317044713320298662","potions_obtained":[{"floor":1.0,"key":"Swift Potion"},{"floor":3,"key":"EntropicBrew"},{"floor":6,"key":"Adrenaline Potion"}],"is_trial":false,"path_per_floor":["M","?","M","M","M","E","M","$","T","?","R","T","$","?","R","B"],"character_chosen":"DEFECT","items_purchased":["MerchantsRug","SteamSale"],"campfire_rested":0,"item_purchase_floors":[8,13],"current_hp_per_floor":[70,70,73,72,75,48,46,46,46,13,13,13,13,31,31,0,0],"gold":20,"neow_bonus":"","is_daily":false,"chose_seed":false,"campfire_upgraded":2,"win_rate":0.0,"timestamp":1610690921,"path_taken":["M","?","M","M","M","E","M","$","T","?","R","?","$","?","R","BOSS"],"items_purchased_type":["Relic","Relic"],"build_version":"2020-12-22","purchased_purges":1,"victory":false,"max_hp_per_floor":[75,75,75,75,75,75,75,75,75,75,75,75,75,75,75,75,75],"card_choices":[{"not_picked":["Leap","Tempest"],"picked":"Defragment","floor":1.0},{"not_picked":["Compile Driver","Steam","Recycle"],"picked":"SKIP","floor":3},{"not_picked":["Turbo","Sweeping Beam","Go for the Eyes"],"picked":"SKIP","floor":4},{"not_picked":["Beam Cell","Redo","Undo"],"picked":"SKIP","floor":5},{"not_picked":["Beam Cell","Redo","Undo"],"picked":"SKIP","floor":5},{"not_picked":["ReplaySort","ReplayTheSpireMod:Omega Cannon","Reprogram"],"picked":"SKIP","floor":6},{"not_picked":["Go for the Eyes","Beam Cell"],"picked":"Static Discharge","floor":7}],"player_experience":528651,"relics_obtained":[{"floor":6,"key":"Orichalcum"},{"floor":9,"key":"DeadEye"},{"floor":12,"key":"FossilizedHelix"}],"event_choices":[{"damage_healed":0,"gold_gain":0,"player_choice":"Success","damage_taken":33,"relics_obtained":["Unceasing Top"],"max_hp_gain":0,"max_hp_loss":0,"event_name":"Scrap Ooze","floor":10,"gold_loss":0},{"damage_healed":18,"gold_gain":0,"player_choice":"Healed and dodged fight","damage_taken":0,"max_hp_gain":0,"max_hp_loss":0,"event_name":"Mushrooms","floor":14,"gold_loss":0,"cards_obtained":["Parasite"]}],"is_beta":false,"boss_relics":[],"items_purged_floors":[8],"is_endless":false,"potions_floor_spawned":[1,3,6],"killed_by":"Fading Forest","ascension_level":6}}