{"host":"kgfs5ebhusfk1t4t","time":1610716566,"event":{"mods":["BaseMod","Colored Map","DeckTracker","Highlight Path","KOR Keyword Fix","Keyboard Shortcuts","Minty Spire (QoL Compilation)","Permanent Neow","Quick Restart","StSLib","SuperFastMode","everything is the same but u backflip on backflip"],"gold_per_floor":[219,117,132,132,9,49,49,70,70,85,152,152,168,193,193,318,318,343,362,381,381,405,405,436,455,479,479,479],"floor_reached":27,"language":"KOR","playtime":2452,"items_purged":["Defend_R","Injury"],"score":379,"play_id":"546a8c63-83ab-4dc3-93b6-564b81e99a80","local_time":"20210115221606","is_ascension_mode":true,"campfire_choices":[{"data":"True Grit","floor":7.0,"key":"SMITH"},{"floor":12.0,"key":"REST"},{"data":"Pommel Strike","floor":15.0,"key":"SMITH"},{"floor":23,"key":"REST"}],"circlet_count":0,"master_deck":["AscendersBane","Strike_R+1","Strike_R+1","Strike_R+1","Strike_R+1","Strike_R+1","Defend_R+1","Defend_R+1","Defend_R+1","Bash","Rage","Clothesline","True Grit+1","Pommel Strike+1","Thunderclap","Evolve","Anger","Inflame","Sentinel","Offering","Shrug It Off","Twin Strike","Pummel","True Grit","Entrench","Second Wind"],"relics":["Burning Blood","Golden Idol","Torii","Eternal Feather","Sozu","Calipers","Strawberry"],"acts_visited":["Exordium","TheCity"],"potions_floor_usage":[],"damage_taken":[{"damage":8.0,"enemies":"Jaw Worm","floor":1.0,"turns":4.0},{"damage":0.0,"enemies":"Small Slimes","floor":3.0,"turns":3.0},{"damage":42.0,"enemies":"3 Sentries","floor":6.0,"turns":14.0},{"damage":14.0,"enemies":"2 Louse","floor":8.0,"turns":3.0},{"damage":16.0,"enemies":"Large Slime","floor":10.0,"turns":8.0},{"damage":7.0,"enemies":"Exordium Wildlife","floor":13.0,"turns":4.0},{"damage":1.0,"enemies":"Blue Slaver","floor":14.0,"turns":3.0},{"damage":29.0,"enemies":"Hexaghost","floor":16.0,"turns":11.0},{"damage":6.0,"enemies":"Chosen","floor":18.0,"turns":4.0},{"damage":7,"enemies":"3 Byrds","floor":19,"turns":5},{"damage":52,"enemies":"Sentry and Sphere","floor":20,"turns":7},{"damage":11,"enemies":"Centurion and Healer","floor":22,"turns":5},{"damage":52,"enemies":"Slavers","floor":24,"turns":5},{"damage":6,"enemies":"Cultist and Chosen","floor":25,"turns":7},{"damage":19,"enemies":"3 Cultists","floor":27,"turns":4}],"seed_played":"8861458461210343639","potions_obtained":[{"floor":1.0,"key":"SneckoOil"},{"floor":6.0,"key":"Regen Potion"},{"floor":16.0,"key":"DistilledChaos"}],"is_trial":false,"path_per_floor":["M","$","M","?","$","E","R","M","T","M","?","R","M","M","R","B",null,"M","M","M","?","M","R","E","M","T","M"],"character_chosen":"IRONCLAD","items_purchased":["Clothesline","Pommel Strike"],"campfire_rested":2,"item_purchase_floors":[2,5],"current_hp_per_floor":[70,70,76,76,76,40,40,32,32,37,37,70,69,74,80,57,74,74,73,27,27,22,58,12,12,19,0,0],"gold":479,"neow_bonus":"HUNDRED_GOLD","is_daily":false,"chose_seed":false,"campfire_upgraded":2,"win_rate":0.0,"timestamp":1610716566,"path_taken":["M","$","M","?","$","E","R","M","T","M","?","R","M","M","R","BOSS","M","M","M","?","M","R","E","M","T","M"],"items_purchased_type":["Card","Card"],"build_version":"2020-12-22","purchased_purges":2,"victory":false,"max_hp_per_floor":[80,80,80,80,80,80,80,80,80,80,80,80,80,80,80,80,80,80,80,80,80,80,80,80,80,87,87,87],"card_choices":[{"not_picked":["Evolve","Body Slam"],"picked":"Rage","floor":1.0},{"not_picked":["Hemokinesis","Heavy Blade"],"picked":"True Grit","floor":3.0},{"not_picked":["Sword Boomerang","Havoc"],"picked":"Thunderclap","floor":6.0},{"not_picked":["Second Wind","Pommel Strike"],"picked":"Evolve","floor":8.0},{"not_picked":["Warcry","Heavy Blade"],"picked":"Anger","floor":10.0},{"not_picked":["Seeing Red","Heavy Blade"],"picked":"Inflame","floor":13.0},{"not_picked":["Cleave","Pommel Strike"],"picked":"Sentinel","floor":14.0},{"not_picked":["Double Tap","Corruption"],"picked":"Offering","floor":16.0},{"not_picked":["Pummel","Thunderclap"],"picked":"Shrug It Off","floor":18.0},{"not_picked":["Body Slam","Dark Embrace"],"picked":"Twin Strike","floor":19},{"not_picked":["Sentinel+1","Havoc"],"picked":"Pummel","floor":20},{"not_picked":["Warcry","Dark Embrace"],"picked":"True Grit","floor":22},{"not_picked":["Berserk","Bloodletting"],"picked":"Entrench","floor":24},{"not_picked":["Twin Strike","Thunderclap"],"picked":"Second Wind","floor":25}],"player_experience":487741,"relics_obtained":[{"floor":6.0,"key":"Torii"},{"floor":9.0,"key":"Eternal Feather"},{"floor":24,"key":"Calipers"},{"floor":26,"key":"Strawberry"}],"event_choices":[{"damage_healed":0.0,"max_hp_gain":0.0,"max_hp_loss":0.0,"gold_gain":0.0,"event_name":"Golden Idol","player_choice":"Take Wound","floor":4.0,"gold_loss":0.0,"damage_taken":0.0,"relics_obtained":["Golden Idol"],"cards_obtained":["Injury"]},{"damage_healed":0.0,"max_hp_gain":0.0,"max_hp_loss":0.0,"gold_gain":67.0,"event_name":"Golden Wing","player_choice":"Gained Gold","floor":11.0,"gold_loss":0.0,"damage_taken":0.0},{"damage_healed":0,"gold_gain":0,"player_choice":"Simplicity","damage_taken":0,"max_hp_gain":0,"max_hp_loss":0,"event_name":"Back to Basics","floor":21,"gold_loss":0,"cards_upgraded":["Strike_R","Strike_R","Strike_R","Strike_R","Strike_R","Defend_R","Defend_R","Defend_R"]}],"is_beta":false,"boss_relics":[{"not_picked":["Ectoplasm","Runic Cube"],"picked":"Sozu"}],"items_purged_floors":[2,5],"is_endless":false,"potions_floor_spawned":[1,6,16,19,24,25],"killed_by":"3 Cultists","ascension_level":12}}