{"host":"wkcoec525dnrk4jw","time":1610720696,"event":{"mods":["BaseMod","Conspire","GungeonMod","Lobotomy","Minty Spire (QoL Compilation)","Quick Restart","Replay The Spire","Shop Mod","StSLib","TestMod","The Bug Knight","The Cursed","[IsaacMod]ÒÔÈö¼âËþ","vexMod","¡¾ÒÅÎï¿¨ÅÆ¡¿REMEMod"],"gold_per_floor":[112,112,127,103,122,157,157,174,174,174,202,213,242,242,242,337,337,351,291,25,42,61,95,115,142,224,224,252,263,263,294,294,397,397,414,431,5,405,435,489,343,407,407,407,436,436,436,454,454,495],"floor_reached":51,"language":"ZHS","playtime":3082,"items_purged":[],"score":1866,"play_id":"d774bd47-c273-4485-9d12-6dd74209e855","local_time":"20210115222456","is_ascension_mode":true,"campfire_choices":[{"floor":7,"key":"REST"},{"data":"Echo Form","floor":10,"key":"SMITH"},{"data":"testmod-AdversityCounterattack","floor":15,"key":"SMITH"},{"data":"Mind Blast","floor":27,"key":"SMITH"},{"data":"Sunder","floor":30,"key":"SMITH"},{"data":"Turbo","floor":32,"key":"SMITH"},{"data":"Meteor Strike","floor":44,"key":"SMITH"},{"data":"Meteor Strike","floor":46,"key":"SMITH"},{"floor":49,"key":"DIG"}],"circlet_count":0,"master_deck":["Strike_B","Strike_B","Strike_B","Defend_B","Defend_B","Defend_B","Zap","Dualcast","testmod-AdversityCounterattack+1","Replay:BasicMightCard","Machine Learning","Leap","Turbo+1","Coolheaded","Sweeping Beam","ReplayTheSpireMod:Repulse","Echo Form+1","Self Repair","Beam Cell","FIFO Queue","Biased Cognition","Meteor Strike+1","Sunder+1","Barrage","Mind Blast+1","Lockon","Leap","Crystallizer","Gash+1","Conserve Battery","Steam+1","Conserve Battery","Electrodynamics","Panic Button","Conserve Battery","Glacier","Meteor Strike+1","ReplayTheSpireMod:Dual Polarity","BasicCrystalCard+1","Melter","ReplayTheSpireMod:Calculation Training","Chill+1","Conserve Battery+1","Mirror Shield","Ball Lightning+1","Redo","Voices","Hyperbeam"],"relics":["Cracked Core","HushsDoor","testmod-TestBox","testmod-D_4","TuHaoJin","DataDisk","DemoMod:VorpalBullet","DemoMod:MemoryAlloy","testmod-CrystalShield","testmod-NegativeEmotionEnhancer","Incense Burner","Strawberry","DeadEye","vexMod:RetaliationKit","testmod-EqualTreatment","testmod-DeterminationOfClimber","Boot","DemoMod:PinkGuonStone","Pen Nib","Gremlin Food","Frozen Egg 2","vexMod:PlasmaPancake","ReplayTheSpireMod:Ring of Addiction","Toy Ornithopter","Potion Belt","Ring of Misfortune","BookOfRevelations"],"acts_visited":["Exordium","TheCity","TheBeyond"],"potions_floor_usage":[6,48,50,50],"damage_taken":[{"damage":0,"enemies":"Small Slimes","floor":1,"turns":4},{"damage":0,"enemies":"conspire:RoseBush","floor":3,"turns":2},{"damage":0,"enemies":"Cultist","floor":5,"turns":2},{"damage":0,"enemies":"Replay:BlueRogue","floor":6,"turns":3},{"damage":0,"enemies":"Blue Slaver","floor":8,"turns":2},{"damage":0,"enemies":"Gremlin Nob","floor":11,"turns":2},{"damage":8,"enemies":"Red Slaver","floor":12,"turns":2},{"damage":1,"enemies":"HollowMod:MossKnight","floor":13,"turns":4},{"damage":0,"enemies":"Slime Boss","floor":16,"turns":4},{"damage":9,"enemies":"2 Thieves","floor":18,"turns":2},{"damage":4,"enemies":"3 Byrds","floor":21,"turns":3},{"damage":0,"enemies":"3 Cultists","floor":22,"turns":5},{"damage":21,"enemies":"Slavers","floor":23,"turns":5},{"damage":0,"enemies":"Shelled Parasite and Fungi","floor":24,"turns":3},{"damage":0,"enemies":"conspire:SneckoGhost","floor":25,"turns":1},{"damage":0,"enemies":"REME_1_Revenger","floor":28,"turns":2},{"damage":6,"enemies":"Centurion and Healer","floor":29,"turns":3},{"damage":8,"enemies":"Slavers","floor":31,"turns":2},{"damage":0,"enemies":"Champ","floor":33,"turns":5},{"damage":0,"enemies":"3 Darklings","floor":35,"turns":1},{"damage":0,"enemies":"3 Shapes","floor":36,"turns":1},{"damage":0,"enemies":"Maw","floor":39,"turns":3},{"damage":0,"enemies":"Giant Head","floor":40,"turns":2},{"damage":0,"enemies":"Nemesis","floor":42,"turns":2},{"damage":0,"enemies":"R_Hoarder","floor":45,"turns":2},{"damage":0,"enemies":"Spire Growth","floor":48,"turns":2},{"damage":0,"enemies":"conspire:OrnateMirror","floor":50,"turns":5}],"seed_played":"-4943522146045235119","potions_obtained":[{"floor":3,"key":"AttackPotion"},{"floor":6,"key":"DuplicationPotion"},{"floor":11,"key":"testmod-TimePotion"},{"floor":12,"key":"Toxic Potion"},{"floor":47,"key":"BlessingOfTheForge"},{"floor":47,"key":"Venom Potion"},{"floor":48,"key":"DuplicationPotion"}],"is_trial":false,"path_per_floor":["M","?","M","$","M","E","R","M","T","R","E","M","E","?","R","B",null,"M","?","$","M","M","E","M","E","T","R","E","M","R","E","R","B",null,"M","M","$","?","M","E","$","E","T","R","E","R","?","M","R","B",null],"character_chosen":"DEFECT","items_purchased":["Coolheaded","Meteor Strike","Sunder","Mind Blast","Lockon","Leap","Crystallizer","ReplayTheSpireMod:Dual Polarity","Boot","ReplayTheSpireMod:Calculation Training","DemoMod:PinkGuonStone","Mirror Shield"],"campfire_rested":1,"item_purchase_floors":[4,17,17,20,20,20,20,34,37,37,37,41],"current_hp_per_floor":[50,43,43,43,43,43,65,65,65,65,65,57,75,75,75,75,69,70,70,70,71,72,61,64,73,73,73,83,84,84,79,79,86,83,84,85,92,92,93,94,94,95,95,95,102,102,102,103,103,104],"gold":495,"neow_bonus":"TRANSFORM_TWO_CARDS","is_daily":false,"chose_seed":false,"campfire_upgraded":7,"win_rate":0.0,"timestamp":1610720696,"path_taken":["M","?","M","$","M","E","R","?","T","R","E","M","E","?","R","BOSS","M","?","$","M","M","E","M","E","T","R","E","M","R","E","R","BOSS","M","?","$","?","M","E","$","E","T","R","E","R","?","M","R","BOSS"],"items_purchased_type":["Card","Card","Card","Card","Card","Card","Card","Card","Relic","Card","Relic","Card"],"build_version":"2020-12-22","purchased_purges":0,"victory":true,"max_hp_per_floor":[75,75,75,75,75,75,75,75,75,75,75,75,75,75,75,75,69,70,70,70,71,72,73,74,82,82,82,83,84,84,85,85,86,83,84,85,92,92,93,94,94,95,95,95,102,102,102,103,103,104],"card_choices":[{"not_picked":[],"picked":"ChaosCard","floor":0},{"not_picked":["Lockon","Consume"],"picked":"Leap","floor":1},{"not_picked":["Bomb","Distribution"],"picked":"Turbo","floor":3},{"not_picked":["Glacier","Ball Lightning"],"picked":"Sweeping Beam","floor":5},{"not_picked":["Rip and Tear","Aggregate"],"picked":"ReplayTheSpireMod:Repulse","floor":6},{"not_picked":["Go for the Eyes","FTL"],"picked":"Echo Form","floor":8},{"not_picked":["Stack","FTL"],"picked":"Self Repair","floor":11},{"not_picked":["Chaos","Panic Button"],"picked":"Beam Cell","floor":12},{"not_picked":["Conserve Battery","Sweeping Beam"],"picked":"FIFO Queue","floor":13},{"not_picked":["Rainbow","REME_Shoggoth"],"picked":"Biased Cognition","floor":16},{"not_picked":["conspire:SharedLibrary","Ball Lightning"],"picked":"Barrage","floor":18},{"not_picked":["Barrage+1","Streamline"],"picked":"Gash+1","floor":21},{"not_picked":["Panic Button","All For One"],"picked":"Conserve Battery","floor":22},{"not_picked":["Barrage+1","Go for the Eyes"],"picked":"Steam+1","floor":23},{"not_picked":["Hologram","Hello World"],"picked":"Conserve Battery","floor":24},{"not_picked":["Go for the Eyes","Sweeping Beam+1"],"picked":"Electrodynamics","floor":25},{"not_picked":["Go for the Eyes","Genetic Algorithm+1"],"picked":"Panic Button","floor":28},{"not_picked":["Hologram","Gash+1"],"picked":"Conserve Battery","floor":29},{"not_picked":["Beam Cell","Sweeping Beam"],"picked":"Glacier","floor":31},{"not_picked":["Reboot","ReplayTheSpireMod:Fabricate Wheel"],"picked":"Meteor Strike","floor":33},{"not_picked":["Barrage+1","Leap+1"],"picked":"BasicCrystalCard+1","floor":35},{"not_picked":["Stack+1","Go for the Eyes+1"],"picked":"Melter","floor":36},{"not_picked":["Go for the Eyes+1","Barrage+1"],"picked":"Chill+1","floor":39},{"not_picked":["Sweeping Beam+1","Streamline"],"picked":"Conserve Battery+1","floor":40},{"not_picked":["Coolheaded+1","Mirror Shield"],"picked":"Ball Lightning+1","floor":42},{"not_picked":["Barrage","Beam Cell"],"picked":"Redo","floor":45},{"not_picked":["Cold Snap","Ball Lightning+1"],"picked":"Hyperbeam","floor":48}],"player_experience":220469,"relics_obtained":[{"floor":6,"key":"DataDisk"},{"floor":9,"key":"DemoMod:VorpalBullet"},{"floor":11,"key":"DemoMod:MemoryAlloy"},{"floor":13,"key":"testmod-CrystalShield"},{"floor":23,"key":"Incense Burner"},{"floor":25,"key":"Strawberry"},{"floor":26,"key":"DeadEye"},{"floor":28,"key":"vexMod:RetaliationKit"},{"floor":31,"key":"testmod-EqualTreatment"},{"floor":40,"key":"Pen Nib"},{"floor":42,"key":"Gremlin Food"},{"floor":43,"key":"Frozen Egg 2"},{"floor":45,"key":"vexMod:PlasmaPancake"},{"floor":47,"key":"ReplayTheSpireMod:Ring of Addiction"},{"floor":47,"key":"Toy Ornithopter"},{"floor":47,"key":"Potion Belt"},{"floor":47,"key":"Ring of Misfortune"},{"floor":49,"key":"BookOfRevelations"}],"event_choices":[{"cards_removed":["Defend_B"],"damage_healed":0,"gold_gain":0,"player_choice":"Card Removal","damage_taken":7,"max_hp_gain":0,"max_hp_loss":0,"event_name":"Golden Wing","floor":2,"gold_loss":0},{"damage_healed":0,"gold_gain":400,"player_choice":"Sell","damage_taken":0,"max_hp_gain":0,"max_hp_loss":0,"event_name":"¶÷ÂåË¹µÄÅÌ×Ó","floor":38,"relics_lost":["REME_ComplimentaryCards"],"gold_loss":0}],"is_beta":false,"boss_relics":[{"not_picked":["REME_ChargedStone","Nuclear Battery"],"picked":"testmod-NegativeEmotionEnhancer"},{"not_picked":[]},{"not_picked":["Runic Pyramid","vexMod:CursedCompass"],"picked":"testmod-DeterminationOfClimber"},{"not_picked":[]}],"items_purged_floors":[],"is_endless":false,"potions_floor_spawned":[3,6,11,12,13,22,24,29,31,33,35,48],"ascension_level":8}}