{"host":"2zc57igszyqgae0y","time":1610688323,"event":{"mods":["ATMod(°¢èªMod)","Act Like it!","Aspiration","BaseMod","CapriCore","Chen","Gensokyo","GifTheSpireLib","Koishi","KomeijiMod","Marisa£¨ìFÓê¡¡Ä§ÀíÉ³£©","Minty Spire (QoL Compilation)","Rare Cards Sparkle","Reimu£¨²©ÀöÁéÃÎ£©","Remilia£¨ÀÙÃ×ÀòÑÇ£©","Replay The Spire","RumiaBox-Â¶Ã×æ«µÄÉñÃØºÐ×Ó","Shop Mod","StSLib","The Administrix","The Immortal","The Servant 0.9.4","Youmu£¨»êÆÇÑýÃÎ£©","Yuyuko","[GremlinLeader]The Maniac","[IsaacMod]ÒÔÈö¼âËþ","vexMod"],"gold_per_floor":[109,109,123,42,55,82,123,123,123,123,48,13,43,218,218,315,315,333,45,58,58,69,101,101,119,119,119,119,119],"floor_reached":27,"language":"ZHS","playtime":1385,"items_purged":["MokouMod:Defend"],"score":231,"play_id":"7d20b5c9-3284-4ef0-ab62-f4dfe5265a34","local_time":"20210115132523","is_ascension_mode":false,"campfire_choices":[{"data":"MokouMod:PhoenixForm","floor":8,"key":"SMITH"},{"data":"AT_FamilyPortrait","floor":10,"key":"SMITH"},{"data":"MokouMod:Strike","floor":15,"key":"PURGE"}],"circlet_count":0,"master_deck":["MokouMod:HeatSpark","AT_FamilyPortrait+1","MokouMod:Fireball","MokouMod:FlamingFireTalons","MokouMod:PhoenixForm+1","MokouMod:DanceofFlames","Doubt","MokouMod:Ventilation","MokouMod:ScorchingColumn","MokouMod:SearingShot","MokouMod:IndiscriminateIgnition","MokouMod:SacredFire","MokouMod:Trailblazer","MokouMod:Extinguish","MokouMod:ControlledCombustion","MokouMod:ThermalPressure+1","MokouMod:Refresh"],"relics":["MokouMod:PhoenixFeather","HushsDoor","AT_ATBox","PokeGo","NeowsBlessing","Potion Belt","Letter Opener","aspiration:HiddenCompartment","Prayer Wheel","Pandora\u0027s Box","Dead Branch","Prayer Wheel","TheBean","BelialBook"],"acts_visited":["Exordium","TheCity"],"potions_floor_usage":[18,18,23],"damage_taken":[{"damage":0,"enemies":"Cultist","floor":1,"turns":1},{"damage":0,"enemies":"Jaw Worm","floor":3,"turns":1},{"damage":0,"enemies":"2 Louse","floor":5,"turns":2},{"damage":5,"enemies":"Replay:BlueRogue","floor":6,"turns":7},{"damage":0,"enemies":"Looter","floor":7,"turns":4},{"damage":49,"enemies":"Slime Boss","floor":16,"turns":14},{"damage":50,"enemies":"3 Byrds","floor":18,"turns":6},{"damage":44,"enemies":"Chosen","floor":20,"turns":6},{"damage":9,"enemies":"Snake Plant","floor":22,"turns":2},{"damage":49,"enemies":"Replay:Snechameleon","floor":23,"turns":8},{"damage":6,"enemies":"Snecko","floor":25,"turns":3},{"damage":9,"enemies":"Sentry and Sphere","floor":27,"turns":2}],"seed_played":"4504375377694436307","potions_obtained":[{"floor":1,"key":"Elixir"},{"floor":3,"key":"CalmPotion"},{"floor":7,"key":"LifebloodPotion"},{"floor":16,"key":"Explosive Potion"},{"floor":22,"key":"AttackPotion"},{"floor":23,"key":"Languid Potion"},{"floor":25,"key":"Elixir"}],"is_trial":false,"path_per_floor":["M","$","M","$","M","E","M","R","T","R","$","?","?","?","R","B",null,"M","$","M","$","M","E","?","M","T","M"],"character_chosen":"MKU","items_purchased":["MokouMod:FlamingFireTalons","Dead Branch"],"campfire_rested":0,"item_purchase_floors":[4,19],"current_hp_per_floor":[75,75,75,75,75,70,70,70,70,70,70,75,75,75,75,26,75,25,25,1,1,11,3,11,5,5,0,0,0],"gold":119,"neow_bonus":"THREE_ENEMY_KILL","is_daily":false,"chose_seed":false,"campfire_upgraded":2,"win_rate":0.0,"timestamp":1610688323,"path_taken":["M","$","?","$","M","E","M","R","T","R","$","?","?","?","R","BOSS","M","$","M","$","M","E","?","M","T","M"],"items_purchased_type":["Card","Relic"],"build_version":"2020-12-22","purchased_purges":1,"victory":false,"max_hp_per_floor":[75,75,75,75,75,75,75,75,75,75,75,75,75,75,75,75,75,75,75,75,75,75,75,75,75,75,75,75,75],"card_choices":[{"not_picked":["MokouMod:BurningDraft","MokouMod:IcarusDive"],"picked":"MokouMod:Fireball","floor":1},{"not_picked":["MokouMod:FujiyamaVolcano","MokouMod:Meltdown","MokouMod:RoaringFlare"],"picked":"SKIP","floor":3},{"not_picked":["MokouMod:IgnitionBlast","MokouMod:ScorchingColumn"],"picked":"MokouMod:PhoenixForm","floor":5},{"not_picked":["MokouMod:FlickeringFlame","MokouMod:Stoke","MokouMod:Burn"],"picked":"SKIP","floor":6},{"not_picked":["MokouMod:Cataclysm","MokouMod:BurningDraft"],"picked":"MokouMod:DanceofFlames","floor":7},{"not_picked":["MokouMod:ExplosiveFlame","MokouMod:ProfanedFlare"],"picked":"MokouMod:Ventilation","floor":16},{"not_picked":["MokouMod:WarmUp","MokouMod:CrimsonArmoury"],"picked":"MokouMod:ThermalPressure+1","floor":18},{"not_picked":["MokouMod:Sear","MokouMod:FujiyamaVolcano","MokouMod:EternalBurstReactor"],"picked":"SKIP","floor":18},{"not_picked":["MokouMod:GuidingSmoke","MokouMod:IgneousBlow","MokouMod:Singe"],"picked":"SKIP","floor":20},{"not_picked":["MokouMod:Singe","MokouMod:IcarusDive","MokouMod:RetainTemperature"],"picked":"SKIP","floor":20},{"not_picked":["MokouMod:IgnitionBlast+1","MokouMod:Firecracker+1","MokouMod:Ember"],"picked":"SKIP","floor":20},{"not_picked":["MokouMod:FlareStarter","MokouMod:Meltdown"],"picked":"MokouMod:Refresh","floor":22},{"not_picked":["MokouMod:Overheat","MokouMod:RisingSunBarrier+1","MokouMod:Firecracker"],"picked":"SKIP","floor":22},{"not_picked":["MokouMod:Wildfire","MokouMod:IndiscriminateIgnition","MokouMod:SearingShot"],"picked":"SKIP","floor":22},{"not_picked":["MokouMod:HeatTransfer","MokouMod:ScorchingColumn","MokouMod:SearingShot+1"],"picked":"SKIP","floor":23},{"not_picked":["MokouMod:EternalBurstReactor","MokouMod:ScorchedEarth","MokouMod:ResoluteFlare"],"picked":"SKIP","floor":25},{"not_picked":["MokouMod:Refresh","MokouMod:Sear","MokouMod:HeatFactory"],"picked":"SKIP","floor":25},{"not_picked":["MokouMod:FlareStarter","MokouMod:EternalBurstReactor","MokouMod:ScorchedEarth"],"picked":"SKIP","floor":25}],"player_experience":378309,"relics_obtained":[{"floor":6,"key":"Potion Belt"},{"floor":9,"key":"Letter Opener"},{"floor":23,"key":"TheBean"},{"floor":26,"key":"BelialBook"}],"event_choices":[{"damage_healed":18,"gold_gain":0,"player_choice":"Healed","damage_taken":0,"max_hp_gain":0,"max_hp_loss":0,"event_name":"The Cleric","floor":12,"gold_loss":35},{"damage_healed":0,"gold_gain":30,"player_choice":"Searched \u00273\u0027 times","damage_taken":0,"relics_obtained":["aspiration:HiddenCompartment"],"max_hp_gain":0,"max_hp_loss":0,"event_name":"Dead Adventurer","floor":13,"gold_loss":0},{"damage_healed":0,"gold_gain":175,"player_choice":"AGREE","damage_taken":0,"max_hp_gain":0,"max_hp_loss":0,"event_name":"Liars Game","floor":14,"gold_loss":0,"cards_obtained":["Doubt"]}],"is_beta":false,"boss_relics":[{"not_picked":["EasyGame_NEW","Honey Jar"],"picked":"Pandora\u0027s Box"},{"not_picked":[]}],"items_purged_floors":[11],"is_endless":false,"potions_floor_spawned":[1,3,7,16,22,23,25],"killed_by":"Sentry and Sphere","ascension_level":0}}