{"host":"s2ap0bnrs90y0f0j","time":1610750927,"event":{"mods":["BaseMod","Minty Spire (QoL Compilation)","StSLib","TheArtist","TheBandit"],"gold_per_floor":[119,194,44,44,58,87,87,87,111,111,123,59,83,108,108,214,214,230,320,348,377,401,401,326,326,326,326],"floor_reached":25,"language":"ENG","playtime":1305,"items_purged":["wariomod:Defend"],"score":278,"play_id":"e05eaadc-9fb6-4c78-a931-bbdd9a12124d","local_time":"20210115174847","is_ascension_mode":true,"campfire_choices":[{"data":"wariomod:BodyBlock","floor":10,"key":"SMITH"},{"data":"wariomod:TreasureDig","floor":15,"key":"SMITH"},{"data":"wariomod:Enshrine","floor":23,"key":"SMITH"}],"circlet_count":0,"master_deck":["wariomod:Strike","wariomod:Strike","wariomod:Defend","wariomod:Defend","wariomod:Defend","wariomod:Step","wariomod:Leap","wariomod:Leapslam","wariomod:HappyHit","wariomod:BodyBlock+1","wariomod:BodyBlock","wariomod:DoubleDip","wariomod:TreasureDig+1","wariomod:HappyHit","wariomod:Enshrine+1","wariomod:Game","wariomod:DonateDraw","wariomod:DisarmingMoves+1"],"relics":["wariomod:TheHat","PreservedInsect","White Beast Statue","CeramicFish","Coffee Dripper"],"acts_visited":["Exordium","TheCity"],"potions_floor_usage":[16,16,16,16,18,20,21,21,21,25],"damage_taken":[{"damage":3,"enemies":"2 Louse","floor":1,"turns":3},{"damage":0,"enemies":"Cultist","floor":5,"turns":3},{"damage":28,"enemies":"3 Sentries","floor":6,"turns":6},{"damage":0,"enemies":"Jaw Worm","floor":11,"turns":3},{"damage":3,"enemies":"Blue Slaver","floor":13,"turns":4},{"damage":0,"enemies":"Lots of Slimes","floor":14,"turns":2},{"damage":0,"enemies":"Slime Boss","floor":16,"turns":6},{"damage":0,"enemies":"3 Byrds","floor":18,"turns":3},{"damage":24,"enemies":"Shell Parasite","floor":20,"turns":5},{"damage":16,"enemies":"Snake Plant","floor":21,"turns":2},{"damage":27,"enemies":"Cultist and Chosen","floor":22,"turns":7},{"damage":14,"enemies":"Slavers","floor":25,"turns":1}],"seed_played":"-4658246546448711442","potions_obtained":[{"floor":6,"key":"DistilledChaos"},{"floor":11,"key":"BlessingOfTheForge"},{"floor":13,"key":"FearPotion"},{"floor":14,"key":"EntropicBrew"},{"floor":16,"key":"FearPotion"},{"floor":18,"key":"SteroidPotion"},{"floor":20,"key":"SkillPotion"},{"floor":21,"key":"Weak Potion"},{"floor":22,"key":"Ancient Potion"}],"is_trial":false,"path_per_floor":["M","?","$","?","M","E","$","?","T","R","M","$","M","M","R","B",null,"M","?","M","M","M","R","?","E"],"character_chosen":"THE_BANDIT","items_purchased":["wariomod:HappyHit","wariomod:BodyBlock","wariomod:DoubleDip"],"campfire_rested":0,"item_purchase_floors":[3,12,12],"current_hp_per_floor":[85,74,74,74,74,46,46,34,34,34,34,34,31,31,31,31,88,88,76,52,36,9,9,9,0,0,0],"gold":326,"neow_bonus":"TEN_PERCENT_HP_BONUS","is_daily":false,"chose_seed":false,"campfire_upgraded":3,"win_rate":0.0,"timestamp":1610750927,"path_taken":["M","?","$","?","?","E","?","?","T","R","M","?","M","M","R","BOSS","M","?","?","M","M","R","?","E"],"items_purchased_type":["Card","Card","Card"],"build_version":"2020-12-22","purchased_purges":1,"victory":false,"max_hp_per_floor":[88,88,88,88,88,88,88,88,88,88,88,88,88,88,88,88,88,88,88,88,88,88,88,88,88,88,88],"card_choices":[{"not_picked":["wariomod:DisarmingMoves","wariomod:EmptyMind"],"picked":"wariomod:Leapslam","floor":1},{"not_picked":["wariomod:SmackSlam","wariomod:Boomsmack"],"picked":"wariomod:BodyBlock","floor":5},{"not_picked":["wariomod:Bomblaster","wariomod:Boomsmack","wariomod:SpikeSlash"],"picked":"SKIP","floor":6},{"not_picked":["wariomod:HastyRush","wariomod:Goblast","wariomod:AwfulLook"],"picked":"SKIP","floor":11},{"not_picked":["wariomod:Goblast","wariomod:Game"],"picked":"wariomod:TreasureDig","floor":13},{"not_picked":["wariomod:Goblast","wariomod:TreasureDig"],"picked":"wariomod:HappyHit","floor":14},{"not_picked":["wariomod:ShipSmash","wariomod:ForbiddenMagic"],"picked":"wariomod:Enshrine","floor":16},{"not_picked":["wariomod:AwfulLook+1","wariomod:SpaceSwap","wariomod:Goblast"],"picked":"SKIP","floor":18},{"not_picked":["wariomod:AwfulLook","wariomod:Leapslam"],"picked":"wariomod:Game","floor":20},{"not_picked":["wariomod:Smackflip","wariomod:SmackSlam"],"picked":"wariomod:DonateDraw","floor":21},{"not_picked":["wariomod:BumRush","wariomod:Hopshield+1"],"picked":"wariomod:DisarmingMoves+1","floor":22}],"player_experience":665656,"relics_obtained":[{"floor":6,"key":"PreservedInsect"},{"floor":9,"key":"CeramicFish"}],"event_choices":[{"damage_healed":0,"gold_gain":75,"player_choice":"Gather Gold","damage_taken":11,"max_hp_gain":0,"max_hp_loss":0,"event_name":"World of Goop","floor":2,"gold_loss":0},{"cards_removed":["wariomod:Strike"],"damage_healed":0,"gold_gain":0,"player_choice":"Card Removal","damage_taken":0,"max_hp_gain":0,"max_hp_loss":0,"event_name":"Wheel of Change","floor":4,"gold_loss":0},{"damage_healed":0,"gold_gain":0,"player_choice":"Success","damage_taken":12,"relics_obtained":["White Beast Statue"],"max_hp_gain":0,"max_hp_loss":0,"event_name":"Scrap Ooze","floor":8,"gold_loss":0},{"damage_healed":0,"gold_gain":90,"player_choice":"GOLD ","damage_taken":12,"max_hp_gain":0,"max_hp_loss":0,"event_name":"Knowing Skull","floor":19,"potions_obtained":[],"gold_loss":0,"cards_obtained":[]},{"cards_removed":["wariomod:Strike"],"damage_healed":0,"gold_gain":0,"player_choice":"Gave Gold","damage_taken":0,"max_hp_gain":0,"max_hp_loss":0,"event_name":"Beggar","floor":24,"gold_loss":75}],"is_beta":false,"boss_relics":[{"not_picked":["Empty Cage","Sozu"],"picked":"Coffee Dripper"}],"items_purged_floors":[3],"is_endless":false,"potions_floor_spawned":[6,11,13,14,16,18,20,21,22],"killed_by":"Slavers","ascension_level":2}}