{"host":"c97twqu0op5dg8i4","time":1610752380,"event":{"mods":["AchievementEnabler","BaseMod","Colored Map","Minty Spire (QoL Compilation)","Permanent Neow"],"gold_per_floor":[110,125,125,105,118,118,146,146,156,205,270,290,93,93,18,18,141,141,164,84,84,107,121,121,121,140,187,187,187],"floor_reached":28,"language":"ENG","playtime":969,"items_purged":["Strike_B"],"score":273,"play_id":"73223188-54a0-4dc3-b803-d283ed238001","local_time":"20210115181300","is_ascension_mode":true,"campfire_choices":[{"data":"Dualcast","floor":6,"key":"SMITH"},{"data":"Doom and Gloom","floor":8,"key":"SMITH"},{"data":"Conserve Battery","floor":16,"key":"SMITH"},{"data":"Creative AI","floor":24,"key":"SMITH"}],"circlet_count":0,"master_deck":["Zap+1","Dualcast+1","Doom and Gloom+1","Conserve Battery+1","Cold Snap","Loop","Self Repair","Ball Lightning","Melter","Creative AI+1","Hologram","Coolheaded","Scrape","Hello World","All For One","Redo","Storm","Leap","Ball Lightning+1","Aggregate","Cold Snap"],"relics":["Cracked Core","Meat on the Bone","Oddly Smooth Stone","Akabeko","Golden Idol","Pandora\u0027s Box","CultistMask","Anchor"],"acts_visited":["Exordium","TheCity"],"potions_floor_usage":[9,11,17,28],"damage_taken":[{"damage":7,"enemies":"Jaw Worm","floor":1,"turns":3},{"damage":0,"enemies":"Small Slimes","floor":2,"turns":2},{"damage":1,"enemies":"Cultist","floor":5,"turns":3},{"damage":13,"enemies":"Lagavulin","floor":7,"turns":5},{"damage":0,"enemies":"Large Slime","floor":9,"turns":3},{"damage":22,"enemies":"Gremlin Nob","floor":11,"turns":4},{"damage":4,"enemies":"Exordium Wildlife","floor":12,"turns":3},{"damage":24,"enemies":"Hexaghost","floor":17,"turns":7},{"damage":7,"enemies":"3 Byrds","floor":19,"turns":3},{"damage":0,"enemies":"Spheric Guardian","floor":22,"turns":2},{"damage":25,"enemies":"Snake Plant","floor":23,"turns":4},{"damage":37,"enemies":"Shelled Parasite and Fungi","floor":26,"turns":6},{"damage":23,"enemies":"Snecko","floor":28,"turns":6}],"seed_played":"4734514605893487306","potions_obtained":[{"floor":2,"key":"PowerPotion"},{"floor":4,"key":"FearPotion"},{"floor":7,"key":"Weak Potion"},{"floor":9,"key":"Energy Potion"},{"floor":12,"key":"EssenceOfDarkness"},{"floor":19,"key":"Weak Potion"},{"floor":26,"key":"PotionOfCapacity"}],"is_trial":false,"path_per_floor":["M","M","?","?","M","R","E","R","M","T","?","M","$","?","$","R","B",null,"M","$","?","M","M","R","?","M","T","M"],"character_chosen":"DEFECT","items_purchased":["Self Repair","Ball Lightning","Melter","Storm"],"campfire_rested":0,"item_purchase_floors":[13,13,13,20],"current_hp_per_floor":[68,68,73,73,72,72,59,59,59,59,49,45,45,45,45,45,40,66,66,66,66,66,41,41,41,23,23,0,0],"gold":187,"neow_bonus":"UPGRADE_CARD","is_daily":false,"chose_seed":false,"campfire_upgraded":4,"win_rate":0.0,"timestamp":1610752380,"path_taken":["M","M","?","?","M","R","E","R","?","T","?","M","$","?","$","R","BOSS","M","$","?","?","M","R","?","M","T","?"],"items_purchased_type":["Card","Card","Card","Card"],"build_version":"2020-12-22","purchased_purges":1,"victory":false,"max_hp_per_floor":[75,75,80,80,80,80,80,80,80,80,80,80,80,74,74,74,74,74,74,74,74,74,74,74,74,74,74,74,74],"card_choices":[{"not_picked":["Go for the Eyes","Reprogram"],"picked":"Doom and Gloom","floor":1},{"not_picked":["Sunder","Heatsinks"],"picked":"Conserve Battery","floor":2},{"not_picked":["Turbo","Steam","Stack"],"picked":"SKIP","floor":5},{"not_picked":["All For One","Loop"],"picked":"Cold Snap","floor":7},{"not_picked":["Fusion","Compile Driver","Barrage"],"picked":"SKIP","floor":9},{"not_picked":["Reprogram","Sweeping Beam"],"picked":"Loop","floor":12},{"not_picked":["Fission","Meteor Strike"],"picked":"Creative AI","floor":17},{"not_picked":["Stack+1","Fusion","Steam Power"],"picked":"SKIP","floor":19},{"not_picked":["Beam Cell+1","Gash+1"],"picked":"Leap","floor":22},{"not_picked":["Heatsinks","Gash"],"picked":"Ball Lightning+1","floor":23},{"not_picked":["Sweeping Beam+1","Sunder"],"picked":"Cold Snap","floor":26}],"player_experience":260281,"relics_obtained":[{"floor":7,"key":"Meat on the Bone"},{"floor":10,"key":"Oddly Smooth Stone"},{"floor":11,"key":"Akabeko"},{"floor":27,"key":"Anchor"}],"event_choices":[{"damage_healed":0,"gold_gain":0,"player_choice":"Donut","damage_taken":0,"max_hp_gain":5,"max_hp_loss":0,"event_name":"Big Fish","floor":3,"gold_loss":0},{"damage_healed":0,"gold_gain":0,"player_choice":"Bought 1 Potion","damage_taken":0,"max_hp_gain":0,"max_hp_loss":0,"event_name":"The Woman in Blue","floor":4,"gold_loss":0},{"damage_healed":0,"gold_gain":30,"player_choice":"Searched \u00273\u0027 times","damage_taken":0,"max_hp_gain":0,"max_hp_loss":0,"event_name":"Dead Adventurer","floor":11,"gold_loss":0},{"damage_healed":0,"gold_gain":0,"player_choice":"Lose Max HP","damage_taken":0,"relics_obtained":["Golden Idol"],"max_hp_gain":0,"max_hp_loss":6,"event_name":"Golden Idol","floor":14,"gold_loss":0},{"damage_healed":0,"gold_gain":0,"player_choice":"Trade","damage_taken":0,"relics_obtained":["CultistMask"],"max_hp_gain":0,"max_hp_loss":0,"event_name":"FaceTrader","floor":21,"gold_loss":0},{"damage_healed":0,"gold_gain":0,"cards_transformed":["Scrape"],"player_choice":"Transformed","damage_taken":0,"max_hp_gain":0,"max_hp_loss":0,"event_name":"Transmorgrifier","floor":25,"gold_loss":0,"cards_obtained":["Aggregate"]}],"is_beta":false,"boss_relics":[{"not_picked":["FrozenCore","Ectoplasm"],"picked":"Pandora\u0027s Box"}],"items_purged_floors":[15],"is_endless":false,"potions_floor_spawned":[2,7,9,12,19,23,26],"killed_by":"Snecko","ascension_level":5}}