{"host":"o8qgt737q1lp1iok","time":1610724082,"event":{"mods":["BaseMod","Colored Map","Colored Powertips","Hermit","Marisa????????","Minty Spire (QoL Compilation)","StSLib"],"gold_per_floor":[117,47,59,69,80,80,80,109,133,133,133,157,213,313,313,313,313],"floor_reached":16,"language":"ENG","playtime":535,"items_purged":[],"score":105,"play_id":"365487a5-4ea7-4e74-be74-8a421e2e25f5","local_time":"20210115072122","is_ascension_mode":true,"campfire_choices":[{"data":"DC","floor":6,"key":"SMITH"},{"floor":11,"key":"REST"},{"floor":15,"key":"RECALL"}],"circlet_count":0,"master_deck":["Strike_MRS","Strike_MRS","Strike_MRS","Strike_MRS","Defend_MRS","Defend_MRS","Defend_MRS","Defend_MRS","MasterSpark","UpSweep","Dramatic Entrance","Orbital","ManaConvection","MeteoricShower","DC+1","DragonMeteor","DoubleSpark"],"relics":["MiniHakkero","Boot","Juzu Bracelet","CeramicFish"],"acts_visited":["Exordium"],"potions_floor_usage":[16],"damage_taken":[{"damage":0,"enemies":"Cultist","floor":1,"turns":3},{"damage":2,"enemies":"Small Slimes","floor":3,"turns":3},{"damage":11,"enemies":"Jaw Worm","floor":4,"turns":2},{"damage":5,"enemies":"Lots of Slimes","floor":5,"turns":2},{"damage":30,"enemies":"Lagavulin","floor":8,"turns":5},{"damage":0,"enemies":"Large Slime","floor":12,"turns":3},{"damage":54,"enemies":"Hexaghost","floor":16,"turns":7}],"seed_played":"7236573566466613234","potions_obtained":[{"floor":4,"key":"ColorlessPotion"},{"floor":12,"key":"SteroidPotion"}],"is_trial":false,"path_per_floor":["M","$","M","M","M","R","?","E","T","?","R","M","?","?","R","B"],"character_chosen":"MARISA","items_purchased":["ManaConvection"],"campfire_rested":1,"item_purchase_floors":[2],"current_hp_per_floor":[75,75,73,62,57,57,57,27,27,27,49,49,49,49,49,0,0],"gold":313,"neow_bonus":"RANDOM_COLORLESS","is_daily":false,"chose_seed":false,"campfire_upgraded":1,"win_rate":0.0,"timestamp":1610724082,"path_taken":["M","?","?","M","M","R","?","E","T","?","R","M","?","?","R","BOSS"],"items_purchased_type":["Card"],"build_version":"2020-12-22","purchased_purges":0,"victory":false,"max_hp_per_floor":[75,75,75,75,75,75,75,75,75,75,75,75,75,75,75,75,75],"card_choices":[{"not_picked":["Madness","Flash of Steel"],"picked":"Dramatic Entrance","floor":0},{"not_picked":["LuminesStrike","OneTimeOff"],"picked":"Orbital","floor":1},{"not_picked":["AsteroidBelt","WitchLeyline","6A"],"picked":"SKIP","floor":3},{"not_picked":["PulseMagic","6A"],"picked":"MeteoricShower","floor":4},{"not_picked":["PropBag","GrandCross"],"picked":"DC","floor":5},{"not_picked":["6A","MysteriousBeam"],"picked":"DragonMeteor","floor":8},{"not_picked":["GalacticHalo","FairyDestructionRay"],"picked":"DoubleSpark","floor":12}],"player_experience":398809,"relics_obtained":[{"floor":8,"key":"Juzu Bracelet"}],"event_choices":[{"damage_healed":0,"gold_gain":0,"player_choice":"Gave Potion","damage_taken":0,"relics_obtained":["Boot"],"max_hp_gain":0,"max_hp_loss":0,"event_name":"WeMeetAgain","floor":7,"gold_loss":0},{"damage_healed":0,"gold_gain":0,"player_choice":"Searched \u00271\u0027 times","damage_taken":0,"relics_obtained":["CeramicFish"],"max_hp_gain":0,"max_hp_loss":0,"event_name":"Dead Adventurer","floor":10,"gold_loss":0},{"damage_healed":0,"gold_gain":56,"player_choice":"Gained Gold","damage_taken":0,"max_hp_gain":0,"max_hp_loss":0,"event_name":"Golden Wing","floor":13,"gold_loss":0},{"damage_healed":0,"gold_gain":100,"player_choice":"Pray","damage_taken":0,"max_hp_gain":0,"max_hp_loss":0,"event_name":"Golden Shrine","floor":14,"gold_loss":0}],"is_beta":false,"boss_relics":[],"items_purged_floors":[],"is_endless":false,"potions_floor_spawned":[4,12],"killed_by":"Hexaghost","ascension_level":1}}