{"host":"6h0diz2ap0m56grs","time":1610754167,"event":{"mods":["2.2 Compatiblity","BaseMod","Colored Map","Marisa????????","Minty Spire (QoL Compilation)","Quick Restart","Replay The Spire","Shop Mod","StSLib","The Servant 0.9.4"],"gold_per_floor":[115,135,135,155,48,82,109,109,109,144,175,184,220,254,254,360,360,375,290,250,20,48,75,105,136,136,173,173,203,234,259,259,363,372,401,401,401],"floor_reached":36,"language":"ENG","playtime":1265,"items_purged":[],"score":805,"play_id":"c092a47c-98d3-45b3-9225-ad40aaa53450","local_time":"20210115174247","daily_mods":["SealedDeck","Heirloom","Time Dilation","Flight"],"is_ascension_mode":true,"campfire_choices":[{"data":"Defragment","floor":8,"key":"SMITH"},{"data":"Defragment","floor":12,"key":"SMITH"},{"data":"Seek","floor":15,"key":"SMITH"},{"data":"Defragment","floor":28,"key":"SMITH"},{"data":"BasicCrystalCard","floor":32,"key":"SMITH"}],"circlet_count":0,"master_deck":["Leap","Barrage","Lockon","Capacitor","Chill","BasicCrystalCard+1","Cold Snap","Ball Lightning","Defragment+1","Chill","Ball Lightning","Conserve Battery","Defragment+1","BasicCrystalCard+1","Core Surge","BasicCrystalCard+1","Consume","Seek+1","Electrodynamics","Mirror Shield","Coolheaded+1","Defragment+1","Fission+1","AbeCurse","Consume+1"],"relics":["Cracked Core","replay:Trail_Library","Emotion Chip","Matryoshka","Torii","PreservedInsect","Shovel","ReplayTheSpireMod:TigerMarble","CeramicFish","Runic Dome","Pen Nib","MerchantsRug","Geode","Quantum Egg","Bottled Lightning","Anchor","Golden Egg","Replay:Accelerometer","Orichalcum","Lantern","Meat on the Bone","Abe\u0027s Treasure"],"acts_visited":["Exordium","TheCity","TheBeyond"],"potions_floor_usage":[24],"damage_taken":[{"damage":0,"enemies":"Cultist","floor":1,"turns":2},{"damage":0,"enemies":"2 Louse","floor":2,"turns":2},{"damage":8,"enemies":"Jaw Worm","floor":4,"turns":2},{"damage":4,"enemies":"Gremlin Nob","floor":6,"turns":3},{"damage":5,"enemies":"Lagavulin","floor":7,"turns":5},{"damage":0,"enemies":"3 Sentries","floor":10,"turns":3},{"damage":6,"enemies":"Gremlin Nob","floor":11,"turns":3},{"damage":0,"enemies":"3 Sentries","floor":13,"turns":7},{"damage":1,"enemies":"Lagavulin","floor":14,"turns":4},{"damage":0,"enemies":"The Guardian","floor":16,"turns":9},{"damage":0,"enemies":"Spheric Guardian","floor":18,"turns":3},{"damage":0,"enemies":"Chosen","floor":22,"turns":3},{"damage":6,"enemies":"Replay:Snechameleon","floor":23,"turns":4},{"damage":12,"enemies":"Book of Stabbing","floor":24,"turns":4},{"damage":13,"enemies":"Gremlin Leader","floor":25,"turns":6},{"damage":0,"enemies":"Slavers","floor":27,"turns":3},{"damage":1,"enemies":"Book of Stabbing","floor":29,"turns":3},{"damage":0,"enemies":"Slavers","floor":30,"turns":2},{"damage":0,"enemies":"Gremlin Leader","floor":31,"turns":3},{"damage":0,"enemies":"Collector","floor":33,"turns":7},{"damage":0,"enemies":"Orb Walker","floor":35,"turns":2},{"damage":1,"enemies":"2 Orb Walkers","floor":36,"turns":3}],"seed_played":"-6830504021055701102","potions_obtained":[{"floor":2,"key":"FearPotion"},{"floor":7,"key":"LiquidBronze"},{"floor":11,"key":"GamblersBrew"},{"floor":25,"key":"Milkshake"},{"floor":30,"key":"Ancient Potion"}],"is_trial":true,"path_per_floor":["M","M","$","M","$","E","E","R","T","E","E","R","E","E","R","B",null,"M","?","?","$","M","E","E","E","T","E","R","E","E","E","R","B",null,"M","?"],"character_chosen":"DEFECT","items_purchased":["Defragment","BasicCrystalCard+1","MerchantsRug","Mirror Shield"],"campfire_rested":0,"item_purchase_floors":[5,5,21,21],"current_hp_per_floor":[75,75,75,67,67,63,58,58,58,58,52,52,52,51,51,51,75,75,75,75,75,75,69,57,44,44,44,44,43,43,43,43,43,75,75,74,74],"gold":401,"neow_bonus":"","is_daily":false,"chose_seed":false,"campfire_upgraded":5,"win_rate":0.0,"timestamp":1610754167,"path_taken":["M","M","$","?","?","E","E","R","T","E","E","R","E","E","R","BOSS","M","?","?","$","?","E","E","E","T","E","R","E","E","E","R","BOSS","M","?"],"items_purchased_type":["Card","Card","Relic","Card"],"build_version":"2020-12-22","purchased_purges":0,"victory":false,"max_hp_per_floor":[75,75,75,75,75,75,75,75,75,75,75,75,75,75,75,75,75,75,75,75,75,75,75,75,75,75,75,75,75,75,75,75,75,75,75,75,75],"card_choices":[{"not_picked":["Hologram","Fusion"],"picked":"Ball Lightning","floor":1},{"not_picked":["Compile Driver","Sweeping Beam"],"picked":"Conserve Battery","floor":2},{"not_picked":["Sweeping Beam","Reboot","Panic Button"],"picked":"SKIP","floor":4},{"not_picked":["Hologram","Cold Snap"],"picked":"Core Surge","floor":6},{"not_picked":["Streamline","Gash","Sunder"],"picked":"SKIP","floor":7},{"not_picked":["BootSequence","Capacitor","Streamline"],"picked":"SKIP","floor":10},{"not_picked":["Double Energy","BasicCrystalCard","Skim"],"picked":"SKIP","floor":11},{"not_picked":["Defragment","Hologram"],"picked":"Consume","floor":13},{"not_picked":["Leap","ReplayTheSpireMod:Calculation Training"],"picked":"Seek","floor":14},{"not_picked":["Core Surge","Thunder Strike"],"picked":"Electrodynamics","floor":16},{"not_picked":["Go for the Eyes","Turbo+1","Redo+1"],"picked":"SKIP","floor":18},{"not_picked":["Redo+1","Melter"],"picked":"Coolheaded+1","floor":22},{"not_picked":["Fusion","Redo+1","Crystallizer+1"],"picked":"SKIP","floor":23},{"not_picked":["Compile Driver","Hologram","Cold Snap"],"picked":"SKIP","floor":24},{"not_picked":["Leap","Chill","Sweeping Beam"],"picked":"SKIP","floor":25},{"not_picked":["Streamline","Compile Driver"],"picked":"Defragment","floor":27},{"not_picked":["Panic Button","Stack+1","Reprogram"],"picked":"SKIP","floor":29},{"not_picked":["ReplaySort+1","Melter","Lockon"],"picked":"SKIP","floor":30},{"not_picked":["Rebound","Machine Learning","Compile Driver"],"picked":"SKIP","floor":31},{"not_picked":["Hyperbeam","Thunder Strike"],"picked":"Fission","floor":33},{"not_picked":["Melter","Go for the Eyes+1"],"picked":"Consume+1","floor":35}],"player_experience":185696,"relics_obtained":[{"floor":6,"key":"Matryoshka"},{"floor":7,"key":"Torii"},{"floor":9,"key":"PreservedInsect"},{"floor":9,"key":"Shovel"},{"floor":10,"key":"ReplayTheSpireMod:TigerMarble"},{"floor":11,"key":"CeramicFish"},{"floor":13,"key":"Regal Pillow"},{"floor":14,"key":"Toy Ornithopter"},{"floor":23,"key":"Geode"},{"floor":24,"key":"Quantum Egg"},{"floor":25,"key":"Bottled Lightning"},{"floor":26,"key":"Anchor"},{"floor":26,"key":"Golden Egg"},{"floor":27,"key":"Replay:Accelerometer"},{"floor":29,"key":"Orichalcum"},{"floor":30,"key":"Lantern"},{"floor":31,"key":"Meat on the Bone"}],"event_choices":[{"damage_healed":0,"gold_gain":0,"player_choice":"Obtained Relic","damage_taken":0,"relics_obtained":["Pen Nib"],"max_hp_gain":0,"max_hp_loss":0,"event_name":"Addict","floor":19,"gold_loss":85},{"damage_healed":0,"gold_gain":0,"player_choice":"Upgrade","damage_taken":0,"max_hp_gain":0,"max_hp_loss":0,"event_name":"Designer","floor":20,"gold_loss":40,"cards_upgraded":["BasicCrystalCard"]},{"damage_healed":0,"gold_gain":0,"player_choice":"Fight","damage_taken":0,"max_hp_gain":0,"max_hp_loss":0,"event_name":"Mysterious Sphere","floor":36,"gold_loss":0}],"is_beta":false,"boss_relics":[{"not_picked":["Snecko Eye","Painkiller Herb"],"picked":"Runic Dome"},{"not_picked":["Nuclear Battery","SacredBark"],"picked":"Abe\u0027s Treasure"}],"items_purged_floors":[],"is_endless":false,"potions_floor_spawned":[2,7,11,22,25,29,30],"killed_by":"2 Orb Walkers","ascension_level":1}}