{"host":"50qwps766cbz6ukm","time":1610743509,"event":{"mods":["BaseMod","Colored Map","Colored Powertips","DeckTracker","Highlight Path","Infinite Spire","Minty Spire (QoL Compilation)","Quick Restart","Remove Card Discount Mod","StSLib","SuperFastMode","Synergy Search"],"gold_per_floor":[110,110,128,128,128,157,169,185,210,222,234,234],"floor_reached":11,"language":"ENG","playtime":216,"items_purged":[],"score":127,"play_id":"023ce2cb-b511-4d9d-a465-b83a8a1b1298","local_time":"20210115224509","is_ascension_mode":true,"campfire_choices":[{"data":"Eruption","floor":10,"key":"SMITH"}],"circlet_count":0,"master_deck":["Strike_P","Strike_P","Strike_P","Strike_P","Defend_P","Defend_P","Defend_P","Defend_P","Eruption+1","Vigilance","FlyingSleeves","Prostrate","Pain","JustLucky","PathToVictory","Evaluate"],"relics":["PureWater","NeowsBlessing","infinitespire:Satchel","WarpedTongs","infinitespire:PuzzleCube","MawBank"],"acts_visited":["Exordium"],"potions_floor_usage":[11],"damage_taken":[{"damage":0,"enemies":"2 Louse","floor":1,"turns":1},{"damage":0,"enemies":"Small Slimes","floor":3,"turns":1},{"damage":0,"enemies":"Lagavulin","floor":6,"turns":1},{"damage":7,"enemies":"Cultist","floor":7,"turns":4},{"damage":9,"enemies":"3 Louse","floor":8,"turns":3},{"damage":61,"enemies":"Gremlin Nob","floor":11,"turns":4}],"seed_played":"8270176249780744878","potions_obtained":[{"floor":3,"key":"GamblersBrew"},{"floor":6,"key":"Energy Potion"},{"floor":8,"key":"DistilledChaos"}],"is_trial":false,"path_per_floor":["M","?","M","?","?","E","M","M","T","R","E"],"character_chosen":"WATCHER","items_purchased":[],"campfire_rested":0,"item_purchase_floors":[],"current_hp_per_floor":[65,65,65,58,58,58,51,42,42,42,0,0],"gold":234,"neow_bonus":"THREE_ENEMY_KILL","is_daily":false,"chose_seed":false,"campfire_upgraded":1,"win_rate":0.0,"timestamp":1610743509,"path_taken":["M","?","M","?","?","E","M","?","T","R","E"],"items_purchased_type":[],"build_version":"2020-12-22","purchased_purges":0,"victory":false,"max_hp_per_floor":[72,72,72,72,72,72,72,72,72,72,72,72],"card_choices":[{"not_picked":["PathToVictory","FollowUp"],"picked":"FlyingSleeves","floor":1},{"not_picked":["SashWhip","Worship"],"picked":"Prostrate","floor":3},{"not_picked":["Protect","Worship"],"picked":"JustLucky","floor":6},{"not_picked":["Vengeance","EmptyFist"],"picked":"PathToVictory","floor":7},{"not_picked":["Worship","FollowUp"],"picked":"Evaluate","floor":8}],"player_experience":565894,"relics_obtained":[{"floor":6,"key":"infinitespire:PuzzleCube"},{"floor":9,"key":"MawBank"}],"event_choices":[{"damage_healed":0,"gold_gain":0,"player_choice":"Box","damage_taken":0,"relics_obtained":["infinitespire:Satchel"],"max_hp_gain":0,"max_hp_loss":0,"event_name":"Big Fish","floor":2,"gold_loss":0,"cards_obtained":["Regret"]},{"cards_removed":["Regret"],"damage_healed":0,"gold_gain":0,"player_choice":"Card Removal","damage_taken":7,"max_hp_gain":0,"max_hp_loss":0,"event_name":"Golden Wing","floor":4,"gold_loss":0},{"damage_healed":0,"gold_gain":0,"player_choice":"Rummage","damage_taken":0,"relics_obtained":["WarpedTongs"],"max_hp_gain":0,"max_hp_loss":0,"event_name":"Accursed Blacksmith","floor":5,"gold_loss":0,"cards_obtained":["Pain"]}],"is_beta":false,"boss_relics":[],"items_purged_floors":[],"is_endless":false,"potions_floor_spawned":[3,6,8],"killed_by":"Gremlin Nob","ascension_level":6}}