{"host":"51o3r5t75wwkyw8q","time":1610681553,"event":{"mods":["BaseMod","Hubris","Infinite Spire","Minty Spire (QoL Compilation)","Replay The Spire","StSLib"],"gold_per_floor":[109,129,146,160,176,176,201,201,254,2,21,21,21,32,32,32,32],"floor_reached":16,"language":"ENG","playtime":911,"items_purged":["Strike_R"],"score":109,"play_id":"bda1f19e-fa30-4f88-9bfb-4fa81a60873c","local_time":"20210114213233","is_ascension_mode":true,"campfire_choices":[{"data":"Warcry","floor":6,"key":"SMITH"},{"data":"Warcry","floor":8,"key":"SMITH"},{"data":"Exhume","floor":12,"key":"SMITH"},{"data":"Defend_R","floor":15,"key":"SMITH"}],"circlet_count":0,"master_deck":["Strike_R","Strike_R","Strike_R","Defend_R","Defend_R","Defend_R","Defend_R+1","Bash","Warcry+1","Clothesline","Twin Strike","Warcry+1","Shrug It Off","True Grit+1","Evolve","Exhume+1","Heavy Blade"],"relics":["Burning Blood","Charon\u0027s Ashes","Meat on the Bone","Centennial Puzzle","Membership Card"],"acts_visited":["Exordium"],"potions_floor_usage":[5,16,16],"damage_taken":[{"damage":7,"enemies":"Cultist","floor":1,"turns":5},{"damage":2,"enemies":"Small Slimes","floor":2,"turns":5},{"damage":3,"enemies":"2 Louse","floor":3,"turns":3},{"damage":16,"enemies":"2 Fungi Beasts","floor":4,"turns":4},{"damage":12,"enemies":"3 Louse","floor":5,"turns":3},{"damage":31,"enemies":"Lagavulin","floor":7,"turns":6},{"damage":1,"enemies":"Red Slaver","floor":11,"turns":3},{"damage":0,"enemies":"Exordium Wildlife","floor":14,"turns":3},{"damage":61,"enemies":"Hexaghost","floor":16,"turns":15}],"seed_played":"-7143198855702609715","potions_obtained":[{"floor":3,"key":"Fire Potion"},{"floor":7,"key":"Swift Potion"},{"floor":14,"key":"FearPotion"}],"is_trial":false,"path_per_floor":["M","M","M","M","M","R","E","R","T","$","M","R","?","M","R","B"],"character_chosen":"IRONCLAD","items_purchased":["Membership Card","True Grit+1","Evolve"],"campfire_rested":0,"item_purchase_floors":[10,10,10],"current_hp_per_floor":[71,72,72,62,56,56,31,31,31,31,48,48,48,54,54,0,0],"gold":32,"neow_bonus":"ONE_RARE_RELIC","is_daily":false,"chose_seed":false,"campfire_upgraded":4,"win_rate":0.0,"timestamp":1610681553,"path_taken":["M","M","M","M","M","R","E","R","T","$","M","R","?","M","R","BOSS"],"items_purchased_type":["Relic","Card","Card"],"build_version":"2020-12-22","purchased_purges":1,"victory":false,"max_hp_per_floor":[72,72,72,72,72,72,72,72,72,72,72,72,72,72,72,72,72],"card_choices":[{"not_picked":["ReplayTheSpireMod:Corrosion Curse","Massacre","Anger"],"picked":"SKIP","floor":1},{"not_picked":["Pommel Strike","Bloodletting"],"picked":"Warcry","floor":2},{"not_picked":["Shockwave","Massacre"],"picked":"Clothesline","floor":3},{"not_picked":["Armaments","Wild Strike"],"picked":"Twin Strike","floor":4},{"not_picked":["Twin Strike","Armaments"],"picked":"Warcry","floor":5},{"not_picked":["ReplayTheSpireMod:LeadingStrike","Dual Wield"],"picked":"Shrug It Off","floor":7},{"not_picked":["Shrug It Off","Clothesline"],"picked":"Exhume","floor":11},{"not_picked":["Flame Barrier","Battle Trance","hubris:ReadiedAction"],"picked":"SKIP","floor":14},{"not_picked":["Flame Barrier","Battle Trance","hubris:ReadiedAction"],"picked":"SKIP","floor":14}],"player_experience":85037,"relics_obtained":[{"floor":7,"key":"Meat on the Bone"},{"floor":9,"key":"Centennial Puzzle"}],"event_choices":[{"damage_healed":0,"gold_gain":0,"cards_transformed":["Strike_R"],"player_choice":"Transformed","damage_taken":0,"max_hp_gain":0,"max_hp_loss":0,"event_name":"Transmorgrifier","floor":13,"gold_loss":0,"cards_obtained":["Heavy Blade"]}],"is_beta":false,"boss_relics":[],"items_purged_floors":[10],"is_endless":false,"potions_floor_spawned":[3,7,14],"killed_by":"Hexaghost","ascension_level":1}}