{"host":"clv0wcvg2do5saa1","time":1610709435,"event":{"mods":["BaseMod","Minty Spire (QoL Compilation)"],"gold_per_floor":[117,117,117,137,153,182,182,216,216,22,22,56,68,94,94,199,199,209,209,221,253,2,32,32,57,57,71,71,71,71,81,81,185,185,202,172,185,204,219,219,239,6,32,45,57,82,82,93,93,93,93],"floor_reached":50,"language":"ENG","playtime":2671,"items_purged":["Strike_R"],"score":705,"play_id":"04801a08-44a7-4a2e-9311-a118bf249112","local_time":"20210115061715","is_ascension_mode":true,"campfire_choices":[{"data":"Flex","floor":7,"key":"SMITH"},{"data":"Disarm","floor":11,"key":"SMITH"},{"floor":15,"key":"REST"},{"floor":24,"key":"REST"},{"data":"Limit Break","floor":29,"key":"SMITH"},{"floor":32,"key":"REST"},{"floor":40,"key":"REST"},{"data":"Ghostly","floor":49,"key":"SMITH"}],"circlet_count":0,"master_deck":["Defend_R","Defend_R","Defend_R+1","Defend_R+1","Bash+1","Heavy Blade+1","Uppercut+1","Shockwave+1","Twin Strike","Flex+1","Disarm+1","Limit Break+1","RitualDagger","Dark Embrace+1","Whirlwind","Inflame+1","Flex","Ghostly+1","Ghostly","Ghostly","Ghostly","Ghostly","Demon Form+1","Flex+1","Shrug It Off+1","Warcry+1","Inflame+1","Pommel Strike+1","Pummel","Demon Form+1"],"relics":["Astrolabe","Happy Flower","Darkstone Periapt","Frozen Egg 2","Toolbox","War Paint","Omamori","Black Star","Red Mask","Letter Opener","Pen Nib","Eternal Feather","MealTicket","Mercury Hourglass","Runic Pyramid","Strange Spoon","PreservedInsect","Meat on the Bone"],"acts_visited":["Exordium","TheCity","TheBeyond"],"potions_floor_usage":[6,14,16,21,21,27,46,46,47,50,50,50],"damage_taken":[{"damage":14,"enemies":"Small Slimes","floor":1,"turns":3},{"damage":7,"enemies":"2 Louse","floor":4,"turns":3},{"damage":0,"enemies":"Cultist","floor":5,"turns":2},{"damage":20,"enemies":"Gremlin Nob","floor":6,"turns":5},{"damage":10,"enemies":"Lagavulin","floor":8,"turns":7},{"damage":5,"enemies":"Gremlin Nob","floor":12,"turns":3},{"damage":5,"enemies":"Blue Slaver","floor":13,"turns":2},{"damage":17,"enemies":"3 Sentries","floor":14,"turns":3},{"damage":7,"enemies":"The Guardian","floor":16,"turns":10},{"damage":16,"enemies":"Spheric Guardian","floor":18,"turns":4},{"damage":3,"enemies":"Chosen","floor":20,"turns":3},{"damage":48,"enemies":"Masked Bandits","floor":21,"turns":5},{"damage":16,"enemies":"Gremlin Leader","floor":23,"turns":5},{"damage":7,"enemies":"Book of Stabbing","floor":25,"turns":6},{"damage":13,"enemies":"Shelled Parasite and Fungi","floor":27,"turns":3},{"damage":7,"enemies":"Centurion and Healer","floor":31,"turns":5},{"damage":32,"enemies":"Collector","floor":33,"turns":9},{"damage":15,"enemies":"3 Darklings","floor":35,"turns":5},{"damage":12,"enemies":"Orb Walker","floor":37,"turns":4},{"damage":18,"enemies":"Maw","floor":38,"turns":7},{"damage":9,"enemies":"Writhing Mass","floor":39,"turns":6},{"damage":3,"enemies":"Sphere and 2 Shapes","floor":41,"turns":6},{"damage":3,"enemies":"Spire Growth","floor":44,"turns":4},{"damage":1,"enemies":"Writhing Mass","floor":45,"turns":4},{"damage":3,"enemies":"Reptomancer","floor":46,"turns":7},{"damage":7,"enemies":"3 Darklings","floor":48,"turns":3},{"damage":41,"enemies":"Time Eater","floor":50,"turns":5}],"seed_played":"1703158854236877970","potions_obtained":[{"floor":4,"key":"ColorlessPotion"},{"floor":6,"key":"Ancient Potion"},{"floor":8,"key":"BloodPotion"},{"floor":14,"key":"AttackPotion"},{"floor":25,"key":"SkillPotion"},{"floor":27,"key":"DistilledChaos"},{"floor":36,"key":"DistilledChaos"},{"floor":38,"key":"BlessingOfTheForge"},{"floor":46,"key":"ColorlessPotion"},{"floor":47,"key":"EntropicBrew"},{"floor":47,"key":"ColorlessPotion"}],"is_trial":false,"path_per_floor":["M","?","?","M","M","E","R","E","T","$","R","E","M","E","R","B",null,"M","?","M","?","$","E","R","E","T","M","?","R","?","M","R","B",null,"M","?","M","M","M","R","M","$","T","M","M","E","?","M","R","B"],"character_chosen":"IRONCLAD","items_purchased":["Toolbox","BloodPotion","Inflame+1","FairyPotion","Strange Spoon","Inflame+1"],"campfire_rested":4,"item_purchase_floors":[10,10,22,22,42,42],"current_hp_per_floor":[66,59,59,52,52,32,32,22,22,22,22,17,12,11,35,28,80,64,58,55,23,23,7,31,24,24,11,11,20,20,13,37,5,40,25,25,13,12,3,30,27,40,40,37,36,33,33,26,40,0,0],"gold":93,"neow_bonus":"BOSS_RELIC","is_daily":false,"chose_seed":false,"campfire_upgraded":4,"win_rate":0.0,"timestamp":1610709435,"path_taken":["M","?","?","M","?","E","R","E","T","$","R","E","M","E","R","BOSS","M","?","M","?","?","E","R","E","T","?","?","R","?","M","R","BOSS","M","?","M","?","M","R","M","$","T","M","M","E","?","M","R","BOSS"],"items_purchased_type":["Relic","Potion","Card","Potion","Relic","Card"],"build_version":"2020-12-22","purchased_purges":1,"victory":false,"max_hp_per_floor":[80,80,80,80,80,80,80,80,80,80,80,80,80,80,80,80,80,80,80,80,80,80,80,80,80,80,80,80,80,40,40,40,40,40,40,40,40,40,40,40,40,40,40,40,40,40,40,40,40,40,40],"card_choices":[{"not_picked":["Thunderclap","Hemokinesis","Wild Strike"],"picked":"SKIP","floor":1},{"not_picked":["Shrug It Off","Armaments"],"picked":"Twin Strike","floor":4},{"not_picked":["Havoc","Warcry","Clash"],"picked":"SKIP","floor":5},{"not_picked":["Disarm","Hemokinesis"],"picked":"Flex","floor":6},{"not_picked":["Feed","Cleave"],"picked":"Disarm","floor":8},{"not_picked":["Clothesline","Hemokinesis","Sever Soul"],"picked":"SKIP","floor":12},{"not_picked":["Flex","Body Slam","Wild Strike"],"picked":"SKIP","floor":13},{"not_picked":["Juggernaut+1","Sword Boomerang","Anger"],"picked":"SKIP","floor":14},{"not_picked":["Double Tap","Berserk+1"],"picked":"Limit Break","floor":16},{"not_picked":["Power Through","Armaments","Sword Boomerang"],"picked":"SKIP","floor":18},{"not_picked":["Blood for Blood+1","Warcry"],"picked":"Dark Embrace+1","floor":20},{"not_picked":["Headbutt","Perfected Strike"],"picked":"Whirlwind","floor":21},{"not_picked":["Rupture+1","True Grit","Perfected Strike"],"picked":"SKIP","floor":23},{"not_picked":["Warcry","Shrug It Off"],"picked":"Flex","floor":25},{"not_picked":["Iron Wave","Wild Strike","Body Slam+1"],"picked":"SKIP","floor":27},{"not_picked":["Dual Wield","Intimidate","Clash"],"picked":"SKIP","floor":31},{"not_picked":["Brutality+1","Barricade+1"],"picked":"Demon Form+1","floor":33},{"not_picked":["Second Wind+1","Intimidate"],"picked":"Flex+1","floor":35},{"not_picked":["Flex","Sword Boomerang"],"picked":"Shrug It Off+1","floor":37},{"not_picked":["Bloodletting+1","Twin Strike+1"],"picked":"Warcry+1","floor":38},{"not_picked":["Dropkick+1","Sword Boomerang","Sever Soul"],"picked":"SKIP","floor":39},{"not_picked":["Fire Breathing+1","Twin Strike","Shrug It Off"],"picked":"SKIP","floor":41},{"not_picked":["Burning Pact+1","Sword Boomerang"],"picked":"Pommel Strike+1","floor":44},{"not_picked":["Warcry","Iron Wave+1","Pommel Strike"],"picked":"SKIP","floor":45},{"not_picked":["Thunderclap+1","True Grit"],"picked":"Pummel","floor":46},{"not_picked":["Sword Boomerang+1","Power Through+1"],"picked":"Demon Form+1","floor":48}],"player_experience":155080,"relics_obtained":[{"floor":6,"key":"Happy Flower"},{"floor":8,"key":"Darkstone Periapt"},{"floor":9,"key":"Frozen Egg 2"},{"floor":12,"key":"War Paint"},{"floor":14,"key":"Omamori"},{"floor":21,"key":"Red Mask"},{"floor":23,"key":"Letter Opener"},{"floor":23,"key":"Pen Nib"},{"floor":25,"key":"Eternal Feather"},{"floor":25,"key":"MealTicket"},{"floor":26,"key":"Mercury Hourglass"},{"floor":46,"key":"PreservedInsect"},{"floor":46,"key":"Meat on the Bone"}],"event_choices":[{"cards_removed":["Strike_R"],"damage_healed":0,"gold_gain":0,"player_choice":"Card Removal","damage_taken":7,"max_hp_gain":0,"max_hp_loss":0,"event_name":"Golden Wing","floor":2,"gold_loss":0},{"damage_healed":0,"gold_gain":0,"player_choice":"Forge","damage_taken":0,"max_hp_gain":0,"max_hp_loss":0,"event_name":"Accursed Blacksmith","floor":3,"gold_loss":0,"cards_upgraded":["Bash"]},{"damage_healed":0,"gold_gain":0,"player_choice":"Joined the Cult","damage_taken":6,"max_hp_gain":0,"max_hp_loss":0,"event_name":"Nest","floor":19,"gold_loss":0,"cards_obtained":["RitualDagger"]},{"damage_healed":0,"gold_gain":0,"player_choice":"Fought Bandits","damage_taken":0,"max_hp_gain":0,"max_hp_loss":0,"event_name":"Masked Bandits","floor":21,"gold_loss":0},{"damage_healed":0,"gold_gain":0,"player_choice":"Ignored","damage_taken":0,"max_hp_gain":0,"max_hp_loss":0,"event_name":"Vampires","floor":28,"gold_loss":0},{"damage_healed":0,"gold_gain":0,"player_choice":"Became a Ghost","damage_taken":0,"max_hp_gain":0,"max_hp_loss":40,"event_name":"Ghosts","floor":30,"gold_loss":0,"cards_obtained":["Ghostly","Ghostly","Ghostly","Ghostly","Ghostly"]},{"damage_healed":0,"gold_gain":0,"player_choice":"Bought 2 Potions","damage_taken":0,"max_hp_gain":0,"max_hp_loss":0,"event_name":"The Woman in Blue","floor":36,"gold_loss":0},{"damage_healed":0,"gold_gain":0,"player_choice":"Got Potions","damage_taken":0,"max_hp_gain":0,"max_hp_loss":0,"event_name":"Lab","floor":47,"gold_loss":0}],"is_beta":false,"boss_relics":[{"not_picked":["Runic Dome","Coffee Dripper"],"picked":"Black Star"},{"not_picked":["SacredBark","Mark of Pain"],"picked":"Runic Pyramid"}],"items_purged_floors":[22],"is_endless":false,"potions_floor_spawned":[4,6,8,14,25,27,37,38,39,45,46],"killed_by":"Time Eater","ascension_level":4}}