{"host":"blqtz7f1wyqlnbm9","time":1610681108,"event":{"mods":["BaseMod","Minty Spire (QoL Compilation)","Replay The Spire","StSLib"],"gold_per_floor":[117,127,77,77,77,77,102,102,102,120,135,163,207,233,233,257,257],"floor_reached":16,"language":"ZHS","playtime":588,"items_purged":[],"score":129,"play_id":"ec3dcecf-5a60-49d4-9923-3982acf2b063","local_time":"20210115112508","is_ascension_mode":true,"campfire_choices":[{"data":"Dagger Spray","floor":6.0,"key":"SMITH"},{"data":"Neutralize","floor":8.0,"key":"SMITH"},{"floor":15,"key":"REST"}],"circlet_count":0,"master_deck":["Strike_G","Strike_G","Strike_G","Strike_G","Strike_G","Defend_G+1","Defend_G","Defend_G","Defend_G","Survivor+1","Neutralize+1","Dash+1","Dagger Spray+1","Sneak Up","Atom Bomb","Outmaneuver","Outmaneuver","Calculated Gamble"],"relics":["Ring of the Snake","War Paint","Art of War","Question Card","Replay:Bandana"],"acts_visited":["Exordium"],"potions_floor_usage":[],"damage_taken":[{"damage":0.0,"enemies":"Cultist","floor":1.0,"turns":4.0},{"damage":0.0,"enemies":"2 Louse","floor":2.0,"turns":2.0},{"damage":15.0,"enemies":"3 Sentries","floor":7.0,"turns":5.0},{"damage":0.0,"enemies":"Small Slimes","floor":10.0,"turns":3.0},{"damage":0.0,"enemies":"Blue Slaver","floor":11.0,"turns":4.0},{"damage":13.0,"enemies":"Lagavulin","floor":12.0,"turns":4.0},{"damage":6.0,"enemies":"Lots of Slimes","floor":13.0,"turns":5.0},{"damage":6,"enemies":"3 Louse","floor":14,"turns":5},{"damage":41,"enemies":"Fading Forest","floor":16,"turns":9}],"seed_played":"6700402054224852079","potions_obtained":[{"floor":2.0,"key":"FearPotion"},{"floor":10.0,"key":"SkillPotion"},{"floor":13.0,"key":"Poison Potion"}],"is_trial":false,"path_per_floor":["M","M","?","?","?","R","E","R","T","M","M","E","M","M","R","B"],"character_chosen":"THE_SILENT","items_purchased":[],"campfire_rested":1,"item_purchase_floors":[],"current_hp_per_floor":[70,70,70,52,52,52,37,37,37,37,37,24,18,12,33,0,0],"gold":257,"neow_bonus":"THREE_CARDS","is_daily":false,"chose_seed":false,"campfire_upgraded":2,"win_rate":0.0,"timestamp":1610681108,"path_taken":["M","?","?","?","?","R","E","R","T","M","M","E","M","?","R","BOSS"],"items_purchased_type":[],"build_version":"2020-12-22","purchased_purges":0,"victory":false,"max_hp_per_floor":[70,70,70,70,70,70,70,70,70,70,70,70,70,70,70,70,70],"card_choices":[{"not_picked":["Cloak And Dagger","Sneak Up"],"picked":"Dash","floor":0.0},{"not_picked":["Poisoned Stab","Leg Sweep"],"picked":"Dagger Spray","floor":1.0},{"not_picked":["Outmaneuver","ReplayTheSpireMod:The Works"],"picked":"Sneak Up","floor":2.0},{"not_picked":["Dagger Throw","Underhanded Strike"],"picked":"Atom Bomb","floor":7.0},{"not_picked":["Expertise","Dagger Throw","ReplayTheSpireMod:Exploit Weakness"],"picked":"Outmaneuver","floor":10.0},{"not_picked":["ReplayTheSpireMod:Tripwire","ReplayTheSpireMod:Exploit Weakness","Dagger Throw","Dagger Spray"],"picked":"SKIP","floor":11.0},{"not_picked":["Flechettes","Underhanded Strike","Dodge and Roll"],"picked":"Outmaneuver","floor":12.0},{"not_picked":["Acrobatics","Dagger Throw","Deadly Poison"],"picked":"Calculated Gamble","floor":13.0},{"not_picked":["Masterful Stab","Endless Agony","Tactician","Slice"],"picked":"SKIP","floor":14}],"player_experience":209613,"relics_obtained":[{"floor":7.0,"key":"Art of War"},{"floor":9.0,"key":"Question Card"},{"floor":12.0,"key":"Replay:Bandana"}],"event_choices":[{"cards_removed":["Defend_G"],"damage_healed":0.0,"max_hp_gain":0.0,"max_hp_loss":0.0,"gold_gain":0.0,"event_name":"The Cleric","player_choice":"Card Removal","floor":3.0,"gold_loss":50.0,"damage_taken":0.0},{"damage_healed":0.0,"max_hp_gain":0.0,"max_hp_loss":0.0,"gold_gain":0.0,"event_name":"Scrap Ooze","player_choice":"Success","floor":4.0,"gold_loss":0.0,"damage_taken":18.0,"relics_obtained":["War Paint"]}],"is_beta":false,"boss_relics":[],"items_purged_floors":[],"is_endless":false,"potions_floor_spawned":[2,10,13],"killed_by":"Fading Forest","ascension_level":3}}