{"host":"l2dnabsh5e0fsksb","time":1610722237,"event":{"mods":["2.2 Compatiblity","BaseMod","Downfall","Minty Spire (QoL Compilation)","Quick Restart","StSLib"],"gold_per_floor":[99,99,99,99,99,24,48,33,44,70,83,8,8,8,8],"floor_reached":13,"language":"ENG","playtime":928,"items_purged":[],"score":151,"play_id":"c2cbafcf-58ec-4f40-9079-facfda37284b","local_time":"20210116012037","is_ascension_mode":true,"campfire_choices":[{"floor":1.0,"key":"RECALL"},{"data":"champ:AdrenalArmor","floor":6.0,"key":"SMITH"},{"floor":12.0,"key":"REST"}],"circlet_count":0,"master_deck":["AscendersBane","champ:Strike","champ:Strike","champ:Strike","champ:Strike","champ:Defend","champ:Defend","champ:Defend","champ:Execute","champ:Taunt","champ:AdrenalArmor+1","champ:FocusedBerserking","champ:DefensiveStyle","champ:ArenaPreparation","champ:AdrenalArmor","champ:DefensiveShout","champ:Backstep"],"relics":["champ:ChampionCrown","downfall:HeartsMalice","downfall:HeartBlessingRed","Bag of Preparation","downfall:HeartBlessingBlue"],"acts_visited":["Exordium"],"potions_floor_usage":[13,13],"damage_taken":[{"damage":0.0,"enemies":"Jaw Worm","floor":2.0,"turns":1.0},{"damage":0.0,"enemies":"Cultist","floor":4.0,"turns":1.0},{"damage":0.0,"enemies":"2 Louse","floor":5.0,"turns":1.0},{"damage":41.0,"enemies":"downfall:FleeingMerchant","floor":8.0,"turns":4.0},{"damage":47.0,"enemies":"Exordium Wildlife","floor":9.0,"turns":4.0},{"damage":67.0,"enemies":"Lagavulin","floor":10.0,"turns":9.0},{"damage":53.0,"enemies":"Exordium Thugs","floor":11.0,"turns":9.0},{"damage":77,"enemies":"3 Sentries","floor":13,"turns":10}],"seed_played":"3367559527995772557","potions_obtained":[{"floor":10.0,"key":"Explosive Potion"},{"floor":11.0,"key":"DuplicationPotion"}],"is_trial":false,"path_per_floor":["R","M","?","M","M","R","T","$","M","E","M","R","E"],"character_chosen":"THE_CHAMP","items_purchased":[],"campfire_rested":1,"item_purchase_floors":[],"current_hp_per_floor":[81,81,81,81,81,81,81,81,68,48,31,71,0,0,0],"gold":8,"neow_bonus":"THREE_ENEMY_KILL","is_daily":false,"chose_seed":false,"campfire_upgraded":1,"win_rate":0.0,"timestamp":1610722237,"path_taken":["R","M","?","?","M","R","T","$","M","E","M","R","E"],"items_purchased_type":[],"build_version":"2020-12-22","purchased_purges":0,"victory":false,"max_hp_per_floor":[90,90,90,90,90,90,90,90,90,90,90,100,105,105,105],"card_choices":[{"not_picked":["champ:CrookedStrike","champ:FocusedDefense"],"picked":"champ:AdrenalArmor","floor":2.0},{"not_picked":["champ:RapidStrikes","champ:PerfectedStrike"],"picked":"champ:DefensiveStyle","floor":4.0},{"not_picked":["champ:PerfectedStrike","champ:DefensiveShout"],"picked":"champ:ArenaPreparation","floor":5.0},{"not_picked":["champ:GladiatorsShout","champ:RisingSlash"],"picked":"champ:AdrenalArmor","floor":8.0},{"not_picked":["champ:Circumvent","champ:RageSigil"],"picked":"champ:DefensiveShout","floor":9.0},{"not_picked":["champ:GladiatorsShout","champ:BerserkerStyle"],"picked":"champ:Backstep","floor":10.0},{"not_picked":["champ:BladeFlurry","champ:StanceDance"],"picked":"champ:FightOn","floor":11.0}],"player_experience":1791170,"relics_obtained":[{"floor":10.0,"key":"Bag of Preparation"}],"event_choices":[{"damage_healed":0.0,"max_hp_gain":0.0,"max_hp_loss":0.0,"gold_gain":0.0,"cards_transformed":["champ:Defend"],"event_name":"Transmorgrifier","player_choice":"Transformed","floor":3.0,"gold_loss":0.0,"damage_taken":0.0,"cards_obtained":["champ:FocusedBerserking"]}],"is_beta":false,"boss_relics":[],"items_purged_floors":[],"is_endless":false,"potions_floor_spawned":[10,11],"killed_by":"3 Sentries","ascension_level":12}}