{"host":"g1wmg2w41xhsnw8g","time":1610743667,"event":{"mods":["2.2 Compatiblity","Act Like it!","BaseMod","Better Altar","Better Match","Better Note","Better Sensory Stone","Better Skull","Better Third Choice","BetterRewards","Booster Modes","CapriCore","Colored Map","Colored Powertips","Defuse TimeMaze Blight","Displayed Cursed Tome","Evolution","Fox Events","Friendly Minions","GifTheSpireLib","Good Game Mod","Googly Eyes","Infinite Spire","Minty Spire (QoL Compilation)","Red Circlet Mod","Relic Sorter","SCP261 Mod","Shop Mod","Spicy Shops","StSLib","The Druid","The Florist","The Sage","Trackpad","Transform Curses","Wandering Minibosses","????"],"gold_per_floor":[119,139,139,59,74,104,104,104,104,139,139,61,61,80,80,181,181,219,219,3,3,23,58,58,90,90],"floor_reached":25,"language":"ENG","playtime":1253,"items_purged":["Agrypnos:BasicDefend","Agrypnos:BasicStrike"],"score":238,"play_id":"88a5d485-73d9-4ec8-9ade-c9cafecea53a","local_time":"20210115154747","is_ascension_mode":true,"campfire_choices":[{"floor":7,"key":"REST"},{"floor":15,"key":"REST"}],"circlet_count":0,"master_deck":["Agrypnos:BasicStrike","Agrypnos:BasicStrike","Agrypnos:BasicDefend+1","Agrypnos:BasicDefend+1","Agrypnos:BasicDefend","Agrypnos:Trowel+1","Agrypnos:Rose","LessonLearned","Agrypnos:Rake","Agrypnos:Summer","Agrypnos:Snapdragon","Agrypnos:Fertilize","Agrypnos:Bramble","Agrypnos:SpringArrival","Agrypnos:NaturePurity+1","Agrypnos:Leaf+1","Agrypnos:Pollen","Agrypnos:Narcissus"],"relics":["PureWater","REME:ComplimentaryCards","EVO:Axolotl","MerchantsRug","Lantern","trackpad:HandOfMidas","StrikeDummy","infinitespire:Cubic Diamond","CaptainsWheel","Bag of Preparation","Coffee Dripper","Toolbox","Singing Bowl"],"acts_visited":["Exordium","TheCity"],"potions_floor_usage":[6],"damage_taken":[{"damage":21,"enemies":"infinitespire:Voidling","floor":1,"turns":3},{"damage":0,"enemies":"Jaw Worm","floor":2,"turns":3},{"damage":12,"enemies":"Small Slimes","floor":5,"turns":3},{"damage":18,"enemies":"Gremlin Nob","floor":6,"turns":4},{"damage":18,"enemies":"Lagavulin","floor":10,"turns":5},{"damage":0,"enemies":"Looter","floor":14,"turns":2},{"damage":26,"enemies":"Hexaghost","floor":16,"turns":9},{"damage":0,"enemies":"Spheric Guardian","floor":18,"turns":1},{"damage":12,"enemies":"3 Byrds","floor":22,"turns":5},{"damage":33,"enemies":"Gremlin Leader","floor":23,"turns":6},{"damage":30,"enemies":"Slavers","floor":25,"turns":2}],"seed_played":"4590953425504611415","potions_obtained":[{"floor":5,"key":"Weak Potion"},{"floor":18,"key":"SCP261:ThunderBarPotion"},{"floor":22,"key":"SmokeBomb"},{"floor":23,"key":"SCP261:BarrettColaPotion"}],"is_trial":false,"path_per_floor":["M","M","?","$","M","E","R","?","T","E","?","$","?","M","R","B",null,"M","?","$","?","M","E","?","E"],"character_chosen":"THE_FLORIST","items_purchased":["MerchantsRug","Lantern","Agrypnos:Rose","Agrypnos:Summer","Agrypnos:SpringArrival","Toolbox","Agrypnos:Pollen"],"campfire_rested":2,"item_purchase_floors":[0,0,0,4,12,20,20],"current_hp_per_floor":[49,49,35,35,23,5,26,26,26,8,13,13,13,13,35,9,75,75,75,75,68,56,25,25,0,0],"gold":90,"neow_bonus":"","is_daily":false,"chose_seed":false,"campfire_upgraded":0,"win_rate":0.0,"timestamp":1610743667,"path_taken":["M","?","?","$","M","E","R","?","T","E","?","?","?","M","R","BOSS","M","?","$","?","?","E","?","E"],"items_purchased_type":["Relic","Relic","Card","Card","Card","Relic","Card"],"build_version":"2020-12-22","purchased_purges":2,"victory":false,"max_hp_per_floor":[70,70,70,70,70,70,70,70,70,70,75,75,75,75,75,75,75,75,75,75,75,75,77,77,77,77],"card_choices":[{"not_picked":["Agrypnos:Replanting","Agrypnos:RoseGarden"],"picked":"Agrypnos:Rake","floor":1},{"not_picked":["Agrypnos:Rake","Agrypnos:Wolfsbane","Agrypnos:Rot"],"picked":"SKIP","floor":2},{"not_picked":["Agrypnos:Tumbleweed","Agrypnos:Blossom"],"picked":"Agrypnos:Snapdragon","floor":5},{"not_picked":["Agrypnos:FloralScent","Agrypnos:Pesticide"],"picked":"Agrypnos:Fertilize","floor":6},{"not_picked":["Agrypnos:Leaf","Agrypnos:FloralScent"],"picked":"Agrypnos:Bramble","floor":10},{"not_picked":["Agrypnos:Restock","Agrypnos:StormShelter","Agrypnos:Preserve"],"picked":"SKIP","floor":14},{"not_picked":["Agrypnos:Wolffia","Agrypnos:Verdancy"],"picked":"Agrypnos:NaturePurity","floor":16},{"not_picked":["Agrypnos:Cattail","Agrypnos:Tumbleweed"],"picked":"Agrypnos:Leaf+1","floor":18},{"not_picked":["Agrypnos:Shell","Agrypnos:StormShelter","Agrypnos:Rot+1"],"picked":"SKIP","floor":22},{"not_picked":["Agrypnos:FloralScent","Agrypnos:Hoe","Agrypnos:Restock+1"],"picked":"Singing Bowl","floor":23}],"player_experience":931576,"relics_obtained":[{"floor":6,"key":"StrikeDummy"},{"floor":9,"key":"CaptainsWheel"},{"floor":10,"key":"Bag of Preparation"},{"floor":23,"key":"Singing Bowl"}],"event_choices":[{"damage_healed":49,"gold_gain":0,"player_choice":"Upgrade","damage_taken":14,"max_hp_gain":0,"max_hp_loss":70,"event_name":"betterThird:BetterShining","floor":3,"gold_loss":0,"cards_upgraded":["Agrypnos:Trowel","Agrypnos:BasicDefend"]},{"damage_healed":0,"gold_gain":0,"player_choice":"Donut","damage_taken":0,"max_hp_gain":5,"max_hp_loss":0,"event_name":"Big Fish","floor":11,"gold_loss":0},{"damage_healed":0,"gold_gain":0,"player_choice":"Bought 0 Potions","damage_taken":0,"max_hp_gain":0,"max_hp_loss":0,"event_name":"The Woman in Blue","floor":19,"gold_loss":0},{"damage_healed":0,"gold_gain":0,"player_choice":"Damaged","damage_taken":7,"max_hp_gain":0,"max_hp_loss":0,"event_name":"Wheel of Change","floor":21,"gold_loss":0},{"damage_healed":0,"gold_gain":0,"cards_transformed":["Agrypnos:BasicStrike"],"player_choice":"Transformed","damage_taken":0,"max_hp_gain":0,"max_hp_loss":0,"event_name":"Transmorgrifier","floor":24,"gold_loss":0,"cards_obtained":["Agrypnos:Narcissus"]}],"is_beta":false,"boss_relics":[{"not_picked":["Snecko Eye","Ectoplasm"],"picked":"Coffee Dripper"}],"items_purged_floors":[0,20],"is_endless":false,"potions_floor_spawned":[5,18,22,23],"killed_by":"Slavers","ascension_level":1}}