{"host":"pfnwa0sy5sys62a0","time":1610749211,"event":{"mods":["AchievementEnabler","BaseMod","Colored Powertips","DeckTracker","Minty Spire (QoL Compilation)","Quick Restart","StSLib","SuperFastMode","Synergy Search"],"gold_per_floor":[116,46,46,46,46,46,61,86,86,86,112,112],"floor_reached":11,"language":"ENG","playtime":405,"items_purged":[],"score":104,"play_id":"84f76daf-9cac-44eb-8d01-bd75f21ce3a8","local_time":"20210115172011","is_ascension_mode":false,"campfire_choices":[{"data":"Indignation","floor":6.0,"key":"SMITH"},{"data":"Protect","floor":10.0,"key":"SMITH"}],"circlet_count":0,"master_deck":["Strike_P","Strike_P","Strike_P","Strike_P","Defend_P","Defend_P","Defend_P","Defend_P","Eruption","Vigilance","Indignation+1","Vengeance","Protect+1"],"relics":["PureWater","NeowsBlessing","Blue Candle","Eternal Feather","Omamori"],"acts_visited":[],"potions_floor_usage":[],"damage_taken":[{"damage":0.0,"enemies":"Cultist","floor":1.0,"turns":1.0},{"damage":0.0,"enemies":"Small Slimes","floor":7.0,"turns":1.0},{"damage":0.0,"enemies":"Lagavulin","floor":8.0,"turns":1.0},{"damage":36.0,"enemies":"Gremlin Nob","floor":11.0,"turns":3.0}],"seed_played":"4530090687122831638","potions_obtained":[{"floor":1.0,"key":"Regen Potion"},{"floor":5.0,"key":"DuplicationPotion"},{"floor":5.0,"key":"AttackPotion"}],"is_trial":false,"path_per_floor":["M","$","$","?","?","R","M","E","T","R","E"],"character_chosen":"WATCHER","items_purchased":["Vengeance"],"campfire_rested":0,"item_purchase_floors":[2],"current_hp_per_floor":[72,72,72,77,77,77,77,77,77,77,41,41],"gold":112,"neow_bonus":"THREE_ENEMY_KILL","is_daily":false,"chose_seed":false,"campfire_upgraded":2,"win_rate":0.0,"timestamp":1610749211,"path_taken":["M","?","$","?","?","R","M","E","T","R","E"],"items_purchased_type":["Card"],"build_version":"2020-12-22","purchased_purges":0,"victory":false,"max_hp_per_floor":[72,72,72,77,77,77,77,77,77,77,77,77],"card_choices":[{"not_picked":["BattleHymn","BowlingBash"],"picked":"Indignation","floor":1.0},{"not_picked":["EmptyBody","Sanctity","BowlingBash"],"picked":"SKIP","floor":7.0},{"not_picked":["Meditate","Pray"],"picked":"Protect","floor":8.0}],"player_experience":129117,"relics_obtained":[{"floor":8.0,"key":"Blue Candle"},{"floor":9.0,"key":"Eternal Feather"},{"floor":11,"key":"Omamori"}],"event_choices":[{"damage_healed":0.0,"max_hp_gain":5.0,"max_hp_loss":0.0,"gold_gain":0.0,"event_name":"Big Fish","player_choice":"Donut","floor":4.0,"gold_loss":0.0,"damage_taken":0.0},{"damage_healed":0.0,"max_hp_gain":0.0,"max_hp_loss":0.0,"gold_gain":0.0,"event_name":"Lab","player_choice":"Got Potions","floor":5.0,"gold_loss":0.0,"damage_taken":0.0}],"is_beta":false,"boss_relics":[],"items_purged_floors":[],"is_endless":false,"potions_floor_spawned":[1],"killed_by":"Gremlin Nob","ascension_level":0}}