{"host":"a0d98l75j0h1o085","time":1610732083,"event":{"mods":["AlwaysNeverKeys","BaseMod","Downfall","Highlight Path","Minty Spire (QoL Compilation)","StSLib"],"gold_per_floor":[99,112,112,131,131,164,187,187,22,42,42,76,96,196,208,303,303,303,315,330,345,445,295,320,320,346,346,561,561,561,574,591,690,690,690,707,374,420,70,82,108,108,143,194,119,188,188,207,220,220,220,247,4,4,4],"floor_reached":56,"language":"ENG","playtime":13133,"items_purged":["sneckomod:Strike","sneckomod:Strike","Regret","Pain"],"score":1529,"play_id":"c9808977-b206-4b91-afa2-fbfa5d00cce1","local_time":"20210115173443","is_ascension_mode":true,"campfire_choices":[{"data":"sneckomod:Unknown","floor":1.0,"key":"SMITH"},{"data":"sneckomod:SnekBite","floor":8.0,"key":"SMITH"},{"floor":18.0,"key":"RECALL"},{"data":"sneckomod:UnknownColorless","floor":23.0,"key":"SMITH"},{"data":"sneckomod:SerpentIdol","floor":27.0,"key":"SMITH"},{"data":"sneckomod:UnknownRareAttack","floor":35,"key":"SMITH"},{"data":"sneckomod:MasterEye","floor":45,"key":"SMITH"},{"floor":47,"key":"REST"},{"floor":54,"key":"REST"}],"circlet_count":0,"master_deck":["sneckomod:Defend+1","sneckomod:Defend+1","sneckomod:Defend+1","sneckomod:TailWhip","sneckomod:SnekBite+1","sneckomod:Unknown+1","sneckomod:Unknown","sneckomod:PureSnecko+1","sneckomod:SoulDraw","sneckomod:CheapStock","sneckomod:SerpentIdol+1","sneckomod:Nope","sneckomod:UnknownColorless+1","sneckomod:UnknownUncommonPower","Guardian:Aged","sneckomod:SnakeSap+1","sneckomod:UnknownDexterity","sneckomod:MasterEye+1","sneckomod:UnknownRareAttack+1","expansioncontent:ChargeUp","sneckomod:Mudshield","Shame","sneckomod:UnknownRareSkill","expansioncontent:PrepareCrush"],"relics":["Snecko Eye","War Paint","Singing Bowl","Darkstone Periapt","Potion Belt","Cursed Key","WingedGreaves","Question Card","downfall:HeartBlessingRed","downfall:HeartBlessingBlue","Bag of Marbles","Tiny Chest","SacredBark","Orichalcum","Strange Spoon","Nunchaku","Regal Pillow","Mango","downfall:HeartBlessingGreen","Pantograph","Du-Vu Doll"],"acts_visited":["Exordium","TheCity","TheBeyond","TheEnding"],"potions_floor_usage":[32,52,55,55,55,55],"damage_taken":[{"damage":0.0,"enemies":"2 Louse","floor":2.0,"turns":5.0},{"damage":0.0,"enemies":"Cultist","floor":4.0,"turns":2.0},{"damage":0.0,"enemies":"Gremlin Nob","floor":6.0,"turns":2.0},{"damage":0.0,"enemies":"downfall:FleeingMerchant","floor":9.0,"turns":4.0},{"damage":7.0,"enemies":"Small Slimes","floor":10.0,"turns":2.0},{"damage":1.0,"enemies":"3 Sentries","floor":12.0,"turns":4.0},{"damage":1.0,"enemies":"2 Fungi Beasts","floor":13.0,"turns":3.0},{"damage":0.0,"enemies":"downfall:LadyInBlue","floor":14.0,"turns":6.0},{"damage":0.0,"enemies":"Blue Slaver","floor":15.0,"turns":2.0},{"damage":31.0,"enemies":"downfall:Watcher","floor":16.0,"turns":6.0},{"damage":9.0,"enemies":"Shell Parasite","floor":19.0,"turns":4.0},{"damage":5.0,"enemies":"3 Byrds","floor":20.0,"turns":5.0},{"damage":1.0,"enemies":"Snecko","floor":21.0,"turns":6.0},{"damage":21.0,"enemies":"downfall:Ironclad","floor":22.0,"turns":3.0},{"damage":6.0,"enemies":"Book of Stabbing","floor":26.0,"turns":5.0},{"damage":10.0,"enemies":"downfall:FleeingMerchant","floor":28.0,"turns":4.0},{"damage":5,"enemies":"Slavers","floor":31,"turns":5},{"damage":17,"enemies":"Snake Plant","floor":32,"turns":3},{"damage":1,"enemies":"downfall:Defect","floor":33,"turns":8},{"damage":0,"enemies":"3 Shapes","floor":36,"turns":5},{"damage":16,"enemies":"3 Darklings","floor":40,"turns":5},{"damage":17,"enemies":"Giant Head","floor":43,"turns":7},{"damage":19,"enemies":"2 Orb Walkers","floor":44,"turns":5},{"damage":25,"enemies":"Transient","floor":48,"turns":5},{"damage":11,"enemies":"Maw","floor":49,"turns":6},{"damage":107,"enemies":"downfall:Silent","floor":50,"turns":11},{"damage":137,"enemies":"downfall:CharBossMerchant","floor":52,"turns":10},{"damage":5,"enemies":"downfall:NeowBoss","floor":55,"turns":13}],"seed_played":"127035408101347","potions_obtained":[{"floor":2.0,"key":"sneckomod:MuddlingPotion"},{"floor":12.0,"key":"Fire Potion"},{"floor":13.0,"key":"champ:CounterPotion"},{"floor":14.0,"key":"hexamod:EctoCoolerPotion"},{"floor":14.0,"key":"CultistPotion"},{"floor":14.0,"key":"DistilledChaos"},{"floor":15.0,"key":"EntropicBrew"},{"floor":16.0,"key":"SneckoOil"},{"floor":32,"key":"FairyPotion"},{"floor":44,"key":"PowerPotion"},{"floor":52,"key":"Explosive Potion"}],"is_trial":false,"path_per_floor":["R","M","?","M","?","E","T","R","$","M","?","E","M","?","M","B",null,"R","M","M","M","?","R","T","?","E","R","$","?","?","E","M","B",null,"R","M","?","T","$","M","T","$","E","?","R","T","R","M","M","B",null,"E","$","R","B",null],"character_chosen":"THE_SNECKO","items_purchased":["sneckomod:CheapStock","Strange Spoon","expansioncontent:ChargeUp","expansioncontent:PrepareCrush"],"campfire_rested":2,"item_purchase_floors":[9,39,39,53],"current_hp_per_floor":[90,90,90,90,95,95,95,95,95,88,81,80,93,95,99,68,99,99,96,91,92,73,83,89,89,83,83,83,83,83,83,68,82,123,123,125,141,147,147,133,139,139,126,123,123,129,177,154,149,72,181,44,44,113,157],"gold":4,"neow_bonus":"BOSS_RELIC","is_daily":false,"chose_seed":false,"campfire_upgraded":6,"win_rate":0.0,"timestamp":1610732083,"path_taken":["R","M","?","?","?","E","T","R","$","M","?","E","M","?","M","BOSS","R","M","?","M","?","R","T","?","E","R","$","?","?","E","M","BOSS","R","M","?","?","$","?","T","?","E","?","R","?","R","M","M","BOSS","E","$","R","BOSS"],"items_purchased_type":["Card","Relic","Card","Card"],"build_version":"2020-12-22","purchased_purges":4,"victory":true,"max_hp_per_floor":[90,90,90,90,95,95,95,95,95,95,95,95,95,97,99,99,99,99,101,101,103,105,115,121,121,121,121,121,121,121,121,123,123,123,123,125,141,147,147,149,155,155,155,171,171,177,177,179,181,181,181,181,181,181,181],"card_choices":[{"not_picked":["sneckomod:UnknownClassRED","sneckomod:SoulRoll"],"picked":"sneckomod:PureSnecko","floor":2.0},{"not_picked":["sneckomod:UnknownStrike","sneckomod:UnknownClassGUARDIAN","sneckomod:UnknownBlock"],"picked":"SKIP","floor":4.0},{"not_picked":["sneckomod:IronFang","sneckomod:DiceCrush"],"picked":"sneckomod:SoulDraw","floor":6.0},{"not_picked":["sneckomod:UnknownCommonSkill","sneckomod:UnknownClassTHE_CHAMP_GRAY","sneckomod:IronFang"],"picked":"SKIP","floor":9.0},{"not_picked":["sneckomod:TrashToTreasure","sneckomod:Unknown1Cost","sneckomod:UnknownVulnerable"],"picked":"SKIP","floor":10.0},{"not_picked":["sneckomod:UnknownExhaust","sneckomod:DangerNoodle"],"picked":"sneckomod:SerpentIdol","floor":12.0},{"not_picked":["sneckomod:UnknownClassGUARDIAN","sneckomod:UnknownStrike"],"picked":"sneckomod:Nope","floor":13.0},{"not_picked":["sneckomod:SoulDraw","sneckomod:WideSting","sneckomod:UnknownStrike"],"picked":"Singing Bowl","floor":14.0},{"not_picked":["sneckomod:DiceBlock","sneckomod:RainOfDice","sneckomod:UnknownVulnerable"],"picked":"Singing Bowl","floor":15.0},{"not_picked":["sneckomod:Restock","sneckomod:Cheat"],"picked":"sneckomod:UnknownColorless","floor":16.0},{"not_picked":["sneckomod:IronFang","sneckomod:SlitherStrike","sneckomod:WideSting"],"picked":"Singing Bowl","floor":19.0},{"not_picked":["sneckomod:DiceBlock+1","sneckomod:RainOfDice+1"],"picked":"sneckomod:UnknownUncommonPower","floor":20.0},{"not_picked":["sneckomod:DiceCrush","sneckomod:UnknownBlock","sneckomod:IronFang"],"picked":"Singing Bowl","floor":21.0},{"not_picked":["sneckomod:UnknownCommonSkill","sneckomod:IronFang","sneckomod:UnknownClassTHE_CHAMP_GRAY+1"],"picked":"Singing Bowl","floor":22.0},{"not_picked":["sneckomod:Mudshield","sneckomod:UnknownX","sneckomod:UnknownStrike+1"],"picked":"sneckomod:SnakeSap+1","floor":26.0},{"not_picked":["sneckomod:SnekBeam","sneckomod:UnknownBlock+1","sneckomod:UnlimitedRolls"],"picked":"sneckomod:MasterEye","floor":31},{"not_picked":["sneckomod:UnknownClassPURPLE","sneckomod:DiceBlock","sneckomod:UnknownEthereal+1","sneckomod:UnknownWeak"],"picked":"Singing Bowl","floor":32},{"not_picked":["sneckomod:UnknownRarePower","sneckomod:UnlimitedRolls","sneckomod:SoulExchange"],"picked":"sneckomod:UnknownRareAttack","floor":33},{"not_picked":["sneckomod:Unknown1Cost","sneckomod:QuickMove","sneckomod:UnknownX+1","sneckomod:RainOfDice"],"picked":"Singing Bowl","floor":36},{"not_picked":["sneckomod:Unknown1Cost","sneckomod:UnknownCommonAttack","sneckomod:QuickBite","sneckomod:DiceBlock"],"picked":"Singing Bowl","floor":40},{"not_picked":["sneckomod:Unknown1Cost","sneckomod:UnknownBlock","sneckomod:RainOfDice"],"picked":"sneckomod:Mudshield","floor":43},{"not_picked":["sneckomod:Rotation","sneckomod:SlitherStrike","sneckomod:UnknownClassGREEN+1","sneckomod:UnknownStrike"],"picked":"Singing Bowl","floor":44},{"not_picked":["sneckomod:SlitherStrike+1","sneckomod:Unknown1Cost+1","sneckomod:UnknownWeak+1","sneckomod:SoulRoll+1"],"picked":"Singing Bowl","floor":48},{"not_picked":["sneckomod:DiceCrush+1","sneckomod:UnknownClassTHE_CHAMP_GRAY","sneckomod:UnknownCommonSkill+1","sneckomod:UnknownCommonAttack"],"picked":"Singing Bowl","floor":49},{"not_picked":["sneckomod:UnknownCommonSkill","sneckomod:DiceBoulder","sneckomod:IronFang"],"picked":"sneckomod:UnknownRareSkill","floor":52}],"player_experience":931977,"relics_obtained":[{"floor":6.0,"key":"War Paint"},{"floor":12.0,"key":"Darkstone Periapt"},{"floor":14.0,"key":"Potion Belt"},{"floor":22.0,"key":"WingedGreaves"},{"floor":22.0,"key":"Question Card"},{"floor":24.0,"key":"Bag of Marbles"},{"floor":26.0,"key":"Tiny Chest"},{"floor":38,"key":"Orichalcum"},{"floor":41,"key":"Nunchaku"},{"floor":43,"key":"Regal Pillow"},{"floor":44,"key":"Mango"},{"floor":46,"key":"Pantograph"},{"floor":52,"key":"Du-Vu Doll"}],"event_choices":[{"cards_removed":["sneckomod:Strike"],"damage_healed":0.0,"max_hp_gain":0.0,"max_hp_loss":0.0,"gold_gain":0.0,"event_name":"Bonfire Elementals","player_choice":"Offered Basic","floor":3.0,"gold_loss":0.0,"damage_taken":0.0},{"damage_healed":0.0,"max_hp_gain":5.0,"max_hp_loss":0.0,"gold_gain":0.0,"event_name":"Big Fish","player_choice":"Donut","floor":5.0,"gold_loss":0.0,"damage_taken":0.0},{"damage_healed":0.0,"max_hp_gain":0.0,"max_hp_loss":0.0,"gold_gain":0.0,"event_name":"Scrap Ooze","player_choice":"Success","floor":11.0,"gold_loss":0.0,"damage_taken":7.0,"relics_obtained":["Singing Bowl"]},{"damage_healed":0.0,"max_hp_gain":0.0,"max_hp_loss":0.0,"gold_gain":0.0,"event_name":"Vampires","player_choice":"Ignored","floor":25.0,"gold_loss":0.0,"damage_taken":0.0},{"damage_healed":0,"gold_gain":0,"player_choice":"Read","damage_taken":0,"max_hp_gain":0,"max_hp_loss":0,"event_name":"The Library","floor":29,"gold_loss":0,"cards_obtained":["sneckomod:UnknownDexterity"]},{"damage_healed":0,"gold_gain":0,"player_choice":"Fight","damage_taken":0,"max_hp_gain":0,"max_hp_loss":0,"event_name":"Mysterious Sphere","floor":44,"gold_loss":0}],"is_beta":false,"boss_relics":[{"not_picked":["Tiny House","Black Star"],"picked":"Cursed Key"},{"not_picked":["Coffee Dripper","Runic Pyramid"],"picked":"SacredBark"}],"items_purged_floors":[9,28,39,53],"is_endless":false,"potions_floor_spawned":[2,12,13,15,16,21,32,33,44,48,52],"ascension_level":1}}