{"host":"t4jsb5tuksjmo64s","time":1610674703,"event":{"mods":["AchievementEnabler","BaseMod","Block Reminder","Colored Map","Colored Powertips","Dark Map","Highlight Path","Minty Spire (QoL Compilation)","Quick Restart","Random Character Button","Rare Cards Sparkle","Relic Stats"],"gold_per_floor":[109,109,122,141,73,102,102,133,156,156,156],"floor_reached":10,"language":"ENG","playtime":427,"items_purged":[],"score":80,"play_id":"6e3a6e11-ae79-4d25-b823-007a41b9a37a","local_time":"20210114203823","is_ascension_mode":true,"campfire_choices":[{"floor":7,"key":"REST"}],"circlet_count":0,"master_deck":["Strike_P","Strike_P","Strike_P","Strike_P","Defend_P","Defend_P","Defend_P","Defend_P","Eruption","Vigilance","SignatureMove","Pain","EmptyBody","ReachHeaven","WindmillStrike","Evaluate"],"relics":["Runic Dome","WarpedTongs","Bronze Scales","Lantern","Pen Nib"],"acts_visited":["Exordium"],"potions_floor_usage":[],"damage_taken":[{"damage":2,"enemies":"2 Louse","floor":1,"turns":3},{"damage":5,"enemies":"Cultist","floor":3,"turns":3},{"damage":25,"enemies":"Jaw Worm","floor":4,"turns":2},{"damage":25,"enemies":"3 Sentries","floor":6,"turns":6},{"damage":15,"enemies":"Gremlin Nob","floor":8,"turns":4},{"damage":22,"enemies":"Lagavulin","floor":10,"turns":3}],"seed_played":"-3554859749547287376","potions_obtained":[{"floor":4,"key":"Explosive Potion"},{"floor":8,"key":"Ancient Potion"}],"is_trial":false,"path_per_floor":["M","?","M","M","$","E","R","E","T","E"],"character_chosen":"WATCHER","items_purchased":["WindmillStrike"],"campfire_rested":1,"item_purchase_floors":[5],"current_hp_per_floor":[70,70,65,40,40,15,36,21,21,0,0],"gold":156,"neow_bonus":"BOSS_RELIC","is_daily":false,"chose_seed":false,"campfire_upgraded":0,"win_rate":0.0,"timestamp":1610674703,"path_taken":["M","?","?","M","$","E","R","E","T","E"],"items_purchased_type":["Card"],"build_version":"2020-12-22","purchased_purges":0,"victory":false,"max_hp_per_floor":[72,72,72,72,72,72,72,72,72,72,72],"relic_stats":{"counters":[6,21],"Bronze Scales":[9],"Pen Nib":[0],"obtain_stats":[{"Runic Dome":0,"Lantern":8,"Bronze Scales":6,"Pen Nib":9,"PureWater":0,"WarpedTongs":2},{"Runic Dome":0,"Lantern":5,"Bronze Scales":4,"Pen Nib":5,"PureWater":0,"WarpedTongs":1},{"Runic Dome":0,"Lantern":18,"Bronze Scales":14,"Pen Nib":18,"PureWater":0,"WarpedTongs":3}],"WarpedTongs":[18]},"card_choices":[{"not_picked":["ThirdEye","Protect"],"picked":"SignatureMove","floor":1},{"not_picked":["Worship","Crescendo"],"picked":"EmptyBody","floor":3},{"not_picked":["EmptyBody","Consecrate"],"picked":"ReachHeaven","floor":4},{"not_picked":["Meditate","PathToVictory"],"picked":"Evaluate","floor":6},{"not_picked":["Consecrate","JustLucky","EmptyBody"],"picked":"SKIP","floor":8}],"player_experience":202313,"relics_obtained":[{"floor":6,"key":"Bronze Scales"},{"floor":8,"key":"Lantern"},{"floor":9,"key":"Pen Nib"}],"event_choices":[{"damage_healed":0,"gold_gain":0,"player_choice":"Rummage","damage_taken":0,"relics_obtained":["WarpedTongs"],"max_hp_gain":0,"max_hp_loss":0,"event_name":"Accursed Blacksmith","floor":2,"gold_loss":0,"cards_obtained":["Pain"]}],"is_beta":false,"boss_relics":[],"items_purged_floors":[],"is_endless":false,"potions_floor_spawned":[4,8],"killed_by":"Lagavulin","ascension_level":1}}