{"host":"jl7epezt8u9c37lt","time":1610685181,"event":{"mods":["Aspiration","Astrologer","Bard","BaseMod","Beaked The Cultist","Better Third Choice","Conspire","DeckTracker","Downfall","Energized Spire","GifTheSpireLib","Glutton Mod","Halation","Hermit","HexUI Lib","Hubris","Lobotomy","LobotomyExtend","Minty Spire (QoL Compilation)","Quick Restart","Replay The Spire","Spikes Relics","StSLib","Stuff the Spire","The Animator","The Bladedancer","The Blue Laboratory","The Disciple","The Jungle","The Runesmith","egg","vexMod"],"gold_per_floor":[115,190,90,4,20,46,46,59,107,107,107,107,127,141,141,238,238,255,267,267,267,283,283,294,294,294,294,320,320,336,353,353,455,455,474,227,527,540,566,566,566,566],"floor_reached":41,"language":"ENG","playtime":1577,"items_purged":[],"score":441,"play_id":"5cafed4b-71ca-4633-a9b6-9c356b6aa91a","local_time":"20210114223301","is_ascension_mode":false,"campfire_choices":[{"floor":11.0,"key":"REST"},{"floor":15.0,"key":"REST"},{"data":"hermit:GoldenBullet","floor":23.0,"key":"SMITH"},{"floor":25.0,"key":"REST"},{"floor":32.0,"key":"REST"},{"floor":40,"key":"REST"}],"circlet_count":0,"master_deck":["hermit:Strike_Hermit","hermit:Strike_Hermit","hermit:Strike_Hermit","hermit:Strike_Hermit","hermit:Defend_Hermit","hermit:Defend_Hermit","hermit:Defend_Hermit","hermit:Defend_Hermit","hermit:Snapshot","hermit:Covet","hermit:Snipe","Ghostly","expansioncontent:AwakenDeath","hermit:Maintenance","hermit:EyeOfTheStorm","hermit:NoHoldsBarred","StuffTheSpire:CelestialWarden+1","hermit:Showdown","hermit:Grudge","hermit:Roughhouse","hermit:GoldenBullet+1","hermit:WideOpen+1","hermit:Strike_Hermit","hermit:Strike_Hermit","hermit:Strike_Hermit","hermit:Strike_Hermit","hermit:Defend_Hermit","hermit:Defend_Hermit","hermit:Defend_Hermit","hermit:Defend_Hermit","hermit:Snapshot","hermit:Covet","hermit:Snipe","Ghostly","expansioncontent:AwakenDeath","hermit:Maintenance","hermit:EyeOfTheStorm","hermit:NoHoldsBarred","StuffTheSpire:CelestialWarden","hermit:Showdown","hermit:Grudge","hermit:Roughhouse","hermit:GoldenBullet","hermit:WideOpen+1","hermit:Spite","hermit:CalledShot","Swift Strike","Forethought","Replay:SS_forest_2","hermit:Shortfuse","hermit:ItchyTrigger","hermit:Dissolve","hermit:HoleUp","Replay:SS_fish_1","hermit:Shortfuse","hermit:EyeOfTheStorm","hermit:Maintenance","hermit:BodyArmor"],"relics":["hermit:Momento","aspiration:Nostalgia","m_SnakeBloodCore","LetterFromLob","ReplayFunnel","Juzu Bracelet","Sozu","BicycleWheel","Replay:Mystery Machine","hubris:GrandSneckoEye","Onion Ring"],"acts_visited":["Exordium","TheCity","TheBeyond"],"potions_floor_usage":[],"damage_taken":[{"damage":1.0,"enemies":"2 Louse","floor":1.0,"turns":2.0},{"damage":15.0,"enemies":"Jaw Worm","floor":5.0,"turns":4.0},{"damage":68.0,"enemies":"Gremlin Nob","floor":6.0,"turns":7.0},{"damage":2.0,"enemies":"Small Slimes","floor":8.0,"turns":5.0},{"damage":9.0,"enemies":"Gremlin Gang","floor":13.0,"turns":3.0},{"damage":7.0,"enemies":"Exordium Wildlife","floor":14.0,"turns":5.0},{"damage":49.0,"enemies":"Hexaghost","floor":16.0,"turns":13.0},{"damage":22.0,"enemies":"2 Thieves","floor":18.0,"turns":3.0},{"damage":18.0,"enemies":"Shell Parasite","floor":19.0,"turns":7.0},{"damage":0.0,"enemies":"Snecko","floor":22.0,"turns":4.0},{"damage":0.0,"enemies":"Centurion and Healer","floor":24.0,"turns":5.0},{"damage":5.0,"enemies":"Snake Plant","floor":30.0,"turns":4.0},{"damage":40.0,"enemies":"Sentry and Sphere","floor":31.0,"turns":6.0},{"damage":38.0,"enemies":"Champ","floor":33.0,"turns":13.0},{"damage":37,"enemies":"3 Shapes","floor":35,"turns":3},{"damage":0,"enemies":"Orb Walker","floor":38,"turns":4},{"damage":17,"enemies":"conspire:MimicChest","floor":39,"turns":6},{"damage":18,"enemies":"Nemesis","floor":41,"turns":2}],"seed_played":"8576738294310162432","potions_obtained":[{"floor":14.0,"key":"Block Potion"},{"floor":16.0,"key":"BlessingOfTheForge"}],"is_trial":false,"path_per_floor":["M","?","?","$","M","E","T","M","T","?","R","?","M","M","R","B",null,"M","M","?","?","M","R","M","R","T","?","T","?","M","M","R","B",null,"M","$","?","M","?","R","E"],"character_chosen":"HERMIT","items_purchased":["expansioncontent:AwakenDeath","Replay:SS_fish_1","hermit:Shortfuse","hermit:EyeOfTheStorm"],"campfire_rested":5,"item_purchase_floors":[4,36,36,36],"current_hp_per_floor":[75,64,64,64,52,13,13,14,14,14,36,36,30,26,48,13,75,56,41,49,49,52,52,55,75,75,75,75,42,40,13,35,23,75,41,41,41,44,30,52,34,34],"gold":566,"neow_bonus":"NOSTALGIA","is_daily":false,"chose_seed":false,"campfire_upgraded":1,"win_rate":0.0,"timestamp":1610685181,"path_taken":["M","?","?","$","M","E","?","M","T","?","R","?","M","M","R","BOSS","M","M","?","?","M","R","M","R","T","?","?","?","M","M","R","BOSS","M","?","?","M","?","R","E"],"items_purchased_type":["Card","Card","Card","Card"],"build_version":"2020-12-22","purchased_purges":0,"victory":false,"max_hp_per_floor":[75,75,75,75,75,75,75,75,75,75,75,75,75,75,75,75,75,75,75,75,75,75,75,75,75,75,75,75,75,75,75,75,75,75,75,75,75,75,75,75,75,75],"card_choices":[{"not_picked":["hermit:Quickdraw","Dagger Throw"],"picked":"hermit:Snipe","floor":1.0},{"not_picked":["Recycle","hermit:CalledShot"],"picked":"hermit:Maintenance","floor":5.0},{"not_picked":["hermit:BodyArmor","Seek"],"picked":"hermit:EyeOfTheStorm","floor":6.0},{"not_picked":["Distraction","Dual Wield"],"picked":"hermit:NoHoldsBarred","floor":8.0},{"not_picked":["StuffTheSpire:BrainWave","StuffTheSpire:Perfection"],"picked":"StuffTheSpire:CelestialWarden","floor":10.0},{"not_picked":["hermit:Desperado","hermit:Brawl"],"picked":"hermit:Showdown","floor":13.0},{"not_picked":["hermit:Feint","White Noise"],"picked":"hermit:Grudge","floor":14.0},{"not_picked":["hermit:Purgatory","hermit:FatalDesire"],"picked":"hermit:Roughhouse","floor":16.0},{"not_picked":["hermit:Misfire","hermit:Horror"],"picked":"hermit:GoldenBullet","floor":18.0},{"not_picked":["hermit:Determination","hermit:Cheat"],"picked":"hermit:WideOpen+1","floor":19.0},{"not_picked":["hermit:LoneWolf","hermit:Misfire"],"picked":"hermit:Spite","floor":22.0},{"not_picked":["hermit:BigShot","hermit:Manifest"],"picked":"hermit:CalledShot","floor":24.0},{"not_picked":["hermit:Coalescence+1","hermit:Headshot"],"picked":"hermit:Shortfuse","floor":30.0},{"not_picked":["hermit:Glare","hermit:Manifest"],"picked":"hermit:ItchyTrigger","floor":31.0},{"not_picked":["hermit:HighNoon","hermit:FromBeyond"],"picked":"hermit:Dissolve","floor":33.0},{"not_picked":["hermit:Deadeye+1","hermit:Quickdraw+1"],"picked":"hermit:HoleUp","floor":35},{"not_picked":["hermit:Grudge+1","hermit:Feint+1"],"picked":"hermit:Maintenance","floor":38},{"not_picked":["hermit:LoneWolf+1","hermit:BigShot"],"picked":"hermit:BodyArmor","floor":39}],"player_experience":205177,"relics_obtained":[{"floor":1.0,"key":"LetterFromLob"},{"floor":6.0,"key":"Replay:Baseball"},{"floor":7.0,"key":"ReplayFunnel"},{"floor":9.0,"key":"Juzu Bracelet"},{"floor":26.0,"key":"BicycleWheel"},{"floor":28.0,"key":"Replay:Mystery Machine"},{"floor":39,"key":"Onion Ring"}],"event_choices":[{"damage_healed":0.0,"max_hp_gain":0.0,"max_hp_loss":0.0,"gold_gain":75.0,"event_name":"betterThird:BetterGoop","player_choice":"Gold","floor":2.0,"gold_loss":0.0,"damage_taken":11.0},{"damage_healed":0.0,"max_hp_gain":0.0,"max_hp_loss":0.0,"gold_gain":0.0,"event_name":"conspire:LoneGhost","player_choice":"Argue","floor":3.0,"gold_loss":0.0,"damage_taken":0.0},{"damage_healed":0.0,"max_hp_gain":0.0,"max_hp_loss":0.0,"gold_gain":0.0,"event_name":"Knowing Skull","player_choice":"POTION CARD CARD CARD ","floor":29.0,"potions_obtained":[],"gold_loss":0.0,"damage_taken":33.0,"cards_obtained":["Swift Strike","Forethought","Replay:SS_forest_2"]},{"damage_healed":0,"gold_gain":300,"player_choice":"Gold","damage_taken":0,"max_hp_gain":0,"max_hp_loss":0,"event_name":"Wheel of Change","floor":37,"gold_loss":0}],"is_beta":false,"boss_relics":[{"not_picked":["energizedSpire:CursedPentagram","energizedSpire:DeadBattery"],"picked":"Sozu"},{"not_picked":["halation:Risk","Replay:Cursed D8"],"picked":"hubris:GrandSneckoEye"}],"items_purged_floors":[],"is_endless":false,"potions_floor_spawned":[14,16,22,24],"killed_by":"Nemesis","ascension_level":0}}