{"host":"9tdk3zzhmpo6o3dg","time":1610702857,"event":{"mods":["AchievementEnabler","BaseMod","Downfall","Marisa£®ÏF”Í°°ƒß¿Ì…≥£©","Minty Spire (QoL Compilation)","Shop Mod","StSLib","The Cursed","The Marked","The Servant 0.9.4"],"gold_per_floor":[110,122,28,48,61,91,110,110,110,110,129,157,176,194,194,289,289,302,66,84,48,48,82,92,92,92,123,123,140,158,258,258,360,360,371,44,44,62,81,114,134,134,134],"floor_reached":42,"language":"ZHS","playtime":1626,"items_purged":["Defend_B","Defend_B"],"score":582,"play_id":"3cc5ceba-3927-40bf-9b2e-2daa6a1179a0","local_time":"20210115172737","is_ascension_mode":true,"campfire_choices":[{"data":"Sunder","floor":15.0,"key":"SMITH"},{"data":"Dramatic Entrance","floor":25.0,"key":"SMITH"},{"data":"Conserve Battery","floor":28.0,"key":"SMITH"},{"data":"Chill","floor":32.0,"key":"SMITH"}],"circlet_count":0,"master_deck":["Defend_B","Zap","Dualcast","Sunder+1","Conserve Battery+1","Mind Blast+1","Tempest","BootSequence+1","Lockon","Doom and Gloom","Leap","Leap","Echo Form","White Noise+1","Defragment","Dramatic Entrance+1","Redo+1","Tempest","Slimebound:Tackle+1","Slimebound:Tackle+1","Slimebound:Tackle+1","BootSequence","Conserve Battery+1","Conserve Battery+1","Hologram","Chill+1","Thunder Strike","CurseOfTheBell","Panache","Static Discharge","Conserve Battery+1","Turbo"],"relics":["Sozu","Meat on the Bone","Letter Opener","Sundial","Velvet Choker","Singing Bowl","Pear","Nunchaku","Bird Faced Urn","Darkstone Periapt","Calling Bell","Boot","Pantograph","Turnip","Blood Vial"],"acts_visited":["Exordium","TheCity","TheBeyond"],"potions_floor_usage":[],"damage_taken":[{"damage":0.0,"enemies":"Small Slimes","floor":1.0,"turns":3.0},{"damage":0.0,"enemies":"2 Louse","floor":2.0,"turns":1.0},{"damage":6.0,"enemies":"Cultist","floor":4.0,"turns":3.0},{"damage":8.0,"enemies":"Blue Slaver","floor":5.0,"turns":3.0},{"damage":26.0,"enemies":"Lagavulin","floor":6.0,"turns":5.0},{"damage":2.0,"enemies":"2 Fungi Beasts","floor":7.0,"turns":2.0},{"damage":0.0,"enemies":"Large Slime","floor":11.0,"turns":3.0},{"damage":3.0,"enemies":"Gremlin Nob","floor":12.0,"turns":3.0},{"damage":1.0,"enemies":"Red Slaver","floor":13.0,"turns":2.0},{"damage":1.0,"enemies":"2 Fungi Beasts","floor":14.0,"turns":3.0},{"damage":17.0,"enemies":"The Guardian","floor":16.0,"turns":7.0},{"damage":18.0,"enemies":"3 Byrds","floor":18.0,"turns":4.0},{"damage":3.0,"enemies":"Shell Parasite","floor":20.0,"turns":3.0},{"damage":12.0,"enemies":"Slavers","floor":23.0,"turns":3.0},{"damage":18.0,"enemies":"3 Cultists","floor":24.0,"turns":4.0},{"damage":18.0,"enemies":"Book of Stabbing","floor":27.0,"turns":4.0},{"damage":8.0,"enemies":"Snake Plant","floor":29.0,"turns":4.0},{"damage":23.0,"enemies":"Centurion and Healer","floor":30.0,"turns":3.0},{"damage":0.0,"enemies":"Colosseum Slavers","floor":31.0,"turns":3.0},{"damage":15.0,"enemies":"Colosseum Nobs","floor":31.0,"turns":4.0},{"damage":11.0,"enemies":"Champ","floor":33.0,"turns":8.0},{"damage":4.0,"enemies":"Orb Walker","floor":35.0,"turns":3.0},{"damage":38.0,"enemies":"3 Darklings","floor":38.0,"turns":3.0},{"damage":12.0,"enemies":"4 Shapes","floor":39.0,"turns":3.0},{"damage":43.0,"enemies":"Reptomancer","floor":40.0,"turns":4.0},{"damage":3.0,"enemies":"Jaw Worm Horde","floor":41.0,"turns":4.0},{"damage":97,"enemies":"Nemesis","floor":42,"turns":6}],"seed_played":"2982271525040008187","potions_obtained":[],"is_trial":false,"path_per_floor":["M","M","$","M","M","E","M","?","T","?","M","E","M","M","R","B",null,"M","$","M","$","?","E","M","R","T","E","R","M","M","?","R","B",null,"M","$","?","M","M","E","M","E"],"character_chosen":"DEFECT","items_purchased":["Mind Blast","Defragment","Dramatic Entrance","Tempest","Panache","Static Discharge"],"campfire_rested":0,"item_purchase_floors":[3,19,19,21,36,36],"current_hp_per_floor":[75,75,75,69,61,35,45,30,30,30,42,39,38,49,49,44,75,57,57,54,54,54,42,36,36,46,40,40,46,35,44,44,51,93,91,91,91,55,59,32,47,0,0],"gold":134,"neow_bonus":"BOSS_RELIC","is_daily":false,"chose_seed":false,"campfire_upgraded":4,"win_rate":0.0,"timestamp":1610702857,"path_taken":["M","M","$","M","M","E","M","?","T","?","M","E","M","M","R","BOSS","M","$","M","?","?","E","M","R","T","E","R","M","M","?","R","BOSS","M","$","?","M","?","E","M","E"],"items_purchased_type":["Card","Card","Card","Card","Card","Card"],"build_version":"2020-12-22","purchased_purges":2,"victory":false,"max_hp_per_floor":[75,75,75,75,75,75,75,75,75,75,75,75,75,75,75,75,75,75,75,75,75,75,75,75,75,85,85,85,87,87,87,87,87,93,95,95,95,95,97,97,99,99,99],"card_choices":[{"not_picked":["Self Repair","Blizzard"],"picked":"Sunder","floor":1.0},{"not_picked":["Lockon","Storm"],"picked":"Conserve Battery","floor":2.0},{"not_picked":["Reprogram","Barrage","Undo"],"picked":"SKIP","floor":4.0},{"not_picked":["Leap","Go for the Eyes"],"picked":"Tempest","floor":5.0},{"not_picked":["Leap","Loop"],"picked":"BootSequence","floor":6.0},{"not_picked":["Stack","Cold Snap"],"picked":"Lockon","floor":7.0},{"not_picked":["Barrage","Leap"],"picked":"Doom and Gloom","floor":11.0},{"not_picked":["Compile Driver","Streamline","Barrage"],"picked":"SKIP","floor":12.0},{"not_picked":["Sweeping Beam","Barrage"],"picked":"Leap","floor":13.0},{"not_picked":["Reinforced Body","Steam"],"picked":"Leap","floor":14.0},{"not_picked":["Amplify","Multi-Cast"],"picked":"Echo Form","floor":16.0},{"not_picked":["Undo","Redo"],"picked":"White Noise+1","floor":18.0},{"not_picked":["Steam+1","Stack"],"picked":"Redo+1","floor":20.0},{"not_picked":["Go for the Eyes","Cold Snap"],"picked":"BootSequence","floor":23.0},{"not_picked":["Rebound+1","Compile Driver"],"picked":"Conserve Battery","floor":24.0},{"not_picked":["Hyperbeam","Rebound+1"],"picked":"Conserve Battery+1","floor":27.0},{"not_picked":["BootSequence+1","Storm","Rebound"],"picked":"Singing Bowl","floor":29.0},{"not_picked":["Force Field","Steam+1"],"picked":"Hologram","floor":30.0},{"not_picked":["Reprogram+1","Rebound+1"],"picked":"Chill","floor":31.0},{"not_picked":["Rainbow","Machine Learning"],"picked":"Thunder Strike","floor":33.0},{"not_picked":["Go for the Eyes+1","Rebound","Stack"],"picked":"Singing Bowl","floor":35.0},{"not_picked":["Doom and Gloom+1","Go for the Eyes"],"picked":"Conserve Battery+1","floor":38.0},{"not_picked":["Fusion+1","Hologram+1","Ball Lightning"],"picked":"Singing Bowl","floor":39.0},{"not_picked":["Sweeping Beam+1","Ball Lightning+1"],"picked":"Turbo","floor":40.0},{"not_picked":["Reprogram","Rip and Tear","Steam Power+1"],"picked":"Singing Bowl","floor":41.0}],"player_experience":120834,"relics_obtained":[{"floor":6.0,"key":"Meat on the Bone"},{"floor":9.0,"key":"Letter Opener"},{"floor":12.0,"key":"Sundial"},{"floor":23.0,"key":"Singing Bowl"},{"floor":26.0,"key":"Pear"},{"floor":27.0,"key":"Nunchaku"},{"floor":31.0,"key":"Bird Faced Urn"},{"floor":31.0,"key":"Darkstone Periapt"},{"floor":34.0,"key":"Boot"},{"floor":34.0,"key":"Pantograph"},{"floor":34.0,"key":"Turnip"},{"floor":40.0,"key":"Blood Vial"}],"event_choices":[{"damage_healed":0.0,"max_hp_gain":0.0,"max_hp_loss":0.0,"gold_gain":0.0,"event_name":"Shining Light","player_choice":"Entered Light","floor":8.0,"gold_loss":0.0,"damage_taken":15.0,"cards_upgraded":["BootSequence","Conserve Battery"]},{"damage_healed":0.0,"max_hp_gain":0.0,"max_hp_loss":0.0,"gold_gain":0.0,"event_name":"Upgrade Shrine","player_choice":"Upgraded","floor":10.0,"gold_loss":0.0,"damage_taken":0.0,"cards_upgraded":["Mind Blast"]},{"damage_healed":0.0,"max_hp_gain":0.0,"max_hp_loss":0.0,"gold_gain":0.0,"event_name":"Colosseum","player_choice":"Fight","floor":31.0,"gold_loss":0.0,"damage_taken":0.0},{"damage_healed":0.0,"max_hp_gain":0.0,"max_hp_loss":0.0,"gold_gain":0.0,"event_name":"Colosseum","player_choice":"Fought Nobs","floor":31.0,"gold_loss":0.0,"damage_taken":0.0},{"cards_removed":["Defend_B"],"damage_healed":0.0,"max_hp_gain":0.0,"max_hp_loss":0.0,"gold_gain":0.0,"event_name":"Bonfire Elementals","player_choice":"Offered Basic","floor":37.0,"gold_loss":0.0,"damage_taken":0.0}],"is_beta":false,"boss_relics":[{"not_picked":["Cursed Key","SlaversCollar"],"picked":"Velvet Choker"},{"not_picked":["Fusion Hammer","Coffee Dripper"],"picked":"Calling Bell"}],"items_purged_floors":[19,36],"is_endless":false,"potions_floor_spawned":[1,2,7,12,13,14,24,29,30,33,38,39,40],"killed_by":"Nemesis","ascension_level":2}}