{"host":"clv0wcvg2do5saa1","time":1610710697,"event":{"mods":["BaseMod","Minty Spire (QoL Compilation)"],"gold_per_floor":[114,127,127,0,16,48,48,59,83,83,96,96,111,127,127,127,127],"floor_reached":16,"language":"ENG","playtime":531,"items_purged":["Strike_R"],"score":125,"play_id":"cb59e28e-b022-403e-ae56-28e1b9a944d6","local_time":"20210115063817","is_ascension_mode":true,"campfire_choices":[{"data":"Armaments","floor":12,"key":"SMITH"},{"data":"Shockwave","floor":15,"key":"SMITH"}],"circlet_count":0,"master_deck":["Strike_R","Strike_R","Strike_R","Defend_R","Defend_R","Defend_R","Defend_R","Bash","Carnage","Feel No Pain","Armaments+1","Shrug It Off","Shockwave+1"],"relics":["Snecko Eye","Potion Belt","Blue Candle","Tiny Chest"],"acts_visited":["Exordium"],"potions_floor_usage":[16,16,16,16,16],"damage_taken":[{"damage":0,"enemies":"Cultist","floor":1,"turns":3},{"damage":1,"enemies":"2 Louse","floor":2,"turns":2},{"damage":12,"enemies":"Jaw Worm","floor":5,"turns":2},{"damage":18,"enemies":"Gremlin Nob","floor":6,"turns":4},{"damage":7,"enemies":"Exordium Wildlife","floor":8,"turns":5},{"damage":6,"enemies":"Exordium Thugs","floor":11,"turns":3},{"damage":9,"enemies":"2 Fungi Beasts","floor":13,"turns":3},{"damage":1,"enemies":"Looter","floor":14,"turns":2},{"damage":30,"enemies":"Slime Boss","floor":16,"turns":8}],"seed_played":"-7143832798204958900","potions_obtained":[{"floor":1,"key":"Explosive Potion"},{"floor":5,"key":"GamblersBrew"},{"floor":6,"key":"SpeedPotion"},{"floor":11,"key":"SkillPotion"}],"is_trial":false,"path_per_floor":["M","M","?","$","M","E","T","M","T","$","M","R","M","M","R","B"],"character_chosen":"IRONCLAD","items_purchased":["Explosive Potion"],"campfire_rested":0,"item_purchase_floors":[4],"current_hp_per_floor":[80,79,79,79,67,49,49,42,42,42,36,36,27,26,26,0,0],"gold":127,"neow_bonus":"BOSS_RELIC","is_daily":false,"chose_seed":false,"campfire_upgraded":2,"win_rate":0.0,"timestamp":1610710697,"path_taken":["M","?","?","$","?","E","?","M","T","$","M","R","M","M","R","BOSS"],"items_purchased_type":["Potion"],"build_version":"2020-12-22","purchased_purges":1,"victory":false,"max_hp_per_floor":[80,80,80,80,80,80,80,80,80,80,80,80,80,80,80,80,80],"card_choices":[{"not_picked":["Twin Strike","Thunderclap"],"picked":"Carnage","floor":1},{"not_picked":["Twin Strike","Anger"],"picked":"Feel No Pain","floor":2},{"not_picked":["Perfected Strike","Sword Boomerang"],"picked":"Armaments","floor":5},{"not_picked":["Inflame","Infernal Blade","Limit Break"],"picked":"SKIP","floor":6},{"not_picked":["Perfected Strike","Body Slam"],"picked":"Shrug It Off","floor":8},{"not_picked":["Warcry","Thunderclap","Armaments"],"picked":"SKIP","floor":11},{"not_picked":["Power Through","Clash","Battle Trance"],"picked":"SKIP","floor":13},{"not_picked":["Power Through","Heavy Blade"],"picked":"Shockwave","floor":14}],"player_experience":158426,"relics_obtained":[{"floor":6,"key":"Potion Belt"},{"floor":7,"key":"Blue Candle"},{"floor":9,"key":"Tiny Chest"}],"event_choices":[{"cards_removed":["Strike_R"],"damage_healed":0,"gold_gain":0,"player_choice":"Purged","damage_taken":0,"max_hp_gain":0,"max_hp_loss":0,"event_name":"Purifier","floor":3,"gold_loss":0}],"is_beta":false,"boss_relics":[],"items_purged_floors":[4],"is_endless":false,"potions_floor_spawned":[1,5,6,11],"killed_by":"Slime Boss","ascension_level":4}}