{"host":"mmqs5ul2bvb60kyc","time":1610694634,"event":{"mods":["AchievementEnabler","BaseMod","Colored Map","Colored Powertips","Good Game Mod","Minty Spire (QoL Compilation)","Quick Restart","StSLib"],"gold_per_floor":[111,129,144,162,177,177,210,210,236,265,290,334,191,191,191,262,262,299,312,312,21,67,67,67,92,92,112,64,77,92,108,108,186,186,204,216,216,21,21,48,48,0,54,54,54,54,67,82,82,82],"floor_reached":51,"language":"ZHS","playtime":1178,"items_purged":["Defend_P","Strike_P","Wireheading"],"score":1369,"play_id":"29ff8c5f-c04f-44cb-9b07-109c516523f8","local_time":"20210115151034","is_ascension_mode":true,"campfire_choices":[{"data":"Eruption","floor":6.0,"key":"SMITH"},{"data":"Crescendo","floor":8.0,"key":"SMITH"},{"data":"Wallop","floor":15.0,"key":"SMITH"},{"data":"Apotheosis","floor":23.0,"key":"SMITH"},{"floor":32.0,"key":"REST"},{"data":"Flash of Steel","floor":49.0,"key":"SMITH"}],"circlet_count":0,"master_deck":["AscendersBane","Strike_P+1","Strike_P+1","Defend_P+1","Eruption+1","Vigilance+1","Core Surge+1","Crescendo+1","TalkToTheHand+1","InnerPeace+1","CutThroughFate+1","BattleHymn+1","Wish+1","FearNoEvil+1","Wallop+1","Brilliance+1","Apotheosis+1","Ragnarok+1","Omniscience+1","EmptyFist+1","Madness+1","Madness+1","Fasting2+1","Pain","Flash of Steel+1"],"relics":["PureWater","REME:ComplimentaryCards","NeowsBlessing","Pen Nib","War Paint","Bag of Preparation","Odd Mushroom","Philosopher\u0027s Stone","Strawberry","Pear","Cursed Key","Mark of the Bloom","Mummified Hand","Red Mask","Regal Pillow"],"acts_visited":["Exordium","TheCity","TheBeyond"],"potions_floor_usage":[50],"damage_taken":[{"damage":0.0,"enemies":"Cultist","floor":1.0,"turns":1.0},{"damage":0.0,"enemies":"Jaw Worm","floor":2.0,"turns":1.0},{"damage":0.0,"enemies":"Small Slimes","floor":3.0,"turns":1.0},{"damage":1.0,"enemies":"Blue Slaver","floor":4.0,"turns":5.0},{"damage":4.0,"enemies":"2 Fungi Beasts","floor":5.0,"turns":4.0},{"damage":12.0,"enemies":"3 Sentries","floor":7.0,"turns":4.0},{"damage":0.0,"enemies":"Lagavulin","floor":10.0,"turns":4.0},{"damage":2.0,"enemies":"The Mushroom Lair","floor":11.0,"turns":3.0},{"damage":14.0,"enemies":"3 Louse","floor":12.0,"turns":3.0},{"damage":14.0,"enemies":"Hexaghost","floor":16.0,"turns":6.0},{"damage":8.0,"enemies":"2 Thieves","floor":18.0,"turns":4.0},{"damage":0.0,"enemies":"Shell Parasite","floor":19.0,"turns":1.0},{"damage":3.0,"enemies":"Centurion and Healer","floor":22.0,"turns":3.0},{"damage":25.0,"enemies":"Book of Stabbing","floor":25.0,"turns":3.0},{"damage":0.0,"enemies":"Snecko","floor":27.0,"turns":2.0},{"damage":7.0,"enemies":"Snake Plant","floor":29.0,"turns":3.0},{"damage":0.0,"enemies":"Cultist and Chosen","floor":30.0,"turns":2.0},{"damage":7.0,"enemies":"Shelled Parasite and Fungi","floor":31.0,"turns":2.0},{"damage":0.0,"enemies":"Collector","floor":33.0,"turns":2.0},{"damage":5.0,"enemies":"Orb Walker","floor":35.0,"turns":2.0},{"damage":0.0,"enemies":"3 Darklings","floor":36.0,"turns":2.0},{"damage":0.0,"enemies":"Giant Head","floor":40.0,"turns":4.0},{"damage":4.0,"enemies":"Writhing Mass","floor":47.0,"turns":2.0},{"damage":5.0,"enemies":"Transient","floor":48.0,"turns":5.0},{"damage":7,"enemies":"Awakened One","floor":50,"turns":3}],"seed_played":"-1500129800928752309","potions_obtained":[{"floor":2.0,"key":"CultistPotion"},{"floor":4.0,"key":"SkillPotion"},{"floor":7.0,"key":"PowerPotion"},{"floor":10.0,"key":"Regen Potion"},{"floor":16.0,"key":"Swift Potion"},{"floor":22.0,"key":"FearPotion"},{"floor":25.0,"key":"FairyPotion"},{"floor":33.0,"key":"Explosive Potion"},{"floor":35.0,"key":"SkillPotion"}],"is_trial":false,"path_per_floor":["M","M","M","M","M","R","E","R","T","E","?","M","$","?","R","B",null,"M","M","?","$","M","R","?","E","T","M","$","M","M","M","R","B",null,"M","M","?","$","?","E","?","?","T","$","?","?","M","M","R","B",null],"character_chosen":"WATCHER","items_purchased":["Wallop","Apotheosis","EmptyFist","Fasting2"],"campfire_rested":1,"item_purchase_floors":[13,21,28,38],"current_hp_per_floor":[65,65,65,64,60,60,48,48,48,48,46,32,32,25,25,26,61,53,53,40,40,37,37,37,19,29,29,29,22,22,15,43,43,81,76,76,64,64,64,64,64,64,64,64,64,55,51,46,46,39],"gold":82,"neow_bonus":"THREE_ENEMY_KILL","is_daily":false,"chose_seed":false,"campfire_upgraded":5,"win_rate":0.0,"timestamp":1610694634,"path_taken":["M","M","M","?","M","R","E","R","T","E","?","M","$","?","R","BOSS","M","M","?","$","M","R","?","E","T","M","$","M","M","M","R","BOSS","M","M","?","$","?","E","?","?","T","$","?","?","?","M","R","BOSS"],"items_purchased_type":["Card","Card","Card","Card"],"build_version":"2020-12-22","purchased_purges":3,"victory":true,"max_hp_per_floor":[72,72,72,72,72,72,72,72,72,72,72,72,72,72,72,72,72,72,72,77,77,77,77,77,84,94,94,94,94,94,94,94,94,94,94,94,94,94,94,94,94,94,94,94,94,94,94,94,94,94],"card_choices":[{"not_picked":["FlyingSleeves","Weave"],"picked":"Crescendo","floor":1.0},{"not_picked":["BowlingBash","EmptyBody"],"picked":"TalkToTheHand","floor":2.0},{"not_picked":["Conclude","ClearTheMind"],"picked":"InnerPeace","floor":3.0},{"not_picked":["JustLucky","Prostrate"],"picked":"CutThroughFate","floor":4.0},{"not_picked":["ThirdEye","Halt"],"picked":"BattleHymn","floor":5.0},{"not_picked":["Prostrate","SpiritShield","PathToVictory"],"picked":"SKIP","floor":7.0},{"not_picked":["Protect","Consecrate","ThirdEye"],"picked":"SKIP","floor":10.0},{"not_picked":["FollowUp","Protect"],"picked":"Wish","floor":11.0},{"not_picked":["Sanctity","Halt"],"picked":"FearNoEvil","floor":12.0},{"not_picked":["DeusExMachina","Scrawl"],"picked":"Brilliance","floor":16.0},{"not_picked":["Protect","WindmillStrike","ClearTheMind"],"picked":"SKIP","floor":18.0},{"not_picked":["EmptyMind","FlurryOfBlows","SashWhip"],"picked":"SKIP","floor":19.0},{"not_picked":["Worship","CutThroughFate","FlyingSleeves"],"picked":"SKIP","floor":22.0},{"not_picked":["Protect","Weave"],"picked":"Omniscience","floor":25.0},{"not_picked":["FlyingSleeves","Protect","Nirvana"],"picked":"SKIP","floor":27.0},{"not_picked":["FlurryOfBlows+1","Consecrate","PathToVictory"],"picked":"SKIP","floor":29.0},{"not_picked":["BattleHymn","PathToVictory","Pray"],"picked":"SKIP","floor":30.0},{"not_picked":["WaveOfTheHand+1","Protect","WindmillStrike"],"picked":"SKIP","floor":31.0},{"not_picked":["Wireheading","JustLucky","Halt"],"picked":"SKIP","floor":35.0},{"not_picked":["ReachHeaven","Consecrate","Crescendo"],"picked":"SKIP","floor":36.0},{"not_picked":["Weave","Vengeance","FearNoEvil"],"picked":"SKIP","floor":40.0},{"not_picked":["Discovery","Mind Blast"],"picked":"Flash of Steel","floor":45.0},{"not_picked":["WindmillStrike","BowlingBash","Worship"],"picked":"SKIP","floor":47.0},{"not_picked":["SignatureMove","FollowUp+1","FearNoEvil"],"picked":"SKIP","floor":48.0}],"player_experience":256734,"relics_obtained":[{"floor":7.0,"key":"Pen Nib"},{"floor":9.0,"key":"War Paint"},{"floor":10.0,"key":"Bag of Preparation"},{"floor":11.0,"key":"Odd Mushroom"},{"floor":25.0,"key":"Strawberry"},{"floor":26.0,"key":"Pear"},{"floor":40.0,"key":"Mummified Hand"},{"floor":43.0,"key":"Regal Pillow"}],"event_choices":[{"damage_healed":0.0,"max_hp_gain":0.0,"max_hp_loss":0.0,"gold_gain":0.0,"event_name":"Mushrooms","player_choice":"Fought Mushrooms","floor":11.0,"gold_loss":0.0,"damage_taken":0.0},{"cards_removed":["Defend_P"],"damage_healed":0.0,"max_hp_gain":0.0,"max_hp_loss":0.0,"gold_gain":0.0,"event_name":"Golden Wing","player_choice":"Card Removal","floor":14.0,"gold_loss":0.0,"damage_taken":7.0},{"damage_healed":0.0,"max_hp_gain":5.0,"max_hp_loss":0.0,"gold_gain":0.0,"event_name":"Forgotten Altar","player_choice":"Shed Blood","floor":20.0,"gold_loss":0.0,"damage_taken":18.0},{"damage_healed":0.0,"max_hp_gain":0.0,"max_hp_loss":0.0,"gold_gain":0.0,"cards_transformed":["Strike_P","Defend_P"],"event_name":"Drug Dealer","player_choice":"Became Test Subject","floor":24.0,"gold_loss":0.0,"damage_taken":0.0,"cards_obtained":["Wireheading","Ragnarok"]},{"damage_healed":0.0,"max_hp_gain":0.0,"max_hp_loss":0.0,"gold_gain":0.0,"event_name":"Winding Halls","player_choice":"Embrace Madness","floor":37.0,"gold_loss":0.0,"damage_taken":12.0,"cards_obtained":["Madness","Madness"]},{"damage_healed":0.0,"max_hp_gain":0.0,"max_hp_loss":0.0,"gold_gain":0.0,"event_name":"MindBloom","player_choice":"Upgrade","floor":39.0,"gold_loss":0.0,"damage_taken":0.0,"cards_upgraded":["Strike_P","Strike_P","Vigilance","Core Surge","TalkToTheHand","CutThroughFate","BattleHymn","Wish","FearNoEvil","Brilliance","Ragnarok","Omniscience","EmptyFist","Madness","Madness","Fasting2"],"relics_obtained":["Mark of the Bloom"]},{"damage_healed":0.0,"max_hp_gain":0.0,"max_hp_loss":0.0,"gold_gain":0.0,"event_name":"Mysterious Sphere","player_choice":"Ignored","floor":41.0,"gold_loss":0.0,"damage_taken":0.0},{"damage_healed":0.0,"max_hp_gain":0.0,"max_hp_loss":0.0,"gold_gain":0.0,"event_name":"Tomb of Lord Red Mask","player_choice":"Paid","floor":42.0,"gold_loss":48.0,"damage_taken":0.0,"relics_obtained":["Red Mask"]},{"damage_healed":0.0,"max_hp_gain":0.0,"max_hp_loss":0.0,"gold_gain":0.0,"event_name":"SensoryStone","player_choice":"Memory 1","floor":45.0,"gold_loss":0.0,"damage_taken":0.0},{"damage_healed":0.0,"max_hp_gain":0.0,"max_hp_loss":0.0,"gold_gain":0.0,"event_name":"Wheel of Change","player_choice":"Damaged","floor":46.0,"gold_loss":0.0,"damage_taken":9.0}],"is_beta":false,"boss_relics":[{"not_picked":["SacredBark","Runic Dome"],"picked":"Philosopher\u0027s Stone"},{"not_picked":["Empty Cage","Velvet Choker"],"picked":"Cursed Key"}],"items_purged_floors":[13,21,38],"is_endless":false,"potions_floor_spawned":[2,4,7,10,16,22,25,29,33,35,48],"ascension_level":13}}