{"host":"u94b8se4p65mmtuf","time":1610747769,"event":{"mods":["BaseMod","Downfall","Hubris","Infinite Spire","Jorbs\u0027s Wanderer Trilogy","Minty Spire (QoL Compilation)","Replay The Spire","StSLib","SuperFastMode","The Animator","The Jungle"],"gold_per_floor":[130,143,143,68,68,106,106,118,118,157,190,20,31,131,131,232,232,207,86,96,96,96,96],"floor_reached":22,"language":"ENG","playtime":1493,"items_purged":["animator:Defend","animator:Aqua"],"score":219,"play_id":"a381c4d9-ba92-4748-a36b-99dd762436cd","local_time":"20210115165609","is_ascension_mode":false,"campfire_choices":[{"data":"animator:Eve","floor":7,"key":"SMITH"},{"floor":15,"key":"REST"}],"circlet_count":0,"master_deck":["animator:Strike_Konosuba","animator:Defend_Konosuba","animator:Defend","animator:Defend","animator:Kazuma","animator:Ciel","animator:Add","animator:Eve+1","animator:Aisha","animator:Elsword","animator:Lu","animator:Chung","animator:Darkness","animator:Laby","animator:Saitama","animator:Laby","animator:Raven","animator:Ain","animator:Ara","animator:TanyaDegurechaff","animator:Kagari","animator:LimeBell","animator:Laby+1"],"relics":["animator:LivingPicture","animator:TheMissingPiece","animator:PurgingStone","NeowsBlessing","hubris:PeanutButter","animator:Hoodie","Onion Ring","Letter Opener","animator:RacePiece","ReplayTheSpireMod:ShopPack"],"acts_visited":["Exordium","TheCity"],"potions_floor_usage":[11,16,16,18],"damage_taken":[{"damage":0,"enemies":"Jaw Worm","floor":1,"turns":1},{"damage":0,"enemies":"2 Louse","floor":2,"turns":1},{"damage":0,"enemies":"Gremlin Nob","floor":6,"turns":2},{"damage":17,"enemies":"Cultist","floor":8,"turns":7},{"damage":7,"enemies":"Looter","floor":10,"turns":3},{"damage":31,"enemies":"Lagavulin","floor":11,"turns":5},{"damage":17,"enemies":"Lots of Slimes","floor":13,"turns":5},{"damage":8,"enemies":"Hexaghost","floor":16,"turns":15},{"damage":24,"enemies":"2 Thieves","floor":18,"turns":5},{"damage":21,"enemies":"Shell Parasite","floor":20,"turns":5},{"damage":27,"enemies":"Centurion and Healer","floor":22,"turns":5}],"seed_played":"5795040390903603881","potions_obtained":[{"floor":1,"key":"hexamod:EctoCoolerPotion"},{"floor":8,"key":"Ancient Potion"},{"floor":13,"key":"Block Potion"},{"floor":16,"key":"Adrenaline Potion"},{"floor":18,"key":"Explosive Potion"},{"floor":20,"key":"Fruit Juice"}],"is_trial":false,"path_per_floor":["M","M","?","$","?","E","R","M","T","M","E","$","M","?","R","B",null,"M","$","M","$","M"],"character_chosen":"THE_ANIMATOR","items_purchased":["animator:Darkness","ReplayTheSpireMod:ShopPack"],"campfire_rested":1,"item_purchase_floors":[12,19],"current_hp_per_floor":[66,67,67,67,67,67,67,51,51,46,19,19,2,2,23,15,70,46,46,25,25,0,0],"gold":96,"neow_bonus":"THREE_ENEMY_KILL","is_daily":false,"chose_seed":false,"campfire_upgraded":1,"win_rate":0.0,"timestamp":1610747769,"path_taken":["M","M","?","$","?","E","R","M","T","M","E","$","?","?","R","BOSS","M","$","M","?","M"],"items_purchased_type":["Card","Relic"],"build_version":"2020-12-22","purchased_purges":2,"victory":false,"max_hp_per_floor":[66,67,67,67,67,67,67,68,68,68,70,70,70,70,70,70,70,70,70,70,70,70,70],"card_choices":[{"not_picked":["animator:Hakurou","animator:Elsword"],"picked":"animator:Ciel","floor":1},{"not_picked":["animator:PandorasActor","animator:RoyMustang"],"picked":"animator:Add","floor":2},{"not_picked":["animator:KyokoSakura","animator:Tatsumaki"],"picked":"animator:Aisha","floor":6},{"not_picked":["animator:Ara","animator:Ain"],"picked":"animator:Elsword","floor":8},{"not_picked":["animator:Tatsumaki","animator:Elsword"],"picked":"animator:Lu","floor":10},{"not_picked":["animator:Sonic","animator:Rena"],"picked":"animator:Chung","floor":11},{"not_picked":["animator:NarberalGamma","animator:Mikaela"],"picked":"animator:Laby","floor":13},{"not_picked":["animator:Shizu","animator:Albedo"],"picked":"animator:Saitama","floor":16},{"not_picked":["animator:Ain","animator:Aisha"],"picked":"animator:Ara","floor":18},{"not_picked":["animator:HououinKyouma","animator:KotoriKanbe"],"picked":"animator:TanyaDegurechaff","floor":19},{"not_picked":["animator:MisakiNakahara","animator:NononJakuzure"],"picked":"animator:Kagari","floor":19},{"not_picked":["animator:HououinKyouma","animator:Kuroyukihime"],"picked":"animator:LimeBell","floor":19},{"not_picked":["animator:Tatsumaki","animator:GuildGirl"],"picked":"animator:Laby+1","floor":20}],"player_experience":103704,"relics_obtained":[{"floor":3,"key":"hubris:PeanutButter"},{"floor":6,"key":"animator:Hoodie"},{"floor":9,"key":"Onion Ring"},{"floor":11,"key":"Letter Opener"}],"event_choices":[{"damage_healed":0,"gold_gain":0,"player_choice":"1 cards matched","damage_taken":0,"max_hp_gain":0,"max_hp_loss":0,"event_name":"Match and Keep!","floor":5,"gold_loss":0,"cards_obtained":["animator:Eve"]},{"damage_healed":0,"gold_gain":100,"player_choice":"Gold","damage_taken":0,"max_hp_gain":0,"max_hp_loss":0,"event_name":"Wheel of Change","floor":14,"gold_loss":0}],"is_beta":false,"boss_relics":[{"not_picked":["Calling Bell","hubris:VirtuousBlindfold"],"picked":"animator:RacePiece"}],"items_purged_floors":[4,12],"is_endless":false,"potions_floor_spawned":[1,8,13,16,18,20],"killed_by":"Centurion and Healer","ascension_level":0}}