{"host":"1ekl8hlbnopmdapi","time":1610689641,"event":{"mods":["AchievementEnabler","BaseMod","Colored Map","Colored Powertips","DeckTracker","Googly Eyes","Highlight Path","Minty Spire (QoL Compilation)","Relic Sorter","StSLib","Synergy Search"],"gold_per_floor":[113,113,113,125,125,158,170,170,239,239,258,284,299,123,123,224,224,249,272,244,270,299,340,352,378,390,430,107,136,153,167,167,272,272,285,297,297,347,361,361,361,388,440,466,476,476,493,42,42,42,42,42,42,73,73,73],"floor_reached":55,"language":"ENG","playtime":1841,"items_purged":[],"score":1181,"play_id":"1304a578-e0db-4dda-834c-1512ec06df3c","local_time":"20210115004720","is_ascension_mode":true,"campfire_choices":[{"floor":8,"key":"RECALL"},{"data":"Loop","floor":15,"key":"SMITH"},{"data":"Electrodynamics","floor":24,"key":"SMITH"},{"data":"Go for the Eyes","floor":32,"key":"SMITH"},{"floor":40,"key":"REST"},{"data":"Finesse","floor":46,"key":"SMITH"},{"data":"Machine Learning","floor":49,"key":"SMITH"},{"data":"Conserve Battery","floor":52,"key":"SMITH"}],"circlet_count":0,"master_deck":["Strike_B","Strike_B","Strike_B","Strike_B","Defend_B","Defend_B","Defend_B","Defend_B","Zap+1","Dualcast","Conserve Battery","Genetic Algorithm","Loop+1","Ball Lightning","Steam+1","Go for the Eyes+1","Conserve Battery+1","Ball Lightning+1","Electrodynamics+1","CurseOfTheBell","Leap+1","BootSequence","Conserve Battery","Machine Learning+1","Leap","Lockon+1","Ball Lightning+1","Auto Shields","Steam","Stack+1","Madness","Madness","Self Repair+1","FTL+1","Finesse+1","White Noise+1","Redo+1"],"relics":["Cracked Core","NeowsBlessing","Pen Nib","Cables","Molten Egg 2","Lee\u0027s Waffle","Calling Bell","MawBank","Eternal Feather","FossilizedHelix","Centennial Puzzle","Bird Faced Urn","Regal Pillow","CaptainsWheel","Strawberry","Nuclear Battery","StoneCalendar","DataDisk","Pear","Sling","Emotion Chip","Vajra"],"acts_visited":["Exordium","TheCity","TheBeyond","TheEnding"],"potions_floor_usage":[12,18,22,23,27,33,33,38,39,50,55],"damage_taken":[{"damage":0,"enemies":"Jaw Worm","floor":1,"turns":1},{"damage":0,"enemies":"Cultist","floor":4,"turns":1},{"damage":0,"enemies":"Lagavulin","floor":6,"turns":1},{"damage":11,"enemies":"2 Louse","floor":7,"turns":3},{"damage":4,"enemies":"Looter","floor":11,"turns":3},{"damage":16,"enemies":"Gremlin Nob","floor":12,"turns":3},{"damage":0,"enemies":"3 Louse","floor":13,"turns":3},{"damage":41,"enemies":"Hexaghost","floor":16,"turns":9},{"damage":0,"enemies":"Chosen","floor":18,"turns":4},{"damage":0,"enemies":"Spheric Guardian","floor":19,"turns":3},{"damage":0,"enemies":"Cultist and Chosen","floor":21,"turns":5},{"damage":4,"enemies":"Centurion and Healer","floor":22,"turns":6},{"damage":0,"enemies":"Gremlin Leader","floor":23,"turns":4},{"damage":22,"enemies":"Snake Plant","floor":25,"turns":4},{"damage":0,"enemies":"Slavers","floor":27,"turns":4},{"damage":1,"enemies":"Book of Stabbing","floor":29,"turns":5},{"damage":0,"enemies":"Snecko","floor":30,"turns":4},{"damage":0,"enemies":"Cultist and Chosen","floor":31,"turns":6},{"damage":87,"enemies":"Automaton","floor":33,"turns":11},{"damage":0,"enemies":"Orb Walker","floor":35,"turns":5},{"damage":19,"enemies":"3 Darklings","floor":36,"turns":6},{"damage":9,"enemies":"Mind Bloom Boss Battle","floor":38,"turns":8},{"damage":25,"enemies":"Transient","floor":39,"turns":5},{"damage":0,"enemies":"Reptomancer","floor":44,"turns":5},{"damage":23,"enemies":"Maw","floor":45,"turns":7},{"damage":0,"enemies":"Jaw Worm Horde","floor":47,"turns":4},{"damage":80,"enemies":"Donu and Deca","floor":50,"turns":8},{"damage":88,"enemies":"Shield and Spear","floor":54,"turns":6},{"damage":52,"enemies":"The Heart","floor":55,"turns":2}],"seed_played":"-4566668930028046118","potions_obtained":[{"floor":4,"key":"LiquidMemories"},{"floor":7,"key":"AttackPotion"},{"floor":11,"key":"SkillPotion"},{"floor":13,"key":"CultistPotion"},{"floor":18,"key":"Block Potion"},{"floor":21,"key":"FocusPotion"},{"floor":22,"key":"Fruit Juice"},{"floor":25,"key":"FearPotion"},{"floor":30,"key":"SneckoOil"},{"floor":35,"key":"Block Potion"},{"floor":38,"key":"Energy Potion"},{"floor":47,"key":"EssenceOfSteel"},{"floor":54,"key":"PowerPotion"}],"is_trial":false,"path_per_floor":["M","$","?","M","$","E","M","R","T","?","M","E","M","$","R","B",null,"M","M","?","M","M","E","R","M","T","E","$","E","M","M","R","B",null,"M","M","?","?","M","R","?","T","T","E","M","R","M","$","R","B",null,"R","$","E","B"],"character_chosen":"DEFECT","items_purchased":["Ball Lightning+1","Lee\u0027s Waffle","CaptainsWheel","Ball Lightning+1","Sling","Emotion Chip"],"campfire_rested":1,"item_purchase_floors":[14,14,28,28,48,48],"current_hp_per_floor":[68,68,68,68,68,68,57,57,57,57,53,37,37,82,82,41,72,72,72,72,72,73,73,85,63,63,67,67,79,81,87,94,11,73,77,62,50,47,38,94,94,94,94,104,91,104,104,104,104,30,86,104,104,34,0,0],"gold":73,"neow_bonus":"THREE_ENEMY_KILL","is_daily":false,"chose_seed":false,"campfire_upgraded":6,"win_rate":0.0,"timestamp":1610689640,"path_taken":["M","$","?","M","$","E","M","R","T","?","M","E","?","?","R","BOSS","M","M","?","M","M","E","R","M","T","E","?","E","?","M","R","BOSS","M","M","?","?","M","R","?","?","T","E","M","R","M","$","R","BOSS","R","$","E","BOSS"],"items_purchased_type":["Card","Relic","Relic","Card","Relic","Relic"],"build_version":"2020-12-22","purchased_purges":0,"victory":false,"max_hp_per_floor":[75,75,75,75,75,75,75,75,75,75,75,75,75,82,82,82,82,82,82,82,82,87,87,87,87,87,87,87,94,94,94,94,94,94,94,94,94,94,94,94,94,94,94,104,104,104,104,104,104,104,104,104,104,104,104,104],"card_choices":[{"not_picked":["Go for the Eyes","Skim"],"picked":"Conserve Battery","floor":1},{"not_picked":["Melter","Hello World"],"picked":"Genetic Algorithm","floor":4},{"not_picked":["Hologram","Sweeping Beam"],"picked":"Loop","floor":6},{"not_picked":["Sunder","Hologram"],"picked":"Ball Lightning","floor":7},{"not_picked":["Blizzard","Tempest"],"picked":"Go for the Eyes","floor":11},{"not_picked":["Turbo","Hologram","Sweeping Beam+1"],"picked":"SKIP","floor":12},{"not_picked":["Darkness","Glacier"],"picked":"Conserve Battery","floor":13},{"not_picked":["Rainbow","Thunder Strike+1"],"picked":"Electrodynamics","floor":16},{"not_picked":["Skim","Heatsinks"],"picked":"Leap","floor":18},{"not_picked":["Turbo","Coolheaded+1"],"picked":"BootSequence","floor":19},{"not_picked":["Beam Cell+1","Go for the Eyes+1","Chaos"],"picked":"SKIP","floor":21},{"not_picked":["Redo","Turbo"],"picked":"Conserve Battery","floor":22},{"not_picked":["Steam Power+1","Sweeping Beam+1"],"picked":"Machine Learning","floor":23},{"not_picked":["Steam","Gash+1"],"picked":"Leap","floor":25},{"not_picked":["Electrodynamics","Recycle"],"picked":"Lockon+1","floor":27},{"not_picked":["Coolheaded","Thunder Strike+1"],"picked":"Auto Shields","floor":29},{"not_picked":["Steam Power","Beam Cell+1","Gash+1"],"picked":"SKIP","floor":30},{"not_picked":["Recycle+1","Blizzard+1"],"picked":"Steam","floor":31},{"not_picked":["Compile Driver+1","Sweeping Beam+1","Beam Cell+1"],"picked":"SKIP","floor":35},{"not_picked":["Hello World","Compile Driver+1"],"picked":"Stack+1","floor":36},{"not_picked":["Steam Power+1","Static Discharge"],"picked":"Self Repair+1","floor":38},{"not_picked":["White Noise+1","Barrage+1"],"picked":"FTL+1","floor":39},{"not_picked":["Magnetism","Deep Breath"],"picked":"Finesse","floor":41},{"not_picked":["Streamline+1","Beam Cell+1"],"picked":"White Noise+1","floor":44},{"not_picked":["Blizzard+1","Sunder+1","Scrape+1"],"picked":"SKIP","floor":45},{"not_picked":["Barrage+1","Glacier+1"],"picked":"Redo+1","floor":47},{"not_picked":["Steam","Chaos","Undo"],"picked":"SKIP","floor":54}],"player_experience":452122,"relics_obtained":[{"floor":6,"key":"Pen Nib"},{"floor":9,"key":"Cables"},{"floor":12,"key":"Molten Egg 2"},{"floor":17,"key":"MawBank"},{"floor":17,"key":"Eternal Feather"},{"floor":17,"key":"FossilizedHelix"},{"floor":23,"key":"Centennial Puzzle"},{"floor":26,"key":"Bird Faced Urn"},{"floor":27,"key":"Regal Pillow"},{"floor":29,"key":"Strawberry"},{"floor":38,"key":"StoneCalendar"},{"floor":42,"key":"DataDisk"},{"floor":44,"key":"Pear"},{"floor":54,"key":"Vajra"}],"event_choices":[{"damage_healed":0,"gold_gain":0,"player_choice":"Grow","damage_taken":0,"max_hp_gain":0,"max_hp_loss":0,"event_name":"Living Wall","floor":3,"gold_loss":0,"cards_upgraded":["Zap"]},{"damage_healed":0,"gold_gain":0,"player_choice":"1 cards matched","damage_taken":0,"max_hp_gain":0,"max_hp_loss":0,"event_name":"Match and Keep!","floor":10,"gold_loss":0,"cards_obtained":["Steam"]},{"damage_healed":0,"gold_gain":0,"player_choice":"Upgraded Two","damage_taken":0,"max_hp_gain":0,"max_hp_loss":0,"event_name":"Designer","floor":20,"gold_loss":40,"cards_upgraded":["Steam","Leap"]},{"damage_healed":0,"gold_gain":0,"player_choice":"Embrace Madness","damage_taken":12,"max_hp_gain":0,"max_hp_loss":0,"event_name":"Winding Halls","floor":37,"gold_loss":0,"cards_obtained":["Madness","Madness"]},{"damage_healed":0,"gold_gain":0,"player_choice":"Fight","damage_taken":0,"max_hp_gain":0,"max_hp_loss":0,"event_name":"MindBloom","floor":38,"gold_loss":0},{"damage_healed":0,"gold_gain":0,"player_choice":"Memory 1","damage_taken":0,"max_hp_gain":0,"max_hp_loss":0,"event_name":"SensoryStone","floor":41,"gold_loss":0}],"is_beta":false,"boss_relics":[{"not_picked":["Coffee Dripper","Empty Cage"],"picked":"Calling Bell"},{"not_picked":["Cursed Key","FrozenCore"],"picked":"Nuclear Battery"}],"items_purged_floors":[],"is_endless":false,"potions_floor_spawned":[4,7,11,13,18,21,22,25,30,35,38,47,54],"killed_by":"The Heart","ascension_level":7}}