{"host":"q50ttuv713gicbhz","time":1610729320,"event":{"mods":["AchievementEnabler","BaseMod","Bestiary","Minty Spire (QoL Compilation)"],"gold_per_floor":[116,93,110,127,201,232,232,259,286,286,286],"floor_reached":10,"language":"ENG","playtime":602,"items_purged":[],"score":76,"play_id":"62f25bdb-ad15-4a9d-9901-06ad49575af0","local_time":"20210115184840","is_ascension_mode":false,"campfire_choices":[{"floor":7,"key":"REST"}],"circlet_count":0,"master_deck":["Strike_P","Strike_P","Strike_P","Strike_P","Defend_P","Defend_P+1","Defend_P+1","Defend_P","Eruption","Vigilance","SandsOfTime","FlyingSleeves","DeceiveReality","FollowUp","Study","EmptyBody"],"relics":["PureWater","MealTicket","Ancient Tea Set","War Paint"],"acts_visited":["Exordium"],"potions_floor_usage":[6],"damage_taken":[{"damage":10,"enemies":"Small Slimes","floor":1,"turns":2},{"damage":6,"enemies":"Jaw Worm","floor":3,"turns":3},{"damage":0,"enemies":"2 Louse","floor":4,"turns":3},{"damage":24,"enemies":"Gremlin Nob","floor":6,"turns":4},{"damage":13,"enemies":"Lagavulin","floor":8,"turns":6},{"damage":48,"enemies":"Gremlin Nob","floor":10,"turns":6}],"seed_played":"-7393617056437738334","potions_obtained":[{"floor":1,"key":"BlessingOfTheForge"},{"floor":4,"key":"FearPotion"},{"floor":6,"key":"Ancient Potion"}],"is_trial":false,"path_per_floor":["M","$","M","M","?","E","R","E","T","E"],"character_chosen":"WATCHER","items_purchased":["FlyingSleeves"],"campfire_rested":1,"item_purchase_floors":[2],"current_hp_per_floor":[69,69,63,63,63,39,62,49,49,1,1],"gold":286,"neow_bonus":"TEN_PERCENT_HP_BONUS","is_daily":false,"chose_seed":false,"campfire_upgraded":0,"win_rate":0.0,"timestamp":1610729320,"path_taken":["M","$","M","M","?","E","R","E","T","E"],"items_purchased_type":["Card"],"build_version":"2020-12-22","purchased_purges":0,"victory":false,"max_hp_per_floor":[79,79,79,79,79,79,79,79,79,79,79],"card_choices":[{"not_picked":["Adaptation","Swivel"],"picked":"SandsOfTime","floor":1},{"not_picked":["FollowUp","PathToVictory"],"picked":"DeceiveReality","floor":3},{"not_picked":["CrushJoints","PathToVictory"],"picked":"FollowUp","floor":4},{"not_picked":["TalkToTheHand","ClearTheMind"],"picked":"Study","floor":6},{"not_picked":["TalkToTheHand","FollowUp"],"picked":"EmptyBody","floor":8}],"player_experience":82767,"relics_obtained":[{"floor":6,"key":"MealTicket"},{"floor":8,"key":"Ancient Tea Set"},{"floor":9,"key":"War Paint"}],"event_choices":[{"damage_healed":0,"gold_gain":74,"player_choice":"Gained Gold","damage_taken":0,"max_hp_gain":0,"max_hp_loss":0,"event_name":"Golden Wing","floor":5,"gold_loss":0}],"is_beta":false,"boss_relics":[],"items_purged_floors":[],"is_endless":false,"potions_floor_spawned":[1,4,6],"killed_by":"Gremlin Nob","ascension_level":0}}