{"host":"d7fiu2yjkssjxoz6","time":1610733940,"event":{"mods":["AchievementEnabler","BaseMod","Duelist Mod","GifTheSpireLib","Minty Spire (QoL Compilation)","StSLib"],"gold_per_floor":[139,152,167,195,195,195,223,223,223,223,243,260,274,309,309,410,410,426,516,189,204,220,250,250,285,297,309,321,333,363,409,421,531,543,566,591,603,630,642,654,694,706,718,730,11,35,35,48,48,48,48,48,25,50,50],"floor_reached":56,"language":"ENG","playtime":3593,"items_purged":[],"score":1602,"play_id":"6f3f0369-a23f-400a-ae01-20ff54d1a694","local_time":"20210115100540","is_ascension_mode":true,"campfire_choices":[{"data":"theDuelist:ShallowGrave","floor":6,"key":"SMITH"},{"data":"theDuelist:TutanMask","floor":8,"key":"SMITH"},{"data":"theDuelist:MammothGraveyard","floor":10,"key":"SMITH"},{"floor":15,"key":"REST"},{"floor":24,"key":"REST"},{"data":"theDuelist:ZombiePowerStruggle","floor":28,"key":"SMITH"},{"data":"theDuelist:PyramidWonders","floor":32,"key":"SMITH"},{"data":"theDuelist:VampireAwakening","floor":40,"key":"SMITH"},{"floor":44,"key":"REST"},{"floor":49,"key":"RECALL"},{"data":"theDuelist:Mausoleum","floor":52,"key":"SMITH"}],"circlet_count":0,"master_deck":["theDuelist:ZombieCorpse","theDuelist:ZombieCorpse","theDuelist:ZombieCorpse","theDuelist:ZombieCorpse","theDuelist:ZombieCorpse","theDuelist:ZombieCorpse","theDuelist:ZombieCorpse","theDuelist:ZombieCorpse","theDuelist:ZombieCorpse","theDuelist:ZombieCorpse","theDuelist:ZombieCorpse","theDuelist:ZombieCorpse","theDuelist:ArchfiendZombieSkull","theDuelist:ArmoredZombie","theDuelist:ArmoredZombie","theDuelist:ClownZombie","theDuelist:ClownZombie","theDuelist:ShallowGrave+1","theDuelist:TutanMask+1","theDuelist:ForbiddenLance+1","theDuelist:MammothGraveyard+1","theDuelist:MonsterReborn","theDuelist:VampireAwakening+1","theDuelist:GhostrickWarwolf","theDuelist:FusionGuard","theDuelist:ShadowVampire","theDuelist:UniZombie","theDuelist:ArchfiendZombieSkull","theDuelist:ZombiePowerStruggle+1","theDuelist:ForbiddenLance","theDuelist:PyramidWonders+1","theDuelist:MonsterReborn","theDuelist:Pumprincess+1","theDuelist:DesLacooda+1","Apotheosis","theDuelist:Mausoleum+1","theDuelist:FusionTag","theDuelist:Chopman","theDuelist:PhantomGhost","theDuelist:Mispolymerization","theDuelist:OverpoweringEye+1","theDuelist:DesLacooda","theDuelist:GhostrickParade+1"],"relics":["theDuelist:MillenniumPuzzle","theDuelist:CardPoolRelic","theDuelist:CardPoolBasicRelic","theDuelist:BoosterPackPoolRelic","theDuelist:CardPoolAddRelic","theDuelist:CardPoolMinusRelic","theDuelist:CardPoolSaveRelic","theDuelist:CardPoolOptionsRelic","Ice Cream","Du-Vu Doll","theDuelist:ElectricToken","Kunai","Black Star","Pocketwatch","theDuelist:YugiMirror","Strawberry","MawBank","Centennial Puzzle","Blood Vial","theDuelist:HauntedRelic","theDuelist:DuelistOrichalcum","theDuelist:CursedHealer","Toy Ornithopter","Pen Nib","theDuelist:GraveToken","theDuelist:CardRewardRelicG","Potion Belt","theDuelist:TributeEggRelic","theDuelist:MillenniumPrayerbook"],"acts_visited":["Exordium","TheCity","TheBeyond","TheEnding"],"potions_floor_usage":[14,22,33,36,50],"damage_taken":[{"damage":0,"enemies":"Small Slimes","floor":1,"turns":3},{"damage":0,"enemies":"Cultist","floor":2,"turns":3},{"damage":7,"enemies":"2 Louse","floor":3,"turns":3},{"damage":24,"enemies":"Lagavulin","floor":7,"turns":5},{"damage":1,"enemies":"Exordium Thugs","floor":11,"turns":5},{"damage":0,"enemies":"Lots of Slimes","floor":12,"turns":5},{"damage":0,"enemies":"Red Slaver","floor":13,"turns":2},{"damage":0,"enemies":"Gremlin Nob","floor":14,"turns":2},{"damage":0,"enemies":"Slime Boss","floor":16,"turns":3},{"damage":12,"enemies":"Shell Parasite","floor":18,"turns":2},{"damage":0,"enemies":"Spheric Guardian","floor":21,"turns":1},{"damage":8,"enemies":"3 Cultists","floor":22,"turns":5},{"damage":0,"enemies":"Slavers","floor":23,"turns":3},{"damage":0,"enemies":"Gremlin Leader","floor":25,"turns":4},{"damage":0,"enemies":"Cultist and Chosen","floor":30,"turns":2},{"damage":0,"enemies":"theDuelist:KaibaA2","floor":31,"turns":2},{"damage":36,"enemies":"Champ","floor":33,"turns":9},{"damage":0,"enemies":"Orb Walker","floor":35,"turns":2},{"damage":31,"enemies":"3 Darklings","floor":36,"turns":4},{"damage":14,"enemies":"Jaw Worm Horde","floor":38,"turns":4},{"damage":37,"enemies":"Nemesis","floor":41,"turns":5},{"damage":0,"enemies":"4 Shapes","floor":48,"turns":1},{"damage":55,"enemies":"Awakened One","floor":50,"turns":15},{"damage":3,"enemies":"Shield and Spear","floor":54,"turns":5},{"damage":45,"enemies":"The Heart","floor":55,"turns":6}],"seed_played":"9052829009160208087","potions_obtained":[{"floor":1,"key":"FearPotion"},{"floor":13,"key":"BlessingOfTheForge"},{"floor":14,"key":"theDuelist:TokenPotion"},{"floor":16,"key":"AttackPotion"},{"floor":23,"key":"theDuelist:FlamingBottle"},{"floor":33,"key":"theDuelist:TokenPotion"},{"floor":35,"key":"Ancient Potion"},{"floor":38,"key":"SteroidPotion"}],"is_trial":false,"path_per_floor":["M","M","M","?","?","R","E","R","T","R","M","M","M","E","R","B",null,"M","?","$","M","M","E","R","E","T","$","R","?","M","E","R","B",null,"M","M","?","M","?","R","E","$","T","R","$","T","?","M","R","B",null,"R","$","E","B",null],"character_chosen":"THE_DUELIST","items_purchased":["theDuelist:ShiranuiSkillsagaSupremacy","theDuelist:UniZombie","theDuelist:DestructPotion","theDuelist:ShiranuiShogunsaga","Apotheosis","theDuelist:Mausoleum","theDuelist:FusionTag","theDuelist:Chopman","theDuelist:PhantomGhost","theDuelist:CardRewardRelicG","theDuelist:DesLacooda"],"campfire_rested":3,"item_purchase_floors":[20,20,20,45,45,45,45,45,45,45,53],"current_hp_per_floor":[56,56,49,49,49,49,25,25,25,25,24,24,24,24,48,48,80,68,56,56,56,48,48,72,79,79,79,79,79,79,79,79,65,107,107,76,70,58,83,83,48,48,48,80,80,80,80,82,82,34,107,107,107,104,61],"gold":50,"neow_bonus":"ONE_RARE_RELIC","is_daily":false,"chose_seed":false,"campfire_upgraded":7,"win_rate":0.0,"timestamp":1610733940,"path_taken":["M","M","M","?","?","R","E","R","T","R","M","M","?","E","R","BOSS","M","?","?","M","?","E","R","E","T","?","R","?","M","E","R","BOSS","M","M","?","M","?","R","E","?","T","R","$","?","?","?","R","BOSS","R","$","E","BOSS"],"items_purchased_type":["Card","Card","Card","Card","Card","Card","Card","Card","Card","Relic","Card"],"build_version":"2020-12-22","purchased_purges":0,"victory":true,"max_hp_per_floor":[80,80,80,80,80,80,80,80,80,80,80,80,80,80,80,80,80,80,80,80,80,80,80,80,87,87,87,87,87,87,87,87,107,107,107,107,107,107,107,107,107,107,107,107,107,107,107,107,107,107,107,107,107,107,107],"card_choices":[{"not_picked":["theDuelist:ShiranuiSpectralsword","theDuelist:ShiranuiSwordmaster","theDuelist:SkullFlame","theDuelist:FuryFire"],"picked":"theDuelist:ForbiddenLance","floor":1},{"not_picked":["theDuelist:NightmareHorse","theDuelist:VendreadRevenants"],"picked":"theDuelist:MammothGraveyard","floor":2},{"not_picked":["theDuelist:BattleFusion","theDuelist:Tsukahagi","theDuelist:TyrantDinoFusion","theDuelist:VampireSucker"],"picked":"theDuelist:ShadowVampire","floor":3},{"not_picked":["theDuelist:GoblinZombie","theDuelist:NecroworldBanshee","theDuelist:VampireFamiliar","theDuelist:VendreadHoundhorde"],"picked":"theDuelist:Kasha","floor":7},{"not_picked":["theDuelist:InstantFusion","theDuelist:MayakashiWinter"],"picked":"theDuelist:MonsterReborn","floor":11},{"not_picked":["theDuelist:Kasha","theDuelist:VampireFraulein","theDuelist:GhostrickJiangshi","theDuelist:VampireLady"],"picked":"theDuelist:Chopman","floor":12},{"not_picked":["theDuelist:FragmentFusion","theDuelist:GhostrickBreak","theDuelist:VendreadReorigin","theDuelist:VendreadRevolution"],"picked":"theDuelist:VampireAwakening","floor":13},{"not_picked":["theDuelist:VampireDuke","theDuelist:VampireGrace","theDuelist:GhostrickAlucard","theDuelist:YukiOnnaAbsolute"],"picked":"theDuelist:GhostrickWarwolf","floor":14},{"not_picked":["theDuelist:InstantFusion","theDuelist:SoulRelease","theDuelist:VendreadNightmare","theDuelist:VendreadStriges"],"picked":"theDuelist:FusionGuard","floor":16},{"not_picked":["theDuelist:CrimsonKnightVampire","theDuelist:VampireHunter+1","theDuelist:VampireLord","theDuelist:VampireRedBaron"],"picked":"theDuelist:ShadowVampire","floor":18},{"not_picked":["theDuelist:Chewbone","theDuelist:SkullServant","theDuelist:ShadowVampire","theDuelist:VampireFraulein"],"picked":"theDuelist:UniZombie","floor":21},{"not_picked":["theDuelist:GhostrickJackfrost+1","theDuelist:DarkDustSpirit+1","theDuelist:GhostrickMuseum","theDuelist:VampireSucker"],"picked":"theDuelist:GoblinZombie","floor":22},{"not_picked":["theDuelist:ShadowVampire","theDuelist:VendreadHoundhorde","theDuelist:GhostrickJackfrost+1","theDuelist:GhostrickMummy+1"],"picked":"theDuelist:VendreadChimera","floor":23},{"not_picked":["theDuelist:GhostrickScare","theDuelist:VampireKingdom","theDuelist:Wasteland"],"picked":"theDuelist:ZombiePowerStruggle","floor":25},{"not_picked":["theDuelist:FlameGhost","theDuelist:FossilKnight","theDuelist:ShiranuiSpectralsword+1","theDuelist:GigastoneOmega"],"picked":"theDuelist:ForbiddenLance","floor":30},{"not_picked":["theDuelist:BookMoon","theDuelist:GhostrickScare","theDuelist:Wasteland+1","theDuelist:AntiFusionDevice"],"picked":"theDuelist:PyramidWonders","floor":31},{"not_picked":["theDuelist:DecayedCommander","theDuelist:MayakashiWinter","theDuelist:Scapeghost","theDuelist:UltraPolymerization"],"picked":"theDuelist:MonsterReborn","floor":33},{"not_picked":["theDuelist:SoulRelease+1","theDuelist:VendreadStriges+1"],"picked":"theDuelist:VampireGrace+1","floor":35},{"not_picked":["theDuelist:FossilSkullknight","theDuelist:NecroworldBanshee+1","theDuelist:IlBlud+1","theDuelist:MayakashiReturn+1"],"picked":"theDuelist:VampireFraulein+1","floor":36},{"not_picked":["theDuelist:Wightprince+1","theDuelist:Dakki+1","theDuelist:VendreadChimera+1","theDuelist:YukiOnnaAbsolute"],"picked":"theDuelist:Pumprincess+1","floor":38},{"not_picked":["theDuelist:NecroworldBanshee","theDuelist:ZombieWarrior+1","theDuelist:IlBlud+1","theDuelist:VendreadReunion"],"picked":"theDuelist:DesLacooda+1","floor":41},{"not_picked":["theDuelist:UltraPolymerization+1","theDuelist:VampireGrace+1","theDuelist:VendreadNightmare","theDuelist:VendreadStriges+1"],"picked":"theDuelist:OverpoweringEye+1","floor":48},{"not_picked":["theDuelist:VampireHunter+1","theDuelist:VendreadBattlelord+1","theDuelist:Mispolymerization+1","theDuelist:SoulRelease+1"],"picked":"theDuelist:GhostrickParade+1","floor":54}],"player_experience":196065,"relics_obtained":[{"floor":7,"key":"Du-Vu Doll"},{"floor":9,"key":"theDuelist:ElectricToken"},{"floor":14,"key":"Kunai"},{"floor":23,"key":"Pocketwatch"},{"floor":23,"key":"theDuelist:YugiMirror"},{"floor":25,"key":"Strawberry"},{"floor":25,"key":"MawBank"},{"floor":31,"key":"Centennial Puzzle"},{"floor":31,"key":"Blood Vial"},{"floor":41,"key":"Toy Ornithopter"},{"floor":41,"key":"Pen Nib"},{"floor":43,"key":"theDuelist:GraveToken"},{"floor":46,"key":"Potion Belt"},{"floor":54,"key":"theDuelist:TributeEggRelic"},{"floor":54,"key":"theDuelist:MillenniumPrayerbook"}],"event_choices":[{"damage_healed":0,"gold_gain":0,"player_choice":"Sold Armored Zombie for 28 Gold.","duelist":true,"damage_taken":0,"max_hp_gain":0,"max_hp_loss":0,"event_name":"Card Trader","floor":4,"gold_loss":0},{"damage_healed":0,"gold_gain":0,"player_choice":"Upgraded","damage_taken":0,"max_hp_gain":0,"max_hp_loss":0,"event_name":"Upgrade Shrine","floor":5,"gold_loss":0,"cards_upgraded":["theDuelist:ForbiddenLance"]},{"damage_healed":0,"gold_gain":90,"player_choice":"GOLD ","damage_taken":12,"max_hp_gain":0,"max_hp_loss":0,"event_name":"Knowing Skull","floor":19,"potions_obtained":[],"gold_loss":0,"cards_obtained":[]},{"damage_healed":0,"gold_gain":0,"player_choice":"Leave","duelist":true,"damage_taken":0,"max_hp_gain":0,"max_hp_loss":0,"event_name":"Relic Duplicator","floor":29,"gold_loss":0},{"damage_healed":0,"gold_gain":0,"player_choice":"Dig - random Duelist relic","duelist":true,"damage_taken":0,"max_hp_gain":0,"max_hp_loss":0,"event_name":"Aknamkanon\u0027s Tomb","floor":37,"gold_loss":0},{"damage_healed":0,"gold_gain":0,"player_choice":"Succumb - +25HP/Cursed Relic","duelist":true,"damage_taken":0,"max_hp_gain":0,"max_hp_loss":0,"event_name":"Tomb of the Nameless","floor":39,"gold_loss":0},{"damage_healed":0,"gold_gain":0,"player_choice":"Leave","duelist":true,"damage_taken":0,"max_hp_gain":0,"max_hp_loss":0,"event_name":"Relic Duplicator","floor":47,"gold_loss":0}],"is_beta":false,"boss_relics":[{"not_picked":["Busted Crown","theDuelist:ElectricKey"],"picked":"Black Star"},{"not_picked":["Velvet Choker","Fusion Hammer"],"picked":"theDuelist:HauntedRelic"}],"items_purged_floors":[],"is_endless":false,"potions_floor_spawned":[1,13,14,16,23,30,31,33,35,38],"ascension_level":2}}