{"host":"1a3cjta80tad0aqj","time":1610728489,"event":{"mods":["2.2 Compatiblity","AchievementEnabler","BaseMod","Colored Map","DeckTracker","KOR Keyword Fix","Keyboard Shortcuts","Minty Spire (QoL Compilation)","Permanent Neow","Quick Restart","Random Character Button","StSLib","SuperFastMode","everything is the same but u backflip on backflip"],"gold_per_floor":[112,131,131,131,148,177,177,206,206,219,244,17,34,47,47,149,149,149,149],"floor_reached":18,"language":"KOR","playtime":661,"items_purged":["Strike_G"],"score":182,"play_id":"182a9bbc-4603-4df6-8bda-36da0e2e3e1a","local_time":"20210116013449","is_ascension_mode":false,"campfire_choices":[{"floor":7.0,"key":"REST"},{"floor":15,"key":"REST"}],"circlet_count":0,"master_deck":["Strike_G+1","Strike_G+1","Strike_G","Defend_G","Defend_G","Defend_G","Defend_G","Defend_G","Survivor","Neutralize","Deadly Poison","PiercingWail","Venomology","Catalyst","Footwork","Backflip","Dagger Throw","Crippling Poison","Corpse Explosion"],"relics":["Ring of the Snake","Snake Skull","Unceasing Top","InkBottle","Ancient Tea Set","Omamori","Cursed Key"],"acts_visited":["Exordium","TheCity"],"potions_floor_usage":[14,16,16],"damage_taken":[{"damage":0.0,"enemies":"2 Louse","floor":1.0,"turns":3.0},{"damage":5.0,"enemies":"Jaw Worm","floor":2.0,"turns":4.0},{"damage":1.0,"enemies":"Cultist","floor":5.0,"turns":4.0},{"damage":18.0,"enemies":"Gremlin Nob","floor":6.0,"turns":4.0},{"damage":28.0,"enemies":"Lagavulin","floor":8.0,"turns":8.0},{"damage":5.0,"enemies":"Looter","floor":10.0,"turns":2.0},{"damage":6.0,"enemies":"Gremlin Nob","floor":11.0,"turns":5.0},{"damage":0.0,"enemies":"2 Fungi Beasts","floor":13.0,"turns":1.0},{"damage":0,"enemies":"3 Louse","floor":14,"turns":4},{"damage":26,"enemies":"The Guardian","floor":16,"turns":8},{"damage":0,"enemies":"3 Byrds","floor":18,"turns":1}],"seed_played":"3985161107996513537","potions_obtained":[{"floor":1.0,"key":"Dexterity Potion"},{"floor":2.0,"key":"GhostInAJar"},{"floor":11.0,"key":"SteroidPotion"},{"floor":13.0,"key":"LiquidMemories"},{"floor":16,"key":"FairyPotion"}],"is_trial":false,"path_per_floor":["M","M","?","?","M","E","R","E","T","M","E","$","M","M","R","B",null,"M"],"character_chosen":"THE_SILENT","items_purchased":["Omamori"],"campfire_rested":2,"item_purchase_floors":[12],"current_hp_per_floor":[77,72,57,57,56,38,61,33,33,28,22,22,22,22,45,19,77,77,77],"gold":149,"neow_bonus":"TEN_PERCENT_HP_BONUS","is_daily":false,"chose_seed":true,"campfire_upgraded":0,"win_rate":0.0,"timestamp":1610728489,"path_taken":["M","M","?","?","M","E","R","E","T","M","E","$","M","M","R","BOSS","M"],"items_purchased_type":["Relic"],"build_version":"2020-12-22","purchased_purges":1,"victory":false,"max_hp_per_floor":[77,77,77,77,77,77,77,77,77,77,77,77,77,77,77,77,77,77,77],"card_choices":[{"not_picked":["Reflex","PiercingWail"],"picked":"Deadly Poison","floor":1.0},{"not_picked":["Acrobatics","Slice"],"picked":"PiercingWail","floor":2.0},{"not_picked":["All Out Attack","Blade Dance"],"picked":"Venomology","floor":5.0},{"not_picked":["Well Laid Plans","Finisher"],"picked":"Catalyst","floor":6.0},{"not_picked":["Reflex","Endless Agony"],"picked":"Footwork","floor":8.0},{"not_picked":["Quick Slash","Bane"],"picked":"Backflip","floor":10.0},{"not_picked":["Blade Dance","Eviscerate","Riddle With Holes"],"picked":"SKIP","floor":11.0},{"not_picked":["Footwork","Deflect"],"picked":"Dagger Throw","floor":13.0},{"not_picked":["Accuracy","Prepared"],"picked":"Crippling Poison","floor":14},{"not_picked":["Malaise","Phantasmal Killer"],"picked":"Corpse Explosion","floor":16}],"player_experience":657280,"relics_obtained":[{"floor":6.0,"key":"Snake Skull"},{"floor":8.0,"key":"Unceasing Top"},{"floor":9.0,"key":"InkBottle"},{"floor":11.0,"key":"Ancient Tea Set"}],"event_choices":[{"damage_healed":0.0,"max_hp_gain":0.0,"max_hp_loss":0.0,"gold_gain":0.0,"event_name":"Shining Light","player_choice":"Entered Light","floor":3.0,"gold_loss":0.0,"damage_taken":15.0,"cards_upgraded":["Strike_G","Strike_G"]},{"cards_removed":["Strike_G"],"damage_healed":0.0,"max_hp_gain":0.0,"max_hp_loss":0.0,"gold_gain":0.0,"event_name":"Living Wall","player_choice":"Forget","floor":4.0,"gold_loss":0.0,"damage_taken":0.0}],"is_beta":false,"boss_relics":[{"not_picked":["Empty Cage","Calling Bell"],"picked":"Cursed Key"}],"items_purged_floors":[12],"is_endless":false,"potions_floor_spawned":[1,2,6,11,13,16],"killed_by":"3 Byrds","ascension_level":0}}