{"host":"vm8b3ptwl81uq21f","time":1610677992,"event":{"mods":["Aspiration","BaseMod","BetterRewards","Colored Map","Colored Powertips","Downfall","GifTheSpireLib","Googly Eyes","GungeonMod","Halation","Hubris","Infinite Spire","Minty Spire (QoL Compilation)","Quick Restart","Rare Cards Sparkle","Replay The Spire","Shop Mod","Spicy Shops","StSLib","Stuff the Spire","The IronCluck","[IsaacMod]????"],"gold_per_floor":[110,122,132,149,168,201,201,230,230,245,245,11,24,35,35,130,130,146,146,164,184,199,230,230,255,305,322,334,334,366,384,384,491,491,502,502,377,396,412,442,442,477,501,520,83,108,108,303,303,303],"floor_reached":51,"language":"ENG","playtime":1794,"items_purged":["DemoMod:RustySidearm","DemoMod:CrossBow","DemoMod:Strike_Huntress","DemoMod:Defend_Huntress","DemoMod:Defend_Huntress","DemoMod:Defend_Huntress","DemoMod:Roll"],"score":2103,"play_id":"c9f19f92-f426-488f-b202-69f547ff1e85","local_time":"20210114213312","is_ascension_mode":true,"campfire_choices":[{"data":"DemoMod:ManualReload","floor":7,"key":"SMITH"},{"data":"DemoMod:FeignSurrender","floor":29,"key":"SMITH"},{"data":"DemoMod:StrategicReserve","floor":32,"key":"SMITH"},{"data":"infinitespire:FutureSight","floor":47,"key":"SMITH"},{"data":"Replay:Dark Deal","floor":49,"key":"SMITH"}],"circlet_count":0,"master_deck":["DemoMod:ManualReload+1","DemoMod:RadGun+1","DemoMod:StrategicReserve+1","DemoMod:DoubleSwitch","Replay:Dark Deal+1","DemoMod:Unmoved","DemoMod:GunstockTap+1","DemoMod:FastSwitch+1","DemoMod:Eureka","DemoMod:SniperShot","DemoMod:Eureka","DemoMod:FeignSurrender+1","infinitespire:FutureSight+1","DemoMod:MachoBrace","DemoMod:DoubleSwitch","DemoMod:FastSwitch+1","DemoMod:Eureka","DemoMod:HardPowerCard","Doubt"],"relics":["DemoMod:Dog","HushsDoor","BookofShadows","Molten Egg 2","halation:PromiseList","Frozen Eye","MerchantsRug","Replay:Mystery Machine","StuffTheSpire:DarkSteelAnvil","TheBible","DemoMod:GlassGuonStoneRelic","Philosopher\u0027s Stone","halation:LettersToHer","hubris:Towel","Bronze Scales","HowToJump","hubris:Potato","Busted Crown","hubris:Icosahedron","infinitespire:Beetle Shell","Pen Nib","StuffTheSpire:OldFever","Bag of Preparation","hubris:SlimyHat","StuffTheSpire:Gunfinga","StuffTheSpire:BottledEssence","hubris:TinFlute"],"acts_visited":["Exordium","TheCity","TheBeyond"],"potions_floor_usage":[],"damage_taken":[{"damage":0,"enemies":"Cultist","floor":1,"turns":3},{"damage":0,"enemies":"2 Louse","floor":2,"turns":3},{"damage":0,"enemies":"Small Slimes","floor":3,"turns":3},{"damage":21,"enemies":"3 Louse","floor":4,"turns":8},{"damage":10,"enemies":"2 Fungi Beasts","floor":5,"turns":3},{"damage":0,"enemies":"3 Sentries","floor":6,"turns":3},{"damage":0,"enemies":"Replay:BlueRogue","floor":8,"turns":4},{"damage":5,"enemies":"Blue Slaver","floor":10,"turns":4},{"damage":0,"enemies":"Exordium Wildlife","floor":13,"turns":2},{"damage":3,"enemies":"Lots of Slimes","floor":14,"turns":3},{"damage":0,"enemies":"The Guardian","floor":16,"turns":4},{"damage":0,"enemies":"2 Thieves","floor":18,"turns":1},{"damage":0,"enemies":"Spheric Guardian","floor":20,"turns":1},{"damage":0,"enemies":"Centurion and Healer","floor":21,"turns":1},{"damage":0,"enemies":"Snake Plant","floor":22,"turns":1},{"damage":0,"enemies":"Gremlin Leader","floor":23,"turns":1},{"damage":0,"enemies":"Slavers","floor":25,"turns":2},{"damage":0,"enemies":"3 Cultists","floor":27,"turns":1},{"damage":0,"enemies":"Chosen and Byrds","floor":28,"turns":1},{"damage":0,"enemies":"Nightmare","floor":30,"turns":1},{"damage":0,"enemies":"Cultist and Chosen","floor":31,"turns":1},{"damage":0,"enemies":"Collector","floor":33,"turns":1},{"damage":0,"enemies":"Orb Walker","floor":35,"turns":1},{"damage":0,"enemies":"3 Darklings","floor":38,"turns":1},{"damage":0,"enemies":"4 Shapes","floor":39,"turns":1},{"damage":0,"enemies":"Giant Head","floor":40,"turns":1},{"damage":0,"enemies":"Nemesis","floor":42,"turns":1},{"damage":0,"enemies":"Writhing Mass","floor":44,"turns":1},{"damage":0,"enemies":"Nightmare","floor":46,"turns":1},{"damage":0,"enemies":"Time Eater","floor":50,"turns":1}],"seed_played":"-6045905796008582469","potions_obtained":[{"floor":1,"key":"Weak Potion"},{"floor":6,"key":"champ:CounterPotion"},{"floor":8,"key":"Fire Potion"},{"floor":10,"key":"Regen Potion"}],"is_trial":false,"path_per_floor":["M","M","M","M","M","E","R","E","T","M","$","$","M","M","R_BF","B",null,"M","AVR","M","M","M","E","?","E","T","M","M","R","NM","M","R","B",null,"M","?","$","M","M","E","?","E","T","M","$","NM","R","?","R","B",null],"character_chosen":"HUNTRESS","items_purchased":["Molten Egg 2","halation:PromiseList","DemoMod:RadGun+1","DemoMod:StrategicReserve","Frozen Eye","Lee\u0027s Waffle","DemoMod:DoubleSwitch","Replay:Dark Deal","MerchantsRug","DemoMod:Eureka","DemoMod:Eureka","Bag of Preparation","hubris:SlimyHat","StuffTheSpire:Gunfinga","StuffTheSpire:BottledEssence"],"campfire_rested":0,"item_purchase_floors":[0,0,0,0,0,0,0,0,0,12,34,45,45,45,45],"current_hp_per_floor":[77,77,77,56,46,46,46,46,46,41,41,41,41,38,38,38,64,64,78,78,78,78,78,78,78,78,78,78,78,78,78,78,78,75,75,75,75,75,75,75,75,75,75,75,75,75,75,45,45,45],"gold":303,"neow_bonus":"","is_daily":false,"chose_seed":false,"campfire_upgraded":5,"win_rate":0.0,"timestamp":1610677992,"path_taken":["M","M","M","M","M","E","R","E","T","M","?","$","?","M","R_BF","BOSS","M","AVR","M","M","M","E","?","E","T","?","M","R","NM","M","R","BOSS","M","?","$","M","M","E","?","E","T","M","$","NM","R","?","R","BOSS"],"items_purchased_type":["Relic","Relic","Card","Card","Relic","Relic","Card","Card","Relic","Card","Card","Relic","Relic","Relic","Relic"],"build_version":"2020-12-22","purchased_purges":7,"victory":true,"max_hp_per_floor":[77,77,77,77,77,77,77,77,77,77,77,77,77,77,77,77,72,72,86,86,86,86,86,86,86,86,86,86,86,86,86,86,86,75,75,75,75,75,75,75,75,75,75,75,75,75,75,75,75,75],"card_choices":[{"not_picked":[],"picked":"ChaosCard","floor":0},{"not_picked":["DemoMod:Rummage","DemoMod:StrategicReserve"],"picked":"Bomb","floor":1},{"not_picked":["Bomb","DemoMod:Rummage"],"picked":"DemoMod:Unmoved","floor":2},{"not_picked":["DemoMod:TeaPot+1","DemoMod:FortunesFavor"],"picked":"DemoMod:Purify+1","floor":3},{"not_picked":["DemoMod:FortunesFavor","DemoMod:ChanceBullets"],"picked":"DemoMod:GunstockTap+1","floor":4},{"not_picked":["DemoMod:FortunesFavor","DemoMod:HighKaliber+1"],"picked":"DemoMod:FastSwitch","floor":5},{"not_picked":["DemoMod:BSG+1","DemoMod:SkilledReload","DemoMod:StrategicReserve"],"picked":"SKIP","floor":6},{"not_picked":["DemoMod:Camera+1","DemoMod:AC15+1","DemoMod:BoxingGlove+1"],"picked":"SKIP","floor":8},{"not_picked":["DemoMod:DirectionalPad+1","DemoMod:HuntsMan+1","DemoMod:TeaPot+1"],"picked":"SKIP","floor":10},{"not_picked":["DemoMod:Casey+1","DemoMod:CombinedRifle+1","DemoMod:DirectionalPad+1"],"picked":"SKIP","floor":13},{"not_picked":["DemoMod:JK47+1","DemoMod:Ejector"],"picked":"DemoMod:SniperShot","floor":14},{"not_picked":["DemoMod:BlankBullets","DemoMod:BalloonGun+1"],"picked":"DemoMod:Eureka","floor":16},{"not_picked":["DemoMod:ShadowBullets","DemoMod:BattleInHaste"],"picked":"DemoMod:FeignSurrender","floor":18},{"not_picked":["DemoMod:SAA+1","DemoMod:TableSutra+1","DemoMod:DirectionalPad+1"],"picked":"SKIP","floor":20},{"not_picked":["DemoMod:PotionOfGunFriendShip","DemoMod:FortunesFavor","DemoMod:BoxingGlove+1"],"picked":"SKIP","floor":21},{"not_picked":["DemoMod:AC15+1","DemoMod:FeignSurrender"],"picked":"DemoMod:MachoBrace","floor":22},{"not_picked":["DemoMod:BoxingGlove+1","DemoMod:RadGun+1"],"picked":"DemoMod:DoubleSwitch","floor":23},{"not_picked":["DemoMod:SkilledReload","DemoMod:ThirdPartyController+1"],"picked":"DemoMod:FastSwitch+1","floor":25},{"not_picked":["DemoMod:Unmoved+1","DemoMod:CursedBullets+1","DemoMod:TeaPot+1"],"picked":"SKIP","floor":27},{"not_picked":["DemoMod:LifeOrb+1","DemoMod:ChanceBullets","DemoMod:Ejector"],"picked":"SKIP","floor":28},{"not_picked":["DemoMod:CombinedRifle+1","DemoMod:DoubleSwitch","DemoMod:HungryBullets"],"picked":"SKIP","floor":30},{"not_picked":["DemoMod:CombinedRifle+1","DemoMod:DoubleSwitch","DemoMod:HungryBullets"],"picked":"SKIP","floor":30},{"not_picked":["DemoMod:Casey+1","DemoMod:DoubleSwitch","DemoMod:BoxingGlove+1"],"picked":"SKIP","floor":31},{"not_picked":[],"picked":"DemoMod:HardPowerCard","floor":35},{"not_picked":["DemoMod:FastSwitch"],"picked":"SKIP","floor":38},{"not_picked":["DemoMod:ChanceBullets"],"picked":"SKIP","floor":39},{"not_picked":["DemoMod:PotionOfGunFriendShip+1"],"picked":"SKIP","floor":40},{"not_picked":["DemoMod:ChanceBullets"],"picked":"SKIP","floor":42},{"not_picked":["DemoMod:ThirdPartyController+1"],"picked":"SKIP","floor":44},{"not_picked":["DemoMod:GunstockTap+1"],"picked":"SKIP","floor":46}],"player_experience":384860,"relics_obtained":[{"floor":6,"key":"Replay:Mystery Machine"},{"floor":8,"key":"StuffTheSpire:DarkSteelAnvil"},{"floor":9,"key":"TheBible"},{"floor":22,"key":"halation:LettersToHer"},{"floor":23,"key":"StuffTheSpire:PointBlank"},{"floor":25,"key":"Bronze Scales"},{"floor":26,"key":"halation:LettersToHer"},{"floor":26,"key":"HowToJump"},{"floor":30,"key":"hubris:Potato"},{"floor":40,"key":"infinitespire:Beetle Shell"},{"floor":42,"key":"Pen Nib"},{"floor":43,"key":"halation:LettersToHer"},{"floor":43,"key":"StuffTheSpire:OldFever"},{"floor":46,"key":"hubris:TinFlute"}],"event_choices":[],"is_beta":false,"boss_relics":[{"not_picked":["halation:PlatinumPhoenix","hubris:ScarierMask"],"picked":"Philosopher\u0027s Stone"},{"not_picked":[]},{"not_picked":["Sozu","SlaversCollar"],"picked":"Busted Crown"},{"not_picked":[]}],"items_purged_floors":[0,0,17,19,34,37,45],"is_endless":false,"potions_floor_spawned":[1,6,8,10,16,22,23,27,28,30,39,40,44],"ascension_level":8}}