{"host":"6es90lqcwaoc0kgm","time":1610687109,"event":{"mods":["Act Like it!","Bard","BaseMod","Hallownest","HololiveMod","Jorbs\u0027s Wanderer Trilogy","Marisa£®ÏF”Í°°ƒß¿Ì…≥£©","Minty Spire (QoL Compilation)","Quick Restart","StSLib","The Administrix","The Animator","The Bug Knight","The Cursed","The Runesmith","[GremlinLeader]The Maniac"],"gold_per_floor":[119,119,135,135,60,60,90,90,115,143,161,196,196,211,211,313,313,323,23,23,23,39,39,71,71,96,96,96,472,505,255,255,359,359,376,301,301,301,316,348,39,74,99,99,114,127,145,180,180,180,180,180,46,74,74],"floor_reached":56,"language":"ZHS","playtime":10906,"items_purged":["HollowMod:NailStrikeStart","HollowMod:QuickDashStart","HollowMod:NailStrikeStart"],"score":1532,"play_id":"4f41b4d7-108c-4329-abda-9373720228a1","local_time":"20210115130509","is_ascension_mode":true,"campfire_choices":[{"floor":6.0,"key":"DIG"},{"floor":8.0,"key":"DIG"},{"floor":13.0,"key":"DIG"},{"floor":15.0,"key":"DIG"},{"floor":23.0,"key":"DIG"},{"floor":25.0,"key":"DIG"},{"floor":28.0,"key":"DIG"},{"floor":32.0,"key":"DIG"},{"data":"HollowMod:AwokenDreamNail","floor":44.0,"key":"SMITH"},{"floor":49.0,"key":"RECALL"},{"floor":52.0,"key":"DIG"}],"circlet_count":0,"master_deck":["HollowMod:NailStrikeStart","HollowMod:NailStrikeStart","HollowMod:QuickDashStart+1","HollowMod:QuickDashStart","HollowMod:QuickDashStart+1","HollowMod:FocusHealStart","HollowMod:PogoStrike","HollowMod:BaldurShell","HollowMod:CycloneSlash","HollowMod:SoulMaster","HollowMod:SiblingsSouls+1","HollowMod:HuntersJournal+1","HollowMod:SoulSplash+1","HollowMod:LifebloodCore+1","CurseOfTheBell","HollowMod:CornifersMapStart+1","HollowMod:NewLastStag+1","HollowMod:CornifersMapStart+1","HollowMod:ChannelNail+1","HollowMod:CycloneSlash","HollowMod:AwokenDreamNail+1","HollowMod:ChannelNail+1","Magnetism+1","HollowMod:SoulShaman+1","HollowMod:CornifersMapStart+1","HollowMod:SoulEater+1","HollowMod:LifebloodCocoon+1","Impatience+1","HollowMod:BaldurShell"],"relics":["HollowMod:VesselMask","NeowsBlessing","Hallownest:DreamNailRelic","Shovel","War Paint","Akabeko","Letter Opener","Toxic Egg 2","Lantern","HollowMod:StagPassRelic","Runesmith:Locket","Calling Bell","Smiling Mask","InkBottle","Bird Faced Urn","PreservedInsect","Dream Catcher","Centennial Puzzle","HollowMod:PaleOreRelic","Juzu Bracelet","Ornamental Fan","Regal Pillow","Pocketwatch","Hallownest:UnbreakableCardRelic","Ornamental Fan","Black Star","Hallownest:SoulVesselRelic","Turnip","Unceasing Top","Torii","StrikeDummy","Bronze Scales","Runesmith:AutoHammer","Ice Cream","Pen Nib","HollowMod:MantisClawRelic","Sundial","Orichalcum"],"acts_visited":["Exordium","Hallownest:Greenpath","Hallownest:CityofTears","TheEnding"],"potions_floor_usage":[55],"damage_taken":[{"damage":0.0,"enemies":"2_ Uuma","floor":1.0,"turns":1.0},{"damage":0.0,"enemies":"Hallownest:monsterHuskWarrior","floor":3.0,"turns":1.0},{"damage":0.0,"enemies":"Hallownest:eliteVengeflyKing","floor":7.0,"turns":1.0},{"damage":7.0,"enemies":"Hallownest:eliteCrystalGuardian","floor":10.0,"turns":5.0},{"damage":3.0,"enemies":"Hallownest:2_MossCreeps","floor":11.0,"turns":5.0},{"damage":23.0,"enemies":"Hallownest:eliteMossKnight","floor":12.0,"turns":9.0},{"damage":2.0,"enemies":"Hallownest:monsterFoolEater","floor":14.0,"turns":3.0},{"damage":20.0,"enemies":"Hallownest:BossHornet","floor":16.0,"turns":13.0},{"damage":0.0,"enemies":"Hallownest:3_Youths","floor":18.0,"turns":5.0},{"damage":0.0,"enemies":"Hallownest:Flukemon_and_Top","floor":22.0,"turns":4.0},{"damage":0.0,"enemies":"Hallownest:Nosk","floor":24.0,"turns":7.0},{"damage":6.0,"enemies":"Hallownest:eliteSoulWarrior","floor":30.0,"turns":6.0},{"damage":18.0,"enemies":"Hallownest:BossMantisLord","floor":33.0,"turns":3.0},{"damage":0.0,"enemies":"Hallownest:3_Siblings","floor":35.0,"turns":3.0},{"damage":11.0,"enemies":"Hallownest:Shield_Heavy","floor":39.0,"turns":3.0},{"damage":8.0,"enemies":"Hallownest:eliteCollector","floor":40.0,"turns":6.0},{"damage":0.0,"enemies":"Hallownest:StalkingDevout","floor":42.0,"turns":4.0},{"damage":1.0,"enemies":"Hallownest:2_Great","floor":45.0,"turns":3.0},{"damage":14.0,"enemies":"Hallownest:monsterPrimalAspid","floor":46.0,"turns":3.0},{"damage":23.0,"enemies":"Hallownest:Slobbering_and_Violent","floor":47.0,"turns":4.0},{"damage":0.0,"enemies":"Hallownest:eliteHiveKnight","floor":48.0,"turns":5.0},{"damage":9.0,"enemies":"Hallownest:BossGreyPrinceZote","floor":50.0,"turns":7.0},{"damage":34,"enemies":"Shield and Spear","floor":54,"turns":4},{"damage":12,"enemies":"The Heart","floor":55,"turns":7}],"seed_played":"-8546642405826785388","potions_obtained":[{"floor":3.0,"key":"FearPotion"},{"floor":10.0,"key":"ColorlessPotion"},{"floor":11.0,"key":"CultistPotion"},{"floor":14.0,"key":"LiquidMemories"},{"floor":18.0,"key":"DistilledChaos"},{"floor":30.0,"key":"ColorlessPotion"},{"floor":40.0,"key":"SteroidPotion"},{"floor":47.0,"key":"FairyPotion"}],"is_trial":false,"path_per_floor":["M","?","M","?","$","R","E","R","T","E","M","E","R","M","R","B",null,"M","?","?","T","M","R","E","R","T","?","R","?","E","?","R","B",null,"M","?","?","T","M","E","$","E","T","R","M","M","M","E","R","B",null,"R","$","E","B",null],"character_chosen":"THE_BUGKNIGHT","items_purchased":["Magnetism","DuplicationPotion","Impatience+1"],"campfire_rested":0,"item_purchase_floors":[41,41,53],"current_hp_per_floor":[75,75,75,57,57,57,57,57,57,56,63,52,52,56,56,48,75,75,75,75,75,75,75,75,75,75,75,75,75,71,71,71,57,75,75,75,75,75,66,72,72,75,75,75,75,65,60,70,70,75,75,75,75,45,57],"gold":74,"neow_bonus":"THREE_ENEMY_KILL","is_daily":false,"chose_seed":false,"campfire_upgraded":1,"win_rate":0.0,"timestamp":1610687109,"path_taken":["M","?","?","?","?","R","E","R","T","E","M","E","R","?","R","BOSS","M","?","?","?","M","R","E","R","T","?","R","?","E","?","R","BOSS","M","?","?","?","M","E","$","E","T","R","M","M","M","E","R","BOSS","R","$","E","BOSS"],"items_purchased_type":["Card","Potion","Card"],"build_version":"2020-12-22","purchased_purges":3,"victory":true,"max_hp_per_floor":[75,75,75,75,75,75,75,75,75,75,75,75,75,75,75,75,75,75,75,75,75,75,75,75,75,75,75,75,75,75,75,75,75,75,75,75,75,75,75,75,75,75,75,75,75,75,75,75,75,75,75,75,75,75,75],"card_choices":[{"not_picked":["HollowMod:SoulSplash","HollowMod:FallenFury"],"picked":"HollowMod:BaldurShell","floor":1.0},{"not_picked":["HollowMod:VengefulVoid","HollowMod:ChannelNail"],"picked":"HollowMod:MonarchWings","floor":3.0},{"not_picked":["HollowMod:DoubleDash","HollowMod:DescendingDark"],"picked":"HollowMod:CycloneSlash","floor":7.0},{"not_picked":["HollowMod:SharpenedNail","HollowMod:ShadowDash+1"],"picked":"HollowMod:SoulMaster","floor":10.0},{"not_picked":["HollowMod:ShadowDash+1","HollowMod:SharpenedNail"],"picked":"HollowMod:SiblingsSouls+1","floor":11.0},{"not_picked":["HollowMod:GrimmsGift+1","HollowMod:DescendingDark"],"picked":"HollowMod:HuntersJournal+1","floor":12.0},{"not_picked":["HollowMod:WraithStrike","HollowMod:InfectedAttack"],"picked":"HollowMod:SoulSplash+1","floor":14.0},{"not_picked":["HollowMod:LordofShades","HollowMod:ElderbugsWisdom"],"picked":"HollowMod:LifebloodCore+1","floor":16.0},{"not_picked":["HollowMod:VengefulVoid","HollowMod:HowlingWraiths"],"picked":"HollowMod:CornifersMapStart+1","floor":18.0},{"not_picked":["HollowMod:CoiledNail","HollowMod:InfectedCysts"],"picked":"HollowMod:CornifersMapStart+1","floor":22.0},{"not_picked":["HollowMod:Weaversong","HollowMod:LuriensSpire+1"],"picked":"HollowMod:ChannelNail+1","floor":24.0},{"not_picked":["HollowMod:CornifersMapStart+1","HollowMod:BlackTendrils"],"picked":"HollowMod:CycloneSlash","floor":30.0},{"not_picked":["HollowMod:Hiveblood+1","HollowMod:LifebloodCore+1"],"picked":"HollowMod:AwokenDreamNail","floor":33.0},{"not_picked":["HollowMod:BlackTendrils+1","HollowMod:CornifersMapStart+1","HollowMod:AbyssShriek"],"picked":"SKIP","floor":35.0},{"not_picked":["HollowMod:GreatSlash","HollowMod:HeavyBlow+1"],"picked":"HollowMod:ChannelNail+1","floor":39.0},{"not_picked":["HollowMod:QuirrelsAssistance+1","HollowMod:DescendingDark","HollowMod:GoodIntentions+1"],"picked":"SKIP","floor":40.0},{"not_picked":["HollowMod:GreatSlash","HollowMod:CoiledNail"],"picked":"HollowMod:SoulShaman+1","floor":42.0},{"not_picked":["HollowMod:NewInfectedGuardian+1","HollowMod:QuirrelsAssistance"],"picked":"HollowMod:CornifersMapStart+1","floor":45.0},{"not_picked":["HollowMod:ChannelNail+1","HollowMod:PureNailStrike+1"],"picked":"HollowMod:SoulEater+1","floor":46.0},{"not_picked":["HollowMod:ShadowDash+1","HollowMod:DoubleDash+1"],"picked":"HollowMod:LifebloodCocoon+1","floor":47.0},{"not_picked":["HollowMod:NewLittleFool","HollowMod:CycloneSlash+1","HollowMod:VoidDash+1"],"picked":"SKIP","floor":48.0},{"not_picked":["HollowMod:CornifersMapStart+1","HollowMod:InfectedAttack+1"],"picked":"HollowMod:BaldurShell","floor":54}],"player_experience":679530,"relics_obtained":[{"floor":6.0,"key":"Akabeko"},{"floor":7.0,"key":"HollowMod:LumaflyLanternRelic"},{"floor":8.0,"key":"Letter Opener"},{"floor":10.0,"key":"Toxic Egg 2"},{"floor":12.0,"key":"Lantern"},{"floor":13.0,"key":"HollowMod:StagPassRelic"},{"floor":15.0,"key":"Runesmith:Locket"},{"floor":17.0,"key":"Smiling Mask"},{"floor":17.0,"key":"InkBottle"},{"floor":17.0,"key":"Bird Faced Urn"},{"floor":21.0,"key":"PreservedInsect"},{"floor":23.0,"key":"Dream Catcher"},{"floor":24.0,"key":"Centennial Puzzle"},{"floor":25.0,"key":"HollowMod:PaleOreRelic"},{"floor":26.0,"key":"Juzu Bracelet"},{"floor":28.0,"key":"Regal Pillow"},{"floor":30.0,"key":"Pocketwatch"},{"floor":32.0,"key":"Ornamental Fan"},{"floor":38.0,"key":"Turnip"},{"floor":40.0,"key":"Unceasing Top"},{"floor":40.0,"key":"Torii"},{"floor":42.0,"key":"StrikeDummy"},{"floor":42.0,"key":"Bronze Scales"},{"floor":43.0,"key":"Runesmith:AutoHammer"},{"floor":48.0,"key":"Ice Cream"},{"floor":48.0,"key":"Pen Nib"},{"floor":52.0,"key":"HollowMod:MantisClawRelic"},{"floor":54,"key":"Sundial"},{"floor":54,"key":"Orichalcum"}],"event_choices":[],"is_beta":false,"boss_relics":[{"not_picked":["Hololive_TopUpMoneyS","Hololive_ChaosS"],"picked":"Calling Bell"},{"not_picked":["SacredBark","Coffee Dripper"],"picked":"Black Star"}],"items_purged_floors":[5,41,53],"is_endless":false,"potions_floor_spawned":[3,10,11,14,18,30,40,47,48],"ascension_level":2}}