{"host":"i1fqlpve17okw40o","time":1610693537,"event":{"mods":["A Magickal Journey","Act Like it!","Aspiration","BaseMod","BetterRewards","CapriCore","Colored Map","Colored Powertips","Downfall","Elementarium","Energized Spire","Glutton Mod","Halation","Hermit","Highlight Path","Hubris","Koishi","Marisa????????","Mimic Mod","Minty Spire (QoL Compilation)","Quick Restart","Random Character Button","Relic Sorter","Replay The Spire","Retaliation","Reworked Bosses","StSLib","SuperFastMode","Td1madao Mod","The Construct","The Disciple","The Forsaken","The Immortal","The Jungle","The Runesmith","The Senshi","The Servant 0.9.4","vexMod"],"gold_per_floor":[116,136,146,146,146,146,98,126,203,203,222,238,248,267,267,267,267],"floor_reached":16,"language":"ENG","playtime":448,"items_purged":[],"score":154,"play_id":"293e34bd-71e2-4c6f-afbf-84632060fb0c","local_time":"20210115005217","is_ascension_mode":false,"campfire_choices":[{"data":"Perfected Strike","floor":6,"key":"SMITH"},{"data":"Searing Blow","floor":10,"key":"SMITH"},{"data":"Metallicize","floor":15,"key":"SMITH"}],"circlet_count":0,"master_deck":["Strike_R+1","Strike_R+1","Strike_R","Strike_R","Strike_R","Defend_R","Defend_R","Defend_R","Defend_R","Bash","Rampage","Shrug It Off","Perfected Strike+1","Searing Blow+1","Disarm+1","Metallicize+1"],"relics":["Burning Blood","Guide Book","halation:PinkSoulGem","Toxic Egg 2"],"acts_visited":["Exordium"],"potions_floor_usage":[8,8,8],"damage_taken":[{"damage":2,"enemies":"2 Louse","floor":1,"turns":3},{"damage":7,"enemies":"Small Slimes","floor":2,"turns":4},{"damage":2,"enemies":"Jaw Worm","floor":3,"turns":3},{"damage":10,"enemies":"Gremlin Nob","floor":8,"turns":3},{"damage":17,"enemies":"3 Louse","floor":11,"turns":3},{"damage":2,"enemies":"Looter","floor":12,"turns":4},{"damage":8,"enemies":"Large Slime","floor":13,"turns":5},{"damage":13,"enemies":"2 Fungi Beasts","floor":14,"turns":4},{"damage":70,"enemies":"Fading Forest","floor":16,"turns":7}],"seed_played":"843488828300595660","potions_obtained":[{"floor":1,"key":"EssenceOfSteel"},{"floor":2,"key":"BlessingOfTheForge"},{"floor":11,"key":"Dexterity Potion"},{"floor":13,"key":"hexamod:EctoCoolerPotion"},{"floor":14,"key":"SteroidPotion"}],"is_trial":false,"path_per_floor":["M","M","M","?","?","R","$","E","T","R","M","M","M","M","R","B"],"character_chosen":"IRONCLAD","items_purchased":["Guide Book","Rampage","Adrenaline Potion"],"campfire_rested":0,"item_purchase_floors":[0,0,7],"current_hp_per_floor":[71,70,74,74,74,74,74,70,70,70,59,63,61,54,54,0,0],"gold":267,"neow_bonus":"","is_daily":false,"chose_seed":false,"campfire_upgraded":3,"win_rate":0.0,"timestamp":1610693537,"path_taken":["M","M","M","?","?","R","$","E","T","R","M","M","M","M","R","BOSS"],"items_purchased_type":["Relic","Card","Potion"],"build_version":"2020-12-22","purchased_purges":0,"victory":false,"max_hp_per_floor":[80,80,80,80,80,80,80,80,80,80,80,80,80,80,80,80,80],"card_choices":[{"not_picked":["Entrench","DDmod:SpikedSkill","Defy Death"],"picked":"SKIP","floor":1},{"not_picked":["Thunderclap","Replay:Undeath\u0027s Touch"],"picked":"Shrug It Off","floor":2},{"not_picked":["Intimidate","DDmod:ScaleUpSkill","Flex"],"picked":"SKIP","floor":3},{"not_picked":["True Grit+1","Perfected Strike"],"picked":"Searing Blow","floor":8},{"not_picked":["Warcry+1","ReplayTheSpireMod:Limb From Limb"],"picked":"Disarm+1","floor":11},{"not_picked":["ReplayTheSpireMod:Strike From Hell","hubris:SharpeningStone+1","Heavy Blade"],"picked":"SKIP","floor":12},{"not_picked":["Cleave","Warcry+1","Pummel"],"picked":"SKIP","floor":13},{"not_picked":["Headbutt","Dark Embrace"],"picked":"Metallicize","floor":14}],"player_experience":419607,"relics_obtained":[{"floor":8,"key":"Toxic Egg 2"}],"event_choices":[],"is_beta":false,"boss_relics":[],"items_purged_floors":[],"is_endless":false,"potions_floor_spawned":[1,2,11,13,14],"killed_by":"Fading Forest","ascension_level":0}}