{"host":"tnsigirk6wurdark","time":1610752466,"event":{"mods":["BaseMod","Bestiary","Colored Map","Colored Powertips","Curses Come First","Filter the Spire","Highlight Path","Minty Spire (QoL Compilation)","Quick Restart","Relic Sorter","StSLib","Synergy Search"],"gold_per_floor":[116,86,99,113,113,146,146,165,212,212,212,212,231,27,27,104,104,123,133,152,0,12,12,45,45,45,3,23,23,58,78,78,78,78],"floor_reached":33,"language":"ENG","playtime":1637,"items_purged":["Doubt"],"score":542,"play_id":"e0e33f68-67d3-4658-978e-757cb2c99275","local_time":"20210115231426","is_ascension_mode":true,"campfire_choices":[{"data":"Dagger Spray","floor":7.0,"key":"SMITH"},{"data":"Blade Dance","floor":10.0,"key":"SMITH"},{"data":"Blade Dance","floor":12.0,"key":"SMITH"},{"floor":15.0,"key":"REST"},{"floor":23,"key":"REST"},{"floor":25,"key":"REST"},{"floor":32,"key":"REST"}],"circlet_count":0,"master_deck":["AscendersBane","Strike_G","Strike_G","Strike_G","Strike_G","Defend_G","Defend_G","Defend_G","Defend_G","Defend_G","Survivor","Neutralize","Outmaneuver","Dash","Blade Dance+1","Dagger Spray+1","Blade Dance+1","Storm of Steel","Eviscerate","Enlightenment","Riddle With Holes","Wraith Form v2","CurseOfTheBell","Dagger Spray+1","Caltrops+1","Escape Plan","Blade Dance","Infinite Blades","Distraction+1","Dash+1","Skewer","Crippling Poison","Dagger Throw","Dagger Spray","Infinite Blades+1"],"relics":["Philosopher\u0027s Stone","Bronze Scales","Ginger","Calling Bell","Vajra","InkBottle","Akabeko","Ornamental Fan","Question Card","Girya"],"acts_visited":["Exordium","TheCity"],"potions_floor_usage":[22,30,30],"damage_taken":[{"damage":7.0,"enemies":"Jaw Worm","floor":1.0,"turns":5.0},{"damage":0.0,"enemies":"Cultist","floor":3.0,"turns":4.0},{"damage":4.0,"enemies":"2 Louse","floor":4.0,"turns":2.0},{"damage":10.0,"enemies":"Gremlin Nob","floor":6.0,"turns":4.0},{"damage":2.0,"enemies":"Gremlin Gang","floor":8.0,"turns":4.0},{"damage":1.0,"enemies":"2 Fungi Beasts","floor":13.0,"turns":3.0},{"damage":28.0,"enemies":"Slime Boss","floor":16.0,"turns":6.0},{"damage":2.0,"enemies":"Shell Parasite","floor":18.0,"turns":3.0},{"damage":7.0,"enemies":"2 Thieves","floor":19.0,"turns":4.0},{"damage":4.0,"enemies":"3 Cultists","floor":20.0,"turns":4.0},{"damage":6,"enemies":"Centurion and Healer","floor":22,"turns":5},{"damage":32,"enemies":"Gremlin Leader","floor":24,"turns":6},{"damage":6,"enemies":"Cultist and Chosen","floor":28,"turns":3},{"damage":3,"enemies":"Book of Stabbing","floor":30,"turns":4},{"damage":0,"enemies":"Sentry and Sphere","floor":31,"turns":3},{"damage":67,"enemies":"Automaton","floor":33,"turns":8}],"seed_played":"6049859494980683954","potions_obtained":[{"floor":2.0,"key":"DistilledChaos"},{"floor":2.0,"key":"LiquidMemories"},{"floor":4.0,"key":"AttackPotion"},{"floor":8.0,"key":"GamblersBrew"},{"floor":13.0,"key":"SpeedPotion"},{"floor":18.0,"key":"Fire Potion"},{"floor":24,"key":"SpeedPotion"},{"floor":28,"key":"Block Potion"}],"is_trial":false,"path_per_floor":["M","?","M","M","?","E","R","M","T","R","?","R","M","$","R","B",null,"M","M","M","$","M","R","E","R","T","$","M","?","E","M","R","B"],"character_chosen":"THE_SILENT","items_purchased":["Enlightenment","Riddle With Holes","Blade Dance","Infinite Blades","SpeedPotion","Skewer"],"campfire_rested":4,"item_purchase_floors":[14,14,21,21,21,27],"current_hp_per_floor":[52,52,52,48,48,38,38,36,36,36,36,36,35,35,54,26,56,54,47,43,43,37,56,24,43,43,43,37,37,34,34,53,0,0],"gold":78,"neow_bonus":"BOSS_RELIC","is_daily":false,"chose_seed":false,"campfire_upgraded":3,"win_rate":0.0,"timestamp":1610752466,"path_taken":["M","?","M","?","?","E","R","?","T","R","?","R","?","$","R","BOSS","M","M","M","$","M","R","E","R","T","$","M","?","E","?","R","BOSS"],"items_purchased_type":["Card","Card","Card","Card","Potion","Card"],"build_version":"2020-12-22","purchased_purges":1,"victory":false,"max_hp_per_floor":[66,66,66,66,66,66,66,66,66,66,66,66,66,66,66,66,66,66,66,66,66,66,66,66,66,66,66,66,66,66,66,66,66,66],"card_choices":[{"not_picked":["Sucker Punch","Setup"],"picked":"Outmaneuver","floor":1.0},{"not_picked":["Deflect","Cloak And Dagger"],"picked":"Dash","floor":3.0},{"not_picked":["Outmaneuver","Deflect"],"picked":"Blade Dance","floor":4.0},{"not_picked":["Heel Hook","PiercingWail"],"picked":"Dagger Spray","floor":6.0},{"not_picked":["Bane","Underhanded Strike"],"picked":"Blade Dance","floor":8.0},{"not_picked":["Poisoned Stab","Underhanded Strike"],"picked":"Eviscerate","floor":13.0},{"not_picked":["Grand Finale","Malaise"],"picked":"Wraith Form v2","floor":16.0},{"not_picked":["Terror+1","Poisoned Stab+1"],"picked":"Dagger Spray+1","floor":18.0},{"not_picked":["Infinite Blades","Bane"],"picked":"Caltrops+1","floor":19.0},{"not_picked":["Dagger Throw+1","Flying Knee"],"picked":"Escape Plan","floor":20.0},{"not_picked":["Dagger Spray","Underhanded Strike"],"picked":"Distraction+1","floor":22},{"not_picked":["Underhanded Strike","Flechettes+1"],"picked":"Dash+1","floor":24},{"not_picked":["Tactician","Riddle With Holes","Escape Plan"],"picked":"Crippling Poison","floor":28},{"not_picked":["Glass Knife","Flechettes","Poisoned Stab"],"picked":"Dagger Spray","floor":30},{"not_picked":["Masterful Stab","Deadly Poison","Quick Slash"],"picked":"Infinite Blades+1","floor":31}],"player_experience":803775,"relics_obtained":[{"floor":6.0,"key":"InkBottle"},{"floor":9.0,"key":"Vajra"},{"floor":17.0,"key":"Akabeko"},{"floor":17.0,"key":"Ornamental Fan"},{"floor":17.0,"key":"Ginger"},{"floor":24,"key":"Bronze Scales"},{"floor":26,"key":"Question Card"},{"floor":30,"key":"Girya"}],"event_choices":[{"damage_healed":0.0,"max_hp_gain":0.0,"max_hp_loss":0.0,"gold_gain":0.0,"event_name":"The Woman in Blue","player_choice":"Bought 2 Potions","floor":2.0,"gold_loss":0.0,"damage_taken":0.0},{"damage_healed":0.0,"max_hp_gain":0.0,"max_hp_loss":0.0,"gold_gain":0.0,"event_name":"Lab","player_choice":"Got Potions","floor":5.0,"gold_loss":0.0,"damage_taken":0.0},{"damage_healed":0.0,"max_hp_gain":0.0,"max_hp_loss":0.0,"gold_gain":0.0,"event_name":"Match and Keep!","player_choice":"2 cards matched","floor":11.0,"gold_loss":0.0,"damage_taken":0.0,"cards_obtained":["Doubt","Storm of Steel"]},{"damage_healed":0,"gold_gain":0,"cards_transformed":["Strike_G"],"player_choice":"Transformed","damage_taken":0,"max_hp_gain":0,"max_hp_loss":0,"event_name":"Transmorgrifier","floor":29,"gold_loss":0,"cards_obtained":["Dagger Throw"]}],"is_beta":false,"boss_relics":[{"not_picked":["HoveringKite","Empty Cage"],"picked":"Calling Bell"}],"items_purged_floors":[14],"is_endless":false,"potions_floor_spawned":[3,4,8,13,18,24,28],"killed_by":"Automaton","ascension_level":16}}