{"host":"g5k24uqcth2ihc11","time":1610673180,"event":{"mods":["Arknights The Spire","BaseMod","Downfall","Jorbs\u0027s Wanderer Trilogy","Marisa????????","Minty Spire (QoL Compilation)","Robot Space Explorer","StSLib","The Cursed","The Dragon Tamer","The Marked","The Servant 0.9.4"],"gold_per_floor":[99,113,128,128,145,145,169,169,183,24,24,43,43,68,80,183,183,133,151,161,29,49,149,175,186,186,78,91,110,126,126,142,244,244,194,211,225,243,243,255,255],"floor_reached":42,"language":"ENG","playtime":6527,"items_purged":["Slimebound:Strike_Slimebound"],"score":556,"play_id":"9201a7e0-e86b-475e-8ee7-002ab0d58033","local_time":"20210114171300","is_ascension_mode":false,"campfire_choices":[{"data":"Slimebound:Split","floor":1,"key":"SMITH"},{"data":"Slimebound:SlimeSpikes","floor":6,"key":"SMITH"},{"data":"Slimebound:LivingWall","floor":8,"key":"SMITH"},{"data":"Slimebound:PrepareCrush","floor":18,"key":"SMITH"},{"data":"Slimebound:LeadByExample","floor":35,"key":"SMITH"}],"circlet_count":0,"master_deck":["Slimebound:Strike_Slimebound","Slimebound:Strike_Slimebound","Slimebound:Tackle","Slimebound:Defend_Slimebound","Slimebound:Defend_Slimebound","Slimebound:Defend_Slimebound","Slimebound:Defend_Slimebound+1","Slimebound:Split+1","Slimebound:CorrosiveSpit","Slimebound:PressTheAttack","Slimebound:LivingWall+1","Slimebound:SlimeSpikes+1","Slimebound:ForwardTackle","Slimebound:PrepareCrush+1","Slimebound:DisruptingSlam","Slimebound:Schlurp","Slimebound:SplitBruiser","Slimebound:Schlurp","Slimebound:OneTwoCombo","Slimebound:LevelUp+1","Slimebound:GoopSpray+1","expansioncontent:DefensiveStance","Slimebound:LeadByExample+1","Slimebound:SplitMire","Slimebound:Schlurp+1","Slimebound:LevelUp","Slimebound:MinionMaster","Slimebound:SplitBruiser+1","Writhe","Slimebound:RejuvenatingLick+1","Slimebound:OneTwoCombo","Slimebound:SlimeSpikes+1","Slimebound:SplitBruiser","Slimebound:SplitLeeching+1"],"relics":["Slimebound:AbsorbEndCombat","Oddly Smooth Stone","Slimebound:GreedOozeRelic","downfall:BrokenWingStatue","Slimebound:AggressiveSlimeRelic","Coffee Dripper","Thread and Needle","Matryoshka","Bag of Preparation","War Paint","Centennial Puzzle","Blood Vial","Strange Spoon","Happy Flower","Lantern","Slimebound:TarBlob","downfall:TeleportStone"],"acts_visited":["Exordium","TheCity","TheBeyond"],"potions_floor_usage":[16,16,33,33],"damage_taken":[{"damage":13,"enemies":"Jaw Worm","floor":2,"turns":3},{"damage":14,"enemies":"Small Slimes","floor":3,"turns":2},{"damage":16,"enemies":"2 Louse","floor":5,"turns":2},{"damage":13,"enemies":"Gremlin Gang","floor":9,"turns":4},{"damage":18,"enemies":"downfall:FleeingMerchant","floor":10,"turns":4},{"damage":13,"enemies":"Blue Slaver","floor":12,"turns":3},{"damage":25,"enemies":"Gremlin Nob","floor":14,"turns":3},{"damage":24,"enemies":"3 Louse","floor":15,"turns":2},{"damage":34,"enemies":"downfall:Watcher","floor":16,"turns":6},{"damage":21,"enemies":"3 Byrds","floor":19,"turns":3},{"damage":29,"enemies":"Shelled Parasite and Fungi","floor":20,"turns":3},{"damage":28,"enemies":"downfall:FleeingMerchant","floor":21,"turns":4},{"damage":14,"enemies":"Snecko","floor":22,"turns":4},{"damage":57,"enemies":"downfall:Defect","floor":23,"turns":5},{"damage":12,"enemies":"Centurion and Healer","floor":25,"turns":6},{"damage":16,"enemies":"downfall:FleeingMerchant","floor":27,"turns":3},{"damage":17,"enemies":"Snake Plant","floor":28,"turns":3},{"damage":26,"enemies":"Sentry and Sphere","floor":29,"turns":3},{"damage":12,"enemies":"Centurion and Healer","floor":30,"turns":4},{"damage":12,"enemies":"Shelled Parasite and Fungi","floor":32,"turns":2},{"damage":27,"enemies":"downfall:Silent","floor":33,"turns":4},{"damage":23,"enemies":"3 Darklings","floor":36,"turns":3},{"damage":18,"enemies":"3 Shapes","floor":37,"turns":2},{"damage":17,"enemies":"Jaw Worm Horde","floor":38,"turns":3},{"damage":12,"enemies":"4 Shapes","floor":40,"turns":3},{"damage":40,"enemies":"downfall:Defect","floor":41,"turns":5}],"seed_played":"-5988041867309848753","potions_obtained":[{"floor":3,"key":"SpeedPotion"},{"floor":5,"key":"FearPotion"},{"floor":9,"key":"PowerPotion"},{"floor":14,"key":"Weak Potion"},{"floor":15,"key":"Slimebound:SpawnSlimePotion"},{"floor":20,"key":"FairyPotion"},{"floor":23,"key":"Slimebound:SlimedPotion"},{"floor":25,"key":"SteroidPotion"},{"floor":29,"key":"Ancient Potion"},{"floor":32,"key":"Slimebound:ThreeZeroPotion"},{"floor":36,"key":"ColorlessPotion"},{"floor":38,"key":"Fire Potion"}],"is_trial":false,"path_per_floor":["R","M","M","?","M","R","T","R","M","$","?","M","?","E","M","B",null,"R","M","M","$","M","?","T","M","T","$","M","M","M","?","M","B",null,"R","M","M","M","?","M","B",null],"character_chosen":"SLIMEBOUND","items_purchased":["Slimebound:DisruptingSlam","Slimebound:Schlurp","Slimebound:SplitBruiser","expansioncontent:DefensiveStance","Slimebound:LeadByExample","Slimebound:LevelUp","Strange Spoon","Happy Flower"],"campfire_rested":0,"item_purchase_floors":[10,10,10,21,21,27,27,27],"current_hp_per_floor":[66,65,59,59,51,51,51,51,50,46,46,43,43,34,26,14,66,66,61,42,34,34,21,21,33,33,39,40,44,50,50,56,61,66,66,57,63,61,61,66,62],"gold":255,"neow_bonus":"TEN_PERCENT_HP_BONUS","is_daily":false,"chose_seed":false,"campfire_upgraded":5,"win_rate":0.0,"timestamp":1610673180,"path_taken":["R","M","M","?","M","R","T","R","M","$","?","M","?","E","M","BOSS","R","M","M","$","M","?","T","M","?","?","M","M","?","?","M","BOSS","R","M","M","M","?","M","BOSS"],"items_purchased_type":["Card","Card","Card","Card","Card","Card","Relic","Relic"],"build_version":"2020-12-22","purchased_purges":1,"victory":true,"max_hp_per_floor":[66,66,66,66,66,66,66,66,66,66,66,66,66,66,66,66,66,66,66,66,66,66,66,66,66,66,66,66,66,66,66,66,66,66,66,66,66,66,66,66,66],"card_choices":[{"not_picked":["Slimebound:ViciousTackle","Slimebound:Equalize"],"picked":"Slimebound:PressTheAttack","floor":2},{"not_picked":["Slimebound:Dissolve","Slimebound:TongueLash"],"picked":"Slimebound:LivingWall","floor":3},{"not_picked":["Slimebound:PressTheAttack","Slimebound:Replication"],"picked":"Slimebound:SlimeSpikes","floor":5},{"not_picked":["Slimebound:FinishingTackle","Slimebound:SpikyOuterGoop"],"picked":"Slimebound:ForwardTackle","floor":9},{"not_picked":["Slimebound:ItLooksTasty","Slimebound:SplitBruiser"],"picked":"Slimebound:PrepareCrush","floor":10},{"not_picked":["Slimebound:ComboTackle","Slimebound:ProtectTheBoss"],"picked":"Slimebound:Schlurp","floor":12},{"not_picked":["Slimebound:Equalize","Slimebound:LeechEnergy","Slimebound:ForwardTackle"],"picked":"SKIP","floor":14},{"not_picked":["Slimebound:LeechingTouch","Slimebound:GoopTackle","Slimebound:LeechEnergy"],"picked":"SKIP","floor":15},{"not_picked":["Slimebound:PrepareCrush","Slimebound:DuplicatedForm"],"picked":"Slimebound:OneTwoCombo","floor":16},{"not_picked":["Slimebound:SplitLeeching","Slimebound:Prepare"],"picked":"Slimebound:LevelUp+1","floor":19},{"not_picked":["Slimebound:LeechingTouch","Slimebound:LeechEnergy","Slimebound:Nibble"],"picked":"SKIP","floor":20},{"not_picked":["Slimebound:BestDefense+1","Slimebound:SlimeSpikes+1"],"picked":"Slimebound:GoopSpray","floor":21},{"not_picked":["Slimebound:ViciousTackle","Slimebound:GoopSpray","Slimebound:GoopTackle"],"picked":"SKIP","floor":22},{"not_picked":["Slimebound:Gluttony","Slimebound:GoopSpray+1"],"picked":"Slimebound:SplitMire","floor":25},{"not_picked":["Slimebound:SplitMire","Slimebound:FinishingTackle"],"picked":"Slimebound:Schlurp+1","floor":27},{"not_picked":["Slimebound:LeechingTouch","Slimebound:SplitMire"],"picked":"Slimebound:MinionMaster","floor":28},{"not_picked":["Slimebound:RollThrough","Slimebound:ProtectTheBoss","Slimebound:LeechingTouch+1"],"picked":"SKIP","floor":29},{"not_picked":["Slimebound:RejuvenatingLick+1","Slimebound:LeechingTouch"],"picked":"Slimebound:SplitBruiser+1","floor":30},{"not_picked":["Slimebound:LeechEnergy","Slimebound:WasteNot"],"picked":"Slimebound:RejuvenatingLick+1","floor":32},{"not_picked":["Slimebound:Overexert","Slimebound:MassRepurpose"],"picked":"Slimebound:OneTwoCombo","floor":33},{"not_picked":["Slimebound:AcidTongue","Slimebound:Repurpose","Slimebound:GoopSpray"],"picked":"SKIP","floor":36},{"not_picked":["Slimebound:LeadByExample","Slimebound:RollThrough"],"picked":"Slimebound:SlimeSpikes+1","floor":37},{"not_picked":["Slimebound:Nibble+1","Slimebound:FirmFortitude"],"picked":"Slimebound:SplitBruiser","floor":38},{"not_picked":["Slimebound:LeechingTouch+1","Slimebound:RejuvenatingLick+1"],"picked":"Slimebound:SplitLeeching+1","floor":40}],"player_experience":13174,"relics_obtained":[{"floor":7,"key":"Oddly Smooth Stone"},{"floor":14,"key":"Slimebound:AggressiveSlimeRelic"},{"floor":23,"key":"Thread and Needle"},{"floor":23,"key":"Matryoshka"},{"floor":24,"key":"Bag of Preparation"},{"floor":24,"key":"War Paint"},{"floor":26,"key":"Centennial Puzzle"},{"floor":26,"key":"Blood Vial"}],"event_choices":[],"is_beta":false,"boss_relics":[{"not_picked":["Empty Cage","Runic Pyramid"],"picked":"Coffee Dripper"},{"not_picked":["Sozu","Cursed Key"],"picked":"Slimebound:TarBlob"}],"items_purged_floors":[27],"is_endless":false,"potions_floor_spawned":[3,5,9,14,15,20,23,25,29,32,36,38],"ascension_level":0}}