{"host":"jpcy2bclvs7juczu","time":1610703788,"event":{"mods":["AchievementEnabler","BaseMod","Block Reminder","Colored Map","Colored Powertips","Curses Come First","Dark Map","Minty Spire (QoL Compilation)","Quick Restart","Relic Stats","StSLib","ojb\u0027s Better Paths Mod","ojb\u0027s Info Mod","slay the spire mod where everything is the same but ironclad has a cowboy hat"],"gold_per_floor":[114,114,127,18,35,65,65,79,79,135,12,31,57,68,68,141,141,153,153,78,98,118,153,165,165,165],"floor_reached":25,"language":"ENG","playtime":1173,"items_purged":["Storm of Steel"],"score":620,"play_id":"9c65e113-dacd-42bd-96d1-1c54b28e17aa","local_time":"20210115094308","is_ascension_mode":true,"campfire_choices":[{"data":"Bane","floor":7,"key":"SMITH"},{"data":"Predator","floor":15,"key":"SMITH"}],"circlet_count":0,"master_deck":["AscendersBane","Survivor","Neutralize","Poisoned Stab","Caltrops","Riddle With Holes","Poisoned Stab","Acrobatics","Bane+1","Dagger Throw","Leg Sweep","Predator+1","After Image","Phantasmal Killer","Blur","Corpse Explosion","Setup","Finisher","Accuracy","Tactician","Blur","Bullet Time","Envenom","Dagger Spray","Footwork"],"relics":["Velvet Choker","Centennial Puzzle","Snake Skull","Pear","Pandora\u0027s Box","Thread and Needle"],"acts_visited":["Exordium","TheCity"],"potions_floor_usage":[6,16,18],"damage_taken":[{"damage":1.0,"enemies":"Small Slimes","floor":1.0,"turns":4.0},{"damage":8.0,"enemies":"Cultist","floor":3.0,"turns":5.0},{"damage":2,"enemies":"Jaw Worm","floor":5,"turns":3},{"damage":27,"enemies":"Lagavulin","floor":6,"turns":5},{"damage":7,"enemies":"Exordium Thugs","floor":8,"turns":4},{"damage":0,"enemies":"Large Slime","floor":12,"turns":4},{"damage":13,"enemies":"3 Sentries","floor":13,"turns":7},{"damage":0,"enemies":"2 Fungi Beasts","floor":14,"turns":2},{"damage":0,"enemies":"Slime Boss","floor":16,"turns":3},{"damage":0,"enemies":"Spheric Guardian","floor":18,"turns":2},{"damage":15,"enemies":"Chosen","floor":21,"turns":4},{"damage":3,"enemies":"3 Cultists","floor":22,"turns":3},{"damage":30,"enemies":"Gremlin Leader","floor":23,"turns":7},{"damage":4,"enemies":"Centurion and Healer","floor":24,"turns":5},{"damage":30,"enemies":"Book of Stabbing","floor":25,"turns":5}],"seed_played":"-3053200790765179832","potions_obtained":[{"floor":3,"key":"Energy Potion"},{"floor":5,"key":"CultistPotion"},{"floor":12,"key":"AttackPotion"},{"floor":21,"key":"Ancient Potion"}],"is_trial":false,"path_per_floor":["M","?","M","$","M","E","R","M","T","?","$","M","E","M","R","B",null,"M","?","$","M","M","E","M","E"],"character_chosen":"THE_SILENT","items_purchased":["Poisoned Stab","Acrobatics","CunningPotion","Predator"],"campfire_rested":0,"item_purchase_floors":[4,4,11,11],"current_hp_per_floor":[58,58,50,50,48,21,21,14,14,14,14,14,11,11,11,11,60,60,76,76,61,58,28,24,0,0],"gold":165,"neow_bonus":"BOSS_RELIC","is_daily":false,"chose_seed":false,"campfire_upgraded":2,"win_rate":0.0,"timestamp":1610703788,"path_taken":["M","?","M","$","?","E","R","M","T","?","$","M","E","M","R","BOSS","M","?","?","?","M","E","M","E"],"items_purchased_type":["Card","Card","Potion","Card"],"build_version":"2020-12-22","purchased_purges":1,"victory":false,"max_hp_per_floor":[66,66,66,66,66,66,66,66,66,66,66,66,76,76,76,76,76,76,76,76,76,76,76,76,76,76],"relic_stats":{"Centennial Puzzle":[21],"counters":[15,63],"Pandora\u0027s Box":["Setup","Storm of Steel","Finisher","Accuracy","Tactician","Blur","Bullet Time","Envenom","Dagger Spray"],"Snake Skull":[48],"obtain_stats":[{"Centennial Puzzle":6,"Pear":13,"Velvet Choker":0,"Pandora\u0027s Box":17,"Thread and Needle":23,"Snake Skull":9,"Ring of the Snake":0},{"Centennial Puzzle":4,"Pear":7,"Velvet Choker":0,"Pandora\u0027s Box":9,"Thread and Needle":13,"Snake Skull":5,"Ring of the Snake":0},{"Centennial Puzzle":17,"Pear":32,"Velvet Choker":0,"Pandora\u0027s Box":37,"Thread and Needle":53,"Snake Skull":21,"Ring of the Snake":0}]},"card_choices":[{"not_picked":["Cloak And Dagger","Endless Agony"],"picked":"Poisoned Stab","floor":1.0},{"not_picked":["Bouncing Flask","Sucker Punch"],"picked":"Riddle With Holes","floor":3},{"not_picked":["Blade Dance","Flying Knee"],"picked":"Bane","floor":5},{"not_picked":["Deadly Poison","Backstab"],"picked":"Dagger Throw","floor":6},{"not_picked":["Caltrops","Reflex"],"picked":"Leg Sweep","floor":8},{"not_picked":["Deadly Poison","Dodge and Roll"],"picked":"After Image","floor":12},{"not_picked":["Noxious Fumes","Infinite Blades"],"picked":"Phantasmal Killer","floor":13},{"not_picked":["Dodge and Roll","Well Laid Plans"],"picked":"Blur","floor":14},{"not_picked":["Unload","Burst"],"picked":"Corpse Explosion","floor":16},{"not_picked":["Poisoned Stab","Underhanded Strike","Dagger Throw"],"picked":"SKIP","floor":18},{"not_picked":["Cloak And Dagger","Terror"],"picked":"Footwork","floor":21},{"not_picked":["Prepared+1","Outmaneuver","Cloak And Dagger"],"picked":"SKIP","floor":22},{"not_picked":["Acrobatics","Riddle With Holes","Eviscerate"],"picked":"SKIP","floor":23},{"not_picked":["Underhanded Strike","Cloak And Dagger","Blade Dance"],"picked":"SKIP","floor":24}],"player_experience":406291,"relics_obtained":[{"floor":6,"key":"Centennial Puzzle"},{"floor":9,"key":"Snake Skull"},{"floor":13,"key":"Pear"},{"floor":23,"key":"Thread and Needle"}],"event_choices":[{"damage_healed":0.0,"max_hp_gain":0.0,"max_hp_loss":0.0,"gold_gain":0.0,"cards_transformed":["Strike_G"],"event_name":"Transmorgrifier","player_choice":"Transformed","floor":2.0,"gold_loss":0.0,"damage_taken":0.0,"cards_obtained":["Caltrops"]},{"damage_healed":0,"gold_gain":56,"player_choice":"Gained Gold","damage_taken":0,"max_hp_gain":0,"max_hp_loss":0,"event_name":"Golden Wing","floor":10,"gold_loss":0},{"damage_healed":16,"gold_gain":0,"player_choice":"Full Heal","damage_taken":0,"max_hp_gain":0,"max_hp_loss":0,"event_name":"Wheel of Change","floor":19,"gold_loss":0}],"is_beta":false,"boss_relics":[{"not_picked":["Calling Bell","Tiny House"],"picked":"Pandora\u0027s Box"}],"items_purged_floors":[20],"is_endless":false,"potions_floor_spawned":[3,5,12,14,21],"killed_by":"Book of Stabbing","ascension_level":20}}