{"host":"9tdk3zzhmpo6o3dg","time":1610694617,"event":{"mods":["BaseMod","Downfall","Marisa£®ÏF”Í°°ƒß¿Ì…≥£©","Minty Spire (QoL Compilation)","Shop Mod","StSLib","The Cursed","The Marked","The Servant 0.9.4"],"gold_per_floor":[114,134,84,84,84,110,110,122,122,133,147,167,180,198,198,297,297,313,313,313,313,9,9,9],"floor_reached":23,"language":"ZHS","playtime":1369,"items_purged":[],"score":203,"play_id":"4c41588f-4f9d-4b88-ac01-5455136dc2bc","local_time":"20210115151017","is_ascension_mode":true,"campfire_choices":[{"data":"Dualcast","floor":7.0,"key":"SMITH"},{"floor":15.0,"key":"REST"}],"circlet_count":0,"master_deck":["Strike_B","Strike_B+1","Defend_B","Defend_B","Defend_B","Defend_B","Zap","Dualcast+1","Gash+1","Echo Form","Melter","Self Repair","Buffer","Reprogram","Leap","Beam Cell","Go for the Eyes","Amplify","White Noise","Sadistic Nature"],"relics":["Bottled Tornado","Orichalcum","Philosopher\u0027s Stone","Oddly Smooth Stone","MerchantsRug","HandDrill"],"acts_visited":["Exordium","TheCity"],"potions_floor_usage":[],"damage_taken":[{"damage":1.0,"enemies":"Cultist","floor":1.0,"turns":3.0},{"damage":1.0,"enemies":"Jaw Worm","floor":2.0,"turns":3.0},{"damage":11.0,"enemies":"Lagavulin","floor":6.0,"turns":5.0},{"damage":2.0,"enemies":"Small Slimes","floor":8.0,"turns":3.0},{"damage":4.0,"enemies":"Looter","floor":10.0,"turns":2.0},{"damage":19.0,"enemies":"Exordium Thugs","floor":11.0,"turns":5.0},{"damage":0.0,"enemies":"Large Slime","floor":12.0,"turns":6.0},{"damage":0.0,"enemies":"2 Fungi Beasts","floor":13.0,"turns":4.0},{"damage":11.0,"enemies":"3 Louse","floor":14.0,"turns":4.0},{"damage":27.0,"enemies":"The Guardian","floor":16.0,"turns":11.0},{"damage":16.0,"enemies":"2 Thieves","floor":18.0,"turns":5.0},{"damage":75,"enemies":"Gremlin Leader","floor":23,"turns":6}],"seed_played":"-1137268225337307548","potions_obtained":[{"floor":2.0,"key":"SmokeBomb"},{"floor":10.0,"key":"Explosive Potion"},{"floor":11.0,"key":"champ:CounterPotion"},{"floor":13.0,"key":"Fruit Juice"},{"floor":16.0,"key":"Fire Potion"}],"is_trial":false,"path_per_floor":["M","M","?","?","?","E","R","M","T","M","M","M","M","M","R","B",null,"M","?","?","?","$","E"],"character_chosen":"DEFECT","items_purchased":["MerchantsRug","HandDrill","Sadistic Nature"],"campfire_rested":1,"item_purchase_floors":[22,22,22],"current_hp_per_floor":[53,52,52,52,37,26,26,24,24,20,8,22,27,23,47,20,80,71,71,71,71,71,0,0],"gold":9,"neow_bonus":"ONE_RARE_RELIC","is_daily":false,"chose_seed":false,"campfire_upgraded":1,"win_rate":0.0,"timestamp":1610694617,"path_taken":["M","?","?","?","?","E","R","M","T","M","M","M","M","M","R","BOSS","M","?","?","?","$","E"],"items_purchased_type":["Relic","Relic","Card"],"build_version":"2020-12-22","purchased_purges":0,"victory":false,"max_hp_per_floor":[75,75,75,75,75,75,75,75,75,75,75,75,80,80,80,80,80,80,80,80,80,80,80,80],"card_choices":[{"not_picked":["Stack","Turbo"],"picked":"Gash","floor":1.0},{"not_picked":["Sunder","Conserve Battery"],"picked":"Echo Form","floor":2.0},{"not_picked":["Steam Power","Steam"],"picked":"Melter","floor":6.0},{"not_picked":["Turbo","Ball Lightning"],"picked":"Self Repair","floor":8.0},{"not_picked":["Conserve Battery","Sweeping Beam"],"picked":"Buffer","floor":10.0},{"not_picked":["Redo","Conserve Battery"],"picked":"Reprogram","floor":11.0},{"not_picked":["Reinforced Body","Barrage"],"picked":"Leap","floor":12.0},{"not_picked":["Barrage","Glacier"],"picked":"Beam Cell","floor":13.0},{"not_picked":["Biased Cognition","Turbo"],"picked":"Go for the Eyes","floor":14.0},{"not_picked":["Seek","Biased Cognition"],"picked":"Amplify","floor":16.0},{"not_picked":["Sweeping Beam","Hologram"],"picked":"White Noise","floor":18.0}],"player_experience":114133,"relics_obtained":[{"floor":6.0,"key":"Bottled Tornado"},{"floor":9.0,"key":"Orichalcum"}],"event_choices":[{"cards_removed":["Strike_B"],"damage_healed":0.0,"max_hp_gain":0.0,"max_hp_loss":0.0,"gold_gain":0.0,"event_name":"The Cleric","player_choice":"Card Removal","floor":3.0,"gold_loss":50.0,"damage_taken":0.0},{"damage_healed":0.0,"max_hp_gain":0.0,"max_hp_loss":0.0,"gold_gain":0.0,"event_name":"Golden Wing","player_choice":"Ignored","floor":4.0,"gold_loss":0.0,"damage_taken":0.0},{"damage_healed":0.0,"max_hp_gain":0.0,"max_hp_loss":0.0,"gold_gain":0.0,"event_name":"Shining Light","player_choice":"Entered Light","floor":5.0,"gold_loss":0.0,"damage_taken":15.0,"cards_upgraded":["Strike_B","Gash"]},{"damage_healed":0.0,"max_hp_gain":0.0,"max_hp_loss":0.0,"gold_gain":0.0,"event_name":"The Mausoleum","player_choice":"Opened","floor":19.0,"gold_loss":0.0,"damage_taken":0.0,"relics_obtained":["Oddly Smooth Stone"]},{"cards_removed":["Strike_B"],"damage_healed":0.0,"max_hp_gain":0.0,"max_hp_loss":0.0,"gold_gain":0.0,"event_name":"Back to Basics","player_choice":"Elegance","floor":20.0,"gold_loss":0.0,"damage_taken":0.0}],"is_beta":false,"boss_relics":[{"not_picked":["Tiny House","Runic Pyramid"],"picked":"Philosopher\u0027s Stone"}],"items_purged_floors":[],"is_endless":false,"potions_floor_spawned":[2,10,11,13,16],"killed_by":"Gremlin Leader","ascension_level":1}}