{"host":"blqtz7f1wyqlnbm9","time":1610754238,"event":{"mods":["Act Like it!","BaseMod","Gensokyo","Minty Spire (QoL Compilation)","StSLib"],"gold_per_floor":[115,129,129,129,59,59,75,75,126,146,146,156,156,156],"floor_reached":13,"language":"ZHS","playtime":289,"items_purged":[],"score":90,"play_id":"e2191dee-6809-4c4f-980c-6de264aa9020","local_time":"20210116074358","is_ascension_mode":true,"campfire_choices":[{"data":"Eruption","floor":6,"key":"SMITH"},{"data":"Wallop","floor":8,"key":"SMITH"}],"circlet_count":0,"master_deck":["Strike_P","Strike_P","Strike_P","Strike_P","Defend_P","Defend_P","Defend_P","Defend_P","Eruption+1","Vigilance+1","Prostrate","Wallop+1","FlurryOfBlows+1","Indignation","CutThroughFate"],"relics":["PureWater","MealTicket","Gensokyo:OccultBall"],"acts_visited":["Gensokyo:Gensokyo"],"potions_floor_usage":[],"damage_taken":[{"damage":0,"enemies":"Gensokyo:Gryphon","floor":1,"turns":2},{"damage":0,"enemies":"Gensokyo:Python","floor":2,"turns":1},{"damage":0,"enemies":"Gensokyo:3_Fairies","floor":7,"turns":3},{"damage":0,"enemies":"Gensokyo:VengefulSpirit","floor":10,"turns":2},{"damage":18,"enemies":"Gensokyo:Gryphon_and_Rabbit","floor":12,"turns":3},{"damage":32,"enemies":"Gensokyo:Cirno","floor":13,"turns":5}],"seed_played":"9149817066015463084","potions_obtained":[{"floor":1,"key":"Dexterity Potion"},{"floor":12,"key":"SteroidPotion"}],"is_trial":false,"path_per_floor":["M","M","?","?","?","R","M","R","T","M","?","M","E"],"character_chosen":"WATCHER","items_purchased":[],"campfire_rested":0,"item_purchase_floors":[],"current_hp_per_floor":[72,72,72,72,72,72,72,72,72,72,72,54,22,22],"gold":156,"neow_bonus":"ONE_RANDOM_RARE_CARD","is_daily":false,"chose_seed":false,"campfire_upgraded":2,"win_rate":0.0,"timestamp":1610754238,"path_taken":["M","M","?","?","?","R","M","R","T","?","?","M","E"],"items_purchased_type":[],"build_version":"2020-12-22","purchased_purges":0,"victory":false,"max_hp_per_floor":[72,72,72,72,72,72,72,72,72,72,72,72,72,72],"card_choices":[{"not_picked":["SandsOfTime","DeceiveReality"],"picked":"Prostrate","floor":1},{"not_picked":["WaveOfTheHand","Protect"],"picked":"Wallop","floor":2},{"not_picked":["EmptyBody","SandsOfTime"],"picked":"FlurryOfBlows","floor":3},{"not_picked":["FollowUp","SignatureMove"],"picked":"Indignation","floor":3},{"not_picked":["FlurryOfBlows","Consecrate","FollowUp"],"picked":"SKIP","floor":7},{"not_picked":["WreathOfFlame","EmptyMind"],"picked":"CutThroughFate","floor":10},{"not_picked":["SpiritShield","ThirdEye","Consecrate"],"picked":"SKIP","floor":12}],"player_experience":229392,"relics_obtained":[{"floor":9,"key":"MealTicket"}],"event_choices":[],"is_beta":false,"boss_relics":[],"items_purged_floors":[],"is_endless":false,"potions_floor_spawned":[1,12],"killed_by":"Gensokyo:Cirno","ascension_level":4}}