{"host":"y193d0agu1dp5x1y","time":1610688379,"event":{"mods":["AchievementEnabler","BaseMod","Googly Eyes","Minty Spire (QoL Compilation)"],"gold_per_floor":[117,117,117,67,81,81,96,96,96,96,171,196,215,227,227,332,332,347,357,357,357,369,397,397,99,99,99,115,134,154,165,165,165,165],"floor_reached":33,"language":"ENG","playtime":1428,"items_purged":["Strike_B+1"],"score":319,"play_id":"9f9d3b02-650c-4363-9345-e62c1546c05e","local_time":"20210114232619","is_ascension_mode":false,"campfire_choices":[{"data":"Conserve Battery","floor":6,"key":"SMITH"},{"data":"Ball Lightning","floor":8,"key":"SMITH"},{"data":"Defend_B","floor":10,"key":"SMITH"},{"data":"BootSequence","floor":15,"key":"SMITH"},{"floor":24,"key":"REST"},{"data":"Buffer","floor":27,"key":"SMITH"},{"floor":32,"key":"REST"}],"circlet_count":0,"master_deck":["Strike_B+1","Strike_B+1","Defend_B+1","Defend_B+1","Defend_B+1","Defend_B+1","Zap+1","Conserve Battery+1","Ball Lightning+1","Melter+1","BootSequence+1","Buffer+1","Thunder Strike+1","Go for the Eyes+1","Melter+1"],"relics":["Cracked Core","NeowsBlessing","Molten Egg 2","Sundial","SlaversCollar","War Paint","Anchor","The Courier"],"acts_visited":["Exordium","TheCity"],"potions_floor_usage":[16,22,31,31],"damage_taken":[{"damage":0,"enemies":"Jaw Worm","floor":1,"turns":1},{"damage":0,"enemies":"Small Slimes","floor":5,"turns":1},{"damage":0,"enemies":"2 Louse","floor":7,"turns":1},{"damage":14,"enemies":"Gremlin Nob","floor":12,"turns":4},{"damage":0,"enemies":"Blue Slaver","floor":13,"turns":3},{"damage":0,"enemies":"Looter","floor":14,"turns":2},{"damage":0,"enemies":"The Guardian","floor":16,"turns":12},{"damage":0,"enemies":"Chosen","floor":18,"turns":6},{"damage":0,"enemies":"Spheric Guardian","floor":19,"turns":1},{"damage":14,"enemies":"Snake Plant","floor":22,"turns":4},{"damage":27,"enemies":"Gremlin Leader","floor":23,"turns":8},{"damage":0,"enemies":"Centurion and Healer","floor":28,"turns":7},{"damage":1,"enemies":"Sentry and Sphere","floor":29,"turns":3},{"damage":10,"enemies":"Chosen and Byrds","floor":30,"turns":6},{"damage":0,"enemies":"Centurion and Healer","floor":31,"turns":7},{"damage":76,"enemies":"Collector","floor":33,"turns":7}],"seed_played":"-6824435923709462787","potions_obtained":[{"floor":12,"key":"Block Potion"},{"floor":19,"key":"SpeedPotion"},{"floor":21,"key":"DistilledChaos"},{"floor":28,"key":"DuplicationPotion"},{"floor":29,"key":"GamblersBrew"}],"is_trial":false,"path_per_floor":["M","?","?","?","M","R","M","R","T","R","?","E","M","M","R","B",null,"M","M","?","?","M","E","R","$","T","R","M","M","M","M","R","B"],"character_chosen":"DEFECT","items_purchased":["Anchor","Thunder Strike+1"],"campfire_rested":2,"item_purchase_floors":[25,25],"current_hp_per_floor":[75,68,68,68,68,68,68,68,68,68,57,43,43,43,43,43,75,75,75,75,75,61,34,56,56,56,56,56,55,45,45,67,0,0],"gold":165,"neow_bonus":"THREE_ENEMY_KILL","is_daily":false,"chose_seed":false,"campfire_upgraded":5,"win_rate":0.0,"timestamp":1610688379,"path_taken":["M","?","?","?","M","R","M","R","T","R","?","E","M","?","R","BOSS","M","M","?","?","?","E","R","$","T","R","M","M","M","?","R","BOSS"],"items_purchased_type":["Relic","Card"],"build_version":"2020-12-22","purchased_purges":1,"victory":false,"max_hp_per_floor":[75,75,75,75,75,75,75,75,75,75,75,75,75,75,75,75,75,75,75,75,75,75,75,75,75,75,75,75,75,75,75,75,75,75],"card_choices":[{"not_picked":["Heatsinks","Coolheaded"],"picked":"Conserve Battery","floor":1},{"not_picked":["Self Repair","Compile Driver"],"picked":"Ball Lightning","floor":5},{"not_picked":["Cold Snap","Hologram","Compile Driver"],"picked":"SKIP","floor":7},{"not_picked":["Skim","Tempest"],"picked":"Melter+1","floor":12},{"not_picked":["Sunder+1","Darkness"],"picked":"BootSequence","floor":13},{"not_picked":["Redo","Stack","Coolheaded"],"picked":"SKIP","floor":14},{"not_picked":["Fission","Rainbow"],"picked":"Buffer","floor":16},{"not_picked":["Sweeping Beam+1","Barrage+1","Compile Driver+1"],"picked":"SKIP","floor":18},{"not_picked":["Melter+1","Reprogram","Sweeping Beam+1"],"picked":"SKIP","floor":19},{"not_picked":["Coolheaded","Cold Snap+1","Sunder+1"],"picked":"SKIP","floor":22},{"not_picked":["Glacier","Steam Power","Biased Cognition"],"picked":"SKIP","floor":23},{"not_picked":["Chill","Skim","Turbo+1"],"picked":"SKIP","floor":28},{"not_picked":["Compile Driver+1","Steam","Capacitor+1"],"picked":"SKIP","floor":29},{"not_picked":["Compile Driver+1","Scrape+1"],"picked":"Go for the Eyes+1","floor":30},{"not_picked":["Conserve Battery","Hologram"],"picked":"Melter+1","floor":31}],"player_experience":94025,"relics_obtained":[{"floor":9,"key":"Molten Egg 2"},{"floor":12,"key":"Sundial"},{"floor":23,"key":"War Paint"},{"floor":26,"key":"The Courier"}],"event_choices":[{"cards_removed":["Dualcast"],"damage_healed":0,"gold_gain":0,"player_choice":"Card Removal","damage_taken":7,"max_hp_gain":0,"max_hp_loss":0,"event_name":"Golden Wing","floor":2,"gold_loss":0},{"damage_healed":0,"gold_gain":0,"player_choice":"Grow","damage_taken":0,"max_hp_gain":0,"max_hp_loss":0,"event_name":"Living Wall","floor":3,"gold_loss":0,"cards_upgraded":["Zap"]},{"cards_removed":["Strike_B"],"damage_healed":0,"gold_gain":0,"player_choice":"Card Removal","damage_taken":0,"max_hp_gain":0,"max_hp_loss":0,"event_name":"The Cleric","floor":4,"gold_loss":50},{"damage_healed":0,"gold_gain":75,"player_choice":"Gather Gold","damage_taken":11,"max_hp_gain":0,"max_hp_loss":0,"event_name":"World of Goop","floor":11,"gold_loss":0},{"damage_healed":0,"gold_gain":0,"player_choice":"Simplicity","damage_taken":0,"max_hp_gain":0,"max_hp_loss":0,"event_name":"Back to Basics","floor":20,"gold_loss":0,"cards_upgraded":["Strike_B","Strike_B","Strike_B","Defend_B","Defend_B","Defend_B"]},{"damage_healed":0,"gold_gain":0,"player_choice":"Got Potions","damage_taken":0,"max_hp_gain":0,"max_hp_loss":0,"event_name":"Lab","floor":21,"gold_loss":0}],"is_beta":false,"boss_relics":[{"not_picked":["Sozu","Velvet Choker"],"picked":"SlaversCollar"}],"items_purged_floors":[25],"is_endless":false,"potions_floor_spawned":[7,12,19,28,29],"killed_by":"Collector","ascension_level":0}}