{"host":"hts1fqixrwq4jffj","time":1610698932,"event":{"mods":["BaseMod","Minty Spire (QoL Compilation)","Replay The Spire","StSLib"],"gold_per_floor":[117,204,169,169,169,207,230,230,230,230,216,230,250,250,250,273,273,273,273],"floor_reached":18,"language":"ZHS","playtime":614,"items_purged":["Clumsy"],"score":110,"play_id":"2c142a0e-581b-4056-9def-76670bcbd9d3","local_time":"20210115162212","is_ascension_mode":false,"campfire_choices":[{"data":"Perfected Strike","floor":8,"key":"SMITH"},{"data":"Flame Barrier","floor":10,"key":"SMITH"},{"data":"ReplayTheSpireMod:LeadingStrike","floor":17,"key":"SMITH"}],"circlet_count":0,"master_deck":["Strike_R","Strike_R","Strike_R","Strike_R","Defend_R","Defend_R","Defend_R","Run Through","Thunderclap","Cleave","Perfected Strike+1","Flame Barrier+1","ReplayTheSpireMod:LeadingStrike+1","Thunderclap","Replay:Sssssssssstrike","Flex","Defy Death"],"relics":["Burning Blood","Dream Catcher","Golden Idol","Replay:Bottled Snecko","Replay:PocketPolymizer","CaptainsWheel","ReplayTheSpireMod:CursedCoin"],"acts_visited":["Exordium"],"potions_floor_usage":[18],"damage_taken":[{"damage":1,"enemies":"Cultist","floor":1,"turns":4},{"damage":35,"enemies":"Lagavulin","floor":6,"turns":7},{"damage":5,"enemies":"2 Louse","floor":7,"turns":2},{"damage":0,"enemies":"Small Slimes","floor":12,"turns":2},{"damage":7,"enemies":"Blue Slaver","floor":13,"turns":4},{"damage":5,"enemies":"Looter","floor":16,"turns":3},{"damage":46,"enemies":"The Guardian","floor":18,"turns":8}],"seed_played":"8506253567316177608","potions_obtained":[{"floor":12,"key":"Fire Potion"},{"floor":16,"key":"EssenceOfSteel"}],"is_trial":false,"path_per_floor":["M","?","?","?","T","E","M","R","T","R","$","M","M","PTL","PTL","M","R","B"],"character_chosen":"IRONCLAD","items_purchased":["ReplayTheSpireMod:CursedCoin","Replay:Sssssssssstrike"],"campfire_rested":0,"item_purchase_floors":[11,11],"current_hp_per_floor":[88,66,88,66,66,37,38,38,38,38,38,44,43,43,43,44,44,0,0],"gold":273,"neow_bonus":"TEN_PERCENT_HP_BONUS","is_daily":false,"chose_seed":false,"campfire_upgraded":3,"win_rate":0.0,"timestamp":1610698932,"path_taken":["M","?","?","?","?","E","M","R","T","R","$","?","M","PTL","PTL","M","R","BOSS"],"items_purchased_type":["Relic","Card"],"build_version":"2020-12-22","purchased_purges":1,"victory":false,"max_hp_per_floor":[88,88,88,88,88,88,88,88,88,88,88,88,88,88,88,88,88,88,88],"card_choices":[{"not_picked":["Armaments","Iron Wave"],"picked":"Run Through","floor":1},{"not_picked":["Shockwave","Cleave"],"picked":"Thunderclap","floor":2},{"not_picked":["Twin Strike","Carnage"],"picked":"Cleave","floor":2},{"not_picked":["Heavy Blade","Headbutt"],"picked":"Perfected Strike","floor":6},{"not_picked":["Power Through","Thunderclap"],"picked":"Flame Barrier","floor":7},{"not_picked":["Feel No Pain","Feed"],"picked":"Flex","floor":12},{"not_picked":["Body Slam","Clothesline","Cleave"],"picked":"SKIP","floor":13},{"not_picked":["Uppercut","Defy Death","Headbutt"],"picked":"SKIP","floor":16}],"player_experience":466784,"relics_obtained":[{"floor":2,"key":"Dream Catcher"},{"floor":5,"key":"Replay:Bottled Snecko"},{"floor":6,"key":"Replay:PocketPolymizer"},{"floor":9,"key":"CaptainsWheel"}],"event_choices":[{"damage_healed":22,"gold_gain":0,"player_choice":"Healed","damage_taken":0,"max_hp_gain":0,"max_hp_loss":0,"event_name":"The Cleric","floor":3,"gold_loss":35},{"damage_healed":0,"gold_gain":0,"player_choice":"Take Damage","damage_taken":22,"relics_obtained":["Golden Idol"],"max_hp_gain":0,"max_hp_loss":0,"event_name":"Golden Idol","floor":4,"gold_loss":0}],"is_beta":false,"boss_relics":[],"items_purged_floors":[11],"is_endless":false,"potions_floor_spawned":[12,16],"killed_by":"The Guardian","ascension_level":0}}