{"host":"0009l0kk6tb2u2kt","time":1610668984,"event":{"mods":["BaseMod","Downfall","Hubris","Minty Spire (QoL Compilation)","Replay The Spire","StSLib"],"gold_per_floor":[99,116,135,135,35,66,66,66,96,21,31,45,45,45,59,154,154,154,170,181,181,197,197,197,210,227,227,227,227],"floor_reached":27,"language":"ENG","playtime":2170,"items_purged":[],"score":225,"play_id":"5a448486-4f51-4c57-9e38-79bc32f5522e","local_time":"20210115010304","is_ascension_mode":false,"campfire_choices":[{"data":"champ:Taunt","floor":1,"key":"SMITH"},{"data":"champ:Improvising","floor":10,"key":"SMITH"},{"data":"champ:GutPunch","floor":13,"key":"SMITH"},{"data":"champ:Shatter","floor":18,"key":"SMITH"},{"data":"champ:BerserkerStyle","floor":23,"key":"SMITH"}],"circlet_count":0,"master_deck":["champ:Strike","champ:Strike+1","champ:Strike+1","champ:Defend","champ:Defend","champ:Defend","champ:Execute","champ:Taunt+1","champ:GutPunch+1","champ:DefensiveShout","champ:Backstep","champ:AdrenalArmor","champ:ArenaPreparation","champ:Improvising+1","champ:Circumvent","champ:TornadoPunch","champ:Shatter+1","champ:ShieldThrow","champ:BerserkerStyle+1","champ:FocusedBerserking+1","champ:BringItOn"],"relics":["Whetstone","m_IronCrown","StoneCalendar","hubris:64BitClover","Bottled Lightning","downfall:HeartBlessingBlue","hubris:Towel","Empty Cage","InkBottle","hubris:SphereOfDissonance"],"acts_visited":["Exordium","TheCity"],"potions_floor_usage":[9,15,19,20,27,27],"damage_taken":[{"damage":4,"enemies":"Jaw Worm","floor":2,"turns":4},{"damage":5,"enemies":"Small Slimes","floor":3,"turns":3},{"damage":11,"enemies":"downfall:FleeingMerchant","floor":5,"turns":4},{"damage":56,"enemies":"Gremlin Nob","floor":6,"turns":4},{"damage":51,"enemies":"Lagavulin","floor":9,"turns":6},{"damage":10,"enemies":"2 Louse","floor":11,"turns":4},{"damage":9,"enemies":"Lots of Slimes","floor":12,"turns":3},{"damage":25,"enemies":"Gremlin Gang","floor":15,"turns":4},{"damage":51,"enemies":"downfall:Watcher","floor":16,"turns":7},{"damage":33,"enemies":"3 Byrds","floor":19,"turns":6},{"damage":8,"enemies":"Sentry and Sphere","floor":20,"turns":3},{"damage":36,"enemies":"Chosen and Byrds","floor":22,"turns":4},{"damage":48,"enemies":"3 Cultists","floor":25,"turns":5},{"damage":62,"enemies":"Centurion and Healer","floor":26,"turns":3},{"damage":45,"enemies":"Slavers","floor":27,"turns":3}],"seed_played":"-7178546057906226217","potions_obtained":[{"floor":3,"key":"sneckomod:MuddlingPotion"},{"floor":11,"key":"Energy Potion"},{"floor":12,"key":"Adrenaline Potion"},{"floor":16,"key":"SteroidPotion"},{"floor":22,"key":"Dexterity Potion"},{"floor":26,"key":"EssenceOfSteel"}],"is_trial":false,"path_per_floor":["R","M","M","?","$","E","T","T","E","R","M","M","R","?","M","B",null,"R","M","M","?","M","R","T","M","M","E"],"character_chosen":"THE_CHAMP","items_purchased":["champ:AdrenalArmor","champ:ArenaPreparation"],"campfire_rested":0,"item_purchase_floors":[5,5],"current_hp_per_floor":[90,89,89,89,90,69,69,69,53,63,69,75,75,75,81,84,100,100,100,100,70,76,76,76,63,42,0,0,0],"gold":227,"neow_bonus":"RANDOM_COMMON_RELIC","is_daily":false,"chose_seed":false,"campfire_upgraded":5,"win_rate":0.0,"timestamp":1610668984,"path_taken":["R","M","M","?","$","E","T","?","E","R","M","M","R","?","M","BOSS","R","M","M","?","?","R","T","?","M","E"],"items_purchased_type":["Card","Card"],"build_version":"2020-12-22","purchased_purges":0,"victory":false,"max_hp_per_floor":[90,90,90,90,90,90,90,90,90,100,100,100,100,100,100,100,100,100,100,100,100,100,100,100,100,100,100,100,100],"card_choices":[{"not_picked":["champ:Riposte","champ:FlashCut"],"picked":"champ:GutPunch","floor":2},{"not_picked":["champ:BladeFlurry","champ:TornadoPunch"],"picked":"champ:DefensiveShout","floor":3},{"not_picked":["Life Link","Whirlwind"],"picked":"champ:Backstep","floor":5},{"not_picked":["champ:PerfectedStrike","champ:FocusedDefense"],"picked":"champ:Improvising","floor":6},{"not_picked":["champ:Haymaker","champ:PerfectedStrike"],"picked":"champ:Circumvent","floor":9},{"not_picked":["champ:CalledShot","champ:PreciseThrust"],"picked":"champ:TornadoPunch","floor":11},{"not_picked":["Hemokinesis","champ:BladeFlurry","champ:SkillfulDodge"],"picked":"SKIP","floor":12},{"not_picked":["champ:CrookedStrike","champ:Duel"],"picked":"champ:Shatter","floor":15},{"not_picked":["champ:ShieldSlam","champ:IgnorePain"],"picked":"champ:ShieldThrow","floor":16},{"not_picked":["champ:EnGarde","champ:DefensiveShout","champ:Lariat"],"picked":"SKIP","floor":19},{"not_picked":["champ:FanOfKnives+1","champ:GladiatorsShout","champ:Backstep"],"picked":"SKIP","floor":20},{"not_picked":["champ:DefensiveShout","champ:FalseCounter+1"],"picked":"champ:BerserkerStyle","floor":22},{"not_picked":["champ:DefensiveShout","champ:Improvising"],"picked":"champ:FocusedBerserking+1","floor":25},{"not_picked":["champ:AdrenalArmor","champ:FlashCut"],"picked":"champ:BringItOn","floor":26}],"player_experience":216598,"relics_obtained":[{"floor":6,"key":"StoneCalendar"},{"floor":8,"key":"hubris:64BitClover"},{"floor":9,"key":"Bottled Lightning"},{"floor":22,"key":"InkBottle"},{"floor":24,"key":"hubris:SphereOfDissonance"}],"event_choices":[],"is_beta":false,"boss_relics":[{"not_picked":["Replay:Bronze Core","Snecko Eye"],"picked":"Empty Cage"}],"items_purged_floors":[],"is_endless":false,"potions_floor_spawned":[3,11,12,16,22,26],"killed_by":"Slavers","ascension_level":0}}