{"host":"dhlnk6yox2l1s6up","time":1610677730,"event":{"mods":["BaseMod","Colored Map","Highlight Path","Minty Spire (QoL Compilation)","Relic Stats","StSLib"],"gold_per_floor":[20,20,44,69,144,144,167,202,225,225,249,249,285,304,304,424,424,443,457,457,31,131,167,180,180,180,194,235,251,251,251,251,375,375,400,4,4,4],"floor_reached":37,"language":"ENG","playtime":5052,"items_purged":["Strike_R","Whirlwind+1"],"score":587,"play_id":"8f6bf3b9-5582-4e08-a03a-ffc4506b78a0","local_time":"20210114202850","is_ascension_mode":true,"campfire_choices":[{"data":"Corruption","floor":6.0,"key":"SMITH"},{"data":"Pommel Strike","floor":15.0,"key":"SMITH"},{"data":"Inflame","floor":25.0,"key":"SMITH"},{"data":"Inflame","floor":30,"key":"SMITH"},{"data":"Flame Barrier","floor":32,"key":"SMITH"}],"circlet_count":0,"master_deck":["Defend_R","Defend_R","Defend_R","Defend_R","Bash","Corruption+1","Pommel Strike+1","Pommel Strike","Infernal Blade","Shrug It Off","Flame Barrier","Shockwave","Twin Strike","Reaper","Flame Barrier+1","Burning Pact","Fiend Fire","Inflame+1","Inflame+1","Shockwave+1","Sword Boomerang+1","Bite","Bite","Bite","Impervious","Impatience+1","Madness+1","Entrench","Battle Trance","Impervious"],"relics":["Burning Blood","Golden Idol","Bronze Scales","Toy Ornithopter","The Courier","Smiling Mask","Runic Pyramid","Medical Kit","PreservedInsect","Pantograph","Bottled Tornado","Akabeko","Astrolabe","Vajra","DollysMirror"],"acts_visited":["Exordium","TheCity","TheBeyond"],"potions_floor_usage":[],"damage_taken":[{"damage":12.0,"enemies":"Jaw Worm","floor":1.0,"turns":3.0},{"damage":11.0,"enemies":"Small Slimes","floor":3.0,"turns":4.0},{"damage":1.0,"enemies":"Cultist","floor":4.0,"turns":3.0},{"damage":9.0,"enemies":"2 Fungi Beasts","floor":7.0,"turns":4.0},{"damage":17.0,"enemies":"3 Sentries","floor":8.0,"turns":6.0},{"damage":5.0,"enemies":"Blue Slaver","floor":11.0,"turns":4.0},{"damage":14.0,"enemies":"Lagavulin","floor":13.0,"turns":7.0},{"damage":12.0,"enemies":"Large Slime","floor":14.0,"turns":5.0},{"damage":42.0,"enemies":"The Guardian","floor":16.0,"turns":13.0},{"damage":4.0,"enemies":"Spheric Guardian","floor":18.0,"turns":4.0},{"damage":2.0,"enemies":"Chosen","floor":19.0,"turns":4.0},{"damage":27.0,"enemies":"Slavers","floor":23.0,"turns":4.0},{"damage":16.0,"enemies":"Centurion and Healer","floor":24.0,"turns":6.0},{"damage":5,"enemies":"Sentry and Sphere","floor":27,"turns":5},{"damage":26,"enemies":"Gremlin Leader","floor":28,"turns":3},{"damage":19,"enemies":"Snake Plant","floor":29,"turns":3},{"damage":52,"enemies":"Collector","floor":33,"turns":10},{"damage":6,"enemies":"Orb Walker","floor":35,"turns":2},{"damage":70,"enemies":"2 Orb Walkers","floor":37,"turns":3}],"seed_played":"956801779653857796","potions_obtained":[{"floor":3.0,"key":"PowerPotion"},{"floor":4.0,"key":"Fire Potion"},{"floor":7.0,"key":"Ancient Potion"},{"floor":13.0,"key":"ColorlessPotion"},{"floor":19.0,"key":"Weak Potion"},{"floor":24.0,"key":"Ancient Potion"},{"floor":27,"key":"Ancient Potion"}],"is_trial":false,"path_per_floor":["M","?","M","M","?","R","M","E","T","T","M","?","E","M","R","B",null,"M","M","?","$","?","E","M","R","T","M","E","M","R","?","R","B",null,"M","$","?"],"character_chosen":"IRONCLAD","items_purchased":["Medical Kit","Inflame","Inflame","PreservedInsect","Vajra","Entrench","Battle Trance","DollysMirror"],"campfire_rested":0,"item_purchase_floors":[21,21,21,21,36,36,36,36],"current_hp_per_floor":[66,66,61,66,55,55,52,41,41,41,42,66,58,57,57,26,62,68,74,74,74,74,73,63,63,63,64,66,68,68,51,51,41,49,51,51,0,0],"gold":4,"neow_bonus":"THREE_RARE_CARDS","is_daily":false,"chose_seed":false,"campfire_upgraded":5,"win_rate":0.0,"timestamp":1610677730,"path_taken":["M","?","M","M","?","R","M","E","T","?","?","?","E","M","R","BOSS","M","M","?","$","?","E","?","R","T","M","E","M","R","?","R","BOSS","M","$","?"],"items_purchased_type":["Relic","Card","Card","Relic","Relic","Card","Card","Relic"],"build_version":"2020-12-22","purchased_purges":2,"victory":false,"max_hp_per_floor":[80,74,74,74,74,74,74,74,74,74,74,74,74,74,74,74,74,74,74,74,74,74,74,74,74,74,74,74,74,74,51,51,51,51,51,51,51,51],"relic_stats":{"counters":[19,93],"Golden Idol":135,"Bronze Scales":[183],"Pantograph":0,"Astrolabe":["Impatience","Madness","Whirlwind"],"PreservedInsect":89,"Smiling Mask":40,"Medical Kit":[1],"obtain_stats":[{"Golden Idol":2,"Astrolabe":34,"Vajra":36,"The Courier":10,"PreservedInsect":21,"Bottled Tornado":26,"Smiling Mask":13,"Medical Kit":21,"Burning Blood":0,"Akabeko":28,"DollysMirror":36,"Bronze Scales":8,"Pantograph":23,"Toy Ornithopter":9,"Runic Pyramid":17},{"Golden Idol":1,"Astrolabe":17,"Vajra":18,"The Courier":5,"PreservedInsect":11,"Bottled Tornado":13,"Smiling Mask":7,"Medical Kit":11,"Burning Blood":0,"Akabeko":15,"DollysMirror":18,"Bronze Scales":5,"Pantograph":12,"Toy Ornithopter":5,"Runic Pyramid":9},{"Golden Idol":3,"Astrolabe":88,"Vajra":90,"The Courier":20,"PreservedInsect":57,"Bottled Tornado":67,"Smiling Mask":31,"Medical Kit":57,"Burning Blood":0,"Akabeko":75,"DollysMirror":90,"Bronze Scales":20,"Pantograph":61,"Toy Ornithopter":20,"Runic Pyramid":49}],"Burning Blood":104,"Toy Ornithopter":10},"card_choices":[{"not_picked":["Brutality","Reaper"],"picked":"Corruption","floor":0.0},{"not_picked":["Clash","Headbutt"],"picked":"Pommel Strike","floor":1.0},{"not_picked":["Twin Strike","Rupture"],"picked":"Pommel Strike","floor":3.0},{"not_picked":["Thunderclap","Searing Blow"],"picked":"Infernal Blade","floor":4.0},{"not_picked":["Rage","Evolve"],"picked":"Shrug It Off","floor":7.0},{"not_picked":["Anger","Iron Wave"],"picked":"Flex","floor":8.0},{"not_picked":["Twin Strike","Evolve"],"picked":"Flame Barrier","floor":11.0},{"not_picked":["Carnage","Juggernaut"],"picked":"Shockwave","floor":13.0},{"not_picked":["Warcry","Flex"],"picked":"Twin Strike","floor":14.0},{"not_picked":["Brutality","Limit Break"],"picked":"Reaper","floor":16.0},{"not_picked":["Infernal Blade+1","Thunderclap","Searing Blow"],"picked":"SKIP","floor":18.0},{"not_picked":["Rampage","Warcry"],"picked":"Flame Barrier","floor":19.0},{"not_picked":["Flame Barrier","Disarm"],"picked":"Shockwave+1","floor":23.0},{"not_picked":["Warcry","Body Slam","Clothesline"],"picked":"SKIP","floor":24.0},{"not_picked":["Rampage","Clash","Clothesline"],"picked":"SKIP","floor":27},{"not_picked":["Thunderclap","Armaments"],"picked":"Sword Boomerang+1","floor":28},{"not_picked":["Reckless Charge+1","True Grit","Thunderclap"],"picked":"SKIP","floor":29},{"not_picked":["Brutality","Demon Form"],"picked":"Impervious","floor":33},{"not_picked":["Shockwave+1","Headbutt+1","Sword Boomerang+1"],"picked":"SKIP","floor":35}],"player_experience":5797817,"relics_obtained":[{"floor":8.0,"key":"Bronze Scales"},{"floor":9.0,"key":"Toy Ornithopter"},{"floor":10.0,"key":"The Courier"},{"floor":13.0,"key":"Smiling Mask"},{"floor":23.0,"key":"Pantograph"},{"floor":26.0,"key":"Bottled Tornado"},{"floor":28,"key":"Akabeko"}],"event_choices":[{"damage_healed":0.0,"max_hp_gain":0.0,"max_hp_loss":6.0,"gold_gain":0.0,"event_name":"Golden Idol","player_choice":"Lose Max HP","floor":2.0,"gold_loss":0.0,"damage_taken":0.0,"relics_obtained":["Golden Idol"]},{"damage_healed":0.0,"max_hp_gain":0.0,"max_hp_loss":0.0,"gold_gain":75.0,"event_name":"World of Goop","player_choice":"Gather Gold","floor":5.0,"gold_loss":0.0,"damage_taken":11.0},{"damage_healed":24.0,"max_hp_gain":0.0,"max_hp_loss":0.0,"gold_gain":0.0,"event_name":"Big Fish","player_choice":"Banana","floor":12.0,"gold_loss":0.0,"damage_taken":0.0},{"damage_healed":0.0,"max_hp_gain":0.0,"max_hp_loss":0.0,"gold_gain":0.0,"cards_transformed":["Strike_R","Strike_R"],"event_name":"Drug Dealer","player_choice":"Became Test Subject","floor":20.0,"gold_loss":0.0,"damage_taken":0.0,"cards_obtained":["Burning Pact","Fiend Fire"]},{"damage_healed":0.0,"max_hp_gain":0.0,"max_hp_loss":0.0,"gold_gain":100.0,"event_name":"Golden Shrine","player_choice":"Pray","floor":22.0,"gold_loss":0.0,"damage_taken":0.0},{"damage_healed":0,"gold_gain":0,"player_choice":"Became a vampire","damage_taken":0,"max_hp_gain":0,"max_hp_loss":23,"event_name":"Vampires","floor":31,"gold_loss":0,"cards_obtained":["Bite","Bite","Bite","Bite","Bite"]},{"damage_healed":0,"gold_gain":0,"player_choice":"Fight","damage_taken":0,"max_hp_gain":0,"max_hp_loss":0,"event_name":"Mysterious Sphere","floor":37,"gold_loss":0}],"is_beta":false,"boss_relics":[{"not_picked":["Cursed Key","Runic Dome"],"picked":"Runic Pyramid"},{"not_picked":["Tiny House","Black Blood"],"picked":"Astrolabe"}],"items_purged_floors":[21,36],"is_endless":false,"potions_floor_spawned":[3,4,7,13,19,24,27],"killed_by":"2 Orb Walkers","ascension_level":8}}