{"host":"873t0y8ybyo38pfq","time":1610728369,"event":{"mods":["BaseMod","Bestiary","Colored Map","Colored Powertips","Highlight Path","Minty Spire (QoL Compilation)","Quick Restart","RNG Fix","Rare Cards Sparkle","Relic Stats","StSLib"],"gold_per_floor":[117,137,137,149,149,149,175,195,195,160,174,205,205,224,224,224,224],"floor_reached":16,"language":"ENG","playtime":878,"items_purged":[],"score":224,"play_id":"ca6e840e-4982-42fe-996d-75ed89cef402","local_time":"20210115113249","is_ascension_mode":true,"campfire_choices":[{"floor":6,"key":"REST"},{"data":"Redo","floor":15,"key":"SMITH"}],"circlet_count":0,"master_deck":["AscendersBane","Strike_B","Strike_B","Defend_B","Defend_B","Defend_B","Zap","Dualcast","Coolheaded","Auto Shields","Darkness","Redo+1","Cold Snap","Chill","Leap"],"relics":["Cracked Core","Lizard Tail","Frozen Egg 2","Bird Faced Urn"],"acts_visited":[],"potions_floor_usage":[7,7,11,12],"damage_taken":[{"damage":10,"enemies":"Small Slimes","floor":1,"turns":3},{"damage":1,"enemies":"Cultist","floor":2,"turns":3},{"damage":7,"enemies":"Jaw Worm","floor":4,"turns":5},{"damage":47,"enemies":"Gremlin Nob","floor":7,"turns":4},{"damage":1,"enemies":"Looter","floor":8,"turns":3},{"damage":26,"enemies":"Exordium Thugs","floor":11,"turns":4},{"damage":1,"enemies":"Lagavulin","floor":12,"turns":8},{"damage":8,"enemies":"Exordium Wildlife","floor":14,"turns":6},{"damage":50,"enemies":"Slime Boss","floor":16,"turns":9}],"seed_played":"2653437933866014020","potions_obtained":[{"floor":1,"key":"SneckoOil"},{"floor":3,"key":"LiquidMemories"},{"floor":3,"key":"SpeedPotion"},{"floor":4,"key":"Fire Potion"},{"floor":8,"key":"ColorlessPotion"},{"floor":11,"key":"PotionOfCapacity"}],"is_trial":false,"path_per_floor":["M","M","?","M","?","R","E","M","T","?","M","E","?","M","R","B"],"character_chosen":"DEFECT","items_purchased":[],"campfire_rested":1,"item_purchase_floors":[],"current_hp_per_floor":[54,53,53,46,39,60,13,12,12,29,3,2,2,35,35,0,0],"gold":224,"neow_bonus":"REMOVE_CARD","is_daily":false,"chose_seed":false,"campfire_upgraded":1,"win_rate":0.0,"timestamp":1610728369,"path_taken":["M","M","?","M","?","R","E","?","T","?","M","E","?","M","R","BOSS"],"items_purchased_type":[],"build_version":"2020-12-22","purchased_purges":0,"victory":false,"max_hp_per_floor":[71,71,71,71,71,71,71,71,71,71,71,71,71,71,71,71,71],"relic_stats":{"Lizard Tail":35,"counters":[9,45],"Bird Faced Urn":[0],"obtain_stats":[{"Lizard Tail":7,"Bird Faced Urn":12,"Frozen Egg 2":9,"Cracked Core":0},{"Lizard Tail":4,"Bird Faced Urn":7,"Frozen Egg 2":5,"Cracked Core":0},{"Lizard Tail":15,"Bird Faced Urn":30,"Frozen Egg 2":18,"Cracked Core":0}]},"card_choices":[{"not_picked":["Double Energy","Tempest"],"picked":"Coolheaded","floor":1},{"not_picked":["Leap","Steam"],"picked":"Auto Shields","floor":2},{"not_picked":["Loop","Coolheaded"],"picked":"Darkness","floor":4},{"not_picked":["Capacitor","Static Discharge"],"picked":"Redo","floor":7},{"not_picked":["Gash","Heatsinks"],"picked":"Cold Snap","floor":8},{"not_picked":["Streamline","Ball Lightning"],"picked":"Chill","floor":11},{"not_picked":["Turbo","Ball Lightning"],"picked":"Leap","floor":12},{"not_picked":["Storm+1","Scrape","BootSequence"],"picked":"SKIP","floor":14}],"player_experience":1636808,"relics_obtained":[{"floor":7,"key":"Lizard Tail"},{"floor":9,"key":"Frozen Egg 2"},{"floor":12,"key":"Bird Faced Urn"}],"event_choices":[{"damage_healed":0,"gold_gain":0,"player_choice":"Got Potions","damage_taken":0,"max_hp_gain":0,"max_hp_loss":0,"event_name":"Lab","floor":3,"gold_loss":0},{"cards_removed":["Strike_B"],"damage_healed":0,"gold_gain":0,"player_choice":"Card Removal","damage_taken":7,"max_hp_gain":0,"max_hp_loss":0,"event_name":"Golden Wing","floor":5,"gold_loss":0},{"damage_healed":17,"gold_gain":0,"player_choice":"Healed","damage_taken":0,"max_hp_gain":0,"max_hp_loss":0,"event_name":"The Cleric","floor":10,"gold_loss":35},{"cards_removed":["Strike_B"],"damage_healed":0,"gold_gain":0,"player_choice":"Forget","damage_taken":0,"max_hp_gain":0,"max_hp_loss":0,"event_name":"Living Wall","floor":13,"gold_loss":0}],"is_beta":false,"boss_relics":[],"items_purged_floors":[],"is_endless":false,"potions_floor_spawned":[1,4,8,11],"killed_by":"Slime Boss","ascension_level":20}}