{"host":"j49z5jz0n7e8vjox","time":1610733548,"event":{"mods":["AchievementEnabler","BaseMod","Bestiary","Colored Map","Colored Powertips","DeckTracker","Minty Spire (QoL Compilation)","UnlockEverythingMod"],"gold_per_floor":[119,136,147,162,175,175,140,156,156,156,156],"floor_reached":10,"language":"ENG","playtime":1275,"items_purged":[],"score":124,"play_id":"b197b4a3-72a7-4583-ad07-0a23654aca8f","local_time":"20210115115908","is_ascension_mode":true,"campfire_choices":[{"floor":6,"key":"REST"}],"circlet_count":0,"master_deck":["AscendersBane","Strike_G","Strike_G","Strike_G","Strike_G","Strike_G","Defend_G","Defend_G","Defend_G","Defend_G","Defend_G","Survivor","Neutralize+1","Deadly Poison","Dagger Throw","Dagger Throw","Crippling Poison","Blade Dance"],"relics":["Ring of the Snake","Toxic Egg 2"],"acts_visited":["Exordium"],"potions_floor_usage":[10],"damage_taken":[{"damage":0,"enemies":"2 Louse","floor":1,"turns":4},{"damage":0,"enemies":"Jaw Worm","floor":2,"turns":4},{"damage":0,"enemies":"Cultist","floor":3,"turns":3},{"damage":9,"enemies":"2 Fungi Beasts","floor":4,"turns":4},{"damage":36,"enemies":"Large Slime","floor":5,"turns":9},{"damage":0,"enemies":"Looter","floor":8,"turns":4},{"damage":68,"enemies":"Gremlin Nob","floor":10,"turns":4}],"seed_played":"1693093086371885206","potions_obtained":[{"floor":3,"key":"PowerPotion"},{"floor":4,"key":"Weak Potion"}],"is_trial":false,"path_per_floor":["M","M","M","M","M","R","?","M","T","E"],"character_chosen":"THE_SILENT","items_purchased":[],"campfire_rested":1,"item_purchase_floors":[],"current_hp_per_floor":[59,59,59,50,14,33,49,49,49,0,0],"gold":156,"neow_bonus":"UPGRADE_CARD","is_daily":false,"chose_seed":false,"campfire_upgraded":0,"win_rate":0.0,"timestamp":1610733548,"path_taken":["M","M","M","M","M","R","?","M","T","E"],"items_purchased_type":[],"build_version":"2020-12-22","purchased_purges":0,"victory":false,"max_hp_per_floor":[66,66,66,66,66,66,66,66,66,66,66],"card_choices":[{"not_picked":["Sucker Punch","Backflip"],"picked":"Deadly Poison","floor":1},{"not_picked":["Quick Slash","Poisoned Stab"],"picked":"Dagger Throw","floor":2},{"not_picked":["Deflect","Slice"],"picked":"Dagger Throw","floor":3},{"not_picked":["Prepared","Acrobatics","Outmaneuver"],"picked":"SKIP","floor":4},{"not_picked":["Sucker Punch","Eviscerate"],"picked":"Crippling Poison","floor":5},{"not_picked":["Heel Hook","Prepared"],"picked":"Blade Dance","floor":8}],"player_experience":757173,"relics_obtained":[{"floor":9,"key":"Toxic Egg 2"}],"event_choices":[{"damage_healed":16,"gold_gain":0,"player_choice":"Healed","damage_taken":0,"max_hp_gain":0,"max_hp_loss":0,"event_name":"The Cleric","floor":7,"gold_loss":35}],"is_beta":false,"boss_relics":[],"items_purged_floors":[],"is_endless":false,"potions_floor_spawned":[3,4,5],"killed_by":"Gremlin Nob","ascension_level":20}}