{"host":"zxkjcgzis4pm3za5","time":1610681117,"event":{"mods":["AchievementEnabler","Act Like it!","BaseMod","Colored Map","Colored Powertips","Friendly Minions","GifTheSpireLib","Minty Spire (QoL Compilation)","Quick Restart","RNG Fix","Random Character Button","Relic Sorter","Relic Stats","StSLib"],"gold_per_floor":[217,230,250,250,250,279,244,244,244,274,20,20,30,44,44,121,121,138,188,200,215,215,215,241,241,241,268,141,141,141,156,156,233,233,247,147,199,199,209,209,219,219,297,297,313,338,338,370,370,370,370,370,51,82,82,82],"floor_reached":55,"language":"ENG","playtime":2022,"items_purged":["Strike_G","Strike_G","Strike_G"],"score":1487,"play_id":"d6e8e99f-eeab-4be7-8157-e1da7aabb369","local_time":"20210115085517","is_ascension_mode":true,"campfire_choices":[{"data":"Blade Dance","floor":8.0,"key":"SMITH"},{"data":"Blade Dance","floor":12.0,"key":"SMITH"},{"data":"Neutralize","floor":15.0,"key":"SMITH"},{"data":"Footwork","floor":23,"key":"SMITH"},{"floor":25,"key":"REST"},{"data":"1","floor":32,"key":"LIFT"},{"data":"2","floor":40,"key":"LIFT"},{"data":"3","floor":42,"key":"LIFT"},{"floor":44,"key":"RECALL"},{"data":"Cloak And Dagger","floor":49,"key":"SMITH"},{"data":"Blade Dance","floor":52,"key":"SMITH"}],"circlet_count":0,"master_deck":["AscendersBane","Defend_G","Defend_G","Defend_G","Defend_G","Defend_G","Survivor","Neutralize+1","Slice","Endless Agony","Dash","Blade Dance+1","Blade Dance+1","Backflip","Die Die Die","Blade Dance+1","Backflip","Footwork+1","Glass Knife","Cloak And Dagger+1","Escape Plan","Blade Dance","Riddle With Holes+1"],"relics":["Ring of the Snake","FaceOfCleric","Ornamental Fan","Pear","Mummified Hand","Shuriken","SlaversCollar","Nunchaku","Matryoshka","Girya","Empty Cage","Du-Vu Doll","Juzu Bracelet","Eternal Feather","StoneCalendar","Bottled Flame","Toolbox","Boot"],"acts_visited":["Exordium","TheCity","TheBeyond","TheEnding"],"potions_floor_usage":[24,33,37,50,55],"damage_taken":[{"damage":0.0,"enemies":"2 Louse","floor":1.0,"turns":5.0},{"damage":7.0,"enemies":"Cultist","floor":2.0,"turns":5.0},{"damage":0.0,"enemies":"Small Slimes","floor":3.0,"turns":5.0},{"damage":23.0,"enemies":"Lagavulin","floor":6.0,"turns":9.0},{"damage":5.0,"enemies":"3 Sentries","floor":10.0,"turns":7.0},{"damage":0.0,"enemies":"Red Slaver","floor":13.0,"turns":3.0},{"damage":11.0,"enemies":"Lots of Slimes","floor":14.0,"turns":2.0},{"damage":18.0,"enemies":"The Guardian","floor":16.0,"turns":9.0},{"damage":8.0,"enemies":"Chosen","floor":18.0,"turns":3.0},{"damage":0.0,"enemies":"Spheric Guardian","floor":20.0,"turns":2.0},{"damage":6.0,"enemies":"3 Cultists","floor":21.0,"turns":4.0},{"damage":27,"enemies":"Slavers","floor":24,"turns":3},{"damage":0,"enemies":"Gremlin Leader","floor":27,"turns":5},{"damage":9,"enemies":"Cultist and Chosen","floor":31,"turns":6},{"damage":8,"enemies":"Automaton","floor":33,"turns":6},{"damage":0,"enemies":"Orb Walker","floor":35,"turns":3},{"damage":20,"enemies":"2 Orb Walkers","floor":37,"turns":5},{"damage":0,"enemies":"3 Shapes","floor":39,"turns":1},{"damage":14,"enemies":"Spire Growth","floor":41,"turns":4},{"damage":3,"enemies":"4 Shapes","floor":45,"turns":3},{"damage":0,"enemies":"Reptomancer","floor":46,"turns":3},{"damage":0,"enemies":"Giant Head","floor":48,"turns":4},{"damage":134,"enemies":"Time Eater","floor":50,"turns":13},{"damage":15,"enemies":"Shield and Spear","floor":54,"turns":4},{"damage":77,"enemies":"The Heart","floor":55,"turns":6}],"seed_played":"3448332972760663727","potions_obtained":[{"floor":1.0,"key":"BlessingOfTheForge"},{"floor":2.0,"key":"Swift Potion"},{"floor":14.0,"key":"AttackPotion"},{"floor":18.0,"key":"Strength Potion"},{"floor":33,"key":"Regen Potion"},{"floor":37,"key":"LiquidBronze"},{"floor":41,"key":"DuplicationPotion"}],"is_trial":false,"path_per_floor":["M","M","M","?","?","E","?","R","T","E","$","R","M","M","R","B",null,"M","?","M","M","?","R","E","R","T","E","$","?","?","M","R","B",null,"M","$","?","?","M","R","M","R","T","R","M","E","?","E","R","B",null,"R","$","E","B"],"character_chosen":"THE_SILENT","items_purchased":["Shuriken","Swift Potion","Block Potion","Toolbox"],"campfire_rested":1,"item_purchase_floors":[11,28,53,53],"current_hp_per_floor":[59,52,52,52,47,35,54,54,54,50,50,50,51,41,41,24,67,60,60,61,56,56,56,30,55,55,56,56,56,56,48,48,41,76,77,77,72,72,73,73,60,60,60,72,70,71,71,72,84,29,76,88,88,74,0,0],"gold":82,"neow_bonus":"HUNDRED_GOLD","is_daily":false,"chose_seed":false,"campfire_upgraded":6,"win_rate":0.0,"timestamp":1610681117,"path_taken":["M","M","M","?","?","E","?","R","T","E","$","R","M","M","R","BOSS","M","?","?","M","?","R","E","R","T","E","$","?","?","M","R","BOSS","M","$","?","?","M","R","M","R","T","R","M","E","?","E","R","BOSS","R","$","E","BOSS"],"items_purchased_type":["Relic","Potion","Potion","Relic"],"build_version":"2020-12-22","purchased_purges":3,"victory":false,"max_hp_per_floor":[66,66,66,66,66,77,77,77,77,78,78,78,79,80,80,81,81,82,82,83,84,84,84,85,85,85,86,86,86,86,87,87,88,88,89,89,90,85,86,86,87,87,87,87,88,89,89,90,90,91,91,91,91,92,92,92],"relic_stats":{"Nunchaku":[31],"FaceOfCleric":21,"counters":[25,120],"Ornamental Fan":[516],"Mummified Hand":[13],"Shuriken":[119],"Eternal Feather":36,"StoneCalendar":[52],"Juzu Bracelet":0,"Boot":[0],"obtain_stats":[{"Girya":27,"Pear":6,"Eternal Feather":43,"StoneCalendar":46,"Juzu Bracelet":43,"Empty Cage":34,"Boot":54,"Du-Vu Doll":37,"SlaversCollar":17,"Nunchaku":24,"Bottled Flame":48,"Matryoshka":26,"FaceOfCleric":4,"Ornamental Fan":5,"Mummified Hand":10,"Shuriken":11,"Toolbox":53,"Ring of the Snake":0},{"Girya":13,"Pear":4,"Eternal Feather":19,"StoneCalendar":21,"Juzu Bracelet":19,"Empty Cage":15,"Boot":24,"Du-Vu Doll":17,"SlaversCollar":8,"Nunchaku":12,"Bottled Flame":22,"Matryoshka":12,"FaceOfCleric":3,"Ornamental Fan":3,"Mummified Hand":5,"Shuriken":5,"Toolbox":23,"Ring of the Snake":0},{"Girya":62,"Pear":24,"Eternal Feather":87,"StoneCalendar":93,"Juzu Bracelet":87,"Empty Cage":74,"Boot":114,"Du-Vu Doll":82,"SlaversCollar":45,"Nunchaku":57,"Bottled Flame":97,"Matryoshka":57,"FaceOfCleric":15,"Ornamental Fan":15,"Mummified Hand":31,"Shuriken":31,"Toolbox":110,"Ring of the Snake":0}],"Ring of the Snake":[52]},"card_choices":[{"not_picked":["Acrobatics","Underhanded Strike"],"picked":"Slice","floor":1.0},{"not_picked":["Eviscerate","Blur"],"picked":"Endless Agony","floor":2.0},{"not_picked":["Underhanded Strike","Bane"],"picked":"Dash","floor":3.0},{"not_picked":["Burst","Escape Plan"],"picked":"Blade Dance","floor":6.0},{"not_picked":["Acrobatics","Slice"],"picked":"Blade Dance","floor":10.0},{"not_picked":["Deadly Poison","Flying Knee"],"picked":"Backflip","floor":13.0},{"not_picked":["Sucker Punch","Crippling Poison","Riddle With Holes"],"picked":"SKIP","floor":14.0},{"not_picked":["Malaise","Grand Finale"],"picked":"Die Die Die","floor":16.0},{"not_picked":["Expertise+1","Reflex"],"picked":"Blade Dance","floor":18.0},{"not_picked":["Tactician","Bouncing Flask+1"],"picked":"Backflip","floor":20.0},{"not_picked":["Choke","PiercingWail"],"picked":"Footwork","floor":21.0},{"not_picked":["Dagger Spray","Dagger Throw","Eviscerate"],"picked":"SKIP","floor":24},{"not_picked":["Outmaneuver","Sucker Punch","Flying Knee"],"picked":"SKIP","floor":27},{"not_picked":["Tactician","Riddle With Holes","Caltrops"],"picked":"SKIP","floor":31},{"not_picked":["Tools of the Trade","Envenom"],"picked":"Glass Knife","floor":33},{"not_picked":["Infinite Blades+1","Deflect"],"picked":"Cloak And Dagger","floor":35},{"not_picked":["Dagger Throw","Underhanded Strike"],"picked":"Escape Plan","floor":39},{"not_picked":["Outmaneuver","Dagger Throw"],"picked":"Blade Dance","floor":41},{"not_picked":["Bullet Time","Dagger Spray+1","Sucker Punch"],"picked":"SKIP","floor":45},{"not_picked":["Eviscerate","Tactician","Accuracy"],"picked":"SKIP","floor":46},{"not_picked":["Catalyst","Backstab","Underhanded Strike"],"picked":"SKIP","floor":48},{"not_picked":["Venomology","Backstab+1"],"picked":"Riddle With Holes+1","floor":54}],"player_experience":224872,"relics_obtained":[{"floor":6.0,"key":"Pear"},{"floor":10.0,"key":"Mummified Hand"},{"floor":24,"key":"Nunchaku"},{"floor":26,"key":"Matryoshka"},{"floor":27,"key":"Girya"},{"floor":37,"key":"Du-Vu Doll"},{"floor":43,"key":"Juzu Bracelet"},{"floor":43,"key":"Eternal Feather"},{"floor":46,"key":"StoneCalendar"},{"floor":48,"key":"Bottled Flame"},{"floor":54,"key":"Boot"}],"event_choices":[{"damage_healed":0.0,"max_hp_gain":0.0,"max_hp_loss":0.0,"gold_gain":0.0,"event_name":"FaceTrader","player_choice":"Trade","floor":4.0,"gold_loss":0.0,"damage_taken":0.0,"relics_obtained":["FaceOfCleric"]},{"damage_healed":0.0,"max_hp_gain":0.0,"max_hp_loss":0.0,"gold_gain":0.0,"event_name":"Scrap Ooze","player_choice":"Success","floor":5.0,"gold_loss":0.0,"damage_taken":5.0,"relics_obtained":["Ornamental Fan"]},{"damage_healed":19.0,"max_hp_gain":0.0,"max_hp_loss":0.0,"gold_gain":0.0,"event_name":"The Cleric","player_choice":"Healed","floor":7.0,"gold_loss":35.0,"damage_taken":0.0},{"damage_healed":0.0,"max_hp_gain":0.0,"max_hp_loss":0.0,"gold_gain":50.0,"event_name":"Nest","player_choice":"Stole From Cult","floor":19.0,"gold_loss":0.0,"damage_taken":0.0},{"damage_healed":0,"gold_gain":0,"player_choice":"0 cards matched","damage_taken":0,"max_hp_gain":0,"max_hp_loss":0,"event_name":"Match and Keep!","floor":22,"gold_loss":0,"cards_obtained":[]},{"damage_healed":0,"gold_gain":0,"player_choice":"Ignored","damage_taken":0,"max_hp_gain":0,"max_hp_loss":0,"event_name":"Ghosts","floor":29,"gold_loss":0},{"damage_healed":0,"gold_gain":0,"player_choice":"Ignored","damage_taken":0,"max_hp_gain":0,"max_hp_loss":0,"event_name":"The Mausoleum","floor":30,"gold_loss":0},{"damage_healed":0,"gold_gain":0,"player_choice":"Fight","damage_taken":0,"max_hp_gain":0,"max_hp_loss":0,"event_name":"Mysterious Sphere","floor":37,"gold_loss":0},{"damage_healed":0,"gold_gain":0,"player_choice":"Max HP","damage_taken":0,"max_hp_gain":0,"max_hp_loss":5,"event_name":"Winding Halls","floor":38,"gold_loss":0},{"damage_healed":0,"gold_gain":0,"player_choice":"Ignored","damage_taken":0,"max_hp_gain":0,"max_hp_loss":0,"event_name":"Tomb of Lord Red Mask","floor":47,"gold_loss":0}],"is_beta":false,"boss_relics":[{"not_picked":["Sozu","SacredBark"],"picked":"SlaversCollar"},{"not_picked":["Runic Dome","Cursed Key"],"picked":"Empty Cage"}],"items_purged_floors":[28,36,53],"is_endless":false,"potions_floor_spawned":[1,2,14,16,18,31,33,37,41,48,54],"killed_by":"The Heart","ascension_level":15}}