{"host":"5oxscleocp360blz","time":1610750873,"event":{"mods":["AchievementEnabler","BaseMod","Marisa????????","Minty Spire (QoL Compilation)","Replay The Spire","StSLib","The Necromancer"],"gold_per_floor":[115,290,72,85,97,97,127,127,127,127,147,163,163,174,174,273,273,288,298,318,331,351,351,368,368,417,436,468,487,501,531,531,635,635,635,635],"floor_reached":35,"language":"ENG","playtime":2803,"items_purged":["Doubt"],"score":405,"play_id":"49869d18-8b0a-49b3-913e-be0aa897fd4a","local_time":"20210115194753","is_ascension_mode":false,"campfire_choices":[{"data":"Eruption","floor":6.0,"key":"SMITH"},{"data":"Devotion","floor":10.0,"key":"SMITH"},{"data":"CutThroughFate","floor":13.0,"key":"SMITH"},{"data":"Evaluate","floor":15.0,"key":"SMITH"},{"floor":23.0,"key":"REST"},{"data":"Conclude","floor":25.0,"key":"SMITH"},{"data":"Establishment","floor":32.0,"key":"SMITH"}],"circlet_count":0,"master_deck":["Strike_P","Strike_P","Strike_P","Strike_P","Defend_P","Defend_P","Defend_P","Defend_P","Eruption+1","Vigilance","CutThroughFate+1","EmptyFist","Conclude+1","ThirdEye","Devotion+1","Prostrate","Evaluate+1","DeusExMachina","Replay:Cycle+1","InnerPeace+1","Perseverance+1","Weave+1","BattleHymn+1","SandsOfTime","WindmillStrike","Establishment+1","Nirvana","JustLucky","DeusExMachina","Devotion"],"relics":["SlaversCollar","Frozen Eye","Eternal Feather","ReplayFunnel","Honey Jar","Replay:Wax Seal","Meat on the Bone","Gremlin Horn","Runic Dome"],"acts_visited":["Exordium","TheCity","TheBeyond"],"potions_floor_usage":[],"damage_taken":[{"damage":0.0,"enemies":"Small Slimes","floor":1.0,"turns":4.0},{"damage":20.0,"enemies":"2 Louse","floor":4.0,"turns":2.0},{"damage":7.0,"enemies":"Cultist","floor":5.0,"turns":3.0},{"damage":31.0,"enemies":"Lagavulin","floor":7.0,"turns":3.0},{"damage":5.0,"enemies":"Looter","floor":11.0,"turns":2.0},{"damage":1.0,"enemies":"Gremlin Gang","floor":12.0,"turns":3.0},{"damage":0.0,"enemies":"Large Slime","floor":14.0,"turns":7.0},{"damage":5.0,"enemies":"The Guardian","floor":16.0,"turns":8.0},{"damage":13.0,"enemies":"Spheric Guardian","floor":18.0,"turns":3.0},{"damage":12.0,"enemies":"3 Byrds","floor":19.0,"turns":6.0},{"damage":30.0,"enemies":"3 Cultists","floor":20.0,"turns":4.0},{"damage":8.0,"enemies":"Shelled Parasite and Fungi","floor":21.0,"turns":7.0},{"damage":16.0,"enemies":"Centurion and Healer","floor":22.0,"turns":4.0},{"damage":2.0,"enemies":"Snecko","floor":24.0,"turns":4.0},{"damage":11.0,"enemies":"Shelled Parasite and Fungi","floor":27.0,"turns":6.0},{"damage":14.0,"enemies":"Replay:Snechameleon","floor":28.0,"turns":5.0},{"damage":15.0,"enemies":"Snake Plant","floor":29.0,"turns":3.0},{"damage":4.0,"enemies":"Centurion and Healer","floor":30.0,"turns":4.0},{"damage":19.0,"enemies":"Book of Stabbing","floor":31.0,"turns":4.0},{"damage":37,"enemies":"Collector","floor":33,"turns":7},{"damage":29,"enemies":"3 Darklings","floor":35,"turns":2}],"seed_played":"-4470619468107735680","potions_obtained":[{"floor":7.0,"key":"SkillPotion"},{"floor":11.0,"key":"Elixir"},{"floor":14.0,"key":"Energy Potion"},{"floor":18.0,"key":"Flashbang"},{"floor":19.0,"key":"FairyPotion"},{"floor":20.0,"key":"Regen Potion"},{"floor":24.0,"key":"Block Potion"},{"floor":28.0,"key":"SteroidPotion"}],"is_trial":false,"path_per_floor":["M","?","$","M","M","R","E","?","T","R","M","M","R","M","R","B",null,"M","M","M","M","M","R","M","R","T","M","E","M","M","E","R","B",null,"M"],"character_chosen":"WATCHER","items_purchased":["Frozen Eye"],"campfire_rested":1,"item_purchase_floors":[3],"current_hp_per_floor":[72,72,72,52,45,45,14,14,14,23,18,17,26,26,35,30,72,59,47,17,24,8,41,39,51,51,40,26,23,31,24,39,14,72,43,43],"gold":635,"neow_bonus":"BOSS_RELIC","is_daily":false,"chose_seed":false,"campfire_upgraded":6,"win_rate":0.0,"timestamp":1610750873,"path_taken":["M","?","$","M","M","R","E","?","T","R","M","M","R","?","R","BOSS","M","M","M","M","M","R","M","R","T","M","E","M","M","E","R","BOSS","M"],"items_purchased_type":["Relic"],"build_version":"2020-12-22","purchased_purges":1,"victory":false,"max_hp_per_floor":[72,72,72,72,72,72,72,72,72,72,72,72,72,72,72,72,72,72,72,72,72,72,72,72,72,72,72,72,72,72,72,72,72,72,72,72],"card_choices":[{"not_picked":["Crescendo","Fasting2"],"picked":"CutThroughFate","floor":1.0},{"not_picked":["EmptyBody","ClearTheMind"],"picked":"EmptyFist","floor":4.0},{"not_picked":["CutThroughFate","Evaluate"],"picked":"Conclude","floor":5.0},{"not_picked":["EmptyBody","EmptyFist"],"picked":"ThirdEye","floor":7.0},{"not_picked":["WreathOfFlame","Omniscience","BowlingBash"],"picked":"SKIP","floor":11.0},{"not_picked":["EmptyBody","Protect"],"picked":"Prostrate","floor":12.0},{"not_picked":["Meditate","Halt"],"picked":"Evaluate","floor":14.0},{"not_picked":["ConjureBlade","Wish"],"picked":"DeusExMachina","floor":16.0},{"not_picked":["FollowUp+1","PathToVictory","FlurryOfBlows"],"picked":"Replay:Cycle+1","floor":18.0},{"not_picked":["EmptyBody+1","Replay:AtTheReady","CrushJoints+1"],"picked":"InnerPeace+1","floor":19.0},{"not_picked":["ThirdEye","FlyingSleeves","Replay:AtTheReady+1"],"picked":"Perseverance+1","floor":20.0},{"not_picked":["DeceiveReality","Consecrate","ForeignInfluence"],"picked":"Weave+1","floor":21.0},{"not_picked":["FlyingSleeves","CrushJoints+1","WheelKick"],"picked":"BattleHymn+1","floor":22.0},{"not_picked":["Replay:DivineShield","Crescendo","ThirdEye"],"picked":"SandsOfTime","floor":24.0},{"not_picked":["CarveReality","BattleHymn+1","Fasting2"],"picked":"WindmillStrike","floor":27.0},{"not_picked":["Fasting2","Replay:Cycle","Evaluate"],"picked":"Establishment","floor":28.0},{"not_picked":["InnerPeace","EmptyFist+1","Worship"],"picked":"Nirvana","floor":29.0},{"not_picked":["Consecrate","Worship","WreathOfFlame"],"picked":"JustLucky","floor":30.0},{"not_picked":["FlurryOfBlows+1","Wireheading+1","ForeignInfluence"],"picked":"DeusExMachina","floor":31.0},{"not_picked":["DeusExMachina","Establishment","Replay:AllIn"],"picked":"Devotion","floor":33}],"player_experience":175661,"relics_obtained":[{"floor":7.0,"key":"Eternal Feather"},{"floor":9.0,"key":"ReplayFunnel"},{"floor":26.0,"key":"Replay:Wax Seal"},{"floor":28.0,"key":"Meat on the Bone"},{"floor":31.0,"key":"Gremlin Horn"}],"event_choices":[{"damage_healed":0.0,"max_hp_gain":0.0,"max_hp_loss":0.0,"gold_gain":175.0,"event_name":"Liars Game","player_choice":"AGREE","floor":2.0,"gold_loss":0.0,"damage_taken":0.0,"cards_obtained":["Doubt"]},{"damage_healed":0.0,"max_hp_gain":0.0,"max_hp_loss":0.0,"gold_gain":0.0,"event_name":"Match and Keep!","player_choice":"1 cards matched","floor":8.0,"gold_loss":0.0,"damage_taken":0.0,"cards_obtained":["Devotion"]}],"is_beta":false,"boss_relics":[{"not_picked":["Runic Pyramid","Black Star"],"picked":"Honey Jar"},{"not_picked":["Astrolabe","Kintsugi"],"picked":"Runic Dome"}],"items_purged_floors":[3],"is_endless":false,"potions_floor_spawned":[7,11,14,18,19,20,24,28],"killed_by":"3 Darklings","ascension_level":0}}