{"host":"c3lc60y5x60jlt1y","time":1610717160,"event":{"mods":["AchievementEnabler","BaseMod","Bestiary","Colored Map","Minty Spire (QoL Compilation)","Quick Restart","StSLib","ojb\u0027s Info Mod"],"gold_per_floor":[114,3,20,20,20,73,85,125,206,183,226,255,39,53,53,149,149,167,117,117,57,68,68,78,78,78,112,112,142,142,152,152,248,248,262,278,298,317,329,329,329],"floor_reached":40,"language":"ENG","playtime":4253,"items_purged":["Strike_B","Strike_B","Strike_B"],"score":710,"play_id":"025e12dc-1f2e-42c6-bb2c-427812d5f6e5","local_time":"20210115152600","is_ascension_mode":true,"campfire_choices":[{"data":"Magnetism","floor":7,"key":"SMITH"},{"floor":15,"key":"REST"},{"data":"Buffer","floor":23,"key":"SMITH"},{"data":"Fission","floor":25,"key":"SMITH"},{"data":"Recycle","floor":28,"key":"SMITH"},{"floor":30,"key":"REST"},{"data":"Tempest","floor":32,"key":"SMITH"}],"circlet_count":0,"master_deck":["Defend_B","Defend_B","Defend_B","Defend_B","Zap","Dualcast","Magnetism+1","Undo","Genetic Algorithm","Turbo","Tempest+1","Buffer+1","BootSequence","Storm","Fission+1","Self Repair","Auto Shields+1","Recycle+1","Tempest+1","Beam Cell+1","Barrage+1","Hyperbeam","Self Repair+1","Ball Lightning+1","Chaos+1","Barrage+1"],"relics":["FrozenCore","Nunchaku","MawBank","Smiling Mask","The Courier","Ancient Tea Set","Runic Capacitor","Sozu","HornCleat","Pen Nib","Shuriken"],"acts_visited":["Exordium","TheCity","TheBeyond"],"potions_floor_usage":[6,8,12,12,14,24,27],"damage_taken":[{"damage":0,"enemies":"Small Slimes","floor":1,"turns":3},{"damage":2,"enemies":"Jaw Worm","floor":3,"turns":5},{"damage":8,"enemies":"3 Sentries","floor":6,"turns":4},{"damage":18,"enemies":"Gremlin Nob","floor":8,"turns":4},{"damage":30,"enemies":"Lagavulin","floor":11,"turns":12},{"damage":0,"enemies":"2 Louse","floor":12,"turns":2},{"damage":0,"enemies":"Lots of Slimes","floor":14,"turns":2},{"damage":0,"enemies":"Hexaghost","floor":16,"turns":9},{"damage":15,"enemies":"Shell Parasite","floor":18,"turns":7},{"damage":11,"enemies":"2 Thieves","floor":21,"turns":4},{"damage":1,"enemies":"Centurion and Healer","floor":22,"turns":11},{"damage":5,"enemies":"3 Cultists","floor":24,"turns":4},{"damage":11,"enemies":"Slavers","floor":27,"turns":4},{"damage":31,"enemies":"Book of Stabbing","floor":29,"turns":10},{"damage":0,"enemies":"Shelled Parasite and Fungi","floor":31,"turns":8},{"damage":0,"enemies":"Automaton","floor":33,"turns":8},{"damage":0,"enemies":"Orb Walker","floor":35,"turns":6},{"damage":7,"enemies":"3 Darklings","floor":36,"turns":7},{"damage":25,"enemies":"4 Shapes","floor":37,"turns":5},{"damage":30,"enemies":"Jaw Worm Horde","floor":38,"turns":4},{"damage":5,"enemies":"Spire Growth","floor":39,"turns":5},{"damage":76,"enemies":"Giant Head","floor":40,"turns":8}],"seed_played":"5138849200626298322","potions_obtained":[{"floor":1,"key":"Block Potion"},{"floor":6,"key":"SkillPotion"},{"floor":8,"key":"EntropicBrew"},{"floor":12,"key":"Explosive Potion"},{"floor":14,"key":"Block Potion"}],"is_trial":false,"path_per_floor":["M","$","M","?","?","E","R","E","T","?","E","M","$","M","R","B",null,"M","$","?","M","M","R","M","R","T","E","R","E","R","M","R","B",null,"M","M","M","M","M","E"],"character_chosen":"DEFECT","items_purchased":["Genetic Algorithm","Runic Capacitor","Storm"],"campfire_rested":2,"item_purchase_floors":[2,13,13],"current_hp_per_floor":[68,68,66,66,41,33,33,15,15,32,2,2,2,2,22,22,57,42,42,42,38,44,44,46,46,46,42,42,18,38,45,45,52,64,68,68,60,40,45,0,0],"gold":329,"neow_bonus":"RANDOM_COLORLESS_2","is_daily":false,"chose_seed":false,"campfire_upgraded":5,"win_rate":0.0,"timestamp":1610717160,"path_taken":["M","$","M","?","?","E","R","E","T","?","E","M","$","?","R","BOSS","M","$","?","?","M","R","?","R","T","E","R","E","R","M","R","BOSS","M","?","M","M","M","E"],"items_purchased_type":["Card","Relic","Card"],"build_version":"2020-12-22","purchased_purges":3,"victory":false,"max_hp_per_floor":[68,68,68,68,68,68,68,68,68,68,68,68,68,68,68,68,68,68,68,68,68,68,68,68,68,68,68,68,68,68,68,68,68,68,68,68,68,68,68,68,68],"card_choices":[{"not_picked":["Sadistic Nature","Master of Strategy"],"picked":"Magnetism","floor":0},{"not_picked":["Ball Lightning","Force Field"],"picked":"Undo","floor":1},{"not_picked":["Redo","Go for the Eyes"],"picked":"Turbo","floor":3},{"not_picked":["Undo","Cold Snap","Scrape"],"picked":"SKIP","floor":6},{"not_picked":["Melter","Lockon"],"picked":"Tempest","floor":8},{"not_picked":["Rebound","FTL"],"picked":"Buffer","floor":11},{"not_picked":["Turbo","Tempest"],"picked":"BootSequence","floor":12},{"not_picked":["Double Energy","Streamline","Chaos"],"picked":"SKIP","floor":14},{"not_picked":["Seek","Reboot"],"picked":"Fission","floor":16},{"not_picked":["Steam+1","Reprogram+1"],"picked":"Self Repair","floor":18},{"not_picked":["Undo","Stack"],"picked":"Auto Shields+1","floor":21},{"not_picked":["Go for the Eyes","Stack+1"],"picked":"Recycle","floor":22},{"not_picked":["Hello World","Darkness","Go for the Eyes"],"picked":"SKIP","floor":24},{"not_picked":["Amplify","Barrage"],"picked":"Tempest+1","floor":27},{"not_picked":["Blizzard+1","Turbo+1"],"picked":"Beam Cell+1","floor":29},{"not_picked":["Compile Driver","Double Energy"],"picked":"Barrage+1","floor":31},{"not_picked":["Machine Learning","Rainbow"],"picked":"Hyperbeam","floor":33},{"not_picked":["Steam","Sunder"],"picked":"Self Repair+1","floor":35},{"not_picked":["Sweeping Beam+1","Recycle"],"picked":"Ball Lightning+1","floor":36},{"not_picked":["Leap+1","Steam Power+1"],"picked":"Chaos+1","floor":37},{"not_picked":["Gash","Conserve Battery"],"picked":"Barrage+1","floor":38},{"not_picked":["Hologram+1","Stack+1","Redo"],"picked":"SKIP","floor":39}],"player_experience":8074539,"relics_obtained":[{"floor":6,"key":"MawBank"},{"floor":8,"key":"Smiling Mask"},{"floor":9,"key":"The Courier"},{"floor":11,"key":"Ancient Tea Set"},{"floor":26,"key":"HornCleat"},{"floor":27,"key":"Pen Nib"},{"floor":29,"key":"Shuriken"}],"event_choices":[{"damage_healed":0,"gold_gain":0,"player_choice":"Ignored","damage_taken":0,"max_hp_gain":0,"max_hp_loss":0,"event_name":"Liars Game","floor":4,"gold_loss":0},{"damage_healed":0,"gold_gain":0,"player_choice":"Success","damage_taken":25,"relics_obtained":["Nunchaku"],"max_hp_gain":0,"max_hp_loss":0,"event_name":"Scrap Ooze","floor":5,"gold_loss":0},{"damage_healed":17,"gold_gain":0,"player_choice":"Healed","damage_taken":0,"max_hp_gain":0,"max_hp_loss":0,"event_name":"The Cleric","floor":10,"gold_loss":35},{"cards_removed":["Strike_B"],"damage_healed":0,"gold_gain":0,"player_choice":"Offered Basic","damage_taken":0,"max_hp_gain":0,"max_hp_loss":0,"event_name":"Bonfire Elementals","floor":20,"gold_loss":0}],"is_beta":false,"boss_relics":[{"not_picked":["Velvet Choker","Coffee Dripper"],"picked":"Sozu"},{"not_picked":["Pandora\u0027s Box","SlaversCollar"],"picked":"FrozenCore"}],"items_purged_floors":[2,13,19],"is_endless":false,"potions_floor_spawned":[1,6,8,12,14,24,27,29,33,37],"killed_by":"Giant Head","ascension_level":6}}