{"host":"w3q5ijqu8eoknil3","time":1610699055,"event":{"mods":["AchievementEnabler","BaseMod","Block Reminder","Colored Powertips","Curses Come First","Minty Spire (QoL Compilation)","Quick Restart","Relic Stats","StSLib","ojb\u0027s Better Paths Mod","ojb\u0027s Info Mod","slay the spire mod where everything is the same but ironclad has a cowboy hat"],"gold_per_floor":[111,130,55,2,18,18,38,72,154,170,185,185,212,229,229,305,305,316,328,341,64,77,77,77,77],"floor_reached":24,"language":"ENG","playtime":763,"items_purged":[],"score":403,"play_id":"eac4800f-362b-483a-aced-f1c42e99230d","local_time":"20210115082415","is_ascension_mode":true,"campfire_choices":[{"data":"Die Die Die","floor":6,"key":"SMITH"},{"data":"Unload","floor":15,"key":"SMITH"},{"data":"Bouncing Flask","floor":23,"key":"SMITH"}],"circlet_count":0,"master_deck":["AscendersBane","Strike_G","Strike_G","Strike_G","Defend_G","Defend_G","Defend_G","Defend_G","Defend_G","Survivor","Neutralize","Die Die Die+1","Acrobatics","Blade Dance","Grand Finale","Bouncing Flask+1","Envenom","Masterful Stab","Acrobatics","Terror","Unload+1","Flying Knee","Bullet Time","Deflect+1","Tactician","Poisoned Stab+1","Backstab"],"relics":["Ring of the Snake","CaptainsWheel","Pen Nib","Pear","Turnip","Runic Pyramid","Mummified Hand"],"acts_visited":["Exordium","TheCity"],"potions_floor_usage":[8,13,16,19],"damage_taken":[{"damage":0,"enemies":"2 Louse","floor":1,"turns":2},{"damage":1,"enemies":"Jaw Worm","floor":2,"turns":4},{"damage":0,"enemies":"Cultist","floor":5,"turns":3},{"damage":3,"enemies":"Looter","floor":7,"turns":2},{"damage":11,"enemies":"Lagavulin","floor":8,"turns":6},{"damage":2,"enemies":"Large Slime","floor":10,"turns":5},{"damage":15,"enemies":"Gremlin Gang","floor":11,"turns":3},{"damage":6,"enemies":"Gremlin Nob","floor":13,"turns":3},{"damage":0,"enemies":"3 Louse","floor":14,"turns":1},{"damage":7,"enemies":"The Guardian","floor":16,"turns":9},{"damage":6,"enemies":"Spheric Guardian","floor":18,"turns":4},{"damage":13,"enemies":"3 Byrds","floor":19,"turns":4},{"damage":3,"enemies":"Snecko","floor":20,"turns":5},{"damage":12,"enemies":"3 Cultists","floor":22,"turns":5},{"damage":35,"enemies":"Slavers","floor":24,"turns":2}],"seed_played":"-7105554986032742600","potions_obtained":[{"floor":5,"key":"LiquidBronze"},{"floor":7,"key":"GhostInAJar"},{"floor":14,"key":"CultistPotion"},{"floor":18,"key":"Fire Potion"}],"is_trial":false,"path_per_floor":["M","M","?","?","M","R","M","E","T","M","M","?","E","M","R","B",null,"M","M","M","$","M","R","E"],"character_chosen":"THE_SILENT","items_purchased":["Mummified Hand"],"campfire_rested":0,"item_purchase_floors":[21],"current_hp_per_floor":[59,58,58,58,58,58,55,44,54,52,37,37,31,31,31,24,63,57,44,41,41,29,29,0,0],"gold":77,"neow_bonus":"ONE_RANDOM_RARE_CARD","is_daily":false,"chose_seed":false,"campfire_upgraded":3,"win_rate":0.0,"timestamp":1610699055,"path_taken":["M","M","?","?","M","R","M","E","T","M","?","?","E","M","R","BOSS","M","M","M","$","M","R","E"],"items_purchased_type":["Relic"],"build_version":"2020-12-22","purchased_purges":0,"victory":false,"max_hp_per_floor":[66,66,66,66,66,66,66,66,76,76,76,76,76,76,76,76,76,76,76,76,76,76,76,76,76],"relic_stats":{"counters":[15,58],"Mummified Hand":[0],"Pen Nib":[8],"Turnip":[5],"obtain_stats":[{"CaptainsWheel":4,"Pear":9,"Mummified Hand":21,"Pen Nib":8,"Turnip":13,"Ring of the Snake":0,"Runic Pyramid":17},{"CaptainsWheel":2,"Pear":5,"Mummified Hand":13,"Pen Nib":5,"Turnip":8,"Ring of the Snake":0,"Runic Pyramid":10},{"CaptainsWheel":6,"Pear":17,"Mummified Hand":51,"Pen Nib":17,"Turnip":28,"Ring of the Snake":0,"Runic Pyramid":38}],"Ring of the Snake":[30]},"card_choices":[{"not_picked":["Dodge and Roll","Prepared"],"picked":"Acrobatics","floor":1},{"not_picked":["PiercingWail","Quick Slash"],"picked":"Blade Dance","floor":2},{"not_picked":["Outmaneuver","Cloak And Dagger"],"picked":"Grand Finale","floor":5},{"not_picked":["Slice","Deflect"],"picked":"Bouncing Flask","floor":7},{"not_picked":["Underhanded Strike","Flying Knee"],"picked":"Envenom","floor":8},{"not_picked":["Cloak And Dagger","Dodge and Roll"],"picked":"Masterful Stab","floor":10},{"not_picked":["Quick Slash","Slice"],"picked":"Acrobatics","floor":11},{"not_picked":["Underhanded Strike","Infinite Blades"],"picked":"Unload","floor":13},{"not_picked":["Setup","Cloak And Dagger"],"picked":"Flying Knee","floor":14},{"not_picked":["Wraith Form v2","Envenom"],"picked":"Bullet Time","floor":16},{"not_picked":["Accuracy","PiercingWail"],"picked":"Deflect+1","floor":18},{"not_picked":["Prepared","Flying Knee"],"picked":"Tactician","floor":19},{"not_picked":["Deadly Poison","All Out Attack"],"picked":"Poisoned Stab+1","floor":20},{"not_picked":["Prepared","Poisoned Stab"],"picked":"Backstab","floor":22}],"player_experience":981577,"relics_obtained":[{"floor":8,"key":"Pen Nib"},{"floor":9,"key":"Pear"},{"floor":13,"key":"Turnip"}],"event_choices":[{"cards_removed":["Strike_G"],"damage_healed":0,"gold_gain":0,"player_choice":"Card Removal","damage_taken":0,"max_hp_gain":0,"max_hp_loss":0,"event_name":"The Cleric","floor":3,"gold_loss":75},{"damage_healed":0,"gold_gain":0,"player_choice":"Paid Gold","damage_taken":0,"relics_obtained":["CaptainsWheel"],"max_hp_gain":0,"max_hp_loss":0,"event_name":"WeMeetAgain","floor":4,"gold_loss":53},{"damage_healed":0,"gold_gain":0,"cards_transformed":["Strike_G"],"player_choice":"Change","damage_taken":0,"max_hp_gain":0,"max_hp_loss":0,"event_name":"Living Wall","floor":12,"gold_loss":0,"cards_obtained":["Terror"]}],"is_beta":false,"boss_relics":[{"not_picked":["Snecko Eye","Velvet Choker"],"picked":"Runic Pyramid"}],"items_purged_floors":[],"is_endless":false,"potions_floor_spawned":[5,7,14,18],"killed_by":"Slavers","ascension_level":18}}