{"host":"zntn5kfpqqjb7mu3","time":1610706957,"event":{"mods":["AchievementEnabler","Aspiration","BaseMod","Better-Laid Plans","Colored Map","Colored Powertips","Curses Come First","DNKmod","Friendly Minions","Hermit","Marked Mod","Minty Spire (QoL Compilation)","MostiFishMod","Permanent Neow","Quick Restart","Rare Cards Sparkle","Relic Stats","Remove Card Discount Mod","Replay The Spire","Spicy Shops","StSLib","SuperFastMode","TestMod","Waifu the Spire","vexMod","¡¾ÒÅÎï¿¨ÅÆ¡¿REMEMod","óô»ðÖ¸ÄÏ"],"gold_per_floor":[10012,10023,9687,9687,9697,9725,9061,9094,9094,9121,9121,9136,9136,9149,9149,9251,9251,9271,9281,9281,9297,9297,8911,8306,8339,8363,7876,7876,7876,7901,7849,7849,7849],"floor_reached":32,"language":"ZHS","playtime":1728,"items_purged":["Defend_G","Strike_G","Bouncing Flask","Survivor","Defend_G","Strike_G","Strike_G","aspiration:Lunge"],"score":624,"play_id":"9fb861b4-e4de-47f0-a5fd-2e935e292e19","local_time":"20210115183557","is_ascension_mode":true,"campfire_choices":[{"floor":13,"key":"RECALL"}],"circlet_count":0,"master_deck":["Strike_G+2","Strike_G+1","Defend_G+1","Defend_G","Defend_G","Neutralize","MostiFishMod:ShivMaster+1","Blade Dance+1","PiercingWail+1","Blade Dance+1","MostiFishMod:LethalBlade","PiercingWail","MostiFishMod:SpreadingSpore","After Image","Distraction","MostiFishMod:WinterMarkForm","Leg Sweep+1","Cloak And Dagger","REME_TwoStrings","MostiFishMod:FrostNova+1","ReplayTheSpireMod:Scrap Shanks","Night Terror","Apotheosis","Burst","Blade Dance"],"relics":["Ring of the Snake","testmod-TestBox","REME_ComplimentaryCards","DaveBox","Pet Ghost","GreenFoldingFan","testmod-AscensionHeart","SynthV:TestCard","REME_HandOfSuture","ReplayTheSpireMod:TigerMarble","Simple Rune","Tiny Chest","Whetstone","Technique","REME_HourglassOfDeath","aspiration:StickyExplosives","MutagenicStrength","Bottled Flame","ReplayTheSpireMod:ShopPack","Lantern","Shuriken","Boot","ReplayFunnel","testmod-AssaultLearning","Pen Nib","Bag of Marbles","Nloth\u0027s Gift"],"acts_visited":["Exordium","TheCity"],"potions_floor_usage":[6,16],"damage_taken":[{"damage":6,"enemies":"Jaw Worm","floor":1,"turns":3},{"damage":4,"enemies":"Cultist","floor":2,"turns":2},{"damage":2,"enemies":"2 Louse","floor":5,"turns":1},{"damage":14,"enemies":"3 Sentries","floor":6,"turns":3},{"damage":8,"enemies":"Lagavulin","floor":8,"turns":3},{"damage":4,"enemies":"Gremlin Nob","floor":10,"turns":2},{"damage":4,"enemies":"Red Slaver","floor":12,"turns":2},{"damage":4,"enemies":"2 Fungi Beasts","floor":14,"turns":2},{"damage":12,"enemies":"Fading Forest","floor":16,"turns":5},{"damage":6,"enemies":"Chosen","floor":18,"turns":3},{"damage":6,"enemies":"3 Byrds","floor":19,"turns":3},{"damage":6,"enemies":"Snake Plant","floor":21,"turns":3},{"damage":4,"enemies":"Gremlin Leader","floor":25,"turns":2},{"damage":6,"enemies":"Book of Stabbing","floor":30,"turns":3}],"seed_played":"-5001015822639627903","potions_obtained":[{"floor":2,"key":"Block Potion"},{"floor":5,"key":"Elixir"},{"floor":8,"key":"SkillPotion"},{"floor":16,"key":"Reflective Coating"},{"floor":21,"key":"Toxic Potion"}],"is_trial":false,"path_per_floor":["M","M","$","?","M","E","$","E","T","E","?","M","R","M","R","B",null,"M","M","?","M","?","R","$","E","T","R","T","?","E","$","R"],"character_chosen":"THE_SILENT","items_purchased":["REME_HandOfSuture","PiercingWail+1","ReplayTheSpireMod:TigerMarble","PiercingWail","Simple Rune","Tiny Chest","Whetstone","Technique","Bottled Flame","ReplayTheSpireMod:ShopPack","Lantern","Shuriken","MostiFishMod:FrostNova+1","ReplayTheSpireMod:Scrap Shanks","Apotheosis","testmod-AssaultLearning","Pen Nib","Blade Dance"],"campfire_rested":0,"item_purchase_floors":[3,3,3,7,7,7,7,7,23,23,24,24,24,24,27,27,27,31],"current_hp_per_floor":[68,70,70,70,70,66,66,69,69,70,70,70,70,70,70,75,75,75,75,75,75,75,75,75,75,75,75,75,75,75,75,75,75],"gold":7849,"neow_bonus":"RANDOM_COMMON_RELIC","is_daily":false,"chose_seed":false,"campfire_upgraded":0,"win_rate":0.0,"timestamp":1610706957,"path_taken":["M","M","$","?","M","E","$","E","T","E","?","M","R","M","R","BOSS","M","M","?","M","?","R","$","E","T","R","?","?","E","?","R"],"items_purchased_type":["Relic","Card","Relic","Card","Relic","Relic","Relic","Relic","Relic","Relic","Relic","Relic","Card","Card","Card","Relic","Relic","Card"],"build_version":"2020-12-22","purchased_purges":8,"victory":false,"max_hp_per_floor":[70,70,70,70,70,70,70,70,70,70,70,70,70,70,70,75,75,75,75,75,75,75,75,75,75,75,75,75,75,75,75,75,75],"relic_stats":{"counters":[14,36],"Shuriken":[1],"Tiny Chest":1,"Pen Nib":[0],"Nloth\u0027s Gift":0,"Whetstone":["Strike_G","Strike_G"],"Boot":[0],"obtain_stats":[{"ReplayFunnel":26,"Lantern":24,"DaveBox":0,"Juzu Bracelet":6,"Whetstone":7,"Boot":25,"Pet Ghost":0,"testmod-AscensionHeart":0,"GreenFoldingFan":0,"Tiny Chest":7,"Ring of the Snake":0,"aspiration:StickyExplosives":10,"testmod-TestBox":0,"Pen Nib":27,"Bottled Flame":23,"SynthV:TestCard":1,"REME_HourglassOfDeath":8,"Shuriken":24,"MutagenicStrength":22,"testmod-AssaultLearning":27,"Simple Rune":7,"REME_HandOfSuture":3,"ReplayTheSpireMod:TigerMarble":3,"Bag of Marbles":28,"Nloth\u0027s Gift":29,"Technique":7,"REME_ComplimentaryCards":0,"ReplayTheSpireMod:ShopPack":23},{"ReplayFunnel":13,"Lantern":12,"DaveBox":0,"Juzu Bracelet":4,"Whetstone":4,"Boot":13,"Pet Ghost":0,"testmod-AscensionHeart":0,"GreenFoldingFan":0,"Tiny Chest":4,"Ring of the Snake":0,"aspiration:StickyExplosives":6,"testmod-TestBox":0,"Pen Nib":13,"Bottled Flame":12,"SynthV:TestCard":1,"REME_HourglassOfDeath":5,"Shuriken":12,"MutagenicStrength":12,"testmod-AssaultLearning":13,"Simple Rune":4,"REME_HandOfSuture":2,"ReplayTheSpireMod:TigerMarble":2,"Bag of Marbles":13,"Nloth\u0027s Gift":13,"Technique":4,"REME_ComplimentaryCards":0,"ReplayTheSpireMod:ShopPack":12},{"ReplayFunnel":33,"Lantern":31,"DaveBox":0,"Juzu Bracelet":9,"Whetstone":9,"Boot":33,"Pet Ghost":0,"testmod-AscensionHeart":0,"GreenFoldingFan":0,"Tiny Chest":9,"Ring of the Snake":0,"aspiration:StickyExplosives":14,"testmod-TestBox":0,"Pen Nib":33,"Bottled Flame":31,"SynthV:TestCard":3,"REME_HourglassOfDeath":12,"Shuriken":31,"MutagenicStrength":31,"testmod-AssaultLearning":33,"Simple Rune":9,"REME_HandOfSuture":5,"ReplayTheSpireMod:TigerMarble":5,"Bag of Marbles":33,"Nloth\u0027s Gift":33,"Technique":9,"REME_ComplimentaryCards":0,"ReplayTheSpireMod:ShopPack":31}],"Ring of the Snake":[28]},"card_choices":[{"not_picked":["Deadly Poison","Draining Mist"],"picked":"Bouncing Flask","floor":1},{"not_picked":["Escape Plan","Calculated Gamble","Dodge and Roll","Concentrate"],"picked":"Blade Dance","floor":2},{"not_picked":["Dash","Catalyst","Flechettes","Acrobatics"],"picked":"Blade Dance","floor":5},{"not_picked":["REME_CopyPotion","REME_SpectralBlade","MostiFishMod:SpreadingSpore","MostiFishMod:Opportunism"],"picked":"MostiFishMod:LethalBlade","floor":6},{"not_picked":["Atom Bomb","MostiFishMod:Neurotoxin","Venomology","MostiFishMod:Dislodge"],"picked":"MostiFishMod:SpreadingSpore","floor":8},{"not_picked":["ReplayTheSpireMod:From All Sides","Unload","MostiFishMod:VineMother","MostiFishMod:VineMother"],"picked":"After Image","floor":10},{"not_picked":["PiercingWail","Poisoned Stab","Deadly Poison","Predator"],"picked":"Distraction","floor":12},{"not_picked":["Dash","Fluid Movement","Eviscerate","Outmaneuver"],"picked":"aspiration:Lunge","floor":14},{"not_picked":["REME_GrazeFinale","Corpse Explosion","Replay:Bag of Tricks","Envenom"],"picked":"MostiFishMod:WinterMarkForm","floor":16},{"not_picked":["Poisoned Stab","Well Laid Plans","Endless Agony+1","Dagger Throw","Underhanded Strike"],"picked":"SKIP","floor":18},{"not_picked":["Outmaneuver","Prepared","Replay:Poison Smokescreen","Dagger Spray"],"picked":"Leg Sweep+1","floor":19},{"not_picked":["ReplayTheSpireMod:Exploit Weakness","Toxin Wave","PiercingWail+1","MostiFishMod:InvigoratingSolution"],"picked":"Cloak And Dagger","floor":21},{"not_picked":["testmod-DisillusionmentEcho","Forethought","Metamorphosis","testmod-TemporaryDeletion"],"picked":"REME_TwoStrings","floor":23},{"not_picked":["REME_ShadowForm","MostiFishMod:Opportunism","Venomology","MostiFishMod:LethalBlade"],"picked":"Night Terror","floor":25},{"not_picked":["Unload","Doppelganger","MostiFishMod:Dislodge","MostiFishMod:Opportunism"],"picked":"Burst","floor":30}],"player_experience":70643,"relics_obtained":[{"floor":1,"key":"SynthV:TestCard"},{"floor":6,"key":"Juzu Bracelet"},{"floor":8,"key":"REME_HourglassOfDeath"},{"floor":10,"key":"aspiration:StickyExplosives"},{"floor":25,"key":"Boot"},{"floor":26,"key":"ReplayFunnel"},{"floor":28,"key":"Bag of Marbles"}],"event_choices":[{"damage_healed":0,"gold_gain":0,"player_choice":"Upgraded","damage_taken":0,"max_hp_gain":0,"max_hp_loss":0,"event_name":"Upgrade Shrine","floor":4,"gold_loss":0,"cards_upgraded":["MostiFishMod:ShivMaster"]},{"damage_healed":0,"gold_gain":0,"player_choice":"Leave","damage_taken":0,"max_hp_gain":0,"max_hp_loss":0,"event_name":"The Cleric","floor":11,"gold_loss":0},{"damage_healed":0,"gold_gain":0,"player_choice":"Ignored","damage_taken":0,"max_hp_gain":0,"max_hp_loss":0,"event_name":"Beggar","floor":20,"gold_loss":0},{"damage_healed":0,"gold_gain":0,"player_choice":"Inject Mutagens","damage_taken":0,"relics_obtained":["MutagenicStrength"],"max_hp_gain":0,"max_hp_loss":0,"event_name":"Drug Dealer","floor":22,"gold_loss":0},{"damage_healed":0,"gold_gain":0,"player_choice":"Traded Relic","damage_taken":0,"relics_obtained":["Nloth\u0027s Gift"],"max_hp_gain":0,"max_hp_loss":0,"event_name":"N\u0027loth","floor":29,"relics_lost":["Juzu Bracelet"],"gold_loss":0}],"is_beta":false,"boss_relics":[{"not_picked":["Painkiller Herb","testmod-EnergyCheck","vexMod:DeviousBotling"]}],"items_purged_floors":[3,3,7,23,23,23,23,23],"is_endless":false,"potions_floor_spawned":[2,5,8,16,21,25,30],"ascension_level":9}}