{"host":"51mqhfpmwwd4kxyt","time":1610725723,"event":{"mods":["BaseMod","Downfall","Highlight Path","Minty Spire (QoL Compilation)","READ ME - Guardian Mod","StSLib","The Cursed","The Servant 0.9.4"],"gold_per_floor":[109,109,119,134,134,134,146,146,146],"floor_reached":8,"language":"ENG","playtime":245,"items_purged":[],"score":65,"play_id":"f62a7634-e2ee-4917-9512-c7647a1d7c28","local_time":"20210115104843","is_ascension_mode":true,"campfire_choices":[{"floor":6,"key":"REST"}],"circlet_count":0,"master_deck":["Strike_G","Strike_G","Strike_G","Defend_G","Defend_G","Defend_G","Defend_G","Defend_G","Survivor","Neutralize","Outmaneuver","Footwork","Outmaneuver","Die Die Die","Acrobatics"],"relics":["Ring of the Snake","CaptainsWheel"],"acts_visited":["Exordium"],"potions_floor_usage":[7],"damage_taken":[{"damage":12,"enemies":"Jaw Worm","floor":1,"turns":7},{"damage":13,"enemies":"Cultist","floor":3,"turns":6},{"damage":0,"enemies":"2 Louse","floor":4,"turns":3},{"damage":0,"enemies":"Gremlin Gang","floor":7,"turns":2},{"damage":60,"enemies":"Gremlin Nob","floor":8,"turns":5}],"seed_played":"-4828913837443420009","potions_obtained":[{"floor":1,"key":"SteroidPotion"},{"floor":7,"key":"Explosive Potion"}],"is_trial":false,"path_per_floor":["M","?","M","M","?","R","M","E"],"character_chosen":"THE_SILENT","items_purchased":[],"campfire_rested":1,"item_purchase_floors":[],"current_hp_per_floor":[33,33,20,20,20,41,41,0,0],"gold":146,"neow_bonus":"ONE_RARE_RELIC","is_daily":false,"chose_seed":false,"campfire_upgraded":0,"win_rate":0.0,"timestamp":1610725723,"path_taken":["M","?","M","?","?","R","?","E"],"items_purchased_type":[],"build_version":"2020-12-22","purchased_purges":0,"victory":false,"max_hp_per_floor":[70,70,70,70,70,70,70,70,70],"card_choices":[{"not_picked":["Endless Agony","Underhanded Strike"],"picked":"Outmaneuver","floor":1},{"not_picked":["Dagger Spray","Flying Knee"],"picked":"Footwork","floor":3},{"not_picked":["PiercingWail","Quick Slash"],"picked":"Outmaneuver","floor":4},{"not_picked":["Dagger Throw","Concentrate"],"picked":"Acrobatics","floor":7}],"player_experience":393149,"relics_obtained":[],"event_choices":[{"cards_removed":["Strike_G"],"damage_healed":0,"gold_gain":0,"player_choice":"Purged","damage_taken":0,"max_hp_gain":0,"max_hp_loss":0,"event_name":"Purifier","floor":2,"gold_loss":0},{"damage_healed":0,"gold_gain":0,"cards_transformed":["Strike_G"],"player_choice":"Transformed","damage_taken":0,"max_hp_gain":0,"max_hp_loss":0,"event_name":"Transmorgrifier","floor":5,"gold_loss":0,"cards_obtained":["Die Die Die"]}],"is_beta":false,"boss_relics":[],"items_purged_floors":[],"is_endless":false,"potions_floor_spawned":[1,7],"killed_by":"Gremlin Nob","ascension_level":7}}