{"host":"moon9xuhyn08cqjw","time":1610703397,"event":{"mods":["2.2 Compatiblity","AchievementEnabler","BaseMod","Better Third Choice","Downfall","GungeonMod","Infinite Spire","Jedi Mod","Minty Spire (QoL Compilation)","StSLib","Td1madao Mod","The Blackbeard","The Necromancer","The Saiyan","The Senshi","TheBandit","Transform Curses","[IsaacMod]????"],"gold_per_floor":[110,110,124,137,148,148,165,165,165,180,197,197,197,208,208,306,306,323,323,323,323,323,348,348,382,382,399,70,80,93,16,16,16,16],"floor_reached":33,"language":"RUS","playtime":1854,"items_purged":[],"score":279,"play_id":"9b95d585-5244-419e-8249-a64545d62f4b","local_time":"20210115173637","is_ascension_mode":false,"campfire_choices":[{"data":"theSenshi:SailorUranusAssists","floor":6,"key":"SMITH"},{"data":"theSenshi:KlutzyLuck","floor":8,"key":"SMITH"},{"floor":13,"key":"REST"},{"floor":15,"key":"RECALL"},{"floor":24,"key":"REST"},{"floor":32,"key":"REST"}],"circlet_count":0,"master_deck":["theSenshi:SailorBlock","theSenshi:SailorBlock","theSenshi:SailorBlock","theSenshi:SailorBlock","theSenshi:RoseThrow","theSenshi:MoonPrismPowerMakeUp","theSenshi:CrisisMakeUp+1","theSenshi:SailorUranusAssists+1","theSenshi:SailorVenusAssists","theSenshi:SailorCosmosAssists","theSenshi:KlutzyLuck+1","theSenshi:ChibiMoonsLove","Parasite","Slimebound:Icky","infinitespire:SevenWalls","theSenshi:MoonSpiralHeartAttack","theSenshi:InTheNameOfTheMoon","theSenshi:LunasBite","theSenshi:SailorStarFighterAssists","Slimebound:Tackle+1","Slimebound:Tackle+1","Slimebound:Tackle+1","theSenshi:VenusGlamour+1","theSenshi:TallSilhouette","theSenshi:UranusStrength+1","theSenshi:MercurysCunning","theSenshi:RainbowMoonHeartAche+1","theSenshi:KlutzyLuck","theSenshi:MoonHealingEscalation"],"relics":["theSenshi:TransformationBroochRelic","HushsDoor","NeowsBlessing","BFFS","DoctorsRemote","MagicMushroom","Guardian:PocketSentry","infinitespire:EmpoweringShard","jedi:crownofsimplicity","Ice Cream","DemoMod:Bottle","Torii"],"acts_visited":["Exordium","TheCity"],"potions_floor_usage":[16,16,23,29],"damage_taken":[{"damage":0,"enemies":"Jaw Worm","floor":1,"turns":1},{"damage":0,"enemies":"2 Louse","floor":3,"turns":1},{"damage":0,"enemies":"Cultist","floor":4,"turns":1},{"damage":6,"enemies":"3 Louse","floor":5,"turns":5},{"damage":6,"enemies":"Looter","floor":7,"turns":4},{"damage":8,"enemies":"Large Slime","floor":10,"turns":7},{"damage":10,"enemies":"Exordium Wildlife","floor":11,"turns":3},{"damage":3,"enemies":"Looter","floor":14,"turns":4},{"damage":30,"enemies":"Slime Boss","floor":16,"turns":12},{"damage":5,"enemies":"Chosen","floor":18,"turns":6},{"damage":40,"enemies":"Gremlin Leader","floor":23,"turns":7},{"damage":20,"enemies":"Slavers","floor":25,"turns":6},{"damage":3,"enemies":"2 Thieves","floor":27,"turns":4},{"damage":14,"enemies":"Cultist and Chosen","floor":29,"turns":4},{"damage":11,"enemies":"Chosen and Byrds","floor":30,"turns":5},{"damage":62,"enemies":"Collector","floor":33,"turns":10}],"seed_played":"-5160432963215664809","potions_obtained":[{"floor":5,"key":"champ:CounterPotion"},{"floor":7,"key":"jedi:wingpotion"},{"floor":14,"key":"AttackPotion"},{"floor":16,"key":"jedi:tentaclejuice"},{"floor":18,"key":"Ancient Potion"},{"floor":27,"key":"Swift Potion"}],"is_trial":false,"path_per_floor":["M","?","M","M","M","R","M","R","T","M","M","?","R","M","R","B",null,"M","?","AVR","?","?","E","R","E","T","M","$","M","M","$","R","B"],"character_chosen":"THE_SENSHI","items_purchased":["Torii","theSenshi:MercurysCunning","theSenshi:MoonHealingEscalation"],"campfire_rested":3,"item_purchase_floors":[28,28,31],"current_hp_per_floor":[75,75,75,75,69,69,63,63,63,55,45,45,67,64,64,34,82,82,82,82,82,82,42,66,47,47,45,45,32,22,22,46,0,0],"gold":16,"neow_bonus":"THREE_ENEMY_KILL","is_daily":false,"chose_seed":false,"campfire_upgraded":2,"win_rate":0.0,"timestamp":1610703397,"path_taken":["M","?","M","M","M","R","M","R","T","M","?","?","R","M","R","BOSS","M","?","AVR","?","?","E","R","E","T","M","$","M","M","$","R","BOSS"],"items_purchased_type":["Relic","Card","Card"],"build_version":"2020-12-22","purchased_purges":0,"victory":false,"max_hp_per_floor":[75,75,75,75,75,75,75,75,75,75,75,75,75,75,75,75,82,82,82,82,82,82,82,82,82,82,82,82,82,82,82,82,82,82],"card_choices":[{"not_picked":[],"picked":"ChaosCard","floor":0},{"not_picked":["theSenshi:HesSoDreamy","theSenshi:SupersonicWaves"],"picked":"theSenshi:CrisisMakeUp","floor":1},{"not_picked":["theSenshi:EncouragingSpeech","theSenshi:SailorPlanetPower"],"picked":"theSenshi:SailorUranusAssists","floor":3},{"not_picked":["theSenshi:EncouragingSpeech","theSenshi:LateForSchool"],"picked":"theSenshi:SailorVenusAssists","floor":4},{"not_picked":["theSenshi:MoonsReflection","theSenshi:LunasBite"],"picked":"theSenshi:SailorCosmosAssists","floor":5},{"not_picked":["theSenshi:OdangoHead","theSenshi:SailorMarsAssists"],"picked":"theSenshi:KlutzyLuck","floor":7},{"not_picked":["theSenshi:EncouragingSpeech","theSenshi:HesSoDreamy"],"picked":"theSenshi:ChibiMoonsLove","floor":10},{"not_picked":["theSenshi:SchoolBag","theSenshi:MoonsReflection"],"picked":"Bomb","floor":11},{"not_picked":["infinitespire:SealOfDarkness+","infinitespire:FinalStrike"],"picked":"infinitespire:SevenWalls","floor":12},{"not_picked":["theSenshi:SailorMarsAssists","theSenshi:SailorVenusAssists"],"picked":"theSenshi:MoonSpiralHeartAttack","floor":14},{"not_picked":["theSenshi:FatedKiss","theSenshi:IWillPunishYou"],"picked":"theSenshi:InTheNameOfTheMoon","floor":16},{"not_picked":["theSenshi:LateForSchool","theSenshi:MoonsReflection"],"picked":"theSenshi:LunasBite","floor":18},{"not_picked":["theSenshi:FatedKiss","theSenshi:LateForSchool"],"picked":"theSenshi:VenusGlamour+1","floor":23},{"not_picked":["theSenshi:EncouragingSpeech","theSenshi:SailorNeptuneAssists"],"picked":"theSenshi:TallSilhouette","floor":25},{"not_picked":["theSenshi:MoonHealingEscalation+1","theSenshi:GatheringStrength+1"],"picked":"theSenshi:UranusStrength+1","floor":27},{"not_picked":["theSenshi:MoonTiaraMagic+1","theSenshi:MoonKick"],"picked":"theSenshi:RainbowMoonHeartAche+1","floor":29},{"not_picked":["theSenshi:SailorStarMakerAssists","theSenshi:SailorChibiMoonAssists"],"picked":"theSenshi:KlutzyLuck","floor":30}],"player_experience":1124806,"relics_obtained":[{"floor":9,"key":"DoctorsRemote"},{"floor":19,"key":"Guardian:PocketSentry"},{"floor":23,"key":"jedi:crownofsimplicity"},{"floor":25,"key":"Ice Cream"},{"floor":26,"key":"DemoMod:Bottle"}],"event_choices":[{"damage_healed":0,"gold_gain":0,"player_choice":"Read","damage_taken":0,"max_hp_gain":0,"max_hp_loss":0,"event_name":"The Library","floor":21,"gold_loss":0,"cards_obtained":["theSenshi:SailorStarFighterAssists"]}],"is_beta":false,"boss_relics":[{"not_picked":["Snecko Eye","Velvet Choker"],"picked":"MagicMushroom"},{"not_picked":[]}],"items_purged_floors":[],"is_endless":false,"potions_floor_spawned":[5,7,14,16,18,27],"killed_by":"Collector","ascension_level":0}}