{"host":"gyphjc57tbbk9zp6","time":1610688674,"event":{"mods":["Act Like it!","BaseMod","Downfall","Elementarium","Friendly Minions","FruityMod","Gensokyo","Gremlin Skip","Hallownest","Hermit","Highlight Path","Hubris","Hyrulean Relics","Infinite Spire","Ironclad Rager","Jorbs\u0027s Wanderer Trilogy","KinomotoSakuraMod(????)","Kiyohime????","Koishi","Luminous","Mad Scientist","Marisa????????","Mimic Mod","Minty Spire (QoL Compilation)","Nova Terra(??·??)","Pale of the Ancients","Potionbrewer","Shedinja","StSLib","SuperFastMode","Td1madao Mod","The Administrix","The Alterego","The Blackbeard","The Bladedancer","The Bug Knight","The Construct","The Disciple","The Druid","The Elementalist","The Exalted","The Factory","The Hayseed","The Hierophant","The Judge","The Juggle","The Jungle","The Mystic","The Poker Player","The Senshi","The Servant 0.9.4","The Trickster","The Vixen","The Wild Card","TheHero","TheSwordswoman","TheVelvet","Yuyuko"],"gold_per_floor":[399,416,416,426,444,444,482,185,200,235,247,263,188,205,220,319,319,319,335,353,403,403,403,429,467,479,507,522,539,539],"floor_reached":29,"language":"ENG","playtime":2269,"items_purged":["Faramita\u0027s Temptation","Dreamy Sakura"],"score":294,"play_id":"10177791-4d66-411c-83c0-2f14cded1608","local_time":"20210114233114","is_ascension_mode":false,"campfire_choices":[{"data":"Deathly Ground","floor":1,"key":"SMITH"},{"data":"Chase The Sukhavati","floor":6,"key":"SMITH"},{"data":"Open The Fan","floor":13,"key":"SMITH"},{"data":"Float on Moon","floor":18,"key":"SMITH"},{"data":"Serene Spring","floor":23,"key":"SMITH"}],"circlet_count":0,"master_deck":["Fantasy Butterflies","Fantasy Butterflies","Fantasy Butterflies","Fantasy Butterflies","Fantasy Butterflies","Dreamy Sakura","Dreamy Sakura","Dreamy Sakura","Deathly Ground+1","Postpone Bloom","Cerasus Subhirtella","Chase The Sukhavati+1","Postpone Bloom","Dancing Butterflies","Dancing Butterflies","Serene Spring+1","Open The Fan+1","Showy Withering","Unknown Petal","Float on Moon+1","Fondling of Papilio+1","Unfulfilling Attachment"],"relics":["Coronal","Yuyuko\u0027s fan","Old Coin","Gensokyo:Justice","ClockworkSouvenir","hubris:DisguiseKit","downfall:HeartBlessingBlue","hubris:ScarierMask","potionbrewer:MortarAndPestle","downfall:RedIOU","hubris:SphereOfDissonance"],"acts_visited":["Gensokyo:Gensokyo","TheCity"],"potions_floor_usage":[16,16,16,20,25],"damage_taken":[{"damage":4,"enemies":"Gensokyo:2_Kodama","floor":2,"turns":4},{"damage":12,"enemies":"Gensokyo:Python","floor":4,"turns":3},{"damage":15,"enemies":"Gensokyo:Gryphon","floor":5,"turns":3},{"damage":27,"enemies":"Gensokyo:5_Fairies","floor":7,"turns":6},{"damage":9,"enemies":"downfall:FleeingMerchant","floor":8,"turns":4},{"damage":2,"enemies":"Gensokyo:5_Fairies","floor":9,"turns":2},{"damage":7,"enemies":"Gensokyo:Cirno","floor":10,"turns":4},{"damage":15,"enemies":"Gensokyo:3_Kodama","floor":11,"turns":3},{"damage":10,"enemies":"Gensokyo:Python_and_Kodama","floor":12,"turns":3},{"damage":20,"enemies":"Gensokyo:Gryphon_and_Rabbit","floor":14,"turns":4},{"damage":23,"enemies":"Gensokyo:2_Rabbits","floor":15,"turns":4},{"damage":114,"enemies":"downfall:Defect","floor":16,"turns":7},{"damage":23,"enemies":"3 Byrds","floor":19,"turns":3},{"damage":13,"enemies":"Chosen","floor":20,"turns":3},{"damage":20,"enemies":"Slavers","floor":25,"turns":3},{"damage":87,"enemies":"Nightmare","floor":27,"turns":10},{"damage":40,"enemies":"Snecko","floor":28,"turns":5},{"damage":24,"enemies":"Centurion and Healer","floor":29,"turns":3}],"seed_played":"-1478215539771552594","potions_obtained":[{"floor":9,"key":"LiquidMemories"},{"floor":11,"key":"Block Potion"},{"floor":14,"key":"Energy Potion"},{"floor":16,"key":"AttackPotion"},{"floor":20,"key":"Fruit Juice"},{"floor":29,"key":"FearPotion"}],"is_trial":false,"path_per_floor":["R","M","?","M","M","R","MIM","$","M","E","M","M","R","M","M","B",null,"R","M","M","?","AVR","R","T","E","?","NM","M","M"],"character_chosen":"YUYOKO","items_purchased":["ClockworkSouvenir","Dancing Butterflies"],"campfire_rested":0,"item_purchase_floors":[8,8],"current_hp_per_floor":[28,36,36,28,33,33,33,36,38,36,33,30,40,46,46,14,50,50,27,31,31,31,31,31,15,15,35,23,12,12],"gold":539,"neow_bonus":"ONE_RARE_RELIC","is_daily":false,"chose_seed":false,"campfire_upgraded":5,"win_rate":0.0,"timestamp":1610688674,"path_taken":["R","M","?","M","?","R","MIM","$","M","E","M","M","R","M","M","BOSS","R","M","M","?","AVR","R","T","E","?","NM","M","M"],"items_purchased_type":["Relic","Card"],"build_version":"2020-12-22","purchased_purges":2,"victory":false,"max_hp_per_floor":[40,40,40,40,40,40,40,40,40,40,40,40,50,50,50,50,50,50,50,55,55,55,55,55,55,55,55,55,55,55],"card_choices":[{"not_picked":["Death Dancing","Suicide"],"picked":"Postpone Bloom","floor":2},{"not_picked":["Sakura Ward","Gone"],"picked":"Cerasus Subhirtella","floor":4},{"not_picked":["Unborn Light","Dying Butterflies"],"picked":"Chase The Sukhavati","floor":5},{"not_picked":["Snow","Unborn Light"],"picked":"Postpone Bloom","floor":7},{"not_picked":["City of Death","Reverse The Screen","Dying Butterflies"],"picked":"SKIP","floor":8},{"not_picked":["Ghostdom Sakura","End of Faramita"],"picked":"Dancing Butterflies","floor":9},{"not_picked":["Become Phantom","Elegance"],"picked":"Serene Spring","floor":10},{"not_picked":["Gather the Spring","Song of Papilio","theSenshi:TallSilhouette"],"picked":"Open The Fan","floor":11},{"not_picked":["Ghostdom Sakura","Chase The Sukhavati","theSenshi:OdangoHead"],"picked":"Showy Withering","floor":12},{"not_picked":["Final of Final","Steamed Phantom","Butterflies in Dream","theSenshi:MoonTiaraMagic"],"picked":"SKIP","floor":14},{"not_picked":["End of Faramita","Cerasus Subhirtella","theSenshi:MoonPrincessHalation"],"picked":"Unknown Petal","floor":15},{"not_picked":["Living to Die","Supernatural Nether","theSenshi:InTheNameOfTheMoon"],"picked":"Float on Moon","floor":16},{"not_picked":["All Wander","Dancing Soul+1","Ghostdom Sakura","theSenshi:SailorPlanetPower"],"picked":"SKIP","floor":19},{"not_picked":["End of Faramita","Elegance+1","theSenshi:DramaticEntrance"],"picked":"Fondling of Papilio+1","floor":20},{"not_picked":["Unstable Ward","Open The Fan+1","theSenshi:MoonsReflection"],"picked":"Unfulfilling Attachment","floor":25},{"not_picked":["Song of Papilio","Reverse The Screen+1","Suicide","theSenshi:SailorMercuryAssists"],"picked":"SKIP","floor":27},{"not_picked":["All Wander","Unborn Light+1","Phantom Village+1","theSenshi:LunaWiseMentor"],"picked":"SKIP","floor":28},{"not_picked":["Spear of Papilio","Open The Fan","Ticket to Heaven","theSenshi:OdangoHead"],"picked":"SKIP","floor":29}],"player_experience":1049970,"relics_obtained":[{"floor":10,"key":"hubris:DisguiseKit"},{"floor":24,"key":"MawBank"},{"floor":25,"key":"potionbrewer:MortarAndPestle"},{"floor":27,"key":"hubris:SphereOfDissonance"}],"event_choices":[],"is_beta":false,"boss_relics":[{"not_picked":["Pandora\u0027s Box","hubris:BlackHole"],"picked":"hubris:ScarierMask"}],"items_purged_floors":[8,22],"is_endless":true,"potions_floor_spawned":[9,11,14,16,20,29],"killed_by":"Centurion and Healer","ascension_level":0}}