{"host":"h1qktzcccqnez8tx","time":1610747737,"event":{"mods":["BaseMod","Block Reminder","Colored Map","Colored Powertips","Curses Come First","Downfall","Highlight Path","Jorbs\u0027s Wanderer Trilogy","Minty Spire (QoL Compilation)","Permanent Neow","Quick Restart","Relic Stats","Replay The Spire","Say the Spire","StSLib","The Cursed","The Disciple","The Hierophant","The Necromancer","The Servant 0.9.4"],"gold_per_floor":[109,126,139,159,170,170,186,216,216,248,258,258,258,146,146,126,126,226,226,245,265,282,293,140,140,156,187,187,213,231,85,100,126,126,228,228,248,262,274,290,0,0,12,12,39,50,68,79,97,114,114,114],"floor_reached":53,"language":"ENG","playtime":6239,"items_purged":[],"score":783,"play_id":"c7aa7202-b423-40c1-b4de-9cf18589d22a","local_time":"20210115225537","is_ascension_mode":false,"campfire_choices":[{"data":"Life_Drain","floor":6,"key":"SMITH"},{"floor":17,"key":"REST"},{"data":"Death_March_Dance","floor":25,"key":"SMITH"},{"data":"Consume_Illness","floor":34,"key":"SMITH"},{"data":"Vampiric_Strike","floor":42,"key":"SMITH"},{"floor":51,"key":"DIG"}],"circlet_count":0,"master_deck":["Strike_W","Strike_W","Strike_W","Strike_W","Defend_W+1","Defend_W","Defend_W","Defend_W","Negative_Energy_Arrows","Bone_Wall+1","Enlightenment","Life_Drain+1","Shackles_Of_Pain","Blood_Shield","Finger_Of_Death","Life_Tap+1","Vampiric_Strike+1","Summon_Undead","Summon_Undead_Army+1","Vampiric_Strike","Blood_Magic","Bone_Prison+1","Death_March_Dance+1","Summon_Undead","Blood_Shield","Summon_Vampire_Lady","Blood_Shield","Summon_Lich","Shackles_Of_Pain","Shade_Step+1","Uncharnel","Consume_Illness+1","Scare+1","Blood_Curse","Summon_Lich","Blood_Whip","Bone_Armor","Summon_Vampire_Lady","Scare+1","Blood_Whip","Summon_Undead_Army+1","Spectral_Walk+1","Bone_Bullets+1","Blood_Shield+1","Uncharnel+1","Parasite","Summon_Death_Knight","Negative_Energy_Javelin+1","Uncharnel"],"relics":["Vampire_Amulet","Smiling Mask","Meat on the Bone","InkBottle","Honey Jar","Counterbalance","Bottled Tornado","Replay:Ringing Soul","Orrery","Mirror","Philosopher\u0027s Stone","Red Mask","Pet Ghost","Quantum Egg"],"acts_visited":["Exordium","TheCity","TheBeyond"],"potions_floor_usage":[22,23,26,26,38,38,40,49,52,52,52,52],"damage_taken":[{"damage":4,"enemies":"Small Slimes","floor":1,"turns":4},{"damage":0,"enemies":"2 Louse","floor":2,"turns":3},{"damage":12,"enemies":"Cultist","floor":3,"turns":7},{"damage":8,"enemies":"2 Fungi Beasts","floor":4,"turns":6},{"damage":8,"enemies":"Exordium Thugs","floor":5,"turns":6},{"damage":6,"enemies":"3 Louse","floor":7,"turns":5},{"damage":28,"enemies":"Gremlin Nob","floor":10,"turns":5},{"damage":27,"enemies":"Exordium Wildlife","floor":11,"turns":6},{"damage":48,"enemies":"The Guardian","floor":18,"turns":10},{"damage":11,"enemies":"Chosen","floor":20,"turns":5},{"damage":12,"enemies":"Shell Parasite","floor":21,"turns":6},{"damage":34,"enemies":"Shelled Parasite and Fungi","floor":22,"turns":6},{"damage":13,"enemies":"Snake Plant","floor":23,"turns":3},{"damage":34,"enemies":"Cultist and Chosen","floor":26,"turns":6},{"damage":67,"enemies":"Gremlin Leader","floor":27,"turns":12},{"damage":24,"enemies":"Replay:Snechameleon","floor":29,"turns":7},{"damage":14,"enemies":"Centurion and Healer","floor":30,"turns":9},{"damage":49,"enemies":"Snake Plant","floor":32,"turns":4},{"damage":48,"enemies":"Slavers","floor":33,"turns":6},{"damage":22,"enemies":"Champ","floor":35,"turns":12},{"damage":25,"enemies":"Orb Walker","floor":37,"turns":4},{"damage":61,"enemies":"3 Darklings","floor":38,"turns":5},{"damage":32,"enemies":"Transient","floor":39,"turns":5},{"damage":53,"enemies":"Jaw Worm Horde","floor":40,"turns":6},{"damage":54,"enemies":"Sphere and 2 Shapes","floor":43,"turns":8},{"damage":44,"enemies":"3 Darklings","floor":46,"turns":6},{"damage":30,"enemies":"Transient","floor":47,"turns":5},{"damage":24,"enemies":"Writhing Mass","floor":48,"turns":7},{"damage":63,"enemies":"Jaw Worm Horde","floor":49,"turns":5},{"damage":15,"enemies":"4 Shapes","floor":50,"turns":7},{"damage":137,"enemies":"Time Eater","floor":52,"turns":9}],"seed_played":"-2507100659462256118","potions_obtained":[{"floor":2,"key":"Languid Potion"},{"floor":3,"key":"DistilledChaos"},{"floor":7,"key":"Guardian:BlockOnCardUsePotion"},{"floor":16,"key":"ColorlessPotion"},{"floor":20,"key":"Slimebound:ThreeZeroPotion"},{"floor":21,"key":"Explosive Potion"},{"floor":22,"key":"DuplicationPotion"},{"floor":30,"key":"Death Potion"},{"floor":32,"key":"AttackPotion"},{"floor":35,"key":"SteroidPotion"},{"floor":37,"key":"Strength Potion"},{"floor":38,"key":"Block Potion"},{"floor":43,"key":"SkillPotion"},{"floor":48,"key":"Fruit Juice"},{"floor":49,"key":"PowerPotion"}],"is_trial":false,"path_per_floor":["M","M","M","M","M","R","M","?","T","E","M","PTL","PTL","$","?","?","R","B",null,"M","M","M","M","$","R","M","E","T","E","M","$","M","E","R","B",null,"M","M","M","M","?","R","M","?","T","M","M","M","M","M","R_BF","B",null],"character_chosen":"NECROMANCER","items_purchased":["Summon_Undead_Army+1","Vampiric_Strike","Summon_Vampire_Lady","Orrery"],"campfire_rested":1,"item_purchase_floors":[14,14,24,31],"current_hp_per_floor":[75,75,71,73,75,75,75,75,75,49,49,49,49,49,34,34,56,32,75,69,75,53,57,57,57,56,70,70,66,81,84,59,53,53,87,93,88,53,56,59,59,59,61,61,61,64,67,81,68,102,102,57],"gold":114,"neow_bonus":"COLORLESS_CARD","is_daily":false,"chose_seed":false,"campfire_upgraded":4,"win_rate":0.0,"timestamp":1610747737,"path_taken":["M","M","M","M","M","R","M","?","T","E","M","PTL","PTL","$","?","?","R","BOSS","M","M","M","M","$","R","M","E","T","E","M","$","M","E","R","BOSS","M","M","M","M","?","R","M","?","T","?","M","M","M","M","R_BF","BOSS"],"items_purchased_type":["Card","Card","Card","Relic"],"build_version":"2020-12-22","purchased_purges":0,"victory":true,"max_hp_per_floor":[75,75,75,75,75,75,75,75,75,75,75,75,75,75,75,75,75,75,75,75,75,75,75,75,75,75,75,75,78,81,84,87,90,90,93,93,96,99,102,105,105,105,108,108,108,111,114,117,125,128,128,128],"relic_stats":{"counters":[31,195],"Smiling Mask":0,"obtain_stats":[{"Counterbalance":27,"Quantum Egg":51,"Bottled Tornado":28,"Smiling Mask":8,"Pet Ghost":45,"Replay:Ringing Soul":29,"Honey Jar":19,"Orrery":31,"Philosopher\u0027s Stone":36,"Vampire_Amulet":0,"Red Mask":41,"Mirror":33,"InkBottle":10,"Meat on the Bone":9},{"Counterbalance":15,"Quantum Egg":30,"Bottled Tornado":15,"Smiling Mask":6,"Pet Ghost":25,"Replay:Ringing Soul":16,"Honey Jar":9,"Orrery":17,"Philosopher\u0027s Stone":20,"Vampire_Amulet":0,"Red Mask":24,"Mirror":19,"InkBottle":7,"Meat on the Bone":6},{"Counterbalance":90,"Quantum Egg":186,"Bottled Tornado":90,"Smiling Mask":31,"Pet Ghost":156,"Replay:Ringing Soul":97,"Honey Jar":52,"Orrery":106,"Philosopher\u0027s Stone":128,"Vampire_Amulet":0,"Red Mask":148,"Mirror":116,"InkBottle":36,"Meat on the Bone":31}],"InkBottle":[58],"Meat on the Bone":84},"card_choices":[{"not_picked":["Bone_Shift","Vampiric_Strike"],"picked":"Life_Drain","floor":1},{"not_picked":["Bones_to_Steel","Blood_Curse"],"picked":"Shackles_Of_Pain","floor":2},{"not_picked":["Blood_Whip","Grasp_Heart"],"picked":"Blood_Shield","floor":3},{"not_picked":["Plague_Bolt","Negative_Energy_Shield","Shade_Step"],"picked":"SKIP","floor":4},{"not_picked":["Bones_to_Steel","Acid_Javelin"],"picked":"Finger_Of_Death","floor":5},{"not_picked":["Blood_Whip","Strike_from_Beyond"],"picked":"Life_Tap","floor":7},{"not_picked":["Thousand_Bone_Knives","Blood_Shield"],"picked":"Vampiric_Strike","floor":10},{"not_picked":["Shackles_Of_Pain","Strike_from_Beyond"],"picked":"Summon_Undead","floor":11},{"not_picked":["Hellfire","Reap_The_Weak"],"picked":"Blood_Magic","floor":18},{"not_picked":["Chill_Blood+1","Negative_Energy_Sphere+1","Blood_Whip+1"],"picked":"Bone_Prison+1","floor":20},{"not_picked":["Negative_Energy_Sphere","Negative_Energy_Shield","Necrotic_Claws"],"picked":"Death_March_Dance","floor":21},{"not_picked":["Shackles_Of_Pain+1","Blood_Shield","Toxic_Smoke_Screen+1"],"picked":"Summon_Undead","floor":22},{"not_picked":["Bone_Shift","Negative_Energy_Burst","Bones_to_Steel"],"picked":"Blood_Shield","floor":23},{"not_picked":["Stop_Heart","Summon_Undead_Army","Toxic_Smoke_Screen"],"picked":"Blood_Shield","floor":26},{"not_picked":["Negative_Energy_Sphere","Stop_Heart","Shackles_Of_Pain"],"picked":"Summon_Lich","floor":27},{"not_picked":["Pandemic+1","Consume_Illness","Negative_Energy_Javelin"],"picked":"Shackles_Of_Pain","floor":29},{"not_picked":["Bone_Bullets","Summon_Undead_Army","Blood_Shield"],"picked":"Shade_Step+1","floor":30},{"not_picked":["Blood_Whip","Necromantic_Selection","Stop_Heart"],"picked":"Uncharnel","floor":31},{"not_picked":["Negative_Energy_Bomb","Flesh_Made_Foul","Pandemic"],"picked":"Consume_Illness","floor":31},{"not_picked":["Negative_Energy_Sphere","Death_Coil","Negative_Energy_Mist"],"picked":"Scare+1","floor":31},{"not_picked":["Negative_Energy_Shield+1","Bone_Armory+1","Negative_Energy_Sphere"],"picked":"Blood_Curse","floor":31},{"not_picked":["Negative_Energy_Burst","Stop_Heart","Bone_Bullets"],"picked":"Summon_Lich","floor":31},{"not_picked":["Death_March_Dance","Shade_Step","Epidemic+1"],"picked":"Blood_Whip","floor":32},{"not_picked":["Necrotic_Claws+1","Negative_Energy_Bomb","Toxic_Smoke_Screen"],"picked":"Bone_Armor","floor":33},{"not_picked":["Summon_Death_Knight","Blood_Wake","Reap_The_Weak"],"picked":"Summon_Vampire_Lady","floor":35},{"not_picked":["Toxic_Smoke_Screen+1","Negative_Energy_Javelin","Negative_Energy_Shield+1"],"picked":"Scare+1","floor":37},{"not_picked":["Negative_Energy_Sphere+1","Bone_Armory","Bone_Bullets"],"picked":"Blood_Whip","floor":38},{"not_picked":["Bone_Bullets","Grasp_Heart","Scare+1"],"picked":"Summon_Undead_Army+1","floor":39},{"not_picked":["Death_Coil+1","Corrupt+1","Acid_Javelin"],"picked":"Spectral_Walk+1","floor":40},{"not_picked":["Chill_Blood","Pandemic+1","Negative_Energy_Shield"],"picked":"Bone_Bullets+1","floor":43},{"not_picked":["Negative_Energy_Shield","Deaths_Shadow+1","Shade_Step"],"picked":"Blood_Shield+1","floor":46},{"not_picked":["Plague_Bolt","Bone_Bullets+1","Bone_Shift+1"],"picked":"Uncharnel+1","floor":47},{"not_picked":["Bone_Armor","Thousand_Bone_Knives","Bone_Bullets+1"],"picked":"Summon_Death_Knight","floor":48},{"not_picked":["Death_Coil","Whirlwind_of_Bones","Blood_Curse"],"picked":"Negative_Energy_Javelin+1","floor":49},{"not_picked":["Vampiric_Strike","Necrotic_Claws","Cloudkill"],"picked":"Uncharnel","floor":50}],"player_experience":85319,"relics_obtained":[{"floor":9,"key":"Meat on the Bone"},{"floor":10,"key":"InkBottle"},{"floor":27,"key":"Counterbalance"},{"floor":28,"key":"Bottled Tornado"},{"floor":29,"key":"Replay:Ringing Soul"},{"floor":33,"key":"Mirror"},{"floor":45,"key":"Pet Ghost"},{"floor":51,"key":"Quantum Egg"}],"event_choices":[{"damage_healed":0,"gold_gain":30,"player_choice":"Searched \u00273\u0027 times","damage_taken":0,"relics_obtained":["Smiling Mask"],"max_hp_gain":0,"max_hp_loss":0,"event_name":"Dead Adventurer","floor":8,"gold_loss":0},{"damage_healed":0,"gold_gain":0,"player_choice":"Entered Light","damage_taken":15,"max_hp_gain":0,"max_hp_loss":0,"event_name":"Shining Light","floor":15,"gold_loss":0,"cards_upgraded":["Bone_Wall","Defend_W"]},{"damage_healed":0,"gold_gain":0,"player_choice":"Bought 1 Potion","damage_taken":0,"max_hp_gain":0,"max_hp_loss":0,"event_name":"The Woman in Blue","floor":16,"gold_loss":0},{"damage_healed":0,"gold_gain":0,"player_choice":"Paid","damage_taken":0,"relics_obtained":["Red Mask"],"max_hp_gain":0,"max_hp_loss":0,"event_name":"Tomb of Lord Red Mask","floor":41,"gold_loss":290},{"damage_healed":0,"gold_gain":0,"player_choice":"Upgraded","damage_taken":0,"max_hp_gain":0,"max_hp_loss":0,"event_name":"Upgrade Shrine","floor":44,"gold_loss":0,"cards_upgraded":["Life_Tap"]}],"is_beta":false,"boss_relics":[{"not_picked":["Cursed Key","Replay:Bronze Core"],"picked":"Honey Jar"},{"not_picked":["Painkiller Herb","Velvet Choker"],"picked":"Philosopher\u0027s Stone"}],"items_purged_floors":[],"is_endless":false,"potions_floor_spawned":[2,3,7,18,20,21,22,30,32,35,37,38,43,48,49],"ascension_level":0}}