{"host":"o5or1zybx7au40zl","time":1610723361,"event":{"mods":["Act Like it!","Aspiration","BaseMod","Better Third Choice","Conspire","Dota2Spire","GungeonMod","Halation","Hubris","Minty Spire (QoL Compilation)","Replay The Spire","StSLib","The Jungle","Yuri Mod","vexMod"],"gold_per_floor":[10,10,27,27,47,47,77,103,103,137,149,4,20,46,46,46,46],"floor_reached":16,"language":"ENG","playtime":401,"items_purged":["Strike_G"],"score":120,"play_id":"cf191713-81bd-474c-8593-de54fefdc8dd","local_time":"20210115160921","is_ascension_mode":false,"campfire_choices":[{"floor":6,"key":"RECALL"},{"floor":15,"key":"REST"}],"circlet_count":0,"master_deck":["Strike_G","Strike_G","Defend_G","Defend_G","Defend_G","Survivor","Neutralize","Sucker Punch","Flying Knee","Envenom","Caltrops","Malaise"],"relics":["Ring of the Snake","Dota2Spire:MaskOfMadness","aspiration:HummingbirdHeart","DemoMod:WhiteGuonStone","aspiration:StickyExplosives_weak"],"acts_visited":["Exordium"],"potions_floor_usage":[7,13,14],"damage_taken":[{"damage":0,"enemies":"conspire:RoseBush","floor":1,"turns":4},{"damage":1,"enemies":"2 Louse","floor":3,"turns":2},{"damage":0,"enemies":"Cultist","floor":5,"turns":3},{"damage":19,"enemies":"Gremlin Nob","floor":7,"turns":4},{"damage":25,"enemies":"Replay:BlueRogue","floor":10,"turns":7},{"damage":2,"enemies":"Exordium Wildlife","floor":11,"turns":4},{"damage":0,"enemies":"Exordium Thugs","floor":13,"turns":5},{"damage":4,"enemies":"Lagavulin","floor":14,"turns":8},{"damage":48,"enemies":"Slime Boss","floor":16,"turns":6}],"seed_played":"-1886075505592770361","potions_obtained":[{"floor":5,"key":"SteroidPotion"},{"floor":11,"key":"Strength Potion"}],"is_trial":false,"path_per_floor":["M","?","M","?","M","R","E","T","T","E","M","$","M","E","R","B"],"character_chosen":"THE_SILENT","items_purchased":["Caltrops"],"campfire_rested":1,"item_purchase_floors":[12],"current_hp_per_floor":[70,70,69,69,69,69,50,50,50,25,23,23,23,19,40,0,0],"gold":46,"neow_bonus":"REMOVE_TWO","is_daily":false,"chose_seed":false,"campfire_upgraded":0,"win_rate":0.0,"timestamp":1610723361,"path_taken":["M","?","M","?","?","R","E","?","T","E","M","$","M","E","R","BOSS"],"items_purchased_type":["Card"],"build_version":"2020-12-22","purchased_purges":1,"victory":false,"max_hp_per_floor":[70,70,70,70,70,70,70,70,70,70,70,70,70,70,70,70,70],"card_choices":[{"not_picked":["Reflex","Underhanded Strike"],"picked":"Sucker Punch","floor":1},{"not_picked":["Cloak And Dagger","Deadly Poison"],"picked":"Flying Knee","floor":3},{"not_picked":["hubris:TrickCloak","Acrobatics","Tools of the Trade"],"picked":"SKIP","floor":5},{"not_picked":["Tactician","Backflip","Cloak And Dagger"],"picked":"SKIP","floor":7},{"not_picked":["Cloak And Dagger","Dagger Spray"],"picked":"Envenom","floor":10},{"not_picked":["Outmaneuver","Cloak And Dagger","Acrobatics"],"picked":"SKIP","floor":11},{"not_picked":["Terror","Acrobatics"],"picked":"Malaise","floor":13},{"not_picked":["Outmaneuver","Toxin Wave","Deflect"],"picked":"SKIP","floor":14}],"player_experience":966418,"relics_obtained":[{"floor":7,"key":"Dota2Spire:MaskOfMadness"},{"floor":9,"key":"aspiration:HummingbirdHeart"},{"floor":10,"key":"DemoMod:WhiteGuonStone"},{"floor":14,"key":"aspiration:StickyExplosives_weak"}],"event_choices":[{"cards_removed":["Strike_G"],"damage_healed":0,"gold_gain":0,"player_choice":"Offered Basic","damage_taken":0,"max_hp_gain":0,"max_hp_loss":0,"event_name":"Bonfire Elementals","floor":4,"gold_loss":0}],"is_beta":false,"boss_relics":[],"items_purged_floors":[12],"is_endless":false,"potions_floor_spawned":[5,11],"killed_by":"Slime Boss","ascension_level":0}}