{"host":"oeotdbd679q6m6vu","time":1610703906,"event":{"mods":["Act Like it!","BaseMod","Colored Map","Decade(Õı–°√˜)","Downfall","Friendly Minions","Gensokyo","GifTheSpireLib","Highlight Path","Marisa£®ÏF”Í°°ƒß¿Ì…≥£©","Minty Spire (QoL Compilation)","Rare Cards Sparkle","Reimu£®≤©¿ˆ¡È√Œ£©","StSLib","The Animator","Youmu£®ªÍ∆«—˝√Œ£©"],"gold_per_floor":[99,99,99,274,339,356,410,17,17,42,492,592,606,69,85,85,85,85],"floor_reached":16,"language":"ZHS","playtime":889,"items_purged":["Doubt","Slimebound:Icky"],"score":96,"play_id":"4fae7a5f-baa5-43f4-8608-6c463e804eb4","local_time":"20210115044506","is_ascension_mode":false,"campfire_choices":[{"floor":1,"key":"RECALL"},{"data":"hexamod:SkipABeat","floor":9,"key":"SMITH"}],"circlet_count":0,"master_deck":["hexamod:Strike","hexamod:Strike","hexamod:Strike","hexamod:Strike","hexamod:Defend","hexamod:Defend","hexamod:Defend","hexamod:Defend","hexamod:Sear","hexamod:Float","hexamod:SkipABeat+1","hexamod:SpectersWail","hexamod:StepThrough","hexamod:FastForward","hexamod:ThirdSeal","hexamod:RadiantFlame","Slimebound:Icky","Slimebound:Icky","hexamod:FirstSeal","hexamod:FourthSeal","hexamod:WildfireWeapon","hexamod:CatchUp","Mayhem"],"relics":["hexamod:SpiritBrand","downfall:HeartsMalice","MealTicket","Blood Vial","TheAbacus","Ginger","downfall:GremlinWheel","Letter Opener"],"acts_visited":["Exordium"],"potions_floor_usage":[10,14,15,16,16],"damage_taken":[{"damage":0,"enemies":"2 Louse","floor":2,"turns":1},{"damage":0,"enemies":"Jaw Worm","floor":3,"turns":1},{"damage":0,"enemies":"Gremlin Nob","floor":5,"turns":1},{"damage":4,"enemies":"Small Slimes","floor":6,"turns":3},{"damage":0,"enemies":"downfall:FleeingMerchant","floor":8,"turns":4},{"damage":20,"enemies":"Gremlin Nob","floor":10,"turns":4},{"damage":13,"enemies":"Gremlin Nob","floor":12,"turns":5},{"damage":9,"enemies":"3 Louse","floor":13,"turns":3},{"damage":5,"enemies":"downfall:FleeingMerchant","floor":14,"turns":4},{"damage":3,"enemies":"Red Slaver","floor":15,"turns":4},{"damage":65,"enemies":"downfall:Defect","floor":16,"turns":6}],"seed_played":"5857591599955710780","potions_obtained":[{"floor":5,"key":"champ:CounterPotion"},{"floor":6,"key":"SmokeBomb"},{"floor":12,"key":"Block Potion"},{"floor":13,"key":"Fruit Juice"},{"floor":14,"key":"champ:CounterPotion"},{"floor":15,"key":"SneckoOil"},{"floor":15,"key":"AttackPotion"}],"is_trial":false,"path_per_floor":["R","M","M","?","?","M","T","$","R","E","?","?","M","$","M","B"],"character_chosen":"THE_SPIRIT","items_purchased":["Blood Vial","TheAbacus","Letter Opener","Mayhem"],"campfire_rested":0,"item_purchase_floors":[8,8,14,14],"current_hp_per_floor":[70,70,70,70,70,66,66,70,70,50,50,39,39,63,62,0,0,0],"gold":85,"neow_bonus":"THREE_ENEMY_KILL","is_daily":false,"chose_seed":false,"campfire_upgraded":1,"win_rate":0.0,"timestamp":1610703906,"path_taken":["R","M","M","?","?","M","T","?","R","E","?","?","M","$","M","BOSS"],"items_purchased_type":["Relic","Relic","Relic","Card"],"build_version":"2020-12-22","purchased_purges":2,"victory":false,"max_hp_per_floor":[70,70,70,70,70,70,70,70,70,70,70,70,70,75,75,75,75,75],"card_choices":[{"not_picked":["hexamod:PhantomFireball","hexamod:NightmareStrike"],"picked":"hexamod:SkipABeat","floor":2},{"not_picked":["hexamod:GhostShield","hexamod:HeatMetal"],"picked":"hexamod:SpectersWail","floor":3},{"not_picked":["hexamod:FastForward","hexamod:RainOfEmbers"],"picked":"hexamod:StepThrough","floor":5},{"not_picked":["hexamod:SpectersWail","hexamod:NecessarySacrifice"],"picked":"hexamod:FastForward","floor":6},{"not_picked":["hexamod:FastForward","hexamod:FourthSeal"],"picked":"hexamod:ThirdSeal","floor":8},{"not_picked":["hexamod:GhostOfSpirePresent","hexamod:ShieldOfDarkness"],"picked":"hexamod:RadiantFlame","floor":10},{"not_picked":["hexamod:GhostLash","hexamod:HeatMetal","hexamod:HauntingEcho"],"picked":"SKIP","floor":10},{"not_picked":["hexamod:FourthSeal","hexamod:RecurringNightmare"],"picked":"hexamod:FirstSeal","floor":12},{"not_picked":["hexamod:StepThrough","hexamod:GhostLash"],"picked":"hexamod:FourthSeal","floor":13},{"not_picked":["hexamod:PhantomFireball","hexamod:ThermalTransfer","hexamod:SpectersWail"],"picked":"SKIP","floor":13},{"not_picked":["hexamod:Firestarter","hexamod:SpectersWail"],"picked":"hexamod:WildfireWeapon","floor":14},{"not_picked":["hexamod:BacktrackSmack","hexamod:HeatMetal"],"picked":"hexamod:CatchUp","floor":14},{"not_picked":["hexamod:SwordOfDarkness","hexamod:ShieldOfDarkness","hexamod:ThirdSeal"],"picked":"SKIP","floor":15}],"player_experience":311617,"relics_obtained":[{"floor":5,"key":"MealTicket"},{"floor":10,"key":"Ginger"},{"floor":12,"key":"downfall:GremlinWheel"}],"event_choices":[],"is_beta":false,"boss_relics":[],"items_purged_floors":[8,14],"is_endless":false,"potions_floor_spawned":[5,6,12,13,15],"killed_by":"downfall:Defect","ascension_level":0}}