{"host":"u94b8se4p65mmtuf","time":1610748861,"event":{"mods":["BaseMod","Downfall","Hubris","Infinite Spire","Jorbs\u0027s Wanderer Trilogy","Minty Spire (QoL Compilation)","Replay The Spire","StSLib","SuperFastMode","The Animator","The Jungle"],"gold_per_floor":[122,122,139,89,164,164,190,206,206,241,122,122,147,157,157,157,157],"floor_reached":16,"language":"ENG","playtime":1042,"items_purged":[],"score":143,"play_id":"d58f8937-6898-4179-989f-29b9a14df7ac","local_time":"20210115171421","is_ascension_mode":false,"campfire_choices":[{"data":"animator:RoryMercury","floor":6,"key":"SMITH"},{"floor":15,"key":"REST"}],"circlet_count":0,"master_deck":["animator:Strike_GATE","animator:Defend_GATE+1","animator:Strike","animator:Strike","animator:Defend","animator:Defend","animator:TukaLunaMarceau","animator:Kuribayashi","animator:RoryMercury+1","animator:TukaLunaMarceau","animator:Pride","hexamod:EtherealExpedition"],"relics":["m_DevilBlood","animator:PurgingStone","animator:HolyGrailRelic","Gremlin Food","Replay:Bottled Snecko","Vajra","ReplayTheSpireMod:ShopPack","infinitespire:Cubic Diamond","Ancient Tea Set"],"acts_visited":["Exordium"],"potions_floor_usage":[7,13,13],"damage_taken":[{"damage":7,"enemies":"Cultist","floor":1,"turns":4},{"damage":6,"enemies":"Small Slimes","floor":3,"turns":3},{"damage":14,"enemies":"Gremlin Nob","floor":7,"turns":3},{"damage":1,"enemies":"2 Louse","floor":8,"turns":3},{"damage":22,"enemies":"Replay:BlueRogue","floor":10,"turns":4},{"damage":13,"enemies":"3 Sentries","floor":13,"turns":7},{"damage":0,"enemies":"Blue Slaver","floor":14,"turns":3},{"damage":41,"enemies":"Fading Forest","floor":16,"turns":7}],"seed_played":"6655433462915857511","potions_obtained":[{"floor":1,"key":"BlessingOfTheForge"},{"floor":3,"key":"Fire Potion"},{"floor":10,"key":"Dexterity Potion"},{"floor":14,"key":"SteroidPotion"}],"is_trial":false,"path_per_floor":["M","?","M","?","?","R","E","M","T","E","$","?","E","M","R","B"],"character_chosen":"THE_ANIMATOR","items_purchased":["ReplayTheSpireMod:ShopPack"],"campfire_rested":1,"item_purchase_floors":[11],"current_hp_per_floor":[69,69,65,65,54,54,42,43,43,23,23,23,12,14,40,0,0],"gold":157,"neow_bonus":"BOSS_RELIC","is_daily":false,"chose_seed":false,"campfire_upgraded":1,"win_rate":0.0,"timestamp":1610748861,"path_taken":["M","?","?","?","?","R","E","M","T","E","$","?","E","M","R","BOSS"],"items_purchased_type":["Relic"],"build_version":"2020-12-22","purchased_purges":0,"victory":false,"max_hp_per_floor":[76,76,78,78,78,78,80,82,82,84,84,84,86,88,88,88,88],"card_choices":[{"not_picked":["animator:PandorasActor","animator:Raven"],"picked":"animator:RoryMercury","floor":1},{"not_picked":["animator:Millim","animator:SilverFang"],"picked":"animator:TukaLunaMarceau","floor":3},{"not_picked":["animator:Add","animator:Hakurou","animator:Shichika"],"picked":"SKIP","floor":7},{"not_picked":["animator:Sloth","animator:ElricEdward"],"picked":"animator:Pride","floor":8},{"not_picked":["animator:YuiTsuruno","animator:Viivi","animator:SuzuneAmano"],"picked":"SKIP","floor":10},{"not_picked":["animator:Shuna","animator:MaesHughes","animator:Ara"],"picked":"SKIP","floor":13},{"not_picked":["animator:KyokoSakura","animator:Konayuki"],"picked":"hexamod:EtherealExpedition","floor":14}],"player_experience":105197,"relics_obtained":[{"floor":7,"key":"Gremlin Food"},{"floor":9,"key":"Replay:Bottled Snecko"},{"floor":10,"key":"Vajra"},{"floor":13,"key":"Ancient Tea Set"}],"event_choices":[{"cards_removed":["animator:Strike"],"damage_healed":0,"gold_gain":0,"player_choice":"Offered Basic","damage_taken":0,"max_hp_gain":0,"max_hp_loss":0,"event_name":"Bonfire Elementals","floor":2,"gold_loss":0},{"cards_removed":["animator:Defend"],"damage_healed":0,"gold_gain":0,"player_choice":"Card Removal","damage_taken":0,"max_hp_gain":0,"max_hp_loss":0,"event_name":"The Cleric","floor":4,"gold_loss":50},{"damage_healed":0,"gold_gain":75,"player_choice":"Gather Gold","damage_taken":11,"max_hp_gain":0,"max_hp_loss":0,"event_name":"World of Goop","floor":5,"gold_loss":0}],"is_beta":false,"boss_relics":[],"items_purged_floors":[],"is_endless":false,"potions_floor_spawned":[1,3,10,14],"killed_by":"Fading Forest","ascension_level":0}}