{"host":"x3q4ieql2tr7v8o6","time":1610702891,"event":{"mods":["BaseMod","Bestiary","Better Altar","Better Match","Better Note","Better Sensory Stone","Better Skull","Better Third Choice","Colored Map","Colored Powertips","Curses Come First","Minty Spire (QoL Compilation)","StSLib"],"gold_per_floor":[114,114,114,41,56,56,82,82,127,127,141,106,121,149,149,149,149],"floor_reached":16,"language":"ENG","playtime":318,"items_purged":[],"score":189,"play_id":"1a341b32-eb33-4820-a16c-70854356a8ee","local_time":"20210115092811","is_ascension_mode":true,"campfire_choices":[{"data":"Catalyst","floor":6,"key":"SMITH"},{"data":"Neutralize","floor":8,"key":"SMITH"},{"floor":10,"key":"REST"},{"data":"Choke","floor":15,"key":"SMITH"}],"circlet_count":0,"master_deck":["AscendersBane","Strike_G","Strike_G","Strike_G","Strike_G","Strike_G","Defend_G","Defend_G","Defend_G","Defend_G","Defend_G","Survivor","Neutralize+1","Injury","Die Die Die","Poisoned Stab+1","Backstab","Catalyst+1","Dagger Spray","Choke+1","Caltrops"],"relics":["Ring of the Snake","Bird Faced Urn","Pantograph","Art of War","Potion Belt"],"acts_visited":["Exordium"],"potions_floor_usage":[],"damage_taken":[{"damage":6,"enemies":"Cultist","floor":1,"turns":5},{"damage":7,"enemies":"Jaw Worm","floor":5,"turns":2},{"damage":22,"enemies":"3 Sentries","floor":7,"turns":6},{"damage":1,"enemies":"2 Louse","floor":11,"turns":2},{"damage":1,"enemies":"Blue Slaver","floor":13,"turns":3},{"damage":18,"enemies":"Gremlin Nob","floor":14,"turns":3},{"damage":69,"enemies":"Hexaghost","floor":16,"turns":9}],"seed_played":"-7800074299811717985","potions_obtained":[{"floor":11,"key":"SpeedPotion"}],"is_trial":false,"path_per_floor":["M","T","?","$","M","R","E","R","T","R","M","?","M","E","R","B"],"character_chosen":"THE_SILENT","items_purchased":["Backstab"],"campfire_rested":1,"item_purchase_floors":[4],"current_hp_per_floor":[53,53,53,53,46,46,24,24,24,43,42,58,57,39,39,0,0],"gold":149,"neow_bonus":"THREE_RARE_CARDS","is_daily":false,"chose_seed":false,"campfire_upgraded":3,"win_rate":0.0,"timestamp":1610702891,"path_taken":["M","?","?","$","M","R","E","R","T","R","M","?","M","E","R","BOSS"],"items_purchased_type":["Card"],"build_version":"2020-12-22","purchased_purges":0,"victory":false,"max_hp_per_floor":[66,66,66,66,66,66,66,66,66,66,66,66,66,66,66,66,66],"card_choices":[{"not_picked":["Night Terror","A Thousand Cuts"],"picked":"Die Die Die","floor":0},{"not_picked":["Cloak And Dagger","Prepared"],"picked":"Poisoned Stab","floor":1},{"not_picked":["Dash","Calculated Gamble"],"picked":"Catalyst","floor":5},{"not_picked":["Backflip","Deflect"],"picked":"Dagger Spray","floor":7},{"not_picked":["Prepared","Doppelganger","Skewer"],"picked":"SKIP","floor":11},{"not_picked":["Quick Slash","Distraction"],"picked":"Choke","floor":13},{"not_picked":["Dodge and Roll","Prepared"],"picked":"Caltrops","floor":14}],"player_experience":719799,"relics_obtained":[{"floor":2,"key":"Bird Faced Urn"},{"floor":7,"key":"Pantograph"},{"floor":9,"key":"Art of War"},{"floor":14,"key":"Potion Belt"}],"event_choices":[{"damage_healed":0,"gold_gain":0,"player_choice":"Grow","damage_taken":0,"max_hp_gain":0,"max_hp_loss":0,"event_name":"Living Wall","floor":3,"gold_loss":0,"cards_upgraded":["Poisoned Stab"]},{"damage_healed":16,"gold_gain":0,"player_choice":"Healed","damage_taken":0,"max_hp_gain":0,"max_hp_loss":0,"event_name":"The Cleric","floor":12,"gold_loss":35}],"is_beta":false,"boss_relics":[],"items_purged_floors":[],"is_endless":false,"potions_floor_spawned":[11],"killed_by":"Hexaghost","ascension_level":15}}