{"host":"btt6ntw6a1bnaigc","time":1610753038,"event":{"mods":["AchievementEnabler","BaseMod","Downfall","Minty Spire (QoL Compilation)","StSLib"],"gold_per_floor":[368,379,379,398,398,427,438,438,438,456,456,456,473,255,255,351,351,370,370,370,355,135,162,162,162,162,175,195,224,224,237,237,237,237],"floor_reached":33,"language":"ENG","playtime":2559,"items_purged":["Strike_P","Defend_P"],"score":312,"play_id":"8b310a08-9fa2-438b-b0bf-0dc1f98317d5","local_time":"20210115232358","is_ascension_mode":false,"campfire_choices":[{"data":"Eruption","floor":8,"key":"SMITH"},{"data":"CrushJoints","floor":11,"key":"SMITH"},{"data":"Omniscience","floor":15,"key":"SMITH"},{"data":"Vault","floor":24,"key":"SMITH"},{"data":"Prostrate","floor":32,"key":"SMITH"}],"circlet_count":0,"master_deck":["Defend_P","Defend_P","Eruption+1","Vigilance","CrushJoints+1","FlyingSleeves","Sanctity","InnerPeace","WheelKick","FlyingSleeves","Omniscience+1","Prostrate+1","Bite","Bite","Bite","Bite","Bite","J.A.X.","Conclude","BattleHymn","CutThroughFate","Vault+1","SashWhip+1","Tantrum+1","Prostrate+1","ReachHeaven+1","Study+1"],"relics":["HolyWater","Anchor","Turnip","Shuriken","Molten Egg 2","Darkstone Periapt","Gremlin Horn","Ancient Tea Set"],"acts_visited":["Exordium","TheCity"],"potions_floor_usage":[6,6,16,29,33,33,33],"damage_taken":[{"damage":0,"enemies":"Cultist","floor":1,"turns":2},{"damage":0,"enemies":"Small Slimes","floor":2,"turns":2},{"damage":0,"enemies":"Jaw Worm","floor":4,"turns":1},{"damage":7,"enemies":"3 Sentries","floor":6,"turns":8},{"damage":5,"enemies":"Looter","floor":7,"turns":3},{"damage":0,"enemies":"Exordium Wildlife","floor":10,"turns":2},{"damage":0,"enemies":"2 Fungi Beasts","floor":13,"turns":2},{"damage":22,"enemies":"The Guardian","floor":16,"turns":7},{"damage":0,"enemies":"Shell Parasite","floor":18,"turns":3},{"damage":14,"enemies":"2 Thieves","floor":21,"turns":4},{"damage":29,"enemies":"Book of Stabbing","floor":23,"turns":5},{"damage":0,"enemies":"Cultist and Chosen","floor":27,"turns":3},{"damage":1,"enemies":"Centurion and Healer","floor":28,"turns":5},{"damage":14,"enemies":"Slavers","floor":29,"turns":4},{"damage":0,"enemies":"Snake Plant","floor":31,"turns":2},{"damage":27,"enemies":"Champ","floor":33,"turns":4}],"seed_played":"613048164513133143","potions_obtained":[{"floor":2,"key":"SkillPotion"},{"floor":6,"key":"EntropicBrew"},{"floor":27,"key":"Fire Potion"},{"floor":31,"key":"Weak Potion"}],"is_trial":false,"path_per_floor":["M","M","?","M","?","E","M","R","T","M","R","?","M","$","R","B",null,"M","?","?","M","$","E","R","?","T","M","M","E","?","M","R","B"],"character_chosen":"WATCHER","items_purchased":["Omniscience","BattleHymn","CutThroughFate"],"campfire_rested":0,"item_purchase_floors":[14,22,22],"current_hp_per_floor":[65,65,58,58,46,39,34,34,34,34,34,34,34,34,34,12,65,65,45,45,35,35,12,12,12,12,20,27,19,19,23,23,0,0],"gold":237,"neow_bonus":"TWO_FIFTY_GOLD","is_daily":false,"chose_seed":false,"campfire_upgraded":5,"win_rate":0.0,"timestamp":1610753038,"path_taken":["M","M","?","M","?","E","M","R","T","?","R","?","M","$","R","BOSS","M","?","?","?","$","E","R","?","T","M","M","E","?","M","R","BOSS"],"items_purchased_type":["Card","Card","Card"],"build_version":"2020-12-22","purchased_purges":2,"victory":false,"max_hp_per_floor":[65,65,65,65,65,65,65,65,65,65,65,65,65,65,65,65,65,65,45,45,45,45,45,45,45,45,45,45,45,45,45,45,45,45],"card_choices":[{"not_picked":["ReachHeaven","ThirdEye"],"picked":"CrushJoints","floor":1},{"not_picked":["Weave","Protect"],"picked":"FlyingSleeves","floor":2},{"not_picked":["Pray","Collect"],"picked":"Sanctity","floor":4},{"not_picked":["EmptyFist","Collect"],"picked":"InnerPeace","floor":6},{"not_picked":["JustLucky","WindmillStrike"],"picked":"WheelKick","floor":7},{"not_picked":["ClearTheMind","Evaluate"],"picked":"FlyingSleeves","floor":10},{"not_picked":["FollowUp","SignatureMove","BowlingBash"],"picked":"SKIP","floor":13},{"not_picked":["ConjureBlade","DeusExMachina"],"picked":"Establishment","floor":16},{"not_picked":["Consecrate","SashWhip"],"picked":"Prostrate","floor":18},{"not_picked":["JustLucky","SignatureMove"],"picked":"Conclude","floor":21},{"not_picked":["JustLucky+1","ClearTheMind"],"picked":"Vault","floor":23},{"not_picked":["EmptyBody+1","Indignation"],"picked":"SashWhip+1","floor":27},{"not_picked":["EmptyFist+1","ReachHeaven+1"],"picked":"Tantrum+1","floor":28},{"not_picked":["LikeWater","CrushJoints+1"],"picked":"Prostrate+1","floor":29},{"not_picked":["LikeWater","CutThroughFate+1"],"picked":"Study+1","floor":31}],"player_experience":229866,"relics_obtained":[{"floor":6,"key":"Turnip"},{"floor":9,"key":"Shuriken"},{"floor":23,"key":"Molten Egg 2"},{"floor":26,"key":"Gremlin Horn"},{"floor":29,"key":"Ancient Tea Set"}],"event_choices":[{"cards_removed":["Strike_P"],"damage_healed":0,"gold_gain":0,"player_choice":"Card Removal","damage_taken":7,"max_hp_gain":0,"max_hp_loss":0,"event_name":"Golden Wing","floor":3,"gold_loss":0},{"damage_healed":0,"gold_gain":0,"player_choice":"Success","damage_taken":12,"relics_obtained":["Anchor"],"max_hp_gain":0,"max_hp_loss":0,"event_name":"Scrap Ooze","floor":5,"gold_loss":0},{"cards_removed":["Defend_P"],"damage_healed":0,"gold_gain":0,"player_choice":"Forget","damage_taken":0,"max_hp_gain":0,"max_hp_loss":0,"event_name":"Living Wall","floor":12,"gold_loss":0},{"damage_healed":0,"gold_gain":0,"player_choice":"Became a vampire","damage_taken":0,"max_hp_gain":0,"max_hp_loss":20,"event_name":"Vampires","floor":19,"gold_loss":0,"cards_obtained":["Bite","Bite","Bite","Bite","Bite"]},{"damage_healed":0,"gold_gain":0,"player_choice":"Obtain J.A.X.","damage_taken":0,"max_hp_gain":0,"max_hp_loss":0,"event_name":"Drug Dealer","floor":20,"gold_loss":0,"cards_obtained":["J.A.X."]},{"damage_healed":0,"gold_gain":0,"player_choice":"Opened","damage_taken":0,"relics_obtained":["Darkstone Periapt"],"max_hp_gain":0,"max_hp_loss":0,"event_name":"The Mausoleum","floor":25,"gold_loss":0},{"damage_healed":0,"gold_gain":0,"cards_transformed":["Establishment"],"player_choice":"Transformed","damage_taken":0,"max_hp_gain":0,"max_hp_loss":0,"event_name":"Transmorgrifier","floor":30,"gold_loss":0,"cards_obtained":["ReachHeaven"]}],"is_beta":false,"boss_relics":[{"not_picked":["Tiny House","SlaversCollar"],"picked":"HolyWater"}],"items_purged_floors":[14,22],"is_endless":false,"potions_floor_spawned":[2,6,27,28,31],"killed_by":"Champ","ascension_level":0}}