{"host":"qxeepl7ydvsgmfdb","time":1610717143,"event":{"mods":["AchievementEnabler","BaseMod","Colored Powertips","Minty Spire (QoL Compilation)","Quick Restart","slay the spire mod where everything is the same but ironclad has a cowboy hat"],"gold_per_floor":[111,286,286,286,306,334,334,334,334,361,379,379,56,71,71,172,172,112,34,44,44,54,54,84,84,84,102,102,102],"floor_reached":28,"language":"ENG","playtime":1484,"items_purged":["Strike_B"],"score":296,"play_id":"d32a9689-dccd-4ff6-b79c-511ef556866a","local_time":"20210115082543","is_ascension_mode":true,"campfire_choices":[{"data":"Redo","floor":7.0,"key":"SMITH"},{"floor":12.0,"key":"REST"},{"data":"Defragment","floor":15.0,"key":"SMITH"},{"floor":23.0,"key":"REST"},{"floor":25.0,"key":"REST"}],"circlet_count":0,"master_deck":["Strike_B","Strike_B+1","Strike_B","Defend_B+1","Defend_B","Defend_B","Defend_B","Zap+1","Dualcast","Coolheaded","Redo+1","Cold Snap","Defragment+1","Rainbow","Melter+1","Defragment","Capacitor","Shame","White Noise","Electrodynamics","BootSequence"],"relics":["Cracked Core","NeowsBlessing","Dream Catcher","Potion Belt","Pen Nib","Singing Bowl","Nuclear Battery","Strawberry","Letter Opener","Eternal Feather"],"acts_visited":["Exordium","TheCity"],"potions_floor_usage":[27,28],"damage_taken":[{"damage":0.0,"enemies":"Small Slimes","floor":1.0,"turns":1.0},{"damage":0.0,"enemies":"Jaw Worm","floor":5.0,"turns":1.0},{"damage":0.0,"enemies":"Gremlin Nob","floor":6.0,"turns":1.0},{"damage":30.0,"enemies":"3 Sentries","floor":10.0,"turns":8.0},{"damage":4.0,"enemies":"2 Louse","floor":11.0,"turns":2.0},{"damage":0.0,"enemies":"2 Fungi Beasts","floor":14.0,"turns":2.0},{"damage":39.0,"enemies":"Hexaghost","floor":16.0,"turns":15.0},{"damage":14.0,"enemies":"2 Thieves","floor":18.0,"turns":4.0},{"damage":10.0,"enemies":"Chosen","floor":20.0,"turns":5.0},{"damage":30.0,"enemies":"Snake Plant","floor":22.0,"turns":3.0},{"damage":55.0,"enemies":"Gremlin Leader","floor":24.0,"turns":9.0},{"damage":23,"enemies":"Centurion and Healer","floor":27,"turns":4},{"damage":9,"enemies":"Shelled Parasite and Fungi","floor":28,"turns":2}],"seed_played":"-1576562820083122841","potions_obtained":[{"floor":1.0,"key":"LiquidMemories"},{"floor":6.0,"key":"SteroidPotion"},{"floor":14.0,"key":"BlessingOfTheForge"},{"floor":24.0,"key":"BlessingOfTheForge"},{"floor":27,"key":"CultistPotion"}],"is_trial":false,"path_per_floor":["M","?","?","?","M","E","R","?","T","E","M","R","$","M","R","B",null,"M","$","M","?","M","R","E","R","T","M","M"],"character_chosen":"DEFECT","items_purchased":["Singing Bowl","Defragment"],"campfire_rested":3,"item_purchase_floors":[13,19],"current_hp_per_floor":[75,75,75,60,60,60,60,60,60,30,26,48,48,50,50,11,77,63,63,53,60,30,57,2,27,27,6,0,0],"gold":102,"neow_bonus":"THREE_ENEMY_KILL","is_daily":false,"chose_seed":false,"campfire_upgraded":2,"win_rate":0.0,"timestamp":1610717143,"path_taken":["M","?","?","?","M","E","R","?","T","E","M","R","$","?","R","BOSS","M","?","?","?","M","R","E","R","T","M","M"],"items_purchased_type":["Relic","Card"],"build_version":"2020-12-22","purchased_purges":1,"victory":false,"max_hp_per_floor":[75,75,75,75,75,75,75,75,75,75,75,75,75,77,77,77,77,77,77,77,84,84,86,86,86,86,88,88,88],"card_choices":[{"not_picked":["Hologram","Steam","Conserve Battery"],"picked":"SKIP","floor":1.0},{"not_picked":["Streamline","Beam Cell"],"picked":"Coolheaded","floor":5.0},{"not_picked":["BootSequence","Barrage"],"picked":"Redo","floor":6.0},{"not_picked":["Turbo","Streamline"],"picked":"Cold Snap","floor":10.0},{"not_picked":["Rip and Tear","Sweeping Beam","Doom and Gloom"],"picked":"SKIP","floor":11.0},{"not_picked":["Chaos","Compile Driver"],"picked":"Defragment","floor":12.0},{"not_picked":["Skim","Rebound","Force Field"],"picked":"Singing Bowl","floor":14.0},{"not_picked":["Machine Learning","Buffer"],"picked":"Rainbow","floor":16.0},{"not_picked":["Conserve Battery","Force Field+1"],"picked":"Melter+1","floor":18.0},{"not_picked":["Recycle","Doom and Gloom"],"picked":"Capacitor","floor":20.0},{"not_picked":["Cold Snap","Reprogram+1"],"picked":"White Noise","floor":22.0},{"not_picked":["Redo","Stack","Leap"],"picked":"Singing Bowl","floor":23.0},{"not_picked":["Sweeping Beam","Scrape"],"picked":"Electrodynamics","floor":24.0},{"not_picked":["Rip and Tear","Sweeping Beam"],"picked":"BootSequence","floor":25.0},{"not_picked":["Darkness","Tempest+1","Storm"],"picked":"Singing Bowl","floor":27}],"player_experience":141364,"relics_obtained":[{"floor":6.0,"key":"Dream Catcher"},{"floor":9.0,"key":"Potion Belt"},{"floor":10.0,"key":"Pen Nib"},{"floor":24.0,"key":"Letter Opener"},{"floor":26.0,"key":"Eternal Feather"}],"event_choices":[{"damage_healed":0.0,"max_hp_gain":0.0,"max_hp_loss":0.0,"gold_gain":175.0,"event_name":"Liars Game","player_choice":"AGREE","floor":2.0,"gold_loss":0.0,"damage_taken":0.0,"cards_obtained":["Doubt"]},{"damage_healed":0.0,"max_hp_gain":0.0,"max_hp_loss":0.0,"gold_gain":0.0,"event_name":"Living Wall","player_choice":"Grow","floor":3.0,"gold_loss":0.0,"damage_taken":0.0,"cards_upgraded":["Zap"]},{"damage_healed":0.0,"max_hp_gain":0.0,"max_hp_loss":0.0,"gold_gain":0.0,"event_name":"Shining Light","player_choice":"Entered Light","floor":4.0,"gold_loss":0.0,"damage_taken":15.0,"cards_upgraded":["Defend_B","Strike_B"]},{"cards_removed":["Doubt"],"damage_healed":0.0,"max_hp_gain":0.0,"max_hp_loss":0.0,"gold_gain":0.0,"event_name":"Fountain of Cleansing","player_choice":"Removed Curses","floor":8.0,"gold_loss":0.0,"damage_taken":0.0},{"damage_healed":0.0,"max_hp_gain":0.0,"max_hp_loss":0.0,"gold_gain":0.0,"event_name":"Addict","player_choice":"Stole Relic","floor":21.0,"gold_loss":0.0,"damage_taken":0.0,"relics_obtained":["Strawberry"],"cards_obtained":["Shame"]}],"is_beta":false,"boss_relics":[{"not_picked":["Runic Dome","FrozenCore"],"picked":"Nuclear Battery"}],"items_purged_floors":[13],"is_endless":false,"potions_floor_spawned":[1,6,14,24,27],"killed_by":"Shelled Parasite and Fungi","ascension_level":2}}