{"host":"440aydzcd8mkncjo","time":1610753411,"event":{"mods":["2.2 Compatiblity","Act Like it!","Aspiration","Astrologer","Bard","BaseMod","Beaked The Cultist","Challenge The Spire","Chen","Colored Map","Conspire","Downfall","Energized Spire","Friendly Minions","Gensokyo","Gremlin Mod","Halation","Hallownest","Hubris","Infinite Spire","Jedi Mod","Jorbs\u0027s Wanderer Trilogy","Koishi","Mad Scientist","Marisa????????","Mimic Mod","Minty Spire (QoL Compilation)","Rare Cards Sparkle","Reimu??????","Relic Sorter","Remilia??????","Replay The Spire","Shade Mod","Shop Mod","Somnambulant","StSLib","The Administrix","The Alterego","The Blackbeard","The Bug Knight","The Construct","The Cursed","The Elementalist","The Florist","The Gatherer","The Hierophant","The Jungle","The Marked","The Mystic","The Problem Sleuth","The Runesmith","The Servant 0.9.4","TheBandit","TheSwordswoman","Unknown Chances","Waifu the Spire","Youmu??????","Yuri Mod","Yuyuko","thorton","vexMod"],"gold_per_floor":[112,166,61,61,71,71,85,95,122,122,132,143,175,175,175,274,274,291,441,541,557,567,567,567,567],"floor_reached":23,"language":"ENG","playtime":2019,"items_purged":[],"score":193,"play_id":"8792eb6d-c135-48d7-ab35-de81729b2201","local_time":"20210115233011","is_ascension_mode":false,"campfire_choices":[{"data":"wariomod:Bomblaster","floor":6,"key":"SMITH"}],"circlet_count":0,"master_deck":["wariomod:Strike","wariomod:Strike","wariomod:Strike","wariomod:Strike","wariomod:Defend","wariomod:Defend","wariomod:Defend","wariomod:Defend","wariomod:Step","wariomod:Leap","wariomod:Bomblaster+1","wariomod:Game","wariomod:BoomBoom+1","wariomod:NullJump+1","wariomod:NullJump","wariomod:Leapslam","wariomod:DeepDig","Regret","wariomod:Boomsmack","wariomod:DiceyMove","wariomod:PoisonBombs","Pain","wariomod:PoisonBombs","wariomod:HappyHit","ReplayTheSpireMod:Faulty Equipment","wariomod:DisarmingMoves","wariomod:AwfulLook"],"relics":["wariomod:TheHat","Pen Nib","aspiration:TomeofQuesting","ReplayTheSpireMod:TigerMarble","MealTicket","Ring of Misfortune","ReplayTheSpireMod:Ring of Collecting","energizedSpire:SpiderWeb","ReplayTheSpireMod:CursedCoin","Snecko Eye"],"acts_visited":["Exordium","Exordium"],"potions_floor_usage":[16,16,23,23,23],"damage_taken":[{"damage":5,"enemies":"2 Louse","floor":1,"turns":3},{"damage":3,"enemies":"Jaw Worm","floor":5,"turns":3},{"damage":0,"enemies":"Small Slimes","floor":7,"turns":3},{"damage":1,"enemies":"Exordium Thugs","floor":8,"turns":4},{"damage":0,"enemies":"2 Fungi Beasts","floor":11,"turns":1},{"damage":13,"enemies":"3 Louse","floor":12,"turns":3},{"damage":39,"enemies":"Lagavulin","floor":13,"turns":7},{"damage":20,"enemies":"Fading Forest","floor":16,"turns":11},{"damage":27,"enemies":"Shell Parasite","floor":18,"turns":6},{"damage":10,"enemies":"theJungle:MUSHROOMGANG","floor":21,"turns":4},{"damage":29,"enemies":"theJungle:Snecko_Cultist_And_Trap","floor":22,"turns":6},{"damage":16,"enemies":"Nightmare","floor":23,"turns":4}],"seed_played":"8552816638792702518","potions_obtained":[{"floor":2,"key":"GrandPatriotsElixir:ReiMu"},{"floor":2,"key":"Languid Potion"},{"floor":2,"key":"EssenceOfSteel"},{"floor":5,"key":"Guardian:BlockOnCardUsePotion"},{"floor":16,"key":"Block Potion"},{"floor":21,"key":"jedi:tentaclejuice"},{"floor":22,"key":"jedi:tentaclejuice"}],"is_trial":false,"path_per_floor":["M","?","$","?","M","R","M","M","T","?","M","M","E","?","R_BF","B",null,"M","AVR","?","M","M","NM"],"character_chosen":"THE_BANDIT","items_purchased":["wariomod:BoomBoom+1","wariomod:NullJump"],"campfire_rested":0,"item_purchase_floors":[3,3],"current_hp_per_floor":[83,83,83,76,73,73,73,72,72,72,72,59,32,32,58,58,88,61,61,55,45,16,0,0,0],"gold":567,"neow_bonus":"TEN_PERCENT_HP_BONUS","is_daily":false,"chose_seed":false,"campfire_upgraded":1,"win_rate":0.0,"timestamp":1610753411,"path_taken":["M","?","?","?","M","R","M","?","T","?","M","?","E","?","R_BF","BOSS","M","AVR","?","M","?","NM"],"items_purchased_type":["Card","Card"],"build_version":"2020-12-22","purchased_purges":0,"victory":false,"max_hp_per_floor":[88,88,88,88,88,88,88,88,88,88,88,88,88,88,88,88,88,88,88,88,88,88,88,88,88],"card_choices":[{"not_picked":["wariomod:DeepDig","wariomod:DamnedStrength"],"picked":"wariomod:Bomblaster","floor":1},{"not_picked":["wariomod:Hopshield","wariomod:Immortalize"],"picked":"wariomod:Game","floor":2},{"not_picked":["wariomod:Hopshield","wariomod:GreaterGuard"],"picked":"wariomod:NullJump","floor":5},{"not_picked":["wariomod:TheGrandJourney","wariomod:BoomBoom"],"picked":"wariomod:Leapslam","floor":7},{"not_picked":["wariomod:SpikeSlash","wariomod:TheGrandJourney"],"picked":"wariomod:DeepDig","floor":8},{"not_picked":["wariomod:Goblast","wariomod:AwfulLook"],"picked":"wariomod:Boomsmack","floor":11},{"not_picked":["wariomod:WhirlwindBurst","wariomod:SimpleShield"],"picked":"wariomod:DiceyMove","floor":12},{"not_picked":["wariomod:EmptyMind","wariomod:SpacialMastery"],"picked":"wariomod:PoisonBombs","floor":13},{"not_picked":["wariomod:WipeClean","wariomod:SpacialMastery"],"picked":"wariomod:PoisonBombs","floor":16},{"not_picked":["wariomod:ChargeForth","wariomod:Immortalize"],"picked":"wariomod:HappyHit","floor":18},{"not_picked":["wariomod:SmackSlam","wariomod:Bombshield"],"picked":"wariomod:DisarmingMoves","floor":21},{"not_picked":["wariomod:Hopshield","wariomod:Goblast"],"picked":"wariomod:AwfulLook","floor":22}],"player_experience":751116,"relics_obtained":[{"floor":9,"key":"aspiration:TomeofQuesting"},{"floor":13,"key":"MealTicket"},{"floor":14,"key":"Ring of Misfortune"},{"floor":14,"key":"ReplayTheSpireMod:Ring of Collecting"}],"event_choices":[{"damage_healed":0,"gold_gain":0,"player_choice":"Success","damage_taken":7,"relics_obtained":["Pen Nib"],"max_hp_gain":0,"max_hp_loss":0,"event_name":"Scrap Ooze","floor":4,"gold_loss":0},{"damage_healed":0,"gold_gain":0,"player_choice":"Box","damage_taken":0,"relics_obtained":["ReplayTheSpireMod:TigerMarble"],"max_hp_gain":0,"max_hp_loss":0,"event_name":"Big Fish","floor":10,"gold_loss":0,"cards_obtained":["Regret"]}],"is_beta":false,"boss_relics":[{"not_picked":["conspire:SeveredTorchhead","Runesmith:UraniumAnvil"],"picked":"energizedSpire:SpiderWeb"}],"items_purged_floors":[],"is_endless":false,"potions_floor_spawned":[5,7,11,16,21,22],"killed_by":"Nightmare","ascension_level":0}}