{"host":"jexbkylv34f8xu3o","time":1610731837,"event":{"mods":["AchievementEnabler","BaseMod","Colored Map","Colored Powertips","GifTheSpireLib","Highlight Path","Minty Spire (QoL Compilation)","Quick Restart","StSLib"],"gold_per_floor":[115,133,153,172,217,247,49,49,96,96,96],"floor_reached":10,"language":"ENG","playtime":189,"items_purged":[],"score":102,"play_id":"1ab8a73a-2465-4c16-ac19-78a0bb6dc0e9","local_time":"20210115143037","is_ascension_mode":true,"campfire_choices":[],"circlet_count":0,"master_deck":["AscendersBane","Strike_R","Strike_R","Strike_R","Strike_R","Strike_R","Defend_R","Defend_R","Defend_R","Defend_R","Bash","Perfected Strike","Twin Strike","Perfected Strike","Shrug It Off","Perfected Strike"],"relics":["Burning Blood","NeowsBlessing","Anchor","Akabeko","PrismaticShard","Eternal Feather","MealTicket"],"acts_visited":["Exordium"],"potions_floor_usage":[4,6],"damage_taken":[{"damage":0,"enemies":"Cultist","floor":1,"turns":1},{"damage":0,"enemies":"Jaw Worm","floor":2,"turns":1},{"damage":0,"enemies":"Small Slimes","floor":3,"turns":1},{"damage":4,"enemies":"3 Louse","floor":4,"turns":4},{"damage":52,"enemies":"Lagavulin","floor":6,"turns":7},{"damage":28,"enemies":"Gremlin Nob","floor":10,"turns":3}],"seed_played":"-7951241803748139743","potions_obtained":[{"floor":2,"key":"Swift Potion"},{"floor":4,"key":"DistilledChaos"}],"is_trial":false,"path_per_floor":["M","M","M","M","T","E","$","?","T","E"],"character_chosen":"IRONCLAD","items_purchased":["Perfected Strike","PrismaticShard"],"campfire_rested":0,"item_purchase_floors":[7,7],"current_hp_per_floor":[78,80,80,80,80,34,34,22,22,0,0],"gold":96,"neow_bonus":"THREE_ENEMY_KILL","is_daily":false,"chose_seed":false,"campfire_upgraded":0,"win_rate":0.0,"timestamp":1610731837,"path_taken":["M","M","M","M","?","E","$","?","T","E"],"items_purchased_type":["Card","Relic"],"build_version":"2020-12-22","purchased_purges":0,"victory":false,"max_hp_per_floor":[80,80,80,80,80,80,80,80,80,80,80],"card_choices":[{"not_picked":["Clothesline","Ghostly Armor"],"picked":"Perfected Strike","floor":1},{"not_picked":["Dark Embrace","True Grit"],"picked":"Twin Strike","floor":2},{"not_picked":["Clothesline","Entrench","Flame Barrier"],"picked":"SKIP","floor":3},{"not_picked":["Rupture","Dark Embrace"],"picked":"Perfected Strike","floor":4},{"not_picked":["Second Wind","Flex"],"picked":"Shrug It Off","floor":6}],"player_experience":557173,"relics_obtained":[{"floor":5,"key":"Anchor"},{"floor":6,"key":"Akabeko"},{"floor":9,"key":"MealTicket"}],"event_choices":[{"damage_healed":0,"gold_gain":0,"player_choice":"Success","damage_taken":12,"relics_obtained":["Eternal Feather"],"max_hp_gain":0,"max_hp_loss":0,"event_name":"Scrap Ooze","floor":8,"gold_loss":0}],"is_beta":false,"boss_relics":[],"items_purged_floors":[],"is_endless":false,"potions_floor_spawned":[2,4],"killed_by":"Gremlin Nob","ascension_level":10}}