{"host":"2qv44oxt58ptq59r","time":1610735776,"event":{"mods":["AchievementEnabler","BaseMod","Colored Powertips","Highlight Path","Minty Spire (QoL Compilation)","Permanent Neow","StSLib"],"gold_per_floor":[116,133,133,146,161,6,6,23,23,23,23,42,73,92,92,191,191,211,240,240,13,28,28,47,66,66,14,14,14,26,45,45,45,45],"floor_reached":33,"language":"ENG","playtime":11199,"items_purged":["Writhe"],"score":251,"play_id":"8a705fd5-2e36-4849-b03c-498b1cc4daa1","local_time":"20210115183616","is_ascension_mode":false,"campfire_choices":[{"data":"Bash","floor":7.0,"key":"SMITH"},{"floor":15.0,"key":"RECALL"},{"floor":23,"key":"DIG"},{"data":"Limit Break","floor":32,"key":"SMITH"}],"circlet_count":0,"master_deck":["Strike_R","Strike_R","Strike_R","Strike_R","Defend_R","Defend_R","Defend_R","Defend_R","Bash+1","Limit Break+1","Armaments","Feel No Pain","Sword Boomerang","Cleave","Bludgeon","Rage","Shockwave","Reaper","Spot Weakness+1","Carnage+1","Whirlwind"],"relics":["Burning Blood","Bronze Scales","Peace Pipe","TungstenRod","SacredBark","Red Mask","Shovel","ClockworkSouvenir","Anchor","Thread and Needle"],"acts_visited":["Exordium","TheCity"],"potions_floor_usage":[19,19,31,33,33],"damage_taken":[{"damage":5.0,"enemies":"2 Louse","floor":1.0,"turns":2.0},{"damage":6.0,"enemies":"Cultist","floor":2.0,"turns":3.0},{"damage":3.0,"enemies":"Jaw Worm","floor":4.0,"turns":3.0},{"damage":5.0,"enemies":"Looter","floor":5.0,"turns":3.0},{"damage":7.0,"enemies":"Blue Slaver","floor":8.0,"turns":3.0},{"damage":6.0,"enemies":"Exordium Thugs","floor":12.0,"turns":4.0},{"damage":1.0,"enemies":"3 Sentries","floor":13.0,"turns":9.0},{"damage":9.0,"enemies":"Looter","floor":14.0,"turns":2.0},{"damage":45.0,"enemies":"Slime Boss","floor":16.0,"turns":12.0},{"damage":0,"enemies":"3 Byrds","floor":18,"turns":4},{"damage":23,"enemies":"Masked Bandits","floor":19,"turns":5},{"damage":6,"enemies":"Chosen","floor":22,"turns":5},{"damage":15,"enemies":"Snake Plant","floor":24,"turns":4},{"damage":27,"enemies":"Cultist and Chosen","floor":25,"turns":6},{"damage":1,"enemies":"Centurion and Healer","floor":30,"turns":5},{"damage":3,"enemies":"Shelled Parasite and Fungi","floor":31,"turns":5},{"damage":65,"enemies":"Collector","floor":33,"turns":7}],"seed_played":"1019961829052011816","potions_obtained":[{"floor":3.0,"key":"PowerPotion"},{"floor":3.0,"key":"Energy Potion"},{"floor":3.0,"key":"BlessingOfTheForge"},{"floor":8.0,"key":"HeartOfIron"},{"floor":14.0,"key":"SteroidPotion"},{"floor":16.0,"key":"Ancient Potion"},{"floor":22,"key":"PowerPotion"},{"floor":24,"key":"ColorlessPotion"}],"is_trial":false,"path_per_floor":["M","M","?","M","M","$","R","M","T","?","$","M","E","M","R","B",null,"M","?","?","$","M","R","M","M","T","$","?","?","M","M","R","B"],"character_chosen":"IRONCLAD","items_purchased":["Bronze Scales","ClockworkSouvenir","AttackPotion"],"campfire_rested":0,"item_purchase_floors":[6,21,27],"current_hp_per_floor":[80,80,80,80,80,80,80,79,79,79,79,79,80,77,77,38,80,80,63,63,63,67,67,63,54,54,54,54,54,59,62,62,0,0],"gold":45,"neow_bonus":"ONE_RANDOM_RARE_CARD","is_daily":false,"chose_seed":false,"campfire_upgraded":2,"win_rate":0.0,"timestamp":1610735776,"path_taken":["M","M","?","?","M","$","R","M","T","?","?","M","E","M","R","BOSS","M","?","?","?","M","R","?","M","T","$","?","?","?","M","R","BOSS"],"items_purchased_type":["Relic","Relic","Potion"],"build_version":"2020-12-22","purchased_purges":1,"victory":false,"max_hp_per_floor":[80,80,80,80,80,80,80,80,80,80,80,80,80,80,80,80,80,80,80,80,80,80,80,80,80,80,80,80,80,80,80,80,80,80],"card_choices":[{"not_picked":["Burning Pact","Evolve"],"picked":"Armaments","floor":1.0},{"not_picked":["Blood for Blood","Cleave"],"picked":"Feel No Pain","floor":2.0},{"not_picked":["Rampage","True Grit"],"picked":"Sword Boomerang","floor":4.0},{"not_picked":["Havoc","Anger"],"picked":"Cleave","floor":5.0},{"not_picked":["Pummel","Havoc"],"picked":"Bludgeon","floor":8.0},{"not_picked":["Flex","Wild Strike"],"picked":"Rage","floor":12.0},{"not_picked":["Hemokinesis","Clash"],"picked":"Shockwave","floor":13.0},{"not_picked":["Body Slam","Flex","Pommel Strike"],"picked":"SKIP","floor":14.0},{"not_picked":["Corruption","Brutality"],"picked":"Reaper","floor":16.0},{"not_picked":["Bloodletting","Entrench","Rage+1"],"picked":"SKIP","floor":18},{"not_picked":["Thunderclap","Headbutt","Flex"],"picked":"SKIP","floor":22},{"not_picked":["Hemokinesis","Metallicize+1"],"picked":"Spot Weakness+1","floor":24},{"not_picked":["True Grit","Barricade"],"picked":"Carnage+1","floor":25},{"not_picked":["Perfected Strike","Flex","Body Slam"],"picked":"SKIP","floor":30},{"not_picked":["Spot Weakness","Warcry"],"picked":"Whirlwind","floor":31}],"player_experience":5349440,"relics_obtained":[{"floor":9.0,"key":"Peace Pipe"},{"floor":13.0,"key":"TungstenRod"},{"floor":19,"key":"Red Mask"},{"floor":23,"key":"Anchor"},{"floor":26,"key":"Thread and Needle"}],"event_choices":[{"damage_healed":0.0,"max_hp_gain":0.0,"max_hp_loss":0.0,"gold_gain":0.0,"event_name":"Lab","player_choice":"Got Potions","floor":3.0,"gold_loss":0.0,"damage_taken":0.0},{"cards_removed":["Strike_R"],"damage_healed":0.0,"max_hp_gain":0.0,"max_hp_loss":0.0,"gold_gain":0.0,"event_name":"Bonfire Elementals","player_choice":"Offered Basic","floor":10.0,"gold_loss":0.0,"damage_taken":0.0},{"damage_healed":0,"gold_gain":0,"player_choice":"Fought Bandits","damage_taken":0,"max_hp_gain":0,"max_hp_loss":0,"event_name":"Masked Bandits","floor":19,"gold_loss":0},{"damage_healed":0,"gold_gain":0,"player_choice":"Opened","damage_taken":0,"relics_obtained":["Shovel"],"max_hp_gain":0,"max_hp_loss":0,"event_name":"The Mausoleum","floor":20,"gold_loss":0,"cards_obtained":["Writhe"]},{"damage_healed":0,"gold_gain":0,"player_choice":"Ignored","damage_taken":0,"max_hp_gain":0,"max_hp_loss":0,"event_name":"Ghosts","floor":28,"gold_loss":0},{"damage_healed":0,"gold_gain":0,"player_choice":"Ignored","damage_taken":0,"max_hp_gain":0,"max_hp_loss":0,"event_name":"Vampires","floor":29,"gold_loss":0}],"is_beta":false,"boss_relics":[{"not_picked":["Empty Cage","Velvet Choker"],"picked":"SacredBark"}],"items_purged_floors":[21],"is_endless":false,"potions_floor_spawned":[8,14,16,22,24,30],"killed_by":"Collector","ascension_level":0}}