{"host":"bb5r3ba2ig485dr2","time":1610706332,"event":{"mods":["Act Like it!","BaseMod","CapriCore","Chen","Curses Come First","Gensokyo","Hallownest","Koishi","Lobotomy","LobotomyExtend","Marisa（霧雨　魔理沙）","Minty Spire (QoL Compilation)","Random Character Button","Rare Cards Sparkle","Reimu（博??梦）","StSLib","Td1madao Mod","The Administrix","The Bug Knight","The Immortal","The Servant 0.9.4","The Wild Card"],"gold_per_floor":[113,131,131,131,4,4,36,36,36,36,36,47,60,76,76,179,179,189,189,200,200,200,200,232,232,232,232,243,28,41,75,75,175,175,188,188,188,205,254,289,43,43,69,69,101,119,119,132,132,132,132,132,34,68,68,68,68],"floor_reached":55,"language":"ENG","playtime":4754,"items_purged":["Injury"],"score":761,"play_id":"0f42201f-c1bb-4efe-b591-e165d4ba72b2","local_time":"20210115112532","is_ascension_mode":false,"campfire_choices":[{"data":"MokouMod:FlickeringFlame","floor":6,"key":"SMITH"},{"data":"MokouMod:IndiscriminateIgnition","floor":10,"key":"SMITH"},{"data":"MokouMod:TemporalFireSeal","floor":15,"key":"SMITH"},{"data":"MokouMod:HeatSpark","floor":23,"key":"SMITH"},{"data":"MokouMod:Burn","floor":25,"key":"SMITH"},{"data":"MokouMod:AdaptivePyromancy","floor":27,"key":"SMITH"},{"floor":32,"key":"RECALL"},{"floor":42,"key":"REST"},{"floor":47,"key":"DIG"},{"data":"MokouMod:Ventilation","floor":49,"key":"SMITH"},{"data":"MokouMod:Sear","floor":52,"key":"SMITH"}],"circlet_count":0,"master_deck":["MokouMod:Strike","MokouMod:Strike","MokouMod:Strike","MokouMod:Strike","MokouMod:Defend+1","MokouMod:Defend","MokouMod:Defend","MokouMod:Defend","MokouMod:HeatSpark+1","MokouMod:FlickeringFlame+1","MokouMod:TemporalFireSeal+1","MokouMod:ScorchingColumn","MokouMod:Firecracker+1","MokouMod:AdaptivePyromancy+1","MokouMod:GuidingSmoke","MokouMod:RadiantBlade","MokouMod:TemporalFireSeal+1","MokouMod:ScorchingColumn+1","MokouMod:Burn+1","MokouMod:Sear+1","MokouMod:CrimsonArmoury","MokouMod:Ventilation+1","CurseOfTheBell","MokouMod:Rekindle","Gensokyo:BrilliantDragonBullet","MokouMod:Scorch+1","MokouMod:IllusoryBattlefield+1","MokouMod:SearingShot","MokouMod:BurningDraft+1","MokouMod:RisingSunBarrier","MokouMod:FujiyamaVolcano"],"relics":["MokouMod:PhoenixFeather","Torii","LetterFromLob","Thread and Needle","Mango","Blood Vial","Tiny Chest","Gensokyo:Justice","SlaversCollar","Sundial","Ornamental Fan","WingedGreaves","Calling Bell","Art of War","White Beast Statue","Gambling Chip","War Paint","Singing Bowl","Shuriken","Toy Ornithopter","Shovel","Lantern","Blue Candle"],"acts_visited":["Gensokyo:Gensokyo","Gensokyo:Gensokyoer","Gensokyo:Gensokyoest","TheEnding"],"potions_floor_usage":[16,16,16,24,31,40,45,48,50,55],"damage_taken":[{"damage":4,"enemies":"Gensokyo:Python","floor":1,"turns":4},{"damage":2,"enemies":"Gensokyo:Gryphon","floor":2,"turns":5},{"damage":9,"enemies":"Gensokyo:Mamizou","floor":7,"turns":9},{"damage":6,"enemies":"Gensokyo:2_Kodama","floor":12,"turns":3},{"damage":5,"enemies":"Gensokyo:CorruptedTreant","floor":13,"turns":3},{"damage":1,"enemies":"Gensokyo:3_Kodama","floor":14,"turns":4},{"damage":23,"enemies":"Gensokyo:Kokoro","floor":16,"turns":12},{"damage":0,"enemies":"Gensokyo:Chomper","floor":18,"turns":4},{"damage":15,"enemies":"Gensokyo:AngelMirror","floor":20,"turns":3},{"damage":8,"enemies":"Gensokyo:Tenshi","floor":24,"turns":4},{"damage":4,"enemies":"Gensokyo:Wraith","floor":28,"turns":4},{"damage":12,"enemies":"Gensokyo:Slime_Group","floor":30,"turns":4},{"damage":0,"enemies":"Gensokyo:Reisen","floor":31,"turns":4},{"damage":8152087,"enemies":"Gensokyo:Eternal_Rivals","floor":33,"turns":11},{"damage":18,"enemies":"Gensokyo:3_Boulders","floor":35,"turns":6},{"damage":0,"enemies":"Gensokyo:3_Bats","floor":38,"turns":3},{"damage":49,"enemies":"Gensokyo:Marisa","floor":40,"turns":6},{"damage":0,"enemies":"Gensokyo:Doremy","floor":45,"turns":4},{"damage":1,"enemies":"Gensokyo:AtlasGolem","floor":46,"turns":4},{"damage":0,"enemies":"Gensokyo:4_Bats","floor":48,"turns":3},{"damage":60,"enemies":"Gensokyo:Scarlet_Devils","floor":50,"turns":13},{"damage":57,"enemies":"Shield and Spear","floor":54,"turns":6},{"damage":8152045,"enemies":"The Heart","floor":55,"turns":5}],"seed_played":"4447498487166438193","potions_obtained":[{"floor":7,"key":"Ancient Potion"},{"floor":13,"key":"ColorlessPotion"},{"floor":14,"key":"Explosive Potion"},{"floor":20,"key":"SkillPotion"},{"floor":24,"key":"Strength Potion"},{"floor":35,"key":"Energy Potion"},{"floor":38,"key":"SkillPotion"},{"floor":40,"key":"SneckoOil"},{"floor":45,"key":"Weak Potion"},{"floor":46,"key":"SmokeBomb"},{"floor":48,"key":"SmokeBomb"},{"floor":54,"key":"LiquidBronze"}],"is_trial":false,"path_per_floor":["M","M","?","?","$","R","E","?","T","R","?","M","M","M","R","B",null,"M","?","M","T","?","R","E","R","T","R","M","COS","M","E","R","B",null,"M","?","?","M","T","E","$","R","T","?","E","M","R","M","R","B",null,"R","$","E","B"],"character_chosen":"MKU","items_purchased":["MokouMod:TemporalFireSeal","Shuriken","MokouMod:RisingSunBarrier","MokouMod:FujiyamaVolcano"],"campfire_rested":1,"item_purchase_floors":[5,41,53,53],"current_hp_per_floor":[64,62,62,62,62,62,67,51,51,51,51,47,44,45,45,24,82,82,82,67,67,67,67,61,61,61,61,59,59,49,51,51,20,82,64,64,64,66,66,19,19,43,43,43,52,53,53,60,60,7,84,84,84,29,0,0,0],"gold":68,"neow_bonus":"ONE_RARE_RELIC","is_daily":false,"chose_seed":false,"campfire_upgraded":8,"win_rate":0.0,"timestamp":1610706332,"path_taken":["M","M","?","?","$","R","E","?","T","R","?","M","?","M","R","BOSS","M","?","M","?","?","R","E","R","T","R","M","COS","M","E","R","BOSS","M","?","?","M","?","E","$","R","T","?","E","M","R","M","R","BOSS","R","$","E","BOSS"],"items_purchased_type":["Card","Relic","Card","Card"],"build_version":"2020-12-22","purchased_purges":1,"victory":false,"max_hp_per_floor":[68,68,68,68,68,68,82,82,82,82,82,82,82,82,82,82,82,82,82,82,82,82,82,82,82,82,82,82,82,82,82,82,82,82,82,82,82,82,82,82,82,82,82,82,84,84,84,84,84,84,84,84,84,86,86,86,86],"card_choices":[{"not_picked":["MokouMod:FusionFlare","MokouMod:UncontrollableSolarReaction"],"picked":"MokouMod:FlickeringFlame","floor":1},{"not_picked":["MokouMod:AdaptivePyromancy","MokouMod:ResoluteFlare"],"picked":"MokouMod:IndiscriminateIgnition","floor":2},{"not_picked":["MokouMod:RoaringFlare","MokouMod:FlareStarter"],"picked":"MokouMod:ScorchingColumn","floor":7},{"not_picked":["MokouMod:UncontrollableSolarReaction","MokouMod:RoaringFlare"],"picked":"MokouMod:Firecracker","floor":12},{"not_picked":["MokouMod:RoaringFlare","MokouMod:Singe"],"picked":"MokouMod:AdaptivePyromancy","floor":13},{"not_picked":["MokouMod:AdaptivePyromancy","MokouMod:ShiftIgnition"],"picked":"MokouMod:GuidingSmoke","floor":14},{"not_picked":["MokouMod:ProfanedFlare","MokouMod:BurningHiddenBullet"],"picked":"MokouMod:RadiantBlade","floor":16},{"not_picked":["MokouMod:SearingShot+1","MokouMod:IgneousBlow"],"picked":"MokouMod:TemporalFireSeal+1","floor":18},{"not_picked":["MokouMod:Combust","MokouMod:Trailblazer"],"picked":"MokouMod:ScorchingColumn+1","floor":20},{"not_picked":["MokouMod:FlareStarter+1","MokouMod:TemporalFireSeal"],"picked":"MokouMod:Burn","floor":24},{"not_picked":["MokouMod:FujiyamaVolcano","MokouMod:HeatFactory+1","MokouMod:Singe+1"],"picked":"SKIP","floor":28},{"not_picked":["MokouMod:SacredFire","MokouMod:BlazingComet"],"picked":"MokouMod:Sear","floor":30},{"not_picked":["MokouMod:HeatFactory+1","MokouMod:IndiscriminateIgnition"],"picked":"MokouMod:CrimsonArmoury","floor":31},{"not_picked":["MokouMod:SpontaneousHumanCombustion","MokouMod:HouraiForge"],"picked":"MokouMod:Ventilation","floor":33},{"not_picked":["MokouMod:GuidingSmoke","MokouMod:ResoluteFlare","MokouMod:HeatTransfer"],"picked":"SKIP","floor":35},{"not_picked":["Gensokyo:EverlastingLife","Gensokyo:SalamanderShield"],"picked":"Gensokyo:BrilliantDragonBullet","floor":37},{"not_picked":["MokouMod:ResonanceReactor","MokouMod:Singe"],"picked":"MokouMod:Scorch+1","floor":38},{"not_picked":["MokouMod:Overheat","MokouMod:FujiyamaVolcano+1"],"picked":"MokouMod:IllusoryBattlefield+1","floor":40},{"not_picked":["MokouMod:UncontrollableSolarReaction+1","MokouMod:Singe+1","MokouMod:EternalBurstReactor"],"picked":"Singing Bowl","floor":45},{"not_picked":["MokouMod:TemporalFireSeal+1","MokouMod:Singe"],"picked":"MokouMod:SearingShot","floor":46},{"not_picked":["MokouMod:RetainTemperature","MokouMod:Singe"],"picked":"MokouMod:BurningDraft+1","floor":48},{"not_picked":["MokouMod:Ember","MokouMod:SearingShot","MokouMod:InfernalWave+1"],"picked":"Singing Bowl","floor":54}],"player_experience":206249,"relics_obtained":[{"floor":1,"key":"LetterFromLob"},{"floor":7,"key":"Mango"},{"floor":9,"key":"Tiny Chest"},{"floor":24,"key":"Sundial"},{"floor":26,"key":"Ornamental Fan"},{"floor":31,"key":"WingedGreaves"},{"floor":34,"key":"Art of War"},{"floor":34,"key":"White Beast Statue"},{"floor":34,"key":"Gambling Chip"},{"floor":39,"key":"War Paint"},{"floor":40,"key":"Singing Bowl"},{"floor":43,"key":"Toy Ornithopter"},{"floor":45,"key":"Shovel"},{"floor":47,"key":"Lantern"},{"floor":54,"key":"Blue Candle"}],"event_choices":[],"is_beta":false,"boss_relics":[{"not_picked":["Empty Cage","Pandora\u0027s Box"],"picked":"SlaversCollar"},{"not_picked":["Busted Crown","Fusion Hammer"],"picked":"Calling Bell"}],"items_purged_floors":[5],"is_endless":false,"potions_floor_spawned":[7,13,14,20,24,35,38,40,45,46,48,54],"killed_by":"The Heart","ascension_level":0}}