{"host":"Bilverbakes","time":1610754130,"event":{"mods":["2.2 Compatiblity","AchievementEnabler","BaseMod","Bestiary","Colored Map","Minty Spire (QoL Compilation)","Relic Stats","StSLib","ojb\u0027s Info Mod"],"gold_per_floor":[112,112,37,53,63,99,99,114,138,161,173,215,49,83,83,170,170,194,222,235,253,286,314,314,324,349,349,369,409,418,451,463,561,573,598,630,691,753,801,853,1087,1133,1178,1190,621,621,658,658,658,658,658,658,658,213,248,248,248],"floor_reached":56,"language":"ENG","playtime":4142,"items_purged":["Decay","Strike_G","Normality","Strike_G"],"score":2151,"play_id":"08776ae9-4373-4a58-b2e4-fcce8089da9d","local_time":"20210115174210","is_ascension_mode":true,"campfire_choices":[{"data":"Predator","floor":7.0,"key":"SMITH"},{"data":"Footwork","floor":15.0,"key":"SMITH"},{"floor":24.0,"key":"REST"},{"floor":32.0,"key":"REST"},{"floor":46.0,"key":"REST"},{"floor":49.0,"key":"RECALL"},{"floor":53.0,"key":"REST"}],"circlet_count":0,"master_deck":["AscendersBane","Defend_G","Defend_G","Defend_G","Defend_G","Survivor","Neutralize","Tactician","Leg Sweep+1","Terror","Dash","Predator+1","Masterful Stab","Backstab","Crippling Poison","Footwork+1","Phantasmal Killer","Backflip","PiercingWail+1","Doppelganger","Flying Knee","Dodge and Roll","Necronomicurse","Malaise","Dodge and Roll","Backflip+1","Dash","Expertise+1","Escape Plan+1","Footwork","Dagger Throw+1","Dash"],"relics":["Ring of the Snake","CeramicFish","Nunchaku","Oddly Smooth Stone","Bronze Scales","Fusion Hammer","Red Mask","Du-Vu Doll","Happy Flower","Mummified Hand","Necronomicon","MawBank","Cursed Key","Prayer Wheel","Juzu Bracelet","Pocketwatch","Membership Card","Potion Belt","TungstenRod","Mercury Hourglass","Centennial Puzzle","Orichalcum","HandDrill","Blood Vial"],"acts_visited":["Exordium","TheCity","TheBeyond","TheEnding"],"potions_floor_usage":[56,56],"damage_taken":[{"damage":1.0,"enemies":"2 Louse","floor":1.0,"turns":5.0},{"damage":0.0,"enemies":"Cultist","floor":4.0,"turns":5.0},{"damage":0.0,"enemies":"Jaw Worm","floor":5.0,"turns":6.0},{"damage":16.0,"enemies":"Lagavulin","floor":6.0,"turns":8.0},{"damage":0.0,"enemies":"2 Fungi Beasts","floor":8.0,"turns":3.0},{"damage":4.0,"enemies":"Large Slime","floor":10.0,"turns":5.0},{"damage":0.0,"enemies":"Lots of Slimes","floor":11.0,"turns":4.0},{"damage":6.0,"enemies":"Gremlin Nob","floor":12.0,"turns":3.0},{"damage":0.0,"enemies":"Lagavulin","floor":14.0,"turns":6.0},{"damage":13.0,"enemies":"Slime Boss","floor":16.0,"turns":15.0},{"damage":1.0,"enemies":"Shell Parasite","floor":18.0,"turns":5.0},{"damage":11.0,"enemies":"Spheric Guardian","floor":19.0,"turns":4.0},{"damage":1.0,"enemies":"Snake Plant","floor":20.0,"turns":2.0},{"damage":1.0,"enemies":"Masked Bandits","floor":22.0,"turns":5.0},{"damage":26.0,"enemies":"Slavers","floor":23.0,"turns":9.0},{"damage":5.0,"enemies":"Sentry and Sphere","floor":25.0,"turns":5.0},{"damage":0.0,"enemies":"Chosen and Byrds","floor":28.0,"turns":3.0},{"damage":9.0,"enemies":"Gremlin Leader","floor":29.0,"turns":5.0},{"damage":2.0,"enemies":"Book of Stabbing","floor":31.0,"turns":3.0},{"damage":9.0,"enemies":"Collector","floor":33.0,"turns":7.0},{"damage":8.0,"enemies":"3 Darklings","floor":35.0,"turns":6.0},{"damage":5.0,"enemies":"3 Shapes","floor":36.0,"turns":5.0},{"damage":1.0,"enemies":"2 Orb Walkers","floor":37.0,"turns":4.0},{"damage":4.0,"enemies":"Jaw Worm Horde","floor":39.0,"turns":5.0},{"damage":0.0,"enemies":"Reptomancer","floor":40.0,"turns":7.0},{"damage":24.0,"enemies":"Giant Head","floor":42.0,"turns":10.0},{"damage":0.0,"enemies":"Reptomancer","floor":47.0,"turns":4.0},{"damage":14.0,"enemies":"Donu and Deca","floor":50.0,"turns":8.0},{"damage":13.0,"enemies":"Awakened One","floor":51.0,"turns":19.0},{"damage":1.0,"enemies":"Shield and Spear","floor":55.0,"turns":8.0},{"damage":79,"enemies":"The Heart","floor":56,"turns":9}],"seed_played":"2433406072164662027","potions_obtained":[{"floor":5.0,"key":"GhostInAJar"},{"floor":6.0,"key":"Weak Potion"},{"floor":8.0,"key":"Fruit Juice"},{"floor":10.0,"key":"SpeedPotion"},{"floor":14.0,"key":"Poison Potion"},{"floor":16.0,"key":"Dexterity Potion"},{"floor":20.0,"key":"LiquidBronze"},{"floor":29.0,"key":"LiquidBronze"},{"floor":31.0,"key":"Dexterity Potion"},{"floor":35.0,"key":"Ancient Potion"},{"floor":37.0,"key":"Dexterity Potion"},{"floor":39.0,"key":"Fire Potion"},{"floor":42.0,"key":"Explosive Potion"},{"floor":47.0,"key":"Fruit Juice"}],"is_trial":false,"path_per_floor":["M","?","$","M","M","E","R","M","T","M","M","E","$","E","R","B",null,"M","M","M","?","?","E","R","M","T","?","M","E","?","E","R","B",null,"M","M","?","?","M","E","?","E","T","?","$","R","E","?","R","B","B",null,"R","$","E","B"],"character_chosen":"THE_SILENT","items_purchased":["Footwork","Membership Card","Potion Belt","TungstenRod","Footwork","AttackPotion","Fire Potion","BlessingOfTheForge","Centennial Puzzle","Orichalcum","HandDrill","Dash","Explosive Potion","Explosive Potion","ColorlessPotion"],"campfire_rested":4,"item_purchase_floors":[13,45,45,45,45,45,45,45,54,54,54,54,54,54,54],"current_hp_per_floor":[58,58,58,58,58,42,42,42,42,43,43,37,37,37,37,24,59,58,47,46,46,45,19,40,35,35,35,35,26,5,3,24,15,57,49,44,43,43,39,39,39,15,15,15,15,36,36,36,41,27,14,61,76,76,75,0,0],"gold":248,"neow_bonus":"TRANSFORM_TWO_CARDS","is_daily":false,"chose_seed":false,"campfire_upgraded":2,"win_rate":0.0,"timestamp":1610754130,"path_taken":["M","?","$","M","M","E","R","M","T","M","?","E","$","E","R","BOSS","M","M","M","?","?","E","R","M","T","?","?","E","?","E","R","BOSS","M","M","?","?","M","E","?","E","T","?","?","R","E","?","R","BOSS","BOSS","R","$","E","BOSS"],"items_purchased_type":["Card","Relic","Relic","Relic","Card","Potion","Potion","Potion","Relic","Relic","Relic","Card","Potion","Potion","Potion"],"build_version":"2020-12-18","purchased_purges":4,"victory":false,"max_hp_per_floor":[66,66,66,66,66,66,66,66,66,71,71,71,71,71,71,71,71,71,71,71,71,71,71,71,71,71,71,71,71,71,71,71,71,71,71,71,71,71,71,71,71,71,71,71,71,71,71,71,76,76,76,76,76,76,76,76,76],"relic_stats":{"Happy Flower":[34],"counters":[31,193],"CeramicFish":189,"Juzu Bracelet":1,"Orichalcum":[12],"MawBank":168,"Cursed Key":1,"Mercury Hourglass":[143],"Blood Vial":1,"Nunchaku":[34],"Centennial Puzzle":[6],"Mummified Hand":[28],"Bronze Scales":[635],"Prayer Wheel":1,"Necronomicon":[55],"HandDrill":[4],"obtain_stats":[{"Potion Belt":45,"Happy Flower":26,"CeramicFish":6,"Oddly Smooth Stone":12,"Juzu Bracelet":40,"Orichalcum":54,"MawBank":31,"Cursed Key":34,"Mercury Hourglass":47,"Du-Vu Doll":23,"Blood Vial":55,"Nunchaku":9,"Centennial Puzzle":54,"Mummified Hand":29,"Bronze Scales":14,"Prayer Wheel":37,"Fusion Hammer":17,"Red Mask":22,"Necronomicon":30,"HandDrill":54,"Membership Card":45,"TungstenRod":45,"Ring of the Snake":0,"Pocketwatch":42},{"Potion Belt":26,"Happy Flower":16,"CeramicFish":4,"Oddly Smooth Stone":8,"Juzu Bracelet":25,"Orichalcum":29,"MawBank":19,"Cursed Key":20,"Mercury Hourglass":27,"Du-Vu Doll":15,"Blood Vial":30,"Nunchaku":5,"Centennial Puzzle":29,"Mummified Hand":18,"Bronze Scales":9,"Prayer Wheel":23,"Fusion Hammer":10,"Red Mask":14,"Necronomicon":18,"HandDrill":29,"Membership Card":26,"TungstenRod":26,"Ring of the Snake":0,"Pocketwatch":26},{"Potion Belt":145,"Happy Flower":90,"CeramicFish":24,"Oddly Smooth Stone":39,"Juzu Bracelet":135,"Orichalcum":176,"MawBank":101,"Cursed Key":108,"Mercury Hourglass":149,"Du-Vu Doll":85,"Blood Vial":184,"Nunchaku":27,"Centennial Puzzle":176,"Mummified Hand":98,"Bronze Scales":45,"Prayer Wheel":123,"Fusion Hammer":60,"Red Mask":76,"Necronomicon":98,"HandDrill":176,"Membership Card":145,"TungstenRod":145,"Ring of the Snake":0,"Pocketwatch":145}],"TungstenRod":26,"Ring of the Snake":[62],"Pocketwatch":[6]},"card_choices":[{"not_picked":["Quick Slash","Distraction"],"picked":"Terror","floor":1.0},{"not_picked":["Acrobatics","Setup"],"picked":"Dash","floor":4.0},{"not_picked":["Deflect","Escape Plan"],"picked":"Predator","floor":5.0},{"not_picked":["PiercingWail","Blur"],"picked":"Masterful Stab","floor":6.0},{"not_picked":["Backflip","Acrobatics","Expertise"],"picked":"SKIP","floor":8.0},{"not_picked":["Choke","Acrobatics"],"picked":"Backstab","floor":10.0},{"not_picked":["Expertise","Dagger Throw","Blade Dance"],"picked":"SKIP","floor":11.0},{"not_picked":["Caltrops","Skewer"],"picked":"Crippling Poison","floor":12.0},{"not_picked":["Expertise","Catalyst","Backstab"],"picked":"SKIP","floor":14.0},{"not_picked":["Tools of the Trade","Grand Finale"],"picked":"Phantasmal Killer","floor":16.0},{"not_picked":["Slice","PiercingWail"],"picked":"Backflip","floor":18.0},{"not_picked":["Setup+1","Dagger Spray"],"picked":"PiercingWail+1","floor":19.0},{"not_picked":["Well Laid Plans","Cloak And Dagger","Dagger Throw"],"picked":"SKIP","floor":20.0},{"not_picked":["Deadly Poison","Outmaneuver","Sucker Punch"],"picked":"SKIP","floor":23.0},{"not_picked":["Terror","Storm of Steel","Quick Slash"],"picked":"SKIP","floor":25.0},{"not_picked":["Well Laid Plans","Infinite Blades","Masterful Stab"],"picked":"SKIP","floor":28.0},{"not_picked":["Deadly Poison","Sucker Punch+1"],"picked":"Dodge and Roll","floor":29.0},{"not_picked":["Deadly Poison","Underhanded Strike","Doppelganger"],"picked":"SKIP","floor":31.0},{"not_picked":["Storm of Steel","Unload"],"picked":"Malaise","floor":33.0},{"not_picked":["Quick Slash","Deadly Poison","Reflex"],"picked":"SKIP","floor":35.0},{"not_picked":["Escape Plan","Underhanded Strike"],"picked":"Dodge and Roll","floor":36.0},{"not_picked":["Cloak And Dagger","Choke"],"picked":"Backflip+1","floor":39.0},{"not_picked":["Dodge and Roll","Noxious Fumes"],"picked":"Dash","floor":39.0},{"not_picked":["Quick Slash","Flechettes"],"picked":"Expertise+1","floor":40.0},{"not_picked":["Flechettes","PiercingWail"],"picked":"Escape Plan+1","floor":42.0},{"not_picked":["Tactician+1","Quick Slash+1"],"picked":"Dagger Throw+1","floor":47.0},{"not_picked":["Skewer","Sucker Punch","Deadly Poison"],"picked":"SKIP","floor":55.0}],"player_experience":693163,"relics_obtained":[{"floor":6.0,"key":"CeramicFish"},{"floor":9.0,"key":"Nunchaku"},{"floor":12.0,"key":"Oddly Smooth Stone"},{"floor":14.0,"key":"Bronze Scales"},{"floor":22.0,"key":"Red Mask"},{"floor":23.0,"key":"Du-Vu Doll"},{"floor":26.0,"key":"Happy Flower"},{"floor":29.0,"key":"Mummified Hand"},{"floor":30.0,"key":"Necronomicon"},{"floor":31.0,"key":"MawBank"},{"floor":37.0,"key":"Prayer Wheel"},{"floor":40.0,"key":"Juzu Bracelet"},{"floor":42.0,"key":"Pocketwatch"},{"floor":47.0,"key":"Mercury Hourglass"},{"floor":55.0,"key":"Blood Vial"}],"event_choices":[{"damage_healed":0.0,"max_hp_gain":0.0,"max_hp_loss":0.0,"gold_gain":0.0,"event_name":"Upgrade Shrine","player_choice":"Upgraded","floor":2.0,"gold_loss":0.0,"damage_taken":0.0,"cards_upgraded":["Leg Sweep"]},{"damage_healed":0.0,"max_hp_gain":0.0,"max_hp_loss":0.0,"gold_gain":0.0,"cards_transformed":["Strike_G","Strike_G"],"event_name":"Drug Dealer","player_choice":"Became Test Subject","floor":21.0,"gold_loss":0.0,"damage_taken":0.0,"cards_obtained":["Doppelganger","Flying Knee"]},{"damage_healed":0.0,"max_hp_gain":0.0,"max_hp_loss":0.0,"gold_gain":0.0,"event_name":"Masked Bandits","player_choice":"Fought Bandits","floor":22.0,"gold_loss":0.0,"damage_taken":0.0},{"damage_healed":0.0,"max_hp_gain":0.0,"max_hp_loss":0.0,"gold_gain":0.0,"event_name":"Lab","player_choice":"Got Potions","floor":27.0,"gold_loss":0.0,"damage_taken":0.0},{"damage_healed":0.0,"max_hp_gain":0.0,"max_hp_loss":0.0,"gold_gain":0.0,"event_name":"Cursed Tome","player_choice":"Obtained Book","floor":30.0,"gold_loss":0.0,"damage_taken":21.0},{"damage_healed":0.0,"max_hp_gain":0.0,"max_hp_loss":0.0,"gold_gain":0.0,"event_name":"Mysterious Sphere","player_choice":"Fight","floor":37.0,"gold_loss":0.0,"damage_taken":0.0},{"damage_healed":0.0,"max_hp_gain":0.0,"max_hp_loss":0.0,"gold_gain":50.0,"event_name":"Golden Shrine","player_choice":"Pray","floor":38.0,"gold_loss":0.0,"damage_taken":0.0},{"damage_healed":0.0,"max_hp_gain":0.0,"max_hp_loss":0.0,"gold_gain":222.0,"event_name":"Tomb of Lord Red Mask","player_choice":"Wore Mask","floor":41.0,"gold_loss":0.0,"damage_taken":0.0},{"damage_healed":0.0,"max_hp_gain":0.0,"max_hp_loss":0.0,"gold_gain":0.0,"event_name":"SensoryStone","player_choice":"Memory 1","floor":44.0,"gold_loss":0.0,"damage_taken":0.0},{"damage_healed":0.0,"max_hp_gain":0.0,"max_hp_loss":0.0,"gold_gain":0.0,"event_name":"Match and Keep!","player_choice":"0 cards matched","floor":48.0,"gold_loss":0.0,"damage_taken":0.0,"cards_obtained":[]}],"is_beta":true,"boss_relics":[{"not_picked":["Black Star","Ectoplasm"],"picked":"Fusion Hammer"},{"not_picked":["Runic Pyramid","Astrolabe"],"picked":"Cursed Key"}],"items_purged_floors":[3,13,45,54],"is_endless":false,"potions_floor_spawned":[5,6,8,10,14,16,20,22,23,29,31,35,37,39,42,47],"killed_by":"The Heart","ascension_level":20}}