{"host":"8lgo2trwv2o0qyml","time":1610750139,"event":{"mods":["BaseMod","Colored Map","Colored Powertips","DeckTracker","Highlight Path","Hubris","Infinite Spire","Minty Spire (QoL Compilation)","Quick Restart","Random Character Button","Relic Sorter","Replay The Spire","StSLib","SuperFastMode","Synergy Search"],"gold_per_floor":[115,115,115,115,89,114,128,155,155,166,177,205,205,205,205,205,205],"floor_reached":16,"playtime":660,"items_purged":[],"score":117,"play_id":"18c467f5-e64b-437f-bc8b-7e03ceea1791","local_time":"20210115173539","is_ascension_mode":false,"campfire_choices":[{"floor":15,"key":"REST"}],"circlet_count":0,"master_deck":["Strike_B","Strike_B","Strike_B","Strike_B","Defend_B","Defend_B","Defend_B","Zap+1","Dualcast","Gash","Fusion+1","Gash","Redo","Sweeping Beam","ReplayRNGCard+1","Capacitor","Sweeping Beam","Self Repair"],"relics":["Cracked Core","Darkstone Periapt","Spirit Poop","infinitespire:WardingShard","White Beast Statue","infinitespire:EmpoweringShard","Nunchaku","Du-Vu Doll"],"acts_visited":["Exordium"],"potions_floor_usage":[6,12,12,16],"damage_taken":[{"damage":0,"enemies":"2 Louse","floor":1,"turns":2},{"damage":37,"enemies":"Gremlin Nob","floor":6,"turns":5},{"damage":2,"enemies":"Small Slimes","floor":7,"turns":3},{"damage":12,"enemies":"Lagavulin","floor":8,"turns":5},{"damage":0,"enemies":"Cultist","floor":10,"turns":2},{"damage":5,"enemies":"Exordium Wildlife","floor":11,"turns":3},{"damage":16,"enemies":"Gremlin Nob","floor":12,"turns":3},{"damage":33,"enemies":"Fading Forest","floor":16,"turns":7}],"seed_played":"-7903898940650994804","potions_obtained":[{"floor":1,"key":"Languid Potion"},{"floor":7,"key":"DistilledChaos"},{"floor":10,"key":"GamblersBrew"},{"floor":11,"key":"BlessingOfTheForge"},{"floor":12,"key":"Elixir"}],"is_trial":false,"path_per_floor":["M","?","?","?","$","E","M","E","T","M","M","E","T","?","R","B"],"character_chosen":"DEFECT","items_purchased":["Gash"],"campfire_rested":1,"item_purchase_floors":[5],"current_hp_per_floor":[75,81,81,81,81,44,42,30,30,30,25,9,9,9,33,0,0],"gold":205,"neow_bonus":"UPGRADE_CARD","is_daily":false,"chose_seed":false,"campfire_upgraded":0,"win_rate":0.0,"timestamp":1610750139,"path_taken":["M","?","?","?","$","E","M","E","T","?","M","E","?","?","R","BOSS"],"items_purchased_type":["Card"],"build_version":"2020-12-22","purchased_purges":0,"victory":false,"max_hp_per_floor":[75,81,81,81,81,81,81,81,81,81,81,81,81,81,81,81,81],"card_choices":[{"not_picked":["ReplaySolidLightProjector","Hologram"],"picked":"Gash","floor":1},{"not_picked":["Tempest","ReplayTheSpireMod:Reroute Power"],"picked":"Redo","floor":6},{"not_picked":["Cold Snap","Steam Power"],"picked":"Sweeping Beam","floor":7},{"not_picked":["Conserve Battery","Ball Lightning"],"picked":"ReplayRNGCard","floor":8},{"not_picked":["Barrage","ReplayTheSpireMod:GoodbyeWorld"],"picked":"Capacitor","floor":10},{"not_picked":["hubris:Ukulele","Steam"],"picked":"Sweeping Beam","floor":11},{"not_picked":["Hologram","Consume"],"picked":"Self Repair","floor":12}],"player_experience":71657,"relics_obtained":[{"floor":6,"key":"infinitespire:WardingShard"},{"floor":8,"key":"White Beast Statue"},{"floor":9,"key":"infinitespire:EmpoweringShard"},{"floor":12,"key":"Nunchaku"},{"floor":13,"key":"Du-Vu Doll"}],"event_choices":[{"damage_healed":0,"gold_gain":0,"player_choice":"Box","damage_taken":0,"relics_obtained":["Darkstone Periapt"],"max_hp_gain":0,"max_hp_loss":0,"event_name":"Big Fish","floor":2,"gold_loss":0,"cards_obtained":["Regret"]},{"cards_removed":["Regret"],"damage_healed":0,"gold_gain":0,"player_choice":"Offered Curse","damage_taken":0,"relics_obtained":["Spirit Poop"],"max_hp_gain":0,"max_hp_loss":0,"event_name":"Bonfire Elementals","floor":4,"gold_loss":0},{"damage_healed":0,"gold_gain":0,"player_choice":"Grow","damage_taken":0,"max_hp_gain":0,"max_hp_loss":0,"event_name":"Living Wall","floor":14,"gold_loss":0,"cards_upgraded":["ReplayRNGCard"]}],"is_beta":false,"boss_relics":[],"items_purged_floors":[],"is_endless":false,"potions_floor_spawned":[1,7,10,11,12],"killed_by":"Fading Forest","ascension_level":0}}