{"host":"0ulgfg5uyx5zlmwg","time":1610704881,"event":{"mods":["Act Like it!","BaseMod","BetterRewards","Challenge The Spire","Custom Start","Grow up Mod","Marked Mod","Minty Spire (QoL Compilation)","RumiaBox-露米娅的神秘盒子","Spicy Shops","StSLib","TestMod","vexMod","【功能Mod】混沌之环修复补丁","【遗物卡牌】REMEMod","篝火指南"],"gold_per_floor":[113,113,128,143,153,153,179,179,249,278,296,322,339,351,13,118,118,138,157,157,157,176,67,67],"floor_reached":23,"language":"ZHS","playtime":3419,"items_purged":[],"score":407,"play_id":"ce190738-2b26-4a1e-a1c9-4d5956d953d2","local_time":"20210115180121","is_ascension_mode":true,"campfire_choices":[{"data":"Infinite Blades","floor":6,"key":"SMITH"},{"data":"REME_HeartOfCthun","floor":8,"key":"SMITH"}],"circlet_count":0,"master_deck":["Strike_G","Strike_G","Strike_G","Strike_G","Defend_G","Defend_G","Defend_G","Defend_G","Survivor","Neutralize","REME_HeartOfCthun+1","PiercingWail","Infinite Blades+1","Cloak And Dagger","Dagger Spray","Dagger Spray","Slice","Noxious Fumes","REME_ProfessionalPlagiarism","Trip","Burst","Accuracy","REME_GrazeFinale","A Thousand Cuts"],"relics":["Ring of the Snake","testmod-TestBox","REME_ComplimentaryCards","testmod-TurbochargingSystem","Du-Vu Doll","AddBug","SecretRecord","SecretRecord","SecretRecord"],"acts_visited":["Exordium","TheCity"],"potions_floor_usage":[10,16,19],"damage_taken":[{"damage":0,"enemies":"Cultist","floor":1,"turns":2},{"damage":0,"enemies":"Small Slimes","floor":3,"turns":1},{"damage":0,"enemies":"Jaw Worm","floor":4,"turns":3},{"damage":0,"enemies":"Red Slaver","floor":5,"turns":4},{"damage":0,"enemies":"3 Sentries","floor":7,"turns":2},{"damage":0,"enemies":"Lagavulin","floor":10,"turns":2},{"damage":0,"enemies":"Large Slime","floor":11,"turns":2},{"damage":0,"enemies":"3 Sentries","floor":12,"turns":3},{"damage":0,"enemies":"Blue Slaver","floor":13,"turns":1},{"damage":0,"enemies":"Gremlin Gang","floor":14,"turns":1},{"damage":0,"enemies":"Slime Boss","floor":16,"turns":2},{"damage":6,"enemies":"Chosen","floor":18,"turns":3},{"damage":0,"enemies":"2 Thieves","floor":19,"turns":2},{"damage":0,"enemies":"Centurion and Healer","floor":22,"turns":2}],"seed_played":"277519606932965769","potions_obtained":[{"floor":1,"key":"Weak Potion"},{"floor":7,"key":"ColorlessPotion"},{"floor":10,"key":"FearPotion"},{"floor":13,"key":"DistilledChaos"},{"floor":14,"key":"PowerPotion"},{"floor":18,"key":"CunningPotion"}],"is_trial":false,"path_per_floor":["M","?","M","M","M","R","E","R","T","E","M","E","M","M","R","B",null,"M","M","T","?","M","R"],"character_chosen":"THE_SILENT","items_purchased":["REME_ProfessionalPlagiarism","Trip","A Thousand Cuts"],"campfire_rested":0,"item_purchase_floors":[15,15,23],"current_hp_per_floor":[83,93,103,113,123,133,143,153,163,173,183,193,203,213,223,233,243,247,257,267,277,287,287,287],"gold":67,"neow_bonus":"ONE_RARE_RELIC","is_daily":false,"chose_seed":false,"campfire_upgraded":2,"win_rate":0.0,"timestamp":1610704881,"path_taken":["M","?","?","M","M","R","E","R","T","E","M","E","M","M","R","BOSS","M","M","?","?","?","R"],"items_purchased_type":["Card","Card","Card"],"build_version":"2020-12-22","purchased_purges":0,"victory":false,"max_hp_per_floor":[83,93,103,113,123,133,143,153,163,173,183,193,203,213,223,233,243,253,263,273,283,293,293,293],"card_choices":[{"not_picked":["Cloak And Dagger","Leg Sweep"],"picked":"PiercingWail","floor":1},{"not_picked":["Underhanded Strike","Prepared"],"picked":"Infinite Blades","floor":3},{"not_picked":["Skewer","Caltrops"],"picked":"Cloak And Dagger","floor":4},{"not_picked":["Bane","Slice"],"picked":"Dagger Spray","floor":5},{"not_picked":["Blade Dance","Envenom"],"picked":"Dagger Spray","floor":7},{"not_picked":["Heel Hook","Dodge and Roll","Calculated Gamble"],"picked":"SKIP","floor":10},{"not_picked":["Setup","Flechettes"],"picked":"Slice","floor":11},{"not_picked":["Acrobatics","Reflex"],"picked":"Noxious Fumes","floor":12},{"not_picked":["Quick Slash","Dagger Throw","Acrobatics"],"picked":"SKIP","floor":13},{"not_picked":["Outmaneuver","Setup","Dodge and Roll"],"picked":"SKIP","floor":14},{"not_picked":["Venomology","REME_LeechingPoison"],"picked":"Burst","floor":16},{"not_picked":["Prepared+1","Slice"],"picked":"Accuracy","floor":18},{"not_picked":["Blur+1","Dagger Throw","Sucker Punch+1"],"picked":"SKIP","floor":19},{"not_picked":["Quick Slash","Dodge and Roll+1","Bane"],"picked":"SKIP","floor":22}],"player_experience":492637,"relics_obtained":[{"floor":1,"key":"AddBug"},{"floor":3,"key":"SecretRecord"},{"floor":7,"key":"testmod-Fortitude"},{"floor":10,"key":"Strawberry"},{"floor":12,"key":"testmod-IndustrialRevolution"},{"floor":14,"key":"SecretRecord"},{"floor":20,"key":"Bottled Tornado"}],"event_choices":[{"cards_removed":["Defend_G"],"damage_healed":0,"gold_gain":0,"player_choice":"Purged","damage_taken":0,"max_hp_gain":0,"max_hp_loss":0,"event_name":"Purifier","floor":2,"gold_loss":0},{"damage_healed":0,"gold_gain":0,"cards_transformed":["Strike_G"],"player_choice":"Transformed","damage_taken":0,"max_hp_gain":0,"max_hp_loss":0,"event_name":"Transmorgrifier","floor":21,"gold_loss":0,"cards_obtained":["REME_GrazeFinale"]}],"is_beta":false,"boss_relics":[{"not_picked":["Busted Crown","REME_LowDesire"],"picked":"vexMod:ImprovementManual"}],"items_purged_floors":[],"is_endless":false,"potions_floor_spawned":[1,7,10,13,14,18],"ascension_level":1}}