{"host":"w11d5xug8ost5klq","time":1610746634,"event":{"mods":["2.2 Compatiblity","Arknights The Spire","BaseMod","Better Third Choice","Emptier Cage","Highlight Path","Minty Spire (QoL Compilation)","Quick Restart","Spicy Shops","StSLib"],"gold_per_floor":[113,130,28,38,38,38,69,86,110,129,161,176,176,195,195,293,293,305,305,318,318,329,329,361,361,443,476,487,487,487,520,520,622,622,641,641,70,84,101,131,142,169,221,240,255,255,270,270,270,270],"floor_reached":51,"language":"ENG","playtime":4693,"items_purged":[],"score":768,"play_id":"72ab9cb5-dbe2-4df5-80da-229fb4e0c639","local_time":"20210115153714","is_ascension_mode":true,"campfire_choices":[{"data":"ats:Emotion Absorption","floor":6,"key":"SMITH"},{"floor":13,"key":"REST"},{"floor":15,"key":"REST"},{"data":"ats:Healing Strengthening","floor":23,"key":"SMITH"},{"data":"ats:Armor Crushing Shot","floor":25,"key":"SMITH"},{"data":"ats:Ambush","floor":30,"key":"SMITH"},{"data":"ats:Soul Absorption","floor":32,"key":"SMITH"},{"data":"ats:Revitalization","floor":46,"key":"SMITH"},{"data":"ats:Shell Defense","floor":49,"key":"SMITH"}],"circlet_count":0,"master_deck":["ats:Strike C+1","ats:Strike G","ats:Strike S","ats:Strike V","ats:Armor Crushing Shot+1","ats:Defend","ats:Defend","ats:Defend","ats:Emotion Absorption+1","ats:Hammer On+1","ats:Revitalization+1","ats:Composite Medical Shells","ats:Healing Drone","ats:Cat Scratch","ats:Soul Absorption+1","ats:Healing Strengthening+1","ats:Shell Defense+1","ats:Ambush+1","ats:Shell Defense","RitualDagger","ats:Sunburst+1","ats:Healing Strengthening","ats:Assault Order","ats:Apocalypse","ats:Healing Drone","ats:Part Time Job+1","ats:Support Order+1","ats:Powerful Strike","ats:Consecutive Shot Auto+1"],"relics":["ats:Sanity","Potion Belt","Calipers","ats:Originium","Whetstone","Toy Ornithopter","ats:Hidden Killer","Runic Dome","Lantern","Bottled Lightning","Centennial Puzzle","Mummified Hand","Letter Opener","ats:Omniscience","ats:Attack","Shuriken","Oddly Smooth Stone","ats:Ability Aura","Happy Flower","MealTicket"],"acts_visited":["Exordium","TheCity","TheBeyond"],"potions_floor_usage":[7,10,10,16,31],"damage_taken":[{"damage":11,"enemies":"Small Slimes","floor":1,"turns":5},{"damage":5,"enemies":"Cultist","floor":2,"turns":4},{"damage":0,"enemies":"2 Louse","floor":4,"turns":2},{"damage":66,"enemies":"Lagavulin","floor":7,"turns":11},{"damage":20,"enemies":"Exordium Wildlife","floor":8,"turns":7},{"damage":0,"enemies":"Gremlin Gang","floor":10,"turns":2},{"damage":37,"enemies":"3 Sentries","floor":11,"turns":9},{"damage":29,"enemies":"Exordium Thugs","floor":12,"turns":5},{"damage":19,"enemies":"Lots of Slimes","floor":14,"turns":4},{"damage":112,"enemies":"Hexaghost","floor":16,"turns":17},{"damage":18,"enemies":"3 Byrds","floor":18,"turns":5},{"damage":12,"enemies":"Shell Parasite","floor":20,"turns":7},{"damage":61,"enemies":"Shelled Parasite and Fungi","floor":22,"turns":8},{"damage":71,"enemies":"Slavers","floor":24,"turns":7},{"damage":45,"enemies":"Book of Stabbing","floor":27,"turns":7},{"damage":44,"enemies":"3 Cultists","floor":28,"turns":6},{"damage":65,"enemies":"Slavers","floor":31,"turns":5},{"damage":38,"enemies":"Automaton","floor":33,"turns":12},{"damage":11,"enemies":"Orb Walker","floor":35,"turns":4},{"damage":11,"enemies":"3 Darklings","floor":38,"turns":4},{"damage":20,"enemies":"Sphere and 2 Shapes","floor":39,"turns":6},{"damage":60,"enemies":"Reptomancer","floor":40,"turns":7},{"damage":7,"enemies":"Jaw Worm Horde","floor":41,"turns":4},{"damage":35,"enemies":"Giant Head","floor":42,"turns":10},{"damage":22,"enemies":"Maw","floor":44,"turns":8},{"damage":11,"enemies":"3 Darklings","floor":45,"turns":4},{"damage":20,"enemies":"Spire Growth","floor":47,"turns":6},{"damage":67,"enemies":"Donu and Deca","floor":50,"turns":9}],"seed_played":"864160769622391798","potions_obtained":[{"floor":4,"key":"Ancient Potion"},{"floor":7,"key":"DistilledChaos"},{"floor":8,"key":"PowerPotion"},{"floor":11,"key":"GamblersBrew"},{"floor":16,"key":"AttackPotion"},{"floor":24,"key":"SneckoOil"},{"floor":27,"key":"Regen Potion"},{"floor":28,"key":"SmokeBomb"},{"floor":31,"key":"Strength Potion"},{"floor":35,"key":"Fire Potion"}],"is_trial":false,"path_per_floor":["M","M","$","M","?","R","E","M","T","M","E","M","R","M","R","B",null,"M","?","M","?","M","R","E","R","T","E","M","T","R","E","R","B",null,"M","?","$","M","M","E","M","E","T","M","M","R","M","?","R","B",null],"character_chosen":"DOCTOR_CLASS","items_purchased":["Calipers","ats:Composite Medical Shells","ats:Attack","Shuriken","Oddly Smooth Stone"],"campfire_rested":2,"item_purchase_floors":[3,3,37,37,37],"current_hp_per_floor":[61,56,56,58,58,58,10,1,1,28,33,21,42,34,55,25,72,72,66,72,72,69,69,42,42,42,55,44,44,44,45,45,72,72,72,72,72,72,72,72,72,72,72,72,72,72,65,65,65,72],"gold":270,"neow_bonus":"RANDOM_COMMON_RELIC","is_daily":false,"chose_seed":false,"campfire_upgraded":7,"win_rate":0.0,"timestamp":1610746634,"path_taken":["M","M","$","M","?","R","E","?","T","M","E","?","R","M","R","BOSS","M","?","M","?","?","R","E","R","T","E","M","?","R","E","R","BOSS","M","?","$","M","M","E","M","E","T","?","M","R","?","?","R","BOSS"],"items_purchased_type":["Relic","Card","Relic","Relic","Relic"],"build_version":"2020-12-22","purchased_purges":0,"victory":true,"max_hp_per_floor":[72,72,72,72,72,72,72,72,72,72,72,72,72,72,72,72,72,72,72,72,72,72,72,72,72,72,72,72,72,72,72,72,72,72,72,72,72,72,72,72,72,72,72,72,72,72,72,72,72,72],"card_choices":[{"not_picked":["ats:Ignite","ats:Explosion Area Strengthen"],"picked":"ats:Hammer On","floor":1},{"not_picked":["ats:Overload","ats:Nebulous Foxfire"],"picked":"ats:Revitalization","floor":2},{"not_picked":["ats:Rapid Magazine","ats:Consecutive Shot Auto"],"picked":"ats:Healing Drone","floor":4},{"not_picked":["ats:Poison Spread","ats:Leaping Hammer","ats:Revitalization"],"picked":"SKIP","floor":7},{"not_picked":["ats:Collapsing Strike","ats:Beaten Up"],"picked":"ats:Healing Strengthening","floor":8},{"not_picked":["ats:Poison Spread","ats:Sword Rain"],"picked":"ats:Shell Defense","floor":10},{"not_picked":["ats:Cat Scratch","ats:Consecutive Shot Auto","ats:Ignite"],"picked":"SKIP","floor":11},{"not_picked":["ats:Childhood Dance","ats:Revitalization","ats:Poison Spread"],"picked":"SKIP","floor":12},{"not_picked":["ats:Hammer On","ats:Collapsing Strike","ats:Powerful Strike"],"picked":"SKIP","floor":14},{"not_picked":["ats:Volcano","ats:Fractured Body"],"picked":"ats:Ambush","floor":16},{"not_picked":["ats:Ignite","ats:Song Of Battle"],"picked":"ats:Shell Defense","floor":18},{"not_picked":["ats:Support Order","ats:Leaping Hammer"],"picked":"ats:Sunburst+1","floor":20},{"not_picked":["ats:Chain Hook+1","ats:Ignite"],"picked":"ats:Assault Order","floor":22},{"not_picked":["ats:Assault Order+1","ats:Consecutive Shot Auto","ats:Counter Healing Mode"],"picked":"SKIP","floor":24},{"not_picked":["ats:Childhood Dance","ats:Guardian Obelisk"],"picked":"ats:Apocalypse","floor":27},{"not_picked":["ats:Hammer On+1","ats:Defend Order+1","ats:Ignite"],"picked":"SKIP","floor":28},{"not_picked":["ats:Calcification","ats:Explosion Area Strengthen"],"picked":"ats:Healing Drone","floor":31},{"not_picked":["ats:Spore Proliferation","ats:Childhood Dance+1"],"picked":"ats:Part Time Job+1","floor":35},{"not_picked":["ats:Directed Diagnosis+1","ats:Childhood Dance+1","ats:Leaping Hammer+1"],"picked":"SKIP","floor":38},{"not_picked":["ats:Curse Doll+1","ats:Shell Defense+1","ats:Hammer On+1"],"picked":"SKIP","floor":39},{"not_picked":["ats:Shell Defense","ats:Rapid Magazine+1","ats:Defend Order+1"],"picked":"SKIP","floor":40},{"not_picked":["ats:Burning Ground","ats:Soul Absorption+1","ats:Shadow Assault"],"picked":"SKIP","floor":41},{"not_picked":["ats:Apocalypse","ats:Curse Doll","ats:Childhood Dance+1"],"picked":"SKIP","floor":42},{"not_picked":["ats:Assault Order","ats:Leaping Hammer"],"picked":"ats:Support Order+1","floor":44},{"not_picked":["ats:Ignite","ats:Poison Spread"],"picked":"ats:Powerful Strike","floor":45},{"not_picked":["ats:Flexible Camouflage+1","ats:Shell Defense+1"],"picked":"ats:Consecutive Shot Auto+1","floor":47}],"player_experience":92760,"relics_obtained":[{"floor":7,"key":"ats:Originium"},{"floor":7,"key":"Whetstone"},{"floor":9,"key":"Toy Ornithopter"},{"floor":11,"key":"ats:Originium"},{"floor":11,"key":"ats:Hidden Killer"},{"floor":24,"key":"ats:Originium"},{"floor":24,"key":"Lantern"},{"floor":26,"key":"Bottled Lightning"},{"floor":27,"key":"Centennial Puzzle"},{"floor":29,"key":"Mummified Hand"},{"floor":31,"key":"Letter Opener"},{"floor":40,"key":"ats:Ability Aura"},{"floor":42,"key":"Happy Flower"},{"floor":43,"key":"MealTicket"}],"event_choices":[{"damage_healed":0,"gold_gain":0,"player_choice":"2 cards matched","damage_taken":0,"max_hp_gain":0,"max_hp_loss":0,"event_name":"Match and Keep!","floor":5,"gold_loss":0,"cards_obtained":["ats:Cat Scratch","ats:Soul Absorption"]},{"damage_healed":0,"gold_gain":0,"player_choice":"Dagger","damage_taken":6,"max_hp_gain":0,"max_hp_loss":0,"event_name":"betterThird:BetterNest","floor":19,"gold_loss":0,"cards_obtained":["RitualDagger"]},{"damage_healed":0,"gold_gain":0,"player_choice":"Copied","damage_taken":0,"max_hp_gain":0,"max_hp_loss":0,"event_name":"Duplicator","floor":21,"gold_loss":0,"cards_obtained":["ats:Healing Strengthening"]},{"damage_healed":0,"gold_gain":0,"player_choice":"Ignored","damage_taken":0,"max_hp_gain":0,"max_hp_loss":0,"event_name":"betterThird:BetterPortal","floor":36,"gold_loss":0},{"cards_removed":["ats:Defend"],"damage_healed":0,"gold_gain":0,"player_choice":"Removed Skill","damage_taken":0,"max_hp_gain":0,"max_hp_loss":0,"event_name":"Falling","floor":48,"gold_loss":0}],"is_beta":false,"boss_relics":[{"not_picked":["Fusion Hammer","Snecko Eye"],"picked":"Runic Dome"},{"not_picked":["SlaversCollar","Astrolabe"],"picked":"ats:Omniscience"}],"items_purged_floors":[],"is_endless":false,"potions_floor_spawned":[4,7,8,11,16,24,27,28,31,35,42,44,47],"ascension_level":1}}