{"host":"Squid","time":1610733295,"event":{"mods":["BaseMod","Minty Spire (QoL Compilation)","StSLib"],"gold_per_floor":[111,131,81,81,94,94,123,20,20,20,36,36,48,60,60,131,131,146,163,178,178],"floor_reached":20,"language":"ENG","playtime":792,"items_purged":[],"score":376,"play_id":"413a732c-aa63-4097-b79f-d4419e9cf125","local_time":"20210115125455","is_ascension_mode":true,"campfire_choices":[{"data":"Bouncing Flask","floor":6,"key":"SMITH"},{"data":"Footwork","floor":10,"key":"SMITH"},{"data":"Blade Dance","floor":12,"key":"SMITH"},{"data":"Neutralize","floor":15,"key":"SMITH"}],"circlet_count":0,"master_deck":["AscendersBane","Strike_G","Strike_G","Strike_G","Strike_G","Defend_G","Defend_G","Defend_G","Defend_G","Defend_G","Survivor","Neutralize+1","Underhanded Strike","Bouncing Flask+1","Quick Slash","Expertise","Footwork+1","Slice","Blade Dance+1","Backstab","Blur","Storm of Steel","Backflip","Caltrops"],"relics":["Ring of the Snake","Thread and Needle","NlothsMask","Centennial Puzzle","HoveringKite"],"acts_visited":["Exordium","TheCity"],"potions_floor_usage":[],"damage_taken":[{"damage":0.0,"enemies":"Jaw Worm","floor":1.0,"turns":5.0},{"damage":0,"enemies":"2 Louse","floor":2,"turns":3},{"damage":1,"enemies":"Cultist","floor":5,"turns":4},{"damage":6,"enemies":"Lagavulin","floor":7,"turns":7},{"damage":3,"enemies":"Exordium Thugs","floor":11,"turns":4},{"damage":0,"enemies":"3 Louse","floor":13,"turns":2},{"damage":0,"enemies":"Looter","floor":14,"turns":3},{"damage":0,"enemies":"The Guardian","floor":16,"turns":10},{"damage":0,"enemies":"Shell Parasite","floor":18,"turns":4},{"damage":9,"enemies":"3 Byrds","floor":19,"turns":5},{"damage":16,"enemies":"3 Cultists","floor":20,"turns":7}],"seed_played":"6531437758109474349","potions_obtained":[{"floor":2,"key":"GhostInAJar"},{"floor":7,"key":"DuplicationPotion"}],"is_trial":false,"path_per_floor":["M","M","?","?","M","R","E","$","T","R","M","R","M","M","R","B",null,"M","M","M"],"character_chosen":"THE_SILENT","items_purchased":["Footwork","Slice"],"campfire_rested":0,"item_purchase_floors":[8,8],"current_hp_per_floor":[63,63,63,63,62,62,56,56,56,56,53,53,53,53,53,53,61,61,52,36,36],"gold":178,"neow_bonus":"ONE_RARE_RELIC","is_daily":false,"chose_seed":false,"campfire_upgraded":4,"win_rate":0.0,"timestamp":1610733295,"path_taken":["M","M","?","?","?","R","E","?","T","R","M","R","M","M","R","BOSS","M","M","M"],"items_purchased_type":["Card","Card"],"build_version":"2020-12-18","purchased_purges":0,"victory":false,"max_hp_per_floor":[63,63,63,63,63,63,63,63,63,63,63,63,63,63,63,63,63,63,63,63,63],"card_choices":[{"not_picked":["Dagger Spray","Quick Slash"],"picked":"Underhanded Strike","floor":1},{"not_picked":["Blur","Underhanded Strike"],"picked":"Bouncing Flask","floor":2},{"not_picked":["Slice","Outmaneuver"],"picked":"Quick Slash","floor":5},{"not_picked":["Envenom","Flechettes"],"picked":"Expertise","floor":7},{"not_picked":["Predator","Eviscerate"],"picked":"Blade Dance","floor":11},{"not_picked":["Poisoned Stab","Reflex"],"picked":"Backstab","floor":13},{"not_picked":["Concentrate","Poisoned Stab"],"picked":"Blur","floor":14},{"not_picked":["Doppelganger","Bullet Time"],"picked":"Storm of Steel","floor":16},{"not_picked":["Deflect","Eviscerate"],"picked":"Backflip","floor":18},{"not_picked":["Dagger Spray","Endless Agony+1"],"picked":"Caltrops","floor":19}],"player_experience":845228,"relics_obtained":[{"floor":7,"key":"Centennial Puzzle"}],"event_choices":[{"cards_removed":["Strike_G"],"damage_healed":0,"gold_gain":0,"player_choice":"Card Removal","damage_taken":0,"max_hp_gain":0,"max_hp_loss":0,"event_name":"The Cleric","floor":3,"gold_loss":50},{"damage_healed":0,"gold_gain":0,"player_choice":"Trade","damage_taken":0,"relics_obtained":["NlothsMask"],"max_hp_gain":0,"max_hp_loss":0,"event_name":"FaceTrader","floor":4,"gold_loss":0}],"is_beta":true,"boss_relics":[{"not_picked":["Philosopher\u0027s Stone","Ring of the Serpent"],"picked":"HoveringKite"}],"items_purged_floors":[],"is_endless":false,"potions_floor_spawned":[2,7,13,16,19],"killed_by":"3 Cultists","ascension_level":13}}