{"host":"v54ek091sdz7ha6h","time":1610742008,"event":{"mods":["BaseMod","Better Vampires","Colored Map","Colored Powertips","Custom Start","DeckTracker","Highlight Path","KOR Keyword Fix","Minty Spire (QoL Compilation)","Rare Cards Sparkle","Relic Stats","StSLib","SuperFastMode","everything is the same but u backflip on backflip","slay the spire mod where everything is the same but ironclad has a cowboy hat"],"gold_per_floor":[112,4,154,154,170,195,195,211,211,211,222,238,257,287,287,287,287],"floor_reached":16,"language":"KOR","playtime":222,"items_purged":[],"score":274,"play_id":"8c0cd587-32b8-4775-bb53-f0c9fb719725","local_time":"20210116052008","is_ascension_mode":true,"campfire_choices":[{"data":"True Grit","floor":7.0,"key":"SMITH"},{"data":"Immolate","floor":10.0,"key":"SMITH"},{"data":"Body Slam","floor":15.0,"key":"SMITH"}],"circlet_count":0,"master_deck":["AscendersBane","Strike_R","Strike_R","Strike_R","Strike_R","Strike_R","Defend_R","Defend_R","Defend_R","Defend_R","Bash","Wild Strike","Wild Strike","True Grit+1","Doubt","Regret","Immolate+1","Power Through","Feel No Pain","Body Slam+1","Clothesline"],"relics":["Burning Blood","NeowsBlessing","White Beast Statue","Lizard Tail","Paper Frog"],"acts_visited":["Exordium"],"potions_floor_usage":[],"damage_taken":[{"damage":0.0,"enemies":"Jaw Worm","floor":1.0,"turns":1.0},{"damage":0.0,"enemies":"2 Louse","floor":5.0,"turns":1.0},{"damage":0.0,"enemies":"Lagavulin","floor":6.0,"turns":1.0},{"damage":3.0,"enemies":"Small Slimes","floor":8.0,"turns":3.0},{"damage":13.0,"enemies":"Blue Slaver","floor":11.0,"turns":3.0},{"damage":0.0,"enemies":"3 Louse","floor":12.0,"turns":1.0},{"damage":2.0,"enemies":"Looter","floor":13.0,"turns":3.0},{"damage":71.0,"enemies":"Gremlin Nob","floor":14.0,"turns":7.0},{"damage":0,"enemies":"The Guardian","floor":16,"turns":2}],"seed_played":"8473178098154952359","potions_obtained":[{"floor":5.0,"key":"BlessingOfTheForge"},{"floor":6.0,"key":"Regen Potion"},{"floor":8.0,"key":"LiquidBronze"}],"is_trial":false,"path_per_floor":["M","$","?","?","M","E","R","M","T","R","M","M","M","E","R","B"],"character_chosen":"IRONCLAD","items_purchased":["Wild Strike","True Grit"],"campfire_rested":0,"item_purchase_floors":[2,2],"current_hp_per_floor":[74,74,74,74,75,75,75,75,75,75,68,74,75,10,10,10,10],"gold":287,"neow_bonus":"THREE_ENEMY_KILL","is_daily":false,"chose_seed":false,"campfire_upgraded":3,"win_rate":0.0,"timestamp":1610742008,"path_taken":["M","$","?","?","M","E","R","M","T","R","M","M","M","E","R","BOSS"],"items_purchased_type":["Card","Card"],"build_version":"2020-12-22","purchased_purges":0,"victory":false,"max_hp_per_floor":[75,75,75,75,75,75,75,75,75,75,75,75,75,75,75,75,75],"relic_stats":{"Lizard Tail":0,"counters":[9,22],"obtain_stats":[{"Lizard Tail":6,"NeowsBlessing":0,"Burning Blood":0,"White Beast Statue":4,"Paper Frog":14},{"Lizard Tail":3,"NeowsBlessing":0,"Burning Blood":0,"White Beast Statue":1,"Paper Frog":8},{"Lizard Tail":3,"NeowsBlessing":0,"Burning Blood":0,"White Beast Statue":1,"Paper Frog":20}],"Burning Blood":31},"card_choices":[{"not_picked":["Body Slam","Heavy Blade"],"picked":"Wild Strike","floor":1.0},{"not_picked":["Headbutt","Warcry"],"picked":"Immolate","floor":5.0},{"not_picked":["Armaments","Corruption"],"picked":"Power Through","floor":6.0},{"not_picked":["Pummel","Armaments"],"picked":"Feel No Pain","floor":8.0},{"not_picked":["Flex","Twin Strike","Anger"],"picked":"SKIP","floor":11.0},{"not_picked":["Entrench","Brutality"],"picked":"Body Slam","floor":12.0},{"not_picked":["Ghostly Armor","Fire Breathing"],"picked":"Clothesline","floor":13.0},{"not_picked":["Carnage","Heavy Blade","Havoc"],"picked":"SKIP","floor":14.0}],"player_experience":1445762,"relics_obtained":[{"floor":6.0,"key":"Lizard Tail"},{"floor":14.0,"key":"Paper Frog"}],"event_choices":[{"damage_healed":0.0,"max_hp_gain":0.0,"max_hp_loss":0.0,"gold_gain":150.0,"event_name":"Liars Game","player_choice":"AGREE","floor":3.0,"gold_loss":0.0,"damage_taken":0.0,"cards_obtained":["Doubt"]},{"damage_healed":0.0,"max_hp_gain":0.0,"max_hp_loss":0.0,"gold_gain":0.0,"event_name":"Big Fish","player_choice":"Box","floor":4.0,"gold_loss":0.0,"damage_taken":0.0,"relics_obtained":["White Beast Statue"],"cards_obtained":["Regret"]}],"is_beta":false,"boss_relics":[],"items_purged_floors":[],"is_endless":false,"potions_floor_spawned":[5,6,8,11,12,13,14],"killed_by":"The Guardian","ascension_level":20}}