{"host":"8suwxzmsh8pwn3fh","time":1610669650,"event":{"mods":["BaseMod","Colored Map","Curses Come First","Dark Map","Hubris","Infinite Spire","Minty Spire (QoL Compilation)","Replay The Spire","StSLib","The Necromancer"],"gold_per_floor":[110,126,136,236,247,247,247,273,299,316,328,362,362,375,375,375,375],"floor_reached":16,"language":"ENG","playtime":844,"items_purged":[],"score":114,"play_id":"032e41f5-23cc-40a1-b99b-376d9b59baa7","local_time":"20210115011410","is_ascension_mode":false,"campfire_choices":[{"data":"Life_Tap","floor":6,"key":"SMITH"}],"circlet_count":0,"master_deck":["Strike_W","Strike_W","Strike_W","Strike_W","Defend_W","Defend_W","Defend_W","Negative_Energy_Arrows","Bone_Wall","Bones_to_Steel","Negative_Energy_Shield","Shackles_Of_Pain","Life_Tap+1","Strike_from_Beyond","Summon_Undead","Whirlwind_of_Bones","Finger_Of_Death","Requiem+1"],"relics":["Vampire_Amulet","NeowsBlessing","Anchor","Replay:Wax Seal","Akabeko","Replay:Baseball"],"acts_visited":["Exordium"],"potions_floor_usage":[5,11,12,14],"damage_taken":[{"damage":0,"enemies":"Cultist","floor":1,"turns":1},{"damage":0,"enemies":"Jaw Worm","floor":2,"turns":1},{"damage":0,"enemies":"Small Slimes","floor":3,"turns":1},{"damage":5,"enemies":"Exordium Thugs","floor":5,"turns":7},{"damage":44,"enemies":"Gremlin Nob","floor":8,"turns":5},{"damage":13,"enemies":"Large Slime","floor":10,"turns":8},{"damage":13,"enemies":"3 Louse","floor":11,"turns":3},{"damage":20,"enemies":"Lagavulin","floor":12,"turns":10},{"damage":2,"enemies":"Exordium Wildlife","floor":14,"turns":4},{"damage":39,"enemies":"The Guardian","floor":16,"turns":10}],"seed_played":"-522708908600422784","potions_obtained":[{"floor":2,"key":"DistilledChaos"},{"floor":5,"key":"Adrenaline Potion"},{"floor":10,"key":"DistilledChaos"},{"floor":12,"key":"Adrenaline Potion"}],"is_trial":false,"path_per_floor":["M","M","M","?","M","R","?","E","T","M","M","E","?","M","R_BF","B"],"character_chosen":"NECROMANCER","items_purchased":[],"campfire_rested":0,"item_purchase_floors":[],"current_hp_per_floor":[75,75,75,75,72,72,72,30,30,36,29,11,11,13,35,0,0],"gold":375,"neow_bonus":"THREE_ENEMY_KILL","is_daily":false,"chose_seed":false,"campfire_upgraded":1,"win_rate":0.0,"timestamp":1610669650,"path_taken":["M","?","M","?","?","R","?","E","T","M","?","E","?","M","R_BF","BOSS"],"items_purchased_type":[],"build_version":"2020-12-22","purchased_purges":0,"victory":false,"max_hp_per_floor":[75,75,75,75,75,75,75,75,75,75,75,75,75,75,75,75,75],"card_choices":[{"not_picked":["Negative_Energy_Shield","Negative_Energy_Sphere"],"picked":"Bones_to_Steel","floor":1},{"not_picked":["Chill_Blood","Blood_Curse"],"picked":"Negative_Energy_Shield","floor":2},{"not_picked":["Death_March_Dance","Life_Drain"],"picked":"Shackles_Of_Pain","floor":3},{"not_picked":["Negative_Energy_Sphere","Negative_Energy_Javelin"],"picked":"Life_Tap","floor":5},{"not_picked":["Life_Tap","Plague_Bolt"],"picked":"Summon_Undead","floor":8},{"not_picked":["Bones_to_Steel","Exploit","Chill_Blood"],"picked":"SKIP","floor":10},{"not_picked":["Necrotic_Claws","Pandemic"],"picked":"Whirlwind_of_Bones","floor":11},{"not_picked":["Blood_Whip","Necromantic_Selection"],"picked":"Finger_Of_Death","floor":12},{"not_picked":["Consume_Illness","Vampiric_Strike"],"picked":"Requiem","floor":14}],"player_experience":377463,"relics_obtained":[{"floor":8,"key":"Anchor"},{"floor":9,"key":"Replay:Wax Seal"},{"floor":12,"key":"Akabeko"},{"floor":13,"key":"Replay:Baseball"}],"event_choices":[{"damage_healed":0,"gold_gain":100,"player_choice":"Pray","damage_taken":0,"max_hp_gain":0,"max_hp_loss":0,"event_name":"Golden Shrine","floor":4,"gold_loss":0},{"damage_healed":0,"gold_gain":0,"cards_transformed":["Defend_W"],"player_choice":"Transformed","damage_taken":0,"max_hp_gain":0,"max_hp_loss":0,"event_name":"Transmorgrifier","floor":7,"gold_loss":0,"cards_obtained":["Strike_from_Beyond"]},{"damage_healed":0,"gold_gain":0,"player_choice":"Relic","damage_taken":0,"max_hp_gain":0,"max_hp_loss":0,"event_name":"Wheel of Change","floor":13,"gold_loss":0}],"is_beta":false,"boss_relics":[],"items_purged_floors":[],"is_endless":false,"potions_floor_spawned":[2,5,10,12],"killed_by":"The Guardian","ascension_level":0}}