{"host":"otq8dfq4j7e4v22n","time":1610752285,"event":{"mods":["BaseMod","Better Third Choice","Minty Spire (QoL Compilation)","Permanent Neow","Relic Stats","StSLib","Transform Curses"],"gold_per_floor":[369,28,0,17,33,59,72,82,82,96,96,115,133,166,166,240,240,259,259,269,289,289,323,0,0,0,12,46,60,60,70,70,147,147,160,160,160,160,160,160,193,212,212,212,226,237,271,271,271,271,271,271,271,98,127,127],"floor_reached":57,"language":"ENG","playtime":7327,"items_purged":["Defend_P"],"score":2836,"play_id":"65ceb389-117a-4ca3-b4b9-6ac612ca425e","local_time":"20210115151125","is_ascension_mode":true,"campfire_choices":[{"floor":15,"key":"REST"},{"data":"Nirvana","floor":32,"key":"SMITH"},{"floor":40,"key":"RECALL"},{"floor":44,"key":"REST"},{"data":"1","floor":49,"key":"LIFT"},{"data":"2","floor":53,"key":"LIFT"}],"circlet_count":0,"master_deck":["AscendersBane","Eruption+1","Vigilance+1","ThirdEye+1","Enlightenment+1","Evaluate+1","Nirvana+1","DeusExMachina+1","Sanctity+1","Evaluate+1","ConjureBlade+1","DevaForm+1","ThirdEye+1","EmptyBody+1","MasterReality+1","EmptyFist+1","ThirdEye+1","Ghostly+1","Ghostly+1","Ghostly+1","Nirvana+1","CutThroughFate+1","Collect+1","ThirdEye+1","Blasphemy+1","Eruption+1","Wireheading","Crescendo+1","ConjureBlade+1"],"relics":["PureWater","Happy Flower","Bottled Lightning","Lantern","Nunchaku","Black Star","Blue Candle","HornCleat","Pantograph","White Beast Statue","Mango","Vajra","VioletLotus","Toy Ornithopter","StrikeDummy","Meat on the Bone","Girya","Bag of Marbles","Lizard Tail","War Paint","Oddly Smooth Stone"],"acts_visited":["Exordium","TheCity","TheBeyond","TheEnding"],"potions_floor_usage":[16,19,21,28,28,28,28,31,33,41,55,56,56],"damage_taken":[{"damage":4,"enemies":"2 Louse","floor":1,"turns":7},{"damage":0,"enemies":"Jaw Worm","floor":4,"turns":3},{"damage":1,"enemies":"Cultist","floor":5,"turns":4},{"damage":21,"enemies":"Lagavulin","floor":6,"turns":10},{"damage":6,"enemies":"Large Slime","floor":7,"turns":8},{"damage":1,"enemies":"Exordium Wildlife","floor":8,"turns":4},{"damage":10,"enemies":"3 Louse","floor":10,"turns":5},{"damage":2,"enemies":"2 Fungi Beasts","floor":12,"turns":4},{"damage":6,"enemies":"Lots of Slimes","floor":13,"turns":6},{"damage":0,"enemies":"Gremlin Nob","floor":14,"turns":1},{"damage":34,"enemies":"The Guardian","floor":16,"turns":11},{"damage":0,"enemies":"Spheric Guardian","floor":18,"turns":8},{"damage":14,"enemies":"3 Byrds","floor":19,"turns":4},{"damage":12,"enemies":"Snecko","floor":20,"turns":9},{"damage":68,"enemies":"Centurion and Healer","floor":21,"turns":8},{"damage":63,"enemies":"Book of Stabbing","floor":23,"turns":8},{"damage":4,"enemies":"Sentry and Sphere","floor":27,"turns":8},{"damage":0,"enemies":"Slavers","floor":28,"turns":1},{"damage":3,"enemies":"Snake Plant","floor":29,"turns":8},{"damage":0,"enemies":"3 Cultists","floor":31,"turns":5},{"damage":14,"enemies":"Collector","floor":33,"turns":8},{"damage":0,"enemies":"3 Darklings","floor":35,"turns":1},{"damage":11,"enemies":"Giant Head","floor":41,"turns":8},{"damage":30,"enemies":"3 Shapes","floor":42,"turns":6},{"damage":31,"enemies":"Jaw Worm Horde","floor":45,"turns":6},{"damage":37,"enemies":"4 Shapes","floor":46,"turns":6},{"damage":87,"enemies":"Reptomancer","floor":47,"turns":8},{"damage":19,"enemies":"Time Eater","floor":50,"turns":8},{"damage":21,"enemies":"Donu and Deca","floor":51,"turns":9},{"damage":61,"enemies":"Shield and Spear","floor":55,"turns":7},{"damage":122,"enemies":"The Heart","floor":56,"turns":10}],"seed_played":"-1778398366295064408","potions_obtained":[{"floor":5,"key":"ColorlessPotion"},{"floor":8,"key":"GamblersBrew"},{"floor":13,"key":"Dexterity Potion"},{"floor":20,"key":"PowerPotion"},{"floor":21,"key":"EntropicBrew"},{"floor":27,"key":"Regen Potion"},{"floor":28,"key":"EssenceOfSteel"},{"floor":29,"key":"StancePotion"},{"floor":31,"key":"Energy Potion"},{"floor":33,"key":"PowerPotion"},{"floor":35,"key":"SteroidPotion"},{"floor":41,"key":"AttackPotion"},{"floor":42,"key":"SpeedPotion"},{"floor":55,"key":"EssenceOfSteel"}],"is_trial":false,"path_per_floor":["M","$","?","M","M","E","M","M","T","M","?","M","M","E","R","B",null,"M","M","M","M","?","E","$","?","T","M","E","M","?","M","R","B",null,"M","?","$","?","?","R","E","M","T","R","M","M","E","$","R","B","B",null,"R","$","E","B",null],"character_chosen":"WATCHER","items_purchased":["Happy Flower","SmokeBomb","Bottled Flame","Pantograph","Nirvana","ConjureBlade"],"campfire_rested":2,"item_purchase_floors":[2,2,24,24,24,54],"current_hp_per_floor":[57,57,63,63,62,41,35,34,34,24,24,22,16,16,36,2,52,52,38,26,10,10,23,23,23,23,19,33,30,30,30,30,41,69,69,69,69,69,69,69,58,28,28,28,47,22,42,42,42,48,52,72,72,72,28,44],"gold":127,"neow_bonus":"TWO_FIFTY_GOLD","is_daily":false,"chose_seed":false,"campfire_upgraded":1,"win_rate":0.0,"timestamp":1610752285,"path_taken":["M","$","?","M","M","E","M","M","T","M","?","M","M","E","R","BOSS","M","M","M","M","?","E","$","?","T","?","E","M","?","M","R","BOSS","M","?","$","?","?","R","E","M","T","R","M","?","E","$","R","BOSS","BOSS","R","$","E","BOSS"],"items_purchased_type":["Relic","Potion","Relic","Relic","Card","Card"],"build_version":"2020-12-22","purchased_purges":1,"victory":true,"max_hp_per_floor":[62,62,68,68,68,68,68,68,68,68,68,68,68,68,68,68,68,68,68,68,68,34,64,64,64,64,64,78,78,78,78,78,78,78,78,78,78,78,78,78,78,78,78,78,78,78,78,78,78,78,78,78,78,78,78,78],"relic_stats":{"Nunchaku":[13],"Lizard Tail":39,"Happy Flower":[64],"counters":[31,199],"Blue Candle":[0],"Pantograph":100,"VioletLotus":[13],"Black Star":5,"War Paint":["ConjureBlade","Crescendo"],"obtain_stats":[{"Girya":47,"Lantern":9,"Mark of the Bloom":38,"Happy Flower":2,"Blue Candle":23,"Dead Branch":54,"Vajra":28,"Oddly Smooth Stone":55,"Mango":28,"War Paint":55,"White Beast Statue":26,"Nunchaku":14,"Bottled Flame":24,"Lizard Tail":48,"HornCleat":23,"Pantograph":24,"VioletLotus":34,"Black Star":17,"Bag of Marbles":47,"Bottled Lightning":6,"PureWater":0,"StrikeDummy":41,"Toy Ornithopter":37,"Meat on the Bone":41},{"Girya":27,"Lantern":6,"Mark of the Bloom":22,"Happy Flower":1,"Blue Candle":16,"Dead Branch":29,"Vajra":18,"Oddly Smooth Stone":30,"Mango":18,"War Paint":30,"White Beast Statue":16,"Nunchaku":10,"Bottled Flame":16,"Lizard Tail":27,"HornCleat":16,"Pantograph":16,"VioletLotus":21,"Black Star":11,"Bag of Marbles":27,"Bottled Lightning":4,"PureWater":0,"StrikeDummy":23,"Toy Ornithopter":22,"Meat on the Bone":23},{"Girya":165,"Lantern":36,"Mark of the Bloom":131,"Happy Flower":7,"Blue Candle":100,"Dead Branch":182,"Vajra":109,"Oddly Smooth Stone":189,"Mango":109,"War Paint":189,"White Beast Statue":100,"Nunchaku":52,"Bottled Flame":100,"Lizard Tail":165,"HornCleat":100,"Pantograph":100,"VioletLotus":130,"Black Star":63,"Bag of Marbles":165,"Bottled Lightning":24,"PureWater":0,"StrikeDummy":139,"Toy Ornithopter":131,"Meat on the Bone":139}],"Toy Ornithopter":15,"Meat on the Bone":36},"card_choices":[{"not_picked":["FollowUp","CarveReality"],"picked":"ThirdEye","floor":1},{"not_picked":["FlyingSleeves","EmptyBody"],"picked":"Evaluate","floor":4},{"not_picked":["BowlingBash","CarveReality"],"picked":"Nirvana","floor":5},{"not_picked":["Sanctity","Blasphemy"],"picked":"DeusExMachina","floor":6},{"not_picked":["Consecrate","FlurryOfBlows"],"picked":"Sanctity","floor":7},{"not_picked":["EmptyBody","Consecrate"],"picked":"Evaluate","floor":8},{"not_picked":["SashWhip","BowlingBash","Pray"],"picked":"SKIP","floor":10},{"not_picked":["Consecrate","Halt"],"picked":"ThirdEye","floor":12},{"not_picked":["Worship","ForeignInfluence"],"picked":"EmptyBody","floor":13},{"not_picked":["PathToVictory","Vengeance","SandsOfTime"],"picked":"SKIP","floor":14},{"not_picked":["Ragnarok","Establishment"],"picked":"MasterReality","floor":16},{"not_picked":["CrushJoints","FollowUp","Worship"],"picked":"SKIP","floor":18},{"not_picked":["Evaluate+1","Sanctity"],"picked":"EmptyFist+1","floor":20},{"not_picked":["TalkToTheHand","JustLucky"],"picked":"ThirdEye","floor":21},{"not_picked":["Establishment","WheelKick","CrushJoints"],"picked":"SKIP","floor":23},{"not_picked":["EmptyBody","Halt","PathToVictory"],"picked":"SKIP","floor":27},{"not_picked":["BowlingBash","FlyingSleeves"],"picked":"CutThroughFate","floor":28},{"not_picked":["ForeignInfluence","Evaluate"],"picked":"Collect","floor":29},{"not_picked":["Collect","Worship"],"picked":"ThirdEye","floor":31},{"not_picked":["Scrawl","Establishment"],"picked":"Blasphemy","floor":33},{"not_picked":["Perseverance+1","ForeignInfluence","EmptyBody"],"picked":"SKIP","floor":35},{"not_picked":["EmptyMind","Consecrate","ForeignInfluence"],"picked":"SKIP","floor":41},{"not_picked":["EmptyBody","EmptyMind"],"picked":"Wireheading","floor":42},{"not_picked":["Meditate","FlyingSleeves+1"],"picked":"Crescendo","floor":45},{"not_picked":["BowlingBash","Wireheading+1","Vengeance"],"picked":"SKIP","floor":46},{"not_picked":["JustLucky","FearNoEvil","SandsOfTime+1"],"picked":"SKIP","floor":47},{"not_picked":["TalkToTheHand","Brilliance","SandsOfTime"],"picked":"SKIP","floor":55}],"player_experience":69016,"relics_obtained":[{"floor":6,"key":"Bottled Lightning"},{"floor":9,"key":"Lantern"},{"floor":14,"key":"Nunchaku"},{"floor":23,"key":"Blue Candle"},{"floor":23,"key":"HornCleat"},{"floor":26,"key":"White Beast Statue"},{"floor":28,"key":"Mango"},{"floor":28,"key":"Vajra"},{"floor":41,"key":"StrikeDummy"},{"floor":41,"key":"Meat on the Bone"},{"floor":47,"key":"Girya"},{"floor":47,"key":"Bag of Marbles"},{"floor":55,"key":"War Paint"},{"floor":55,"key":"Oddly Smooth Stone"}],"event_choices":[{"damage_healed":0,"gold_gain":0,"player_choice":"RENOUNCE","damage_taken":28,"max_hp_gain":0,"max_hp_loss":0,"event_name":"betterThird:BetterSerpent","floor":3,"gold_loss":28,"cards_obtained":["Enlightenment"]},{"cards_removed":["Strike_P"],"damage_healed":0,"gold_gain":0,"player_choice":"Forget","damage_taken":0,"max_hp_gain":0,"max_hp_loss":0,"event_name":"Living Wall","floor":11,"gold_loss":0},{"damage_healed":0,"gold_gain":0,"player_choice":"Became a Ghost","damage_taken":0,"max_hp_gain":0,"max_hp_loss":34,"event_name":"Ghosts","floor":22,"gold_loss":0,"cards_obtained":["Ghostly","Ghostly","Ghostly"]},{"damage_healed":0,"gold_gain":0,"player_choice":"Upgraded","damage_taken":0,"max_hp_gain":0,"max_hp_loss":0,"event_name":"Upgrade Shrine","floor":25,"gold_loss":0,"cards_upgraded":["DeusExMachina"]},{"damage_healed":0,"gold_gain":0,"player_choice":"Serpent","damage_taken":0,"max_hp_gain":0,"max_hp_loss":0,"event_name":"BanditSerpent","floor":30,"gold_loss":0},{"damage_healed":0,"gold_gain":0,"player_choice":"Memory 1","damage_taken":0,"max_hp_gain":0,"max_hp_loss":0,"event_name":"SensoryStone","floor":36,"gold_loss":0},{"damage_healed":0,"gold_gain":0,"player_choice":"Upgrade","damage_taken":0,"relics_obtained":["Mark of the Bloom"],"max_hp_gain":0,"max_hp_loss":0,"event_name":"MindBloom","floor":38,"gold_loss":0,"cards_upgraded":["Eruption","Vigilance","ThirdEye","Evaluate","Sanctity","Evaluate","ThirdEye","EmptyBody","MasterReality","ThirdEye","Ghostly","Ghostly","Ghostly","Nirvana","CutThroughFate","Collect","ThirdEye","Blasphemy"]},{"damage_healed":0,"gold_gain":0,"player_choice":"Copied","damage_taken":0,"max_hp_gain":0,"max_hp_loss":0,"event_name":"Duplicator","floor":39,"gold_loss":0,"cards_obtained":["Eruption"]}],"is_beta":false,"boss_relics":[{"not_picked":["Fusion Hammer","Calling Bell"],"picked":"Black Star"},{"not_picked":["Astrolabe","Velvet Choker"],"picked":"VioletLotus"}],"items_purged_floors":[2],"is_endless":false,"potions_floor_spawned":[5,8,10,12,13,20,21,27,28,29,31,33,35,41,42,45,46,47,55],"ascension_level":20}}