{"host":"5rw0nun05olx0r44","time":1610670130,"event":{"mods":["AchievementEnabler","BaseMod","Colored Map","Colored Powertips","Downfall","Highlight Path","Minty Spire (QoL Compilation)","Permanent Neow","Quick Restart","Shop Mod","StSLib"],"gold_per_floor":[110,126,126,139,149,175,175,206,206,206,206,226,242,262,262,361,361,375,375,375,9,28,28,58,58,58,157,157,157,157],"floor_reached":29,"language":"ENG","playtime":2441,"items_purged":["Strike_P"],"score":266,"play_id":"6eeb5043-552c-4604-ab18-cbd3fa4f6e33","local_time":"20210114182210","is_ascension_mode":true,"campfire_choices":[{"floor":7.0,"key":"REST"},{"floor":10.0,"key":"REST"},{"floor":15.0,"key":"REST"},{"data":"ClearTheMind","floor":23.0,"key":"SMITH"},{"floor":25.0,"key":"REST"}],"circlet_count":0,"master_deck":["Strike_P","Strike_P","Defend_P","Defend_P","Defend_P","Defend_P","Eruption+1","Vigilance","Indignation","Consecrate","EmptyFist","ThirdEye","CutThroughFate","Study","ClearTheMind+1","FollowUp","Evaluate","EmptyBody+1","LikeWater","PathToVictory","FollowUp+1","Vault","Pain","Clumsy"],"relics":["PureWater","Unceasing Top","Bottled Lightning","FossilizedHelix","Cursed Key","Molten Egg 2","Prayer Wheel","TeardropLocket"],"acts_visited":["Exordium","TheCity"],"potions_floor_usage":[],"damage_taken":[{"damage":0.0,"enemies":"Small Slimes","floor":1.0,"turns":3.0},{"damage":6.0,"enemies":"Jaw Worm","floor":2.0,"turns":5.0},{"damage":0.0,"enemies":"Cultist","floor":4.0,"turns":2.0},{"damage":0.0,"enemies":"3 Louse","floor":5.0,"turns":2.0},{"damage":35.0,"enemies":"3 Sentries","floor":6.0,"turns":7.0},{"damage":31.0,"enemies":"Lagavulin","floor":8.0,"turns":7.0},{"damage":0.0,"enemies":"Blue Slaver","floor":12.0,"turns":2.0},{"damage":0.0,"enemies":"Red Slaver","floor":13.0,"turns":2.0},{"damage":11.0,"enemies":"Large Slime","floor":14.0,"turns":7.0},{"damage":16.0,"enemies":"The Guardian","floor":16.0,"turns":12.0},{"damage":0.0,"enemies":"Chosen","floor":18.0,"turns":4.0},{"damage":15.0,"enemies":"2 Thieves","floor":22.0,"turns":4.0},{"damage":22.0,"enemies":"Slavers","floor":24.0,"turns":6.0},{"damage":0,"enemies":"Cultist and Chosen","floor":29,"turns":2}],"seed_played":"3093018742838725108","potions_obtained":[{"floor":2.0,"key":"Guardian:BlockOnCardUsePotion"},{"floor":6.0,"key":"Slimebound:ThreeZeroPotion"},{"floor":12.0,"key":"LiquidMemories"},{"floor":14.0,"key":"SteroidPotion"},{"floor":16.0,"key":"Explosive Potion"},{"floor":18.0,"key":"hexamod:EctoCoolerPotion"}],"is_trial":false,"path_per_floor":["M","M","?","M","M","E","R","E","T","R","?","M","M","M","R","B",null,"M","?","?","$","M","R","E","R","T","?","T","M"],"character_chosen":"WATCHER","items_purchased":["Molten Egg 2","PathToVictory"],"campfire_rested":4,"item_purchase_floors":[21,21],"current_hp_per_floor":[72,66,66,66,66,31,52,21,21,42,42,42,42,31,52,36,72,72,72,72,72,57,57,35,56,56,56,56,56,56],"gold":157,"neow_bonus":"THREE_CARDS","is_daily":false,"chose_seed":false,"campfire_upgraded":1,"win_rate":0.0,"timestamp":1610670130,"path_taken":["M","M","?","M","M","E","R","E","T","R","?","M","M","M","R","BOSS","M","?","?","$","?","R","E","R","T","?","?","M"],"items_purchased_type":["Relic","Card"],"build_version":"2020-12-22","purchased_purges":1,"victory":false,"max_hp_per_floor":[72,72,72,72,72,72,72,72,72,72,72,72,72,72,72,72,72,72,72,72,72,72,72,72,72,72,72,72,72,72],"card_choices":[{"not_picked":["FlyingSleeves","CarveReality"],"picked":"Indignation","floor":0.0},{"not_picked":["Protect","ThirdEye"],"picked":"Consecrate","floor":1.0},{"not_picked":["Indignation","Protect"],"picked":"EmptyFist","floor":2.0},{"not_picked":["FlurryOfBlows","Worship"],"picked":"ThirdEye","floor":4.0},{"not_picked":["SignatureMove","Establishment"],"picked":"CutThroughFate","floor":5.0},{"not_picked":["Indignation","TalkToTheHand"],"picked":"Study","floor":6.0},{"not_picked":["EmptyFist","Establishment"],"picked":"ClearTheMind","floor":8.0},{"not_picked":["Protect","Wireheading"],"picked":"FollowUp","floor":12.0},{"not_picked":["JustLucky","Prostrate"],"picked":"Evaluate","floor":13.0},{"not_picked":["Tantrum","BattleHymn","EmptyBody"],"picked":"SKIP","floor":14.0},{"not_picked":["CrushJoints+1","DeceiveReality"],"picked":"EmptyBody+1","floor":18.0},{"not_picked":["EmptyMind+1","JustLucky+1"],"picked":"FollowUp+1","floor":22.0},{"not_picked":["Protect","Crescendo"],"picked":"Vault","floor":24.0}],"player_experience":100731,"relics_obtained":[{"floor":6.0,"key":"Unceasing Top"},{"floor":8.0,"key":"Bottled Lightning"},{"floor":9.0,"key":"FossilizedHelix"},{"floor":24.0,"key":"Prayer Wheel"},{"floor":26.0,"key":"TeardropLocket"}],"event_choices":[{"damage_healed":0.0,"max_hp_gain":0.0,"max_hp_loss":0.0,"gold_gain":0.0,"event_name":"Living Wall","player_choice":"Grow","floor":3.0,"gold_loss":0.0,"damage_taken":0.0,"cards_upgraded":["Eruption"]},{"damage_healed":0.0,"max_hp_gain":0.0,"max_hp_loss":0.0,"gold_gain":0.0,"event_name":"Liars Game","player_choice":"Ignored","floor":11.0,"gold_loss":0.0,"damage_taken":0.0},{"damage_healed":0.0,"max_hp_gain":0.0,"max_hp_loss":0.0,"gold_gain":0.0,"event_name":"The Library","player_choice":"Read","floor":19.0,"gold_loss":0.0,"damage_taken":0.0,"cards_obtained":["LikeWater"]},{"cards_removed":["Strike_P"],"damage_healed":0.0,"max_hp_gain":0.0,"max_hp_loss":0.0,"gold_gain":0.0,"event_name":"Purifier","player_choice":"Purged","floor":20.0,"gold_loss":0.0,"damage_taken":0.0},{"damage_healed":0.0,"max_hp_gain":0.0,"max_hp_loss":0.0,"gold_gain":99.0,"event_name":"Nest","player_choice":"Stole From Cult","floor":27.0,"gold_loss":0.0,"damage_taken":0.0}],"is_beta":false,"boss_relics":[{"not_picked":["Astrolabe","Tiny House"],"picked":"Cursed Key"}],"items_purged_floors":[21],"is_endless":false,"potions_floor_spawned":[2,6,12,14,16,18],"killed_by":"Cultist and Chosen","ascension_level":1}}