{"host":"ldbx2jhnvtia1ouf","time":1610701776,"event":{"mods":["BaseMod","Better Note","Better Sensory Stone","Better Skull","Better Third Choice","Block Reminder","Colored Map","Colored Powertips","Curses Come First","Highlight Path","Minty Spire (QoL Compilation)","Permanent Neow","Replay The Spire","Spicy Shops","StSLib","Transform Curses","Unceasing Turn Reminder"],"gold_per_floor":[212,212,222,238,313,341,341,361,361,396,466,477,477,491,491,596,596,609,609,627,644,644,644,644,644],"floor_reached":24,"language":"ENG","playtime":1561,"items_purged":[],"score":208,"play_id":"1b33bc90-8af7-4e83-840e-5b75af306e72","local_time":"20210115190936","is_ascension_mode":false,"campfire_choices":[{"floor":7,"key":"REST"},{"floor":13,"key":"REST"},{"data":"Eruption","floor":15,"key":"SMITH"},{"floor":23,"key":"REST"}],"circlet_count":0,"master_deck":["Strike_P","Strike_P","Strike_P","Strike_P","Defend_P","Defend_P","Defend_P","Eruption+1","Vigilance","EmptyBody","WindmillStrike","Perseverance","ConjureBlade","Perseverance","ConjureBlade","FearNoEvil","Replay:Battleflow","Replay:LoomingThreat","Perseverance","Worship","Chrysalis","Chrysalis"],"relics":["Replay:Wanted Poster","Replay:Baseball","Singing Bowl","Blue Candle","Mummified Hand","VioletLotus"],"acts_visited":["Exordium","TheCity"],"potions_floor_usage":[16,18,24],"damage_taken":[{"damage":0.0,"enemies":"2 Louse","floor":1.0,"turns":2.0},{"damage":0,"enemies":"Cultist","floor":3,"turns":4},{"damage":5,"enemies":"Small Slimes","floor":4,"turns":4},{"damage":16,"enemies":"3 Sentries","floor":6,"turns":9},{"damage":3,"enemies":"Exordium Wildlife","floor":8,"turns":4},{"damage":8,"enemies":"Lagavulin","floor":10,"turns":5},{"damage":13,"enemies":"Red Slaver","floor":12,"turns":4},{"damage":1,"enemies":"Exordium Thugs","floor":14,"turns":4},{"damage":4,"enemies":"Hexaghost","floor":16,"turns":8},{"damage":10,"enemies":"2 Thieves","floor":18,"turns":4},{"damage":35,"enemies":"3 Byrds","floor":20,"turns":8},{"damage":28,"enemies":"Cultist and Chosen","floor":21,"turns":6},{"damage":51,"enemies":"Book of Stabbing","floor":24,"turns":6}],"seed_played":"6216696886742835852","potions_obtained":[{"floor":3,"key":"BottledMiracle"},{"floor":8,"key":"FairyPotion"},{"floor":10,"key":"EssenceOfSteel"},{"floor":16,"key":"PowerPotion"},{"floor":21,"key":"Strength Potion"}],"is_trial":false,"path_per_floor":["M","?","M","M","?","E","R","M","T","E","T","M","R","M","R","B",null,"M","?","M","M","?","R","E"],"character_chosen":"WATCHER","items_purchased":[],"campfire_rested":3,"item_purchase_floors":[],"current_hp_per_floor":[72,72,72,67,56,40,61,58,58,50,50,37,58,57,57,53,72,64,64,29,3,3,25,0,0],"gold":644,"neow_bonus":"BOSS_RELIC","is_daily":false,"chose_seed":false,"campfire_upgraded":1,"win_rate":0.0,"timestamp":1610701776,"path_taken":["M","?","?","M","?","E","R","M","T","E","?","M","R","?","R","BOSS","M","?","M","?","?","R","E"],"items_purchased_type":[],"build_version":"2020-12-22","purchased_purges":0,"victory":false,"max_hp_per_floor":[72,72,72,72,72,72,72,72,72,72,72,72,72,72,72,72,72,74,74,74,76,76,76,76,76],"card_choices":[{"not_picked":["JustLucky","Crescendo"],"picked":"EmptyBody","floor":1.0},{"not_picked":["Nirvana","SashWhip"],"picked":"WindmillStrike","floor":3},{"not_picked":["Replay:ManipulateFuture","BowlingBash"],"picked":"Perseverance","floor":4},{"not_picked":["Collect","Crescendo"],"picked":"ConjureBlade","floor":6},{"not_picked":["Crescendo","EmptyBody"],"picked":"Perseverance","floor":8},{"not_picked":["Protect","EmptyMind"],"picked":"ConjureBlade","floor":10},{"not_picked":["EmptyMind","EmptyBody"],"picked":"FearNoEvil","floor":12},{"not_picked":["CutThroughFate","BattleHymn"],"picked":"Replay:Battleflow","floor":14},{"not_picked":["Vault","DeusExMachina"],"picked":"Replay:LoomingThreat","floor":16},{"not_picked":["Weave","Replay:BluntJabs","Crescendo"],"picked":"Singing Bowl","floor":18},{"not_picked":["FlurryOfBlows+1","Protect"],"picked":"Worship","floor":20},{"not_picked":["Consecrate","FearNoEvil+1","BowlingBash+1"],"picked":"Singing Bowl","floor":21},{"not_picked":["Panacea","Finesse"],"picked":"Chrysalis","floor":22},{"not_picked":["Poisoned Strike","ReplayUltimateDefense"],"picked":"Chrysalis","floor":22}],"player_experience":131610,"relics_obtained":[{"floor":6,"key":"Replay:Baseball"},{"floor":9,"key":"Singing Bowl"},{"floor":10,"key":"Blue Candle"},{"floor":11,"key":"Mummified Hand"}],"event_choices":[{"cards_removed":["Defend_P"],"damage_healed":0.0,"max_hp_gain":0.0,"max_hp_loss":0.0,"gold_gain":0.0,"event_name":"Bonfire Elementals","player_choice":"Offered Basic","floor":2.0,"gold_loss":0.0,"damage_taken":0.0},{"damage_healed":0,"gold_gain":75,"player_choice":"Gold","damage_taken":11,"max_hp_gain":0,"max_hp_loss":0,"event_name":"betterThird:BetterGoop","floor":5,"gold_loss":0},{"cards_removed":["ConjureBlade"],"damage_healed":0,"gold_gain":0,"player_choice":"Take \u0026 Give","damage_taken":0,"max_hp_gain":0,"max_hp_loss":0,"event_name":"betterNote:BetterNote","floor":19,"gold_loss":0,"cards_obtained":["Perseverance"]},{"damage_healed":0,"gold_gain":2,"player_choice":"1","damage_taken":0,"max_hp_gain":0,"max_hp_loss":0,"event_name":"betterStone:BetterStone","floor":22,"gold_loss":0}],"is_beta":false,"boss_relics":[{"not_picked":["Runic Dome","Busted Crown"],"picked":"VioletLotus"}],"items_purged_floors":[],"is_endless":false,"potions_floor_spawned":[3,8,10,12,16,21],"killed_by":"Book of Stabbing","ascension_level":0}}