{"host":"vje6bedaj0fhalec","time":1610700150,"event":{"mods":["Act Like it!","BaseMod","Minty Spire (QoL Compilation)","Quick Restart","StSLib"],"gold_per_floor":[118,3,22,22,39,71,71,91,117,117,117,117,117,17,17,115,115,128,143,160,15,15,15,47,63,145,145,145,244,257,290,290,390,390,403,403,423,437,8,8,43,43,43,69,19,30,80,90,90,90],"floor_reached":51,"language":"ZHS","playtime":2972,"items_purged":["Defend_G","Regret","Strike_G","Strike_G"],"score":933,"play_id":"e60ad698-b5b6-4ec0-9978-e70b1f57d4a7","local_time":"20210115164230","is_ascension_mode":true,"campfire_choices":[{"data":"Cloak And Dagger","floor":7.0,"key":"SMITH"},{"floor":10.0,"key":"REST"},{"data":"Calculated Gamble","floor":13.0,"key":"SMITH"},{"data":"Accuracy","floor":15.0,"key":"SMITH"},{"data":"Prepared","floor":23.0,"key":"SMITH"},{"data":"Tactician","floor":28.0,"key":"SMITH"},{"data":"Calculated Gamble","floor":32.0,"key":"SMITH"},{"data":"Reflex","floor":40,"key":"SMITH"},{"data":"Secret Technique","floor":42,"key":"SMITH"},{"floor":49,"key":"REST"}],"circlet_count":0,"master_deck":["Defend_G","Defend_G","Survivor","Neutralize","All Out Attack","Phantasmal Killer","Prepared+1","Accuracy+1","Quick Slash","Cloak And Dagger+1","Tactician+1","Calculated Gamble+1","Night Terror","Acrobatics","Backflip","J.A.X.","Reflex+1","Ghostly","Ghostly","Ghostly","Ghostly","Ghostly","Calculated Gamble+1","Outmaneuver+1","Doppelganger","Blade Dance+1","Secret Technique+1","Blade Dance+1","Acrobatics+1","Accuracy","Reflex+1"],"relics":["Ring of the Snake","Regal Pillow","Centennial Puzzle","Pen Nib","SlaversCollar","Nunchaku","Bronze Scales","Gremlin Horn","Blue Candle","Empty Cage","Unceasing Top","Incense Burner","Snake Skull","Smiling Mask","TungstenRod"],"acts_visited":["Exordium","TheCity","TheBeyond"],"potions_floor_usage":[],"damage_taken":[{"damage":0.0,"enemies":"Cultist","floor":1.0,"turns":2.0},{"damage":4.0,"enemies":"2 Louse","floor":3.0,"turns":2.0},{"damage":1.0,"enemies":"Jaw Worm","floor":5.0,"turns":2.0},{"damage":35.0,"enemies":"Gremlin Nob","floor":6.0,"turns":5.0},{"damage":1.0,"enemies":"3 Louse","floor":8.0,"turns":2.0},{"damage":53.0,"enemies":"Slime Boss","floor":16.0,"turns":9.0},{"damage":6.0,"enemies":"2 Thieves","floor":18.0,"turns":3.0},{"damage":0.0,"enemies":"Spheric Guardian","floor":19.0,"turns":3.0},{"damage":6.0,"enemies":"Chosen and Byrds","floor":20.0,"turns":3.0},{"damage":9.0,"enemies":"Gremlin Leader","floor":24.0,"turns":3.0},{"damage":3.0,"enemies":"3 Cultists","floor":25.0,"turns":3.0},{"damage":11.0,"enemies":"Cultist and Chosen","floor":30.0,"turns":5.0},{"damage":4.0,"enemies":"Book of Stabbing","floor":31.0,"turns":5.0},{"damage":10,"enemies":"Automaton","floor":33,"turns":9},{"damage":3,"enemies":"3 Darklings","floor":35,"turns":4},{"damage":2,"enemies":"3 Shapes","floor":37,"turns":4},{"damage":1,"enemies":"Sphere and 2 Shapes","floor":38,"turns":2},{"damage":6,"enemies":"Nemesis","floor":41,"turns":7},{"damage":7,"enemies":"Reptomancer","floor":44,"turns":3},{"damage":3,"enemies":"4 Shapes","floor":46,"turns":4},{"damage":0,"enemies":"Mind Bloom Boss Battle","floor":47,"turns":2},{"damage":0,"enemies":"Jaw Worm Horde","floor":48,"turns":4},{"damage":0,"enemies":"Awakened One","floor":50,"turns":5}],"seed_played":"-5607520056168027522","potions_obtained":[{"floor":3.0,"key":"Strength Potion"},{"floor":6.0,"key":"Weak Potion"},{"floor":12.0,"key":"Poison Potion"},{"floor":12.0,"key":"CunningPotion"},{"floor":18.0,"key":"Strength Potion"},{"floor":20.0,"key":"Block Potion"},{"floor":33,"key":"EntropicBrew"},{"floor":38,"key":"BlessingOfTheForge"}],"is_trial":false,"path_per_floor":["M","$","M","?","M","E","R","M","T","R","?","?","R","$","R","B",null,"M","M","M","$","?","R","E","M","T","?","R","?","M","E","R","B",null,"M","?","M","M","$","R","E","R","T","E","$","M","?","M","R","B",null],"character_chosen":"THE_SILENT","items_purchased":["Accuracy","Nunchaku","Unceasing Top"],"campfire_rested":2,"item_purchase_floors":[2,21,39],"current_hp_per_floor":[63,63,59,59,58,23,23,22,22,55,55,55,55,55,55,2,63,57,57,51,51,51,51,42,39,39,31,31,31,20,16,16,6,31,28,28,26,25,25,25,19,19,19,12,12,9,9,9,31,31],"gold":90,"neow_bonus":"TRANSFORM_TWO_CARDS","is_daily":false,"chose_seed":false,"campfire_upgraded":8,"win_rate":0.0,"timestamp":1610700150,"path_taken":["M","?","M","?","?","E","R","M","T","R","?","?","R","$","R","BOSS","M","M","?","$","?","R","E","M","T","?","R","?","M","E","R","BOSS","M","?","M","M","$","R","E","R","T","E","$","M","?","M","R","BOSS"],"items_purchased_type":["Card","Relic","Relic"],"build_version":"2020-12-22","purchased_purges":4,"victory":true,"max_hp_per_floor":[63,63,63,63,63,63,63,63,63,63,63,63,63,63,63,63,63,63,63,63,63,63,63,63,63,63,31,31,31,31,31,31,31,31,31,31,31,31,31,31,31,31,31,31,31,31,31,31,31,31],"card_choices":[{"not_picked":["Poisoned Stab","Dodge and Roll"],"picked":"Prepared","floor":1.0},{"not_picked":["Deadly Poison","Flying Knee"],"picked":"Quick Slash","floor":3.0},{"not_picked":["Sucker Punch","Flying Knee"],"picked":"Cloak And Dagger","floor":5.0},{"not_picked":["Bane","Flying Knee"],"picked":"Tactician","floor":6.0},{"not_picked":["Tools of the Trade","Accuracy"],"picked":"Calculated Gamble","floor":8.0},{"not_picked":["Phantasmal Killer","Bullet Time"],"picked":"Night Terror","floor":16.0},{"not_picked":["PiercingWail","Dagger Spray"],"picked":"Acrobatics","floor":18.0},{"not_picked":["Expertise","Quick Slash"],"picked":"Backflip","floor":19.0},{"not_picked":["Footwork","Bane","Malaise"],"picked":"SKIP","floor":20.0},{"not_picked":["Caltrops","Leg Sweep","Eviscerate"],"picked":"SKIP","floor":24.0},{"not_picked":["Blade Dance","Deadly Poison"],"picked":"Reflex","floor":25.0},{"not_picked":["Backflip","Quick Slash"],"picked":"Calculated Gamble","floor":30.0},{"not_picked":["Slice+1","PiercingWail+1"],"picked":"Outmaneuver+1","floor":31.0},{"not_picked":["Burst","Corpse Explosion"],"picked":"Doppelganger","floor":33},{"not_picked":["Outmaneuver+1","Prepared+1"],"picked":"Blade Dance+1","floor":35},{"not_picked":["Metamorphosis","Forethought"],"picked":"Secret Technique","floor":36},{"not_picked":["Leg Sweep+1","Deadly Poison+1"],"picked":"Blade Dance+1","floor":37},{"not_picked":["Endless Agony+1","Dodge and Roll"],"picked":"Acrobatics+1","floor":38},{"not_picked":["Skewer+1","Dodge and Roll","Flying Knee"],"picked":"SKIP","floor":41},{"not_picked":["Caltrops+1","Sucker Punch","Blade Dance+1"],"picked":"SKIP","floor":44},{"not_picked":["Sucker Punch+1","Riddle With Holes+1"],"picked":"Accuracy","floor":46},{"not_picked":["Bane","Deadly Poison+1"],"picked":"Reflex+1","floor":47},{"not_picked":["Acrobatics","Poisoned Stab","Bane"],"picked":"SKIP","floor":48}],"player_experience":99985,"relics_obtained":[{"floor":6.0,"key":"Regal Pillow"},{"floor":9.0,"key":"Centennial Puzzle"},{"floor":24.0,"key":"Bronze Scales"},{"floor":26.0,"key":"Gremlin Horn"},{"floor":31.0,"key":"Blue Candle"},{"floor":41,"key":"Incense Burner"},{"floor":43,"key":"Snake Skull"},{"floor":44,"key":"Smiling Mask"},{"floor":47,"key":"TungstenRod"}],"event_choices":[{"cards_removed":["Strike_G"],"damage_healed":0.0,"max_hp_gain":0.0,"max_hp_loss":0.0,"gold_gain":0.0,"event_name":"Bonfire Elementals","player_choice":"Offered Basic","floor":4.0,"gold_loss":0.0,"damage_taken":0.0},{"damage_healed":0.0,"max_hp_gain":0.0,"max_hp_loss":0.0,"gold_gain":0.0,"event_name":"Big Fish","player_choice":"Box","floor":11.0,"gold_loss":0.0,"damage_taken":0.0,"relics_obtained":["Pen Nib"],"cards_obtained":["Regret"]},{"damage_healed":0.0,"max_hp_gain":0.0,"max_hp_loss":0.0,"gold_gain":0.0,"event_name":"Lab","player_choice":"Got Potions","floor":12.0,"gold_loss":0.0,"damage_taken":0.0},{"damage_healed":0.0,"max_hp_gain":0.0,"max_hp_loss":0.0,"gold_gain":0.0,"event_name":"Drug Dealer","player_choice":"Obtain J.A.X.","floor":22.0,"gold_loss":0.0,"damage_taken":0.0,"cards_obtained":["J.A.X."]},{"damage_healed":0.0,"max_hp_gain":0.0,"max_hp_loss":32.0,"gold_gain":0.0,"event_name":"Ghosts","player_choice":"Became a Ghost","floor":27.0,"gold_loss":0.0,"damage_taken":0.0,"cards_obtained":["Ghostly","Ghostly","Ghostly","Ghostly","Ghostly"]},{"damage_healed":0.0,"max_hp_gain":0.0,"max_hp_loss":0.0,"gold_gain":99.0,"event_name":"Nest","player_choice":"Stole From Cult","floor":29.0,"gold_loss":0.0,"damage_taken":0.0},{"damage_healed":0,"gold_gain":0,"player_choice":"Memory 1","damage_taken":0,"max_hp_gain":0,"max_hp_loss":0,"event_name":"SensoryStone","floor":36,"gold_loss":0},{"damage_healed":0,"gold_gain":0,"player_choice":"Fight","damage_taken":0,"max_hp_gain":0,"max_hp_loss":0,"event_name":"MindBloom","floor":47,"gold_loss":0}],"is_beta":false,"boss_relics":[{"not_picked":["Tiny House","Velvet Choker"],"picked":"SlaversCollar"},{"not_picked":["SacredBark","Coffee Dripper"],"picked":"Empty Cage"}],"items_purged_floors":[2,14,39,45],"is_endless":false,"potions_floor_spawned":[3,6,18,20,33,38,44,48],"ascension_level":3}}