{"host":"3eao3znc71vovznr","time":1610754323,"event":{"mods":["BaseMod","Minty Spire (QoL Compilation)","StSLib","The Marked"],"gold_per_floor":[116,116,131,59,5,32,45,73,73,73,89,89,105,30,30,129,129,142,57,5,20,40,40,40,59,86,103,133,103,132,151,151,262,321,341,391,400,411,194,194,216,216,241,241,241,241,241,241,241],"floor_reached":48,"language":"ENG","playtime":1526,"items_purged":["theMarked:Defend"],"score":528,"play_id":"80cadb3a-bdfa-43a1-aca5-9623d9e42f57","local_time":"20210116004523","is_ascension_mode":false,"campfire_choices":[{"data":"theMarked:MysticalArsenal","floor":10,"key":"SMITH"},{"data":"theMarked:MysticalArsenal","floor":12,"key":"SMITH"},{"floor":15,"key":"REST"},{"data":"theMarked:Levitate","floor":23,"key":"SMITH"},{"floor":32,"key":"REST"},{"floor":40,"key":"RECALL"},{"floor":42,"key":"REST"},{"data":"theMarked:HeritageOfTheMarked","floor":46,"key":"SMITH"}],"circlet_count":0,"master_deck":["theMarked:Strike","theMarked:Strike","theMarked:Strike","theMarked:Strike","theMarked:Defend+1","theMarked:Defend","theMarked:Defend","theMarked:SoldierOfQuellstein","theMarked:ResourceFulStrike+1","theMarked:MysticalArsenal+1","theMarked:MysticalArsenal+1","theMarked:BanishingWave","theMarked:Frustration","theMarked:BanishingStrike","theMarked:Frustration","theMarked:Seal+1","theMarked:Levitate+1","theMarked:TwofoldDefense+1","theMarked:Frustration","theMarked:HeritageOfTheMarked+1","theMarked:StartUp+1","theMarked:FavorableWinds","theMarked:SuspiciousRaven","theMarked:DeterminationOfTheMarked","theMarked:DeterminationOfTheMarked","Secret Weapon","theMarked:DeterminationOfTheMarked","theMarked:BanishingStrike"],"relics":["theMarked:ArtifactOfAir","NeowsBlessing","Bronze Scales","Du-Vu Doll","Sundial","Runic Dome","Mercury Hourglass","Thread and Needle","Enchiridion","War Paint","Calipers","CeramicFish","Tiny House","WingedGreaves","Happy Flower"],"acts_visited":["Exordium","TheCity","TheBeyond"],"potions_floor_usage":[16,16,16,33,33],"damage_taken":[{"damage":0,"enemies":"Jaw Worm","floor":1,"turns":1},{"damage":0,"enemies":"Cultist","floor":3,"turns":1},{"damage":0,"enemies":"Gremlin Nob","floor":6,"turns":1},{"damage":7,"enemies":"Small Slimes","floor":7,"turns":3},{"damage":18,"enemies":"Lagavulin","floor":8,"turns":5},{"damage":2,"enemies":"2 Fungi Beasts","floor":11,"turns":3},{"damage":5,"enemies":"Looter","floor":13,"turns":3},{"damage":30,"enemies":"Hexaghost","floor":16,"turns":6},{"damage":12,"enemies":"Shell Parasite","floor":18,"turns":1},{"damage":1,"enemies":"3 Byrds","floor":21,"turns":3},{"damage":16,"enemies":"Centurion and Healer","floor":22,"turns":2},{"damage":0,"enemies":"Snake Plant","floor":25,"turns":2},{"damage":0,"enemies":"Shelled Parasite and Fungi","floor":27,"turns":3},{"damage":12,"enemies":"Book of Stabbing","floor":28,"turns":4},{"damage":14,"enemies":"Gremlin Leader","floor":30,"turns":4},{"damage":16,"enemies":"Sentry and Sphere","floor":31,"turns":4},{"damage":19,"enemies":"Champ","floor":33,"turns":5},{"damage":6,"enemies":"3 Shapes","floor":35,"turns":5},{"damage":17,"enemies":"Mind Bloom Boss Battle","floor":36,"turns":5},{"damage":6,"enemies":"Orb Walker","floor":38,"turns":3},{"damage":20,"enemies":"Maw","floor":41,"turns":6},{"damage":65,"enemies":"Reptomancer","floor":48,"turns":5}],"seed_played":"-8315989225111576904","potions_obtained":[{"floor":7,"key":"Fruit Juice"},{"floor":8,"key":"Fruit Juice"},{"floor":13,"key":"Weak Potion"},{"floor":16,"key":"GamblersBrew"},{"floor":21,"key":"SteroidPotion"},{"floor":27,"key":"EssenceOfSteel"},{"floor":29,"key":"FairyPotion"},{"floor":29,"key":"DistilledChaos"},{"floor":31,"key":"Swift Potion"},{"floor":34,"key":"Fire Potion"}],"is_trial":false,"path_per_floor":["M","?","M","$","$","E","M","E","T","R","M","R","M","$","R","B",null,"M","?","?","M","M","R","?","M","T","M","E","?","E","M","R","B",null,"M","?","?","M","$","R","M","R","T","$","$","R","$","E"],"character_chosen":"THE_DEFAULT","items_purchased":["theMarked:BanishingWave","theMarked:Frustration","Happy Flower","theMarked:DeterminationOfTheMarked"],"campfire_rested":3,"item_purchase_floors":[4,5,39,39],"current_hp_per_floor":[70,70,70,70,70,70,63,45,45,45,43,43,38,38,59,39,80,68,68,68,67,51,51,35,35,35,35,23,23,9,24,48,29,85,79,62,62,56,56,56,36,61,61,61,61,61,61,0,0],"gold":241,"neow_bonus":"THREE_ENEMY_KILL","is_daily":false,"chose_seed":false,"campfire_upgraded":4,"win_rate":0.0,"timestamp":1610754323,"path_taken":["M","?","M","?","$","E","M","E","T","R","M","R","M","$","R","BOSS","M","?","?","?","M","R","?","M","T","M","E","?","E","?","R","BOSS","M","?","?","M","?","R","?","R","T","$","$","R","$","E"],"items_purchased_type":["Card","Card","Relic","Card"],"build_version":"2020-12-22","purchased_purges":1,"victory":false,"max_hp_per_floor":[70,70,70,70,70,70,70,70,70,70,70,70,70,70,70,80,80,80,80,80,80,80,80,80,80,80,80,80,80,80,80,80,80,85,85,85,85,85,85,85,85,85,85,85,85,85,85,85,85],"card_choices":[{"not_picked":["theMarked:Improvise","theMarked:EmpowerWeapon"],"picked":"theMarked:ResourceFulStrike","floor":1},{"not_picked":["theMarked:EmpowerWeapon","theMarked:ContemptForTheProud"],"picked":"theMarked:MysticalArsenal","floor":3},{"not_picked":["theMarked:EmpowerWeapon","theMarked:TakeOffHeels"],"picked":"theMarked:BanishingStrike","floor":6},{"not_picked":["theMarked:EnhanceMovement","theMarked:Parry"],"picked":"theMarked:Frustration","floor":7},{"not_picked":["theMarked:TunnelVision","theMarked:SwordAndMagic","theMarked:ChainLightning"],"picked":"SKIP","floor":8},{"not_picked":["theMarked:WastefulAttack","theMarked:Panic"],"picked":"theMarked:Seal","floor":11},{"not_picked":["theMarked:TwofoldDefense","theMarked:WastefulDefense","theMarked:Reabsorb"],"picked":"SKIP","floor":13},{"not_picked":["theMarked:DispelDoubt","theMarked:TakeOffHeels"],"picked":"theMarked:Levitate","floor":16},{"not_picked":["theMarked:ChainLightning","theMarked:Convert"],"picked":"theMarked:TwofoldDefense+1","floor":18},{"not_picked":["theMarked:RepellingDischarge","theMarked:TwofoldDefense+1"],"picked":"theMarked:Frustration","floor":21},{"not_picked":["theMarked:Electrocute","theMarked:ElectricStrings"],"picked":"theMarked:HeritageOfTheMarked","floor":22},{"not_picked":["theMarked:RepellingDischarge","theMarked:Static+1","theMarked:ResourceFulStrike"],"picked":"SKIP","floor":25},{"not_picked":["theMarked:ResourceFulStrike","theMarked:Frustration","theMarked:WastefulAttack"],"picked":"SKIP","floor":27},{"not_picked":["theMarked:Reabsorb","theMarked:EnhanceMovement"],"picked":"theMarked:StartUp+1","floor":28},{"not_picked":["theMarked:HeightenedSenses","theMarked:Overcharge","theMarked:ChainLightning+1"],"picked":"SKIP","floor":30},{"not_picked":["theMarked:WastefulDefense","theMarked:ChainLightning"],"picked":"theMarked:FavorableWinds","floor":31},{"not_picked":["theMarked:MuscleMemory","theMarked:MagicAdept"],"picked":"theMarked:SuspiciousRaven","floor":33},{"not_picked":["theMarked:MaelstromOfLightning+1","theMarked:Parkour"],"picked":"theMarked:DeterminationOfTheMarked","floor":34},{"not_picked":["theMarked:Improvise+1","theMarked:Electrify"],"picked":"theMarked:DeterminationOfTheMarked","floor":35},{"not_picked":["Dramatic Entrance","Trip"],"picked":"Secret Weapon","floor":37},{"not_picked":["theMarked:WastefulAttack","theMarked:WastefulDefense+1","theMarked:ElectricStrings"],"picked":"SKIP","floor":38},{"not_picked":["theMarked:ResourceFulStrike+1","theMarked:WastefulAttack+1"],"picked":"theMarked:BanishingStrike","floor":41}],"player_experience":396339,"relics_obtained":[{"floor":6,"key":"Bronze Scales"},{"floor":8,"key":"Du-Vu Doll"},{"floor":9,"key":"Sundial"},{"floor":24,"key":"Enchiridion"},{"floor":26,"key":"War Paint"},{"floor":28,"key":"Calipers"},{"floor":30,"key":"CeramicFish"},{"floor":36,"key":"WingedGreaves"}],"event_choices":[{"damage_healed":0,"gold_gain":0,"cards_transformed":["theMarked:Strike"],"player_choice":"Transformed","damage_taken":0,"max_hp_gain":0,"max_hp_loss":0,"event_name":"Transmorgrifier","floor":2,"gold_loss":0,"cards_obtained":["theMarked:MysticalArsenal"]},{"damage_healed":0,"gold_gain":0,"player_choice":"Obtained Relic","damage_taken":0,"relics_obtained":["Mercury Hourglass"],"max_hp_gain":0,"max_hp_loss":0,"event_name":"Addict","floor":19,"gold_loss":85},{"damage_healed":0,"gold_gain":0,"player_choice":"Paid Gold","damage_taken":0,"relics_obtained":["Thread and Needle"],"max_hp_gain":0,"max_hp_loss":0,"event_name":"WeMeetAgain","floor":20,"gold_loss":52},{"damage_healed":0,"gold_gain":0,"player_choice":"Obtained Book","damage_taken":16,"max_hp_gain":0,"max_hp_loss":0,"event_name":"Cursed Tome","floor":24,"gold_loss":0},{"damage_healed":0,"gold_gain":0,"player_choice":"Bought 2 Potions","damage_taken":0,"max_hp_gain":0,"max_hp_loss":0,"event_name":"The Woman in Blue","floor":29,"gold_loss":0},{"damage_healed":0,"gold_gain":0,"player_choice":"Fight","damage_taken":0,"max_hp_gain":0,"max_hp_loss":0,"event_name":"MindBloom","floor":36,"gold_loss":0},{"damage_healed":0,"gold_gain":0,"player_choice":"Memory 1","damage_taken":0,"max_hp_gain":0,"max_hp_loss":0,"event_name":"SensoryStone","floor":37,"gold_loss":0}],"is_beta":false,"boss_relics":[{"not_picked":["Velvet Choker","Philosopher\u0027s Stone"],"picked":"Runic Dome"},{"not_picked":["Black Star","Empty Cage"],"picked":"Tiny House"}],"items_purged_floors":[14],"is_endless":false,"potions_floor_spawned":[7,8,13,16,21,27,30,31],"killed_by":"Reptomancer","ascension_level":0}}