{"host":"i0avyit1s6jb1siw","time":1610738571,"event":{"mods":["BaseMod","DeckTracker","Dota2Spire","Highlight Path","Minty Spire (QoL Compilation)","Quick Restart","StSLib","SuperFastMode"],"gold_per_floor":[115,40,40,115,115,115,150,150,150,209,209,220,220,230,230,336,336,347,347,397,439,480,480,526,526,526],"floor_reached":25,"language":"ENG","playtime":407,"items_purged":["Strike_G"],"score":448,"play_id":"2beb87cf-e0ba-4357-816f-9c68fdab5d9f","local_time":"20210115202251","is_ascension_mode":true,"campfire_choices":[{"data":"Poisoned Stab","floor":6,"key":"SMITH"},{"data":"Blade Dance","floor":11,"key":"SMITH"},{"data":"Cloak And Dagger","floor":13,"key":"SMITH"},{"data":"Well Laid Plans","floor":15,"key":"SMITH"},{"floor":23,"key":"REST"}],"circlet_count":0,"master_deck":["AscendersBane","Strike_G","Defend_G","Defend_G","Defend_G","Defend_G","Defend_G","Survivor","Neutralize","Poisoned Stab+1","Blade Dance+1","Blade Dance+1","Cloak And Dagger+1","Well Laid Plans+1","Wraith Form v2","Expertise+1","Heel Hook+1","Storm of Steel+1","Wraith Form v2","Calculated Gamble"],"relics":["Ring of the Snake","NeowsBlessing","Juzu Bracelet","Dota2Spire:HandOfMidas","Bag of Marbles","Odd Mushroom","Astrolabe"],"acts_visited":["Exordium","TheCity"],"potions_floor_usage":[16,22],"damage_taken":[{"damage":0,"enemies":"Small Slimes","floor":1,"turns":2},{"damage":0,"enemies":"Lagavulin","floor":7,"turns":1},{"damage":0,"enemies":"The Mushroom Lair","floor":10,"turns":1},{"damage":0,"enemies":"2 Louse","floor":12,"turns":2},{"damage":0,"enemies":"Cultist","floor":14,"turns":1},{"damage":27,"enemies":"Hexaghost","floor":16,"turns":9},{"damage":19,"enemies":"2 Thieves","floor":18,"turns":3},{"damage":3,"enemies":"Spheric Guardian","floor":21,"turns":5},{"damage":9,"enemies":"Cultist and Chosen","floor":22,"turns":7},{"damage":32,"enemies":"Centurion and Healer","floor":24,"turns":9},{"damage":11,"enemies":"Shelled Parasite and Fungi","floor":25,"turns":1}],"seed_played":"4682125487299071591","potions_obtained":[{"floor":7,"key":"FearPotion"},{"floor":12,"key":"Dota2Spire:Clarity"},{"floor":18,"key":"Fire Potion"},{"floor":22,"key":"LiquidBronze"}],"is_trial":false,"path_per_floor":["M","$","?","?","?","R","E","?","T","?","R","M","R","M","R","B",null,"M","?","?","M","M","R","M","M"],"character_chosen":"THE_SILENT","items_purchased":[],"campfire_rested":1,"item_purchase_floors":[],"current_hp_per_floor":[59,59,59,48,30,30,30,30,30,30,30,30,30,30,30,3,50,31,31,31,28,19,38,6,0,0],"gold":526,"neow_bonus":"THREE_ENEMY_KILL","is_daily":false,"chose_seed":false,"campfire_upgraded":4,"win_rate":0.0,"timestamp":1610738571,"path_taken":["M","$","?","?","?","R","E","?","T","?","R","M","R","M","R","BOSS","M","?","?","M","M","R","M","M"],"items_purchased_type":[],"build_version":"2020-12-22","purchased_purges":1,"victory":false,"max_hp_per_floor":[66,66,66,66,66,66,66,66,66,66,66,66,66,66,66,66,66,66,66,66,66,66,66,66,66,66],"card_choices":[{"not_picked":["Underhanded Strike","Well Laid Plans"],"picked":"Poisoned Stab","floor":1},{"not_picked":["Storm of Steel","Slice"],"picked":"Blade Dance","floor":7},{"not_picked":["Eviscerate","Masterful Stab"],"picked":"Blade Dance","floor":10},{"not_picked":["Reflex","Backflip"],"picked":"Cloak And Dagger","floor":12},{"not_picked":["Poisoned Stab","Noxious Fumes"],"picked":"Well Laid Plans","floor":14},{"not_picked":["Glass Knife","Corpse Explosion"],"picked":"Wraith Form v2","floor":16},{"not_picked":["Dodge and Roll","Poisoned Stab","Distraction+1"],"picked":"SKIP","floor":18},{"not_picked":["Eviscerate","Outmaneuver"],"picked":"Calculated Gamble","floor":21},{"not_picked":["Distraction","Quick Slash","Slice+1"],"picked":"SKIP","floor":22},{"not_picked":["Dagger Spray","Glass Knife","Deadly Poison"],"picked":"SKIP","floor":24}],"player_experience":2253073,"relics_obtained":[{"floor":7,"key":"Dota2Spire:HandOfMidas"},{"floor":9,"key":"Bag of Marbles"},{"floor":10,"key":"Odd Mushroom"}],"event_choices":[{"damage_healed":0,"gold_gain":0,"player_choice":"Ignored","damage_taken":0,"max_hp_gain":0,"max_hp_loss":0,"event_name":"Liars Game","floor":3,"gold_loss":0},{"damage_healed":0,"gold_gain":75,"player_choice":"Gather Gold","damage_taken":11,"max_hp_gain":0,"max_hp_loss":0,"event_name":"World of Goop","floor":4,"gold_loss":0},{"damage_healed":0,"gold_gain":0,"player_choice":"Success","damage_taken":18,"relics_obtained":["Juzu Bracelet"],"max_hp_gain":0,"max_hp_loss":0,"event_name":"Scrap Ooze","floor":5,"gold_loss":0},{"damage_healed":0,"gold_gain":0,"player_choice":"Grow","damage_taken":0,"max_hp_gain":0,"max_hp_loss":0,"event_name":"Living Wall","floor":8,"gold_loss":0,"cards_upgraded":["Blade Dance"]},{"damage_healed":0,"gold_gain":0,"player_choice":"Fought Mushrooms","damage_taken":0,"max_hp_gain":0,"max_hp_loss":0,"event_name":"Mushrooms","floor":10,"gold_loss":0},{"damage_healed":0,"gold_gain":0,"player_choice":"Copied","damage_taken":0,"max_hp_gain":0,"max_hp_loss":0,"event_name":"Duplicator","floor":19,"gold_loss":0,"cards_obtained":["Wraith Form v2"]},{"damage_healed":0,"gold_gain":100,"player_choice":"Bet on Murderer","damage_taken":0,"max_hp_gain":0,"max_hp_loss":0,"event_name":"The Joust","floor":20,"gold_loss":50}],"is_beta":false,"boss_relics":[{"not_picked":["Runic Dome","WristBlade"],"picked":"Astrolabe"}],"items_purged_floors":[2],"is_endless":false,"potions_floor_spawned":[7,12,18,22],"killed_by":"Shelled Parasite and Fungi","ascension_level":20}}