{"host":"f0dbpmn0khgeoqc0","time":1610692215,"event":{"mods":["2.2 Compatiblity","AchievementEnabler","Act Like it!","Ascension Unlocker","Aspiration","BaseMod","Better Altar","Better Match","Better Sensory Stone","Better Skull","Better Third Choice","BetterRewards","Block Reminder","Colored Map","Colored Powertips","Conspire","DNKmod","Disable Question Mark Monsters","Displayed Cursed Tome","Downfall","Evolution","Friendly Minions","Hermit","Highlight Path","Humility","Infinite Spire","Jorbs\u0027s Wanderer Trilogy","Koishi","Marisa????????","Minty Spire (QoL Compilation)","MostiFishMod","Permanent Neow","Random Character Button","Relic Filter","Relic Stats","Spicy Shops","StSLib","Td1madao Mod","The Gatherer","Treasure Hunter","Wandering Minibosses","??????REMEMod"],"gold_per_floor":[123,141,141,158,183,183,183,183,183,19,35,0,0,33,33,135,135,150,150,292,440,440,440,592,592,668,686,831,831,831,848,848,953,953,976,1004,1004,1020,107,107,134,134,212,212,352,35,66,66,66,201,201,201,53,93,98],"floor_reached":56,"language":"ENG","playtime":3338,"items_purged":["Doubt"],"score":1523,"play_id":"d4857133-083b-4c4c-a73d-4b686184242c","local_time":"20210115013015","is_ascension_mode":true,"campfire_choices":[{"floor":6,"key":"REST"},{"data":"Guardian:Suspension","floor":8,"key":"SMITH"},{"data":"Guardian:Preprogram","floor":15,"key":"SMITH"},{"floor":23,"key":"REST"},{"data":"JustLucky","floor":25,"key":"SMITH"},{"floor":32,"key":"REST"},{"floor":40,"key":"REST"},{"data":"Guardian:WalkerClaw","floor":42,"key":"SMITH"},{"data":"Guardian:CurlUp","floor":44,"key":"SMITH"},{"data":"MostiFishMod:Minus+1","floor":49,"key":"SMITH"},{"data":"MostiFishMod:Minus+2","floor":52,"key":"SMITH"}],"circlet_count":0,"master_deck":["Guardian:CurlUp+1","Guardian:TwinSlam","Metamorphosis+1","Guardian:Orbwalk+1","Guardian:Reroute","Guardian:Suspension+1","Guardian:TimeCapacitor+1","TH:CursedSword+1","Parasite","TH:CursedSword+1","Guardian:ShieldCharger+1","Guardian:Repulse+1","Enlightenment","TH:DeckOfManyThings+1","Guardian:Preprogram+1","TH:CopperCoins+1","MostiFishMod:CyberBuddha+1","CarveReality","Guardian:GuardianWhirl","DeceiveReality","Guardian:PiercingHide","MostiFishMod:Minus+3","EmptyMind","Guardian:FierceBash+1","JustLucky+1","Necronomicurse","Guardian:Incinerate","Fasting2+1","TH:TreasureMap+1","Guardian:SphericShield+1","TH:CursedSword+1","Guardian:Preprogram+1","Guardian:ChargeUp+1","TH:PixieDust+1","Devotion+1","Guardian:StasisStrike+1","MostiFishMod:LegendTransform+1","TH:CursedSword+1","Guardian:WalkerClaw+1","TH:DeckOfManyThings+1","Brilliance+1","TH:CopperCoins+1","TH:CursedSword+1","Guardian:ShieldCharger"],"relics":["Guardian:ModeShifter","EVO:Axolotl","DaveBox","REME_ComplimentaryCards","NightmareShop","Frozen Egg 2","infinitespire:WardingShard","Ginger","BrkXgEgg","SynthV:TestCard","aspiration:ChemicalBlood","REME_LimitBreaker","aspiration:WatcherSkillbook","Pandora\u0027s Box","Necronomicon","Shuriken","wanderingMiniBosses:CarrionFlame","Sundial","REME_CardOfGreed","Bag of Preparation","MealTicket","Akabeko","Mercury Hourglass","Pocketwatch","Bottled Tornado","conspire:Dentures","REME_HandOfSuture","Juzu Bracelet","Frozen Eye","Centennial Puzzle"],"acts_visited":["Exordium","TheCity","TheBeyond","TheEnding"],"potions_floor_usage":[4,11,14,14,24,24,27,33,33,33,36,36,36,36,38,41,54,55],"damage_taken":[{"damage":25,"enemies":"Jaw Worm","floor":1,"turns":3},{"damage":0,"enemies":"Small Slimes","floor":2,"turns":2},{"damage":23,"enemies":"2 Louse","floor":4,"turns":6},{"damage":10,"enemies":"conspire:2 RoseBushes","floor":11,"turns":3},{"damage":7,"enemies":"Gremlin Nob","floor":14,"turns":4},{"damage":17,"enemies":"Slime Boss","floor":16,"turns":7},{"damage":0,"enemies":"conspire:FuzzyDice","floor":18,"turns":4},{"damage":8,"enemies":"Spheric Guardian","floor":20,"turns":5},{"damage":12,"enemies":"Centurion and Healer","floor":21,"turns":4},{"damage":0,"enemies":"REME_1_Revenger","floor":24,"turns":4},{"damage":0,"enemies":"conspire:HollyBat","floor":27,"turns":6},{"damage":4,"enemies":"Snecko","floor":28,"turns":3},{"damage":24,"enemies":"Cultist and Chosen","floor":31,"turns":5},{"damage":68,"enemies":"Champ","floor":33,"turns":8},{"damage":24,"enemies":"3 Darklings","floor":35,"turns":4},{"damage":23,"enemies":"3 Shapes","floor":36,"turns":4},{"damage":38,"enemies":"Maw","floor":38,"turns":7},{"damage":0,"enemies":"Nemesis","floor":41,"turns":7},{"damage":6,"enemies":"Sphere and 2 Shapes","floor":45,"turns":3},{"damage":0,"enemies":"Reptomancer","floor":47,"turns":3},{"damage":37,"enemies":"Awakened One","floor":50,"turns":8},{"damage":10,"enemies":"Shield and Spear","floor":54,"turns":3},{"damage":13,"enemies":"The Heart","floor":55,"turns":8}],"seed_played":"159401072998992287","potions_obtained":[{"floor":2,"key":"Swift Potion"},{"floor":11,"key":"EntropicBrew"},{"floor":14,"key":"infinitespire:BlackPotion"},{"floor":16,"key":"DistilledChaos"},{"floor":20,"key":"Guardian:AcceleratePotion"},{"floor":27,"key":"Regen Potion"},{"floor":31,"key":"Energy Potion"},{"floor":33,"key":"DuplicationPotion"},{"floor":33,"key":"BlessingOfTheForge"},{"floor":35,"key":"DistilledChaos"},{"floor":36,"key":"Fire Potion"},{"floor":36,"key":"Fruit Juice"},{"floor":47,"key":"GamblersBrew"},{"floor":50,"key":"infinitespire:BlackPotion"}],"is_trial":false,"path_per_floor":["M","M","?","M","T","R","?","R","T","$","M","?","?","E","R","B",null,"M","?","M","M","?","R","E","R","T","M","M","AVR","?","M","R","B",null,"M","M","?","M","$","R","E","R","T","R","M","$","E","AVR","R","B",null,"R","$","E","B",null],"character_chosen":"GUARDIAN","items_purchased":["Frozen Egg 2","infinitespire:WardingShard","Ginger","Guardian:Orbwalk+1","Guardian:Suspension","BrkXgEgg","Guardian:Reroute","Guardian:Gem_Green","Guardian:ShieldCharger","Guardian:Repulse+1","REME_CardOfGreed","Bag of Preparation","MealTicket","Guardian:Gem_Purple","Akabeko","Mercury Hourglass","Brilliance+1","conspire:Dentures","Frozen Eye"],"campfire_rested":4,"item_purchase_floors":[0,0,0,0,0,0,0,10,10,10,39,39,39,39,39,39,46,46,53],"current_hp_per_floor":[55,55,55,32,32,56,76,76,76,76,66,72,55,48,48,31,86,86,70,62,50,50,75,75,75,75,75,71,71,71,47,72,19,86,62,44,44,21,21,48,78,78,78,78,72,87,87,87,87,50,91,91,91,81,68],"gold":98,"neow_bonus":"","is_daily":false,"chose_seed":false,"campfire_upgraded":7,"win_rate":0.0,"timestamp":1610692215,"path_taken":["M","M","?","M","?","R","?","R","T","?","?","?","?","E","R","BOSS","M","?","M","M","?","R","E","R","T","?","M","AVR","?","M","R","BOSS","M","M","?","M","$","R","E","R","T","R","M","$","E","AVR","R","BOSS","R","$","E","BOSS"],"items_purchased_type":["Relic","Relic","Relic","Card","Card","Relic","Card","Card","Card","Card","Relic","Relic","Relic","Card","Relic","Relic","Card","Relic","Relic"],"build_version":"2020-12-22","purchased_purges":1,"victory":true,"max_hp_per_floor":[80,80,80,80,80,80,80,80,80,80,80,86,86,86,86,86,86,86,86,86,86,86,86,86,86,86,86,86,86,86,86,86,86,86,86,91,91,91,91,91,91,91,91,91,91,91,91,91,91,91,91,91,91,91,91],"relic_stats":{"counters":[31,131],"Bag of Preparation":[12],"Juzu Bracelet":0,"Ginger":[25],"Mercury Hourglass":[123],"Centennial Puzzle":[2],"Shuriken":[23],"Sundial":[2],"Pandora\u0027s Box":["Guardian:MultiBeam","Guardian:Orbwalk","Guardian:TimeSifter","Guardian:TimeCapacitor","Guardian:ChargeUp","Guardian:ChargeCore","Guardian:PrismaticBarrier","Guardian:SpikerProtocol","CarveReality","Guardian:GuardianWhirl","Guardian:Gem_Orange","DeceiveReality","Guardian:PiercingHide","MostiFishMod:Minus","EmptyMind","Guardian:FierceBash"],"MealTicket":15,"Necronomicon":[19],"obtain_stats":[{"DaveBox":0,"Bag of Preparation":39,"Juzu Bracelet":48,"Ginger":0,"Bottled Tornado":43,"Frozen Eye":53,"Dream Catcher":9,"Centennial Puzzle":54,"Sundial":29,"MealTicket":39,"Necronomicon":19,"aspiration:ChemicalBlood":5,"conspire:Dentures":46,"Girya":7,"Guardian:ModeShifter":0,"downfall:HeartsMalice":0,"BrkXgEgg":0,"Frozen Egg 2":0,"REME_LimitBreaker":9,"Akabeko":39,"Mercury Hourglass":39,"SynthV:TestCard":1,"infinitespire:WardingShard":0,"wanderingMiniBosses:CarrionFlame":27,"Shuriken":24,"Bronze Scales":11,"aspiration:WatcherSkillbook":14,"Pandora\u0027s Box":0,"REME_HandOfSuture":47,"REME_CardOfGreed":39,"REME_ComplimentaryCards":0,"Pocketwatch":41},{"DaveBox":0,"Bag of Preparation":25,"Juzu Bracelet":28,"Ginger":8,"Bottled Tornado":26,"Frozen Eye":29,"Dream Catcher":6,"Centennial Puzzle":30,"Sundial":20,"MealTicket":25,"Necronomicon":15,"aspiration:ChemicalBlood":11,"conspire:Dentures":27,"Girya":4,"Guardian:ModeShifter":0,"downfall:HeartsMalice":0,"BrkXgEgg":8,"Frozen Egg 2":8,"REME_LimitBreaker":11,"Akabeko":25,"Mercury Hourglass":25,"SynthV:TestCard":1,"infinitespire:WardingShard":8,"wanderingMiniBosses:CarrionFlame":19,"Shuriken":18,"Bronze Scales":7,"aspiration:WatcherSkillbook":13,"Pandora\u0027s Box":0,"REME_HandOfSuture":28,"REME_CardOfGreed":25,"REME_ComplimentaryCards":0,"Pocketwatch":26},{"DaveBox":0,"Bag of Preparation":99,"Juzu Bracelet":112,"Ginger":20,"Bottled Tornado":106,"Frozen Eye":120,"Dream Catcher":13,"Centennial Puzzle":123,"Sundial":71,"MealTicket":99,"Necronomicon":49,"aspiration:ChemicalBlood":31,"conspire:Dentures":109,"Girya":2,"Guardian:ModeShifter":0,"downfall:HeartsMalice":0,"BrkXgEgg":20,"Frozen Egg 2":20,"REME_LimitBreaker":31,"Akabeko":99,"Mercury Hourglass":99,"SynthV:TestCard":0,"infinitespire:WardingShard":20,"wanderingMiniBosses:CarrionFlame":68,"Shuriken":62,"Bronze Scales":18,"aspiration:WatcherSkillbook":38,"Pandora\u0027s Box":0,"REME_HandOfSuture":112,"REME_CardOfGreed":99,"REME_ComplimentaryCards":0,"Pocketwatch":106}],"Pocketwatch":[3]},"card_choices":[{"not_picked":["Guardian:ChargeCore","Guardian:Planning"],"picked":"Guardian:Suspension","floor":1},{"not_picked":["Guardian:CrystalBeam","Guardian:PrimingBeam","Guardian:WalkerClaw","Guardian:TimeSifter+1"],"picked":"Guardian:Gem_Red","floor":2},{"not_picked":["Guardian:TemporalStrike","Guardian:GuardianWhirl","Guardian:Reroute","Guardian:Recover"],"picked":"Guardian:TimeCapacitor+1","floor":4},{"not_picked":["TH:EnergyPotion","TH:ElvenBoots","TH:CopperCoins"],"picked":"TH:CursedSword","floor":5},{"not_picked":["TH:TreasureMap","TH:EnergyPotion","TH:BikiniMail"],"picked":"TH:CursedSword","floor":9},{"not_picked":["Guardian:TemporalShield","Guardian:CrystalBeam","Guardian:Suspension","Guardian:ConstructionForm+1","Guardian:ShieldSpikes"],"picked":"SKIP","floor":11},{"not_picked":["TH:ElvenBoots","TH:BikiniMail","TH:ArmorSpikes"],"picked":"TH:DeckOfManyThings","floor":14},{"not_picked":["Guardian:DecasProtection","Guardian:RollAttack","Guardian:Planning","Guardian:SentryBeam"],"picked":"Guardian:Preprogram","floor":14},{"not_picked":["TH:TreasureMap","TH:EnergyPotion","TH:DeckOfManyThings","TH:Mimic"],"picked":"TH:CopperCoins","floor":16},{"not_picked":["MostiFishMod:StarWish+1","ConjureBlade+1","Wish+1","SpiritShield+1","Judgement+1"],"picked":"MostiFishMod:CyberBuddha+1","floor":16},{"not_picked":["Guardian:TimeCapacitor+1","SashWhip","WreathOfFlame","FollowUp+1","CarveReality"],"picked":"JustLucky","floor":18},{"not_picked":["PathToVictory","EmptyFist","Guardian:ShieldCharger+1","FollowUp+1","Guardian:Planning"],"picked":"Guardian:Incinerate","floor":20},{"not_picked":["MostiFishMod:StarWish+1","Guardian:BronzeOrb+1","Consecrate","Nirvana+1","EmptyMind"],"picked":"Fasting2+1","floor":21},{"not_picked":["TH:ArmorSpikes","TH:Mimic","TH:EnergyPotion","TH:PixieDust"],"picked":"TH:TreasureMap","floor":24},{"not_picked":["EmptyBody+1","Guardian:Gem_Red","Guardian:PrimingBeam","ThirdEye","FlyingSleeves+1"],"picked":"Guardian:SphericShield+1","floor":24},{"not_picked":["TH:Mimic","TH:BikiniMail","TH:ElvenBoots","TH:CopperCoins"],"picked":"TH:CursedSword","floor":26},{"not_picked":["Guardian:PrismaticBeam","Guardian:PiercingHide","FollowUp","Guardian:BronzeOrb","REME_Repentance","Guardian:RollAttack"],"picked":"SKIP","floor":27},{"not_picked":["Guardian:ShieldSpikes+1","Guardian:PiercingHide","JustLucky","FlurryOfBlows","REME_Repentance"],"picked":"Guardian:Gem_Green","floor":28},{"not_picked":["FollowUp","MostiFishMod:Moonprays+1","Guardian:RollAttack","Guardian:DonusPower","Guardian:Recover"],"picked":"Guardian:ChargeUp+1","floor":31},{"not_picked":["TH:TreasureMap","TH:ArmorSpikes","TH:ElvenBoots","TH:EnergyPotion"],"picked":"TH:PixieDust","floor":33},{"not_picked":["Guardian:TimeSifter+1","Guardian:Gem_Synthetic","MostiFishMod:StarLaLaLa+1","MasterReality+1","DevaForm+1"],"picked":"Devotion+1","floor":33},{"not_picked":["Guardian:PrimingBeam","Guardian:Preprogram","Guardian:Repulse+1","Guardian:Reroute+1","FollowUp"],"picked":"Guardian:StasisStrike+1","floor":35},{"not_picked":["Guardian:Planning+1","Guardian:PolyBeam","Guardian:Preprogram","FlyingSleeves","MostiFishMod:Nomercy+1","CrushJoints+1"],"picked":"SKIP","floor":36},{"not_picked":["Guardian:PiercingHide+1","BowlingBash","SignatureMove","InnerPeace+1","ThirdEye"],"picked":"MostiFishMod:LegendTransform+1","floor":38},{"not_picked":["TH:DeckOfManyThings","TH:ElvenBoots","TH:BikiniMail","TH:PixieDust"],"picked":"TH:CursedSword","floor":41},{"not_picked":["Pray+1","SignatureMove+1","Guardian:Gem_Red","Guardian:Recover","Guardian:Repulse+1"],"picked":"Guardian:WalkerClaw","floor":41},{"not_picked":["TH:Mimic","TH:PixieDust","TH:EnergyPotion","TH:TreasureMap"],"picked":"TH:DeckOfManyThings","floor":43},{"not_picked":["MostiFishMod:DisColor+1","JustLucky+1","MostiFishMod:Nomercy+1","MostiFishMod:Clarity+1","WaveOfTheHand+1"],"picked":"Guardian:Gem_Blue","floor":45},{"not_picked":["TH:EnergyPotion","TH:BikiniMail","TH:DeckOfManyThings","TH:PixieDust"],"picked":"TH:CopperCoins","floor":47},{"not_picked":["FlyingSleeves","Guardian:Clone+1","Guardian:SpikerProtocol+1","WreathOfFlame","EmptyFist"],"picked":"Guardian:Gem_Yellow","floor":47},{"not_picked":["TH:CopperCoins","TH:Mimic","TH:ElvenBoots","TH:DeckOfManyThings"],"picked":"TH:CursedSword","floor":54},{"not_picked":["Guardian:Suspension","ReachHeaven","Guardian:Planning+1","Indignation","Nirvana+1"],"picked":"Guardian:ShieldCharger","floor":54}],"player_experience":561853,"relics_obtained":[{"floor":1,"key":"SynthV:TestCard"},{"floor":5,"key":"aspiration:ChemicalBlood"},{"floor":9,"key":"REME_LimitBreaker"},{"floor":14,"key":"aspiration:WatcherSkillbook"},{"floor":24,"key":"Shuriken"},{"floor":27,"key":"wanderingMiniBosses:CarrionFlame"},{"floor":41,"key":"Pocketwatch"},{"floor":43,"key":"Bottled Tornado"},{"floor":47,"key":"REME_HandOfSuture"},{"floor":54,"key":"Centennial Puzzle"}],"event_choices":[{"damage_healed":20,"gold_gain":0,"player_choice":"Healed and dodged fight","damage_taken":0,"max_hp_gain":0,"max_hp_loss":0,"event_name":"Mushrooms","floor":7,"gold_loss":0,"cards_obtained":["Parasite"]},{"damage_healed":0,"gold_gain":0,"player_choice":"RENOUNCE","damage_taken":35,"max_hp_gain":0,"max_hp_loss":0,"event_name":"betterThird:BetterSerpent","floor":12,"gold_loss":35,"cards_obtained":["Enlightenment"]},{"damage_healed":72,"gold_gain":0,"player_choice":"Upgrade","damage_taken":17,"max_hp_gain":0,"max_hp_loss":86,"event_name":"betterThird:BetterShining","floor":13,"gold_loss":0,"cards_upgraded":["Guardian:ShieldCharger","Metamorphosis"]},{"damage_healed":0,"gold_gain":0,"player_choice":"Obtained Book","damage_taken":16,"max_hp_gain":0,"max_hp_loss":0,"event_name":"Cursed Tome","floor":19,"gold_loss":0},{"damage_healed":0,"gold_gain":0,"player_choice":"Copied","damage_taken":0,"max_hp_gain":0,"max_hp_loss":0,"event_name":"Duplicator","floor":30,"gold_loss":0,"cards_obtained":["Guardian:Preprogram"]},{"damage_healed":0,"gold_gain":0,"player_choice":"Ignored","damage_taken":0,"max_hp_gain":0,"max_hp_loss":0,"event_name":"Tomb of Lord Red Mask","floor":37,"gold_loss":0}],"is_beta":false,"boss_relics":[{"not_picked":["xbg","aspiration:PoetsPen_weak"],"picked":"Pandora\u0027s Box"},{"not_picked":["conspire:SeveredTorchhead","RhineFirstAidKit","Velvet Choker"]}],"items_purged_floors":[0],"is_endless":false,"potions_floor_spawned":[2,11,16,20,27,31,36,47],"ascension_level":2}}