{"host":"m9sgjjym7adpjcxd","time":1610729528,"event":{"mods":["Bard","BaseMod","Colored Map","Colored Powertips","Downfall","Highlight Path","Hubris","Infinite Spire","Mimic Mod","Minty Spire (QoL Compilation)","Replay The Spire","StSLib","The Mystic","The Poker Player","slay the spire mod where everything is the same but ironclad has a cowboy hat"],"gold_per_floor":[111,111,111,127,138,167,179,195,244,278,291,304,329,343,343,343,343],"floor_reached":16,"language":"ENG","playtime":625,"items_purged":[],"score":126,"play_id":"a3d62aae-c2c5-4534-bc87-b472f0793530","local_time":"20210115115208","is_ascension_mode":false,"campfire_choices":[{"floor":15,"key":"REST"}],"circlet_count":0,"master_deck":["Strike_R","Strike_R","Strike_R","Strike_R","Strike_R","Defend_R","Bash","Battle Trance","Dark Embrace","Perfected Strike","Dark Embrace","Pommel Strike","Burning Pact","Reaper","Armaments","Cleave","Pommel Strike","Pommel Strike","Brutality","ReplayTheSpireMod:Strike From Hell"],"relics":["Burning Blood","infinitespire:Beetle Shell","Unceasing Top","King of Hearts"],"acts_visited":["Exordium"],"potions_floor_usage":[6,13,16,16],"damage_taken":[{"damage":0,"enemies":"Small Slimes","floor":1,"turns":3},{"damage":14,"enemies":"2 Louse","floor":4,"turns":2},{"damage":1,"enemies":"Cultist","floor":5,"turns":3},{"damage":18,"enemies":"Replay:BlueRogue","floor":6,"turns":4},{"damage":10,"enemies":"Looter","floor":7,"turns":2},{"damage":7,"enemies":"Exordium Wildlife","floor":8,"turns":3},{"damage":35,"enemies":"3 Sentries","floor":10,"turns":6},{"damage":16,"enemies":"Red Slaver","floor":11,"turns":3},{"damage":15,"enemies":"2 Fungi Beasts","floor":12,"turns":3},{"damage":18,"enemies":"Gremlin Nob","floor":13,"turns":3},{"damage":10,"enemies":"Exordium Thugs","floor":14,"turns":4},{"damage":48,"enemies":"Slime Boss","floor":16,"turns":7}],"seed_played":"8816035891404253678","potions_obtained":[{"floor":5,"key":"Fire Potion"},{"floor":6,"key":"Elixir"},{"floor":8,"key":"SpeedPotion"},{"floor":10,"key":"Death Potion"},{"floor":14,"key":"AttackPotion"}],"is_trial":false,"path_per_floor":["M","?","?","M","M","E","M","M","T","E","M","M","E","M","R","B"],"character_chosen":"IRONCLAD","items_purchased":[],"campfire_rested":1,"item_purchase_floors":[],"current_hp_per_floor":[62,62,62,54,59,47,43,52,52,35,25,24,12,16,40,0,0],"gold":343,"neow_bonus":"TRANSFORM_TWO_CARDS","is_daily":false,"chose_seed":false,"campfire_upgraded":0,"win_rate":0.0,"timestamp":1610729528,"path_taken":["M","?","?","?","M","E","M","M","T","E","M","M","E","M","R","BOSS"],"items_purchased_type":[],"build_version":"2020-12-22","purchased_purges":0,"victory":false,"max_hp_per_floor":[80,80,80,80,80,80,80,80,80,80,80,80,80,80,80,80,80],"card_choices":[{"not_picked":["Twin Strike","Reckless Charge"],"picked":"Perfected Strike","floor":1},{"not_picked":["ReplayTheSpireMod:Strike From Hell","Body Slam"],"picked":"Pommel Strike","floor":4},{"not_picked":["Iron Wave","hubris:CleavingFinish"],"picked":"Burning Pact","floor":5},{"not_picked":["Clothesline","Wild Strike"],"picked":"Reaper","floor":6},{"not_picked":["Shrug It Off","Evolve"],"picked":"Armaments","floor":7},{"not_picked":["Replay:Undeath\u0027s Touch","hubris:CleavingFinish"],"picked":"Cleave","floor":8},{"not_picked":["Armaments","ReplayTheSpireMod:Corrosion Curse"],"picked":"Pommel Strike","floor":10},{"not_picked":["Reckless Charge","Rage"],"picked":"Pommel Strike","floor":11},{"not_picked":["hubris:CleavingFinish","Rupture","hubris:ReadiedAction"],"picked":"SKIP","floor":12},{"not_picked":["Anger","Sentinel"],"picked":"Brutality","floor":13},{"not_picked":["hubris:CleavingFinish","Clash"],"picked":"ReplayTheSpireMod:Strike From Hell","floor":14}],"player_experience":415883,"relics_obtained":[{"floor":6,"key":"infinitespire:Beetle Shell"},{"floor":10,"key":"Unceasing Top"},{"floor":13,"key":"King of Hearts"}],"event_choices":[{"damage_healed":0,"gold_gain":0,"player_choice":"Ignored","damage_taken":0,"max_hp_gain":0,"max_hp_loss":0,"event_name":"Liars Game","floor":2,"gold_loss":0},{"damage_healed":0,"gold_gain":0,"cards_transformed":["Defend_R"],"player_choice":"Transformed","damage_taken":0,"max_hp_gain":0,"max_hp_loss":0,"event_name":"Transmorgrifier","floor":3,"gold_loss":0,"cards_obtained":["Dark Embrace"]}],"is_beta":false,"boss_relics":[],"items_purged_floors":[],"is_endless":false,"potions_floor_spawned":[5,6,8,10,14],"killed_by":"Slime Boss","ascension_level":0}}