{"host":"9slw7l0ws16384qq","time":1610709987,"event":{"mods":["BaseMod","Colored Map","Hubris","Minty Spire (QoL Compilation)","Replay The Spire","Shedinja","StSLib","The Dragon Tamer","The Marked"],"gold_per_floor":[115,115,115,127,146,146,71,71,149,149,149,149,149,159,159,255,255,275,295,295,295],"floor_reached":20,"language":"FRA","playtime":501,"items_purged":["Shedinja:Endure"],"score":212,"play_id":"5489093e-f7b2-46f5-9e3b-fad22e314dc4","local_time":"20210115122627","is_ascension_mode":false,"campfire_choices":[{"data":"Shedinja:Absorb","floor":6,"key":"SMITH"},{"data":"Shedinja:SafetyGoggles","floor":8,"key":"SMITH"},{"data":"Shedinja:FocusSash","floor":10,"key":"SMITH"},{"data":"Shedinja:Toxic","floor":15,"key":"SMITH"}],"circlet_count":0,"master_deck":["Shedinja:Scratch","Shedinja:Scratch","Shedinja:Scratch","Shedinja:Scratch","Shedinja:Endure","Shedinja:Endure","Shedinja:Endure","Shedinja:FocusSash+1","Shedinja:FocusSash","Shedinja:SafetyGoggles+1","Shedinja:Absorb+1","Shedinja:ShadowSneak","Shedinja:Toxic+1","Shedinja:PhantomForce","Shedinja:Absorb"],"relics":["Shedinja:WonderGuard","NeowsBlessing","Shedinja:WonderGuardNSUncommon","Coffee Dripper"],"acts_visited":["Exordium","TheCity"],"potions_floor_usage":[],"damage_taken":[{"damage":0,"enemies":"Jaw Worm","floor":1,"turns":1},{"damage":0,"enemies":"Small Slimes","floor":4,"turns":2},{"damage":0,"enemies":"Cultist","floor":5,"turns":1},{"damage":0,"enemies":"Looter","floor":14,"turns":3},{"damage":0,"enemies":"Fading Forest","floor":16,"turns":11},{"damage":0,"enemies":"Chosen","floor":18,"turns":6},{"damage":0,"enemies":"Spheric Guardian","floor":19,"turns":1},{"damage":7,"enemies":"Snake Plant","floor":20,"turns":3}],"seed_played":"3371118015748087623","potions_obtained":[{"floor":16,"key":"Energy Potion"}],"is_trial":false,"path_per_floor":["M","?","?","M","M","R","$","R","T","R","?","?","?","M","R","B",null,"M","M","M"],"character_chosen":"THE_DEFAULT","items_purchased":[],"campfire_rested":0,"item_purchase_floors":[],"current_hp_per_floor":[1,1,1,1,1,1,1,1,1,1,1,1,1,1,1,1,1,1,1,0,0],"gold":295,"neow_bonus":"THREE_ENEMY_KILL","is_daily":false,"chose_seed":false,"campfire_upgraded":4,"win_rate":0.0,"timestamp":1610709987,"path_taken":["M","?","?","M","?","R","$","R","T","R","?","?","?","M","R","BOSS","M","M","?"],"items_purchased_type":[],"build_version":"2020-12-22","purchased_purges":1,"victory":false,"max_hp_per_floor":[1,1,1,1,1,1,1,1,1,1,1,1,1,1,1,1,1,1,1,1,1],"card_choices":[{"not_picked":["Shedinja:ShadowBall","Shedinja:Facade","Shedinja:Agility"],"picked":"SKIP","floor":1},{"not_picked":["Shedinja:PowerBelt","Shedinja:ShadowClaw"],"picked":"Shedinja:SafetyGoggles","floor":4},{"not_picked":["Shedinja:StruggleBug","Shedinja:Mimic"],"picked":"Shedinja:Absorb","floor":5},{"not_picked":["Shedinja:SuckerPunch","Shedinja:ShadowBall","Shedinja:ConfuseRay"],"picked":"SKIP","floor":14},{"not_picked":["Shedinja:PokeBall","Shedinja:Toxic"],"picked":"Shedinja:PhantomForce","floor":16},{"not_picked":["Shedinja:ShadowBall","Shedinja:Facade"],"picked":"Shedinja:Absorb","floor":18},{"not_picked":["Shedinja:BugBuzz","Shedinja:MetalClaw","Shedinja:WillOWisp"],"picked":"SKIP","floor":19}],"player_experience":1622040,"relics_obtained":[{"floor":9,"key":"Shedinja:WonderGuardNSUncommon"}],"event_choices":[{"cards_removed":["Shedinja:Endure"],"damage_healed":0,"gold_gain":0,"player_choice":"Purged","damage_taken":0,"max_hp_gain":0,"max_hp_loss":0,"event_name":"Purifier","floor":3,"gold_loss":0},{"damage_healed":0,"gold_gain":0,"player_choice":"Ignored","damage_taken":0,"max_hp_gain":0,"max_hp_loss":0,"event_name":"Liars Game","floor":11,"gold_loss":0},{"damage_healed":0,"gold_gain":0,"cards_transformed":["Shedinja:Scratch"],"player_choice":"Transformed","damage_taken":0,"max_hp_gain":0,"max_hp_loss":0,"event_name":"Transmorgrifier","floor":13,"gold_loss":0,"cards_obtained":["Shedinja:Toxic"]}],"is_beta":false,"boss_relics":[{"not_picked":["Replay:Drink Me","Velvet Choker"],"picked":"Coffee Dripper"}],"items_purged_floors":[7],"is_endless":false,"potions_floor_spawned":[16],"killed_by":"Snake Plant","ascension_level":0}}