{"host":"71x3l6y2fkerz90u","time":1610736246,"event":{"mods":["BaseMod","Downfall","Hubris","Minty Spire (QoL Compilation)","Replay The Spire","StSLib","The Necromancer"],"gold_per_floor":[362,372,386,71,71,71,101,111,111,76,87,105,105,131,131,232,232,242,95,113,132,147,180,196,3,79,93,110,110,138,148,148,248,248,258,277,327,345,345,345,194,212,280,297,120,135,135,135,135,135,135,135,10,45,45],"floor_reached":56,"language":"DEU","playtime":5779,"items_purged":[],"score":1207,"play_id":"1f581e44-410b-4df6-9eaa-a248081937d3","local_time":"20210115194406","is_ascension_mode":false,"campfire_choices":[{"data":"Chill_Blood","floor":6,"key":"SMITH"},{"data":"Defend_W","floor":13,"key":"SMITH"},{"floor":15,"key":"REST"},{"floor":32,"key":"RECALL"},{"data":"Summon_Undead","floor":40,"key":"SMITH"},{"data":"1","floor":47,"key":"LIFT"},{"data":"2","floor":49,"key":"LIFT"},{"data":"Bone_Wall","floor":52,"key":"SMITH"}],"circlet_count":0,"master_deck":["Strike_W","Strike_W","Strike_W","Defend_W+1","Defend_W","Defend_W","Defend_W","Negative_Energy_Arrows","Bone_Wall+1","Finger_Of_Death","Chill_Blood+1","Negative_Energy_Javelin","Summon_Undead_Army+1","Negative_Energy_Mist","Negative_Energy_Javelin","Bones_to_Steel","Siphon_Strength","Negative_Energy_Shield","Summon_Death_Knight+1","Negative_Energy_Shield","Spectral_Walk","Death_March_Dance+1","Negative_Energy_Shield","Summon_Undead+1","Hellfire+1","Mayhem+1","Shade_Step+1","Blood_Curse","Acid_Javelin","Bone_Armor+1","Summon_Vampire_Lady+1","Uncharnel+1","Summon_Lich+1","Life_Drain","Parasite","Bone_Armory+1","Summon_Death_Knight+1","Scare+1","Bone_Bullets","Bone_Prison+1","Bone_Prison+1","Summon_Undead_Army+1","Negative_Energy_Mist+1","Parasite","Vampiric_Strike+1","Bone_Armor+1"],"relics":["Vampire_Amulet","Golden Egg","Centennial Puzzle","Bronze Scales","hubris:VirtuousBlindfold","Sling","Lizard Tail","Nloth\u0027s Gift","Ginger","Painkiller Herb","Girya","Toxic Egg 2","Vajra"],"acts_visited":["Exordium","TheCity","TheBeyond","TheEnding"],"potions_floor_usage":[7,8,16,16,28,28,33,33,36,37,38,42,48,54,54,55],"damage_taken":[{"damage":0,"enemies":"2 Louse","floor":1,"turns":3},{"damage":0,"enemies":"Cultist","floor":2,"turns":4},{"damage":10,"enemies":"Jaw Worm","floor":3,"turns":4},{"damage":8,"enemies":"Lagavulin","floor":7,"turns":5},{"damage":6,"enemies":"Blue Slaver","floor":8,"turns":3},{"damage":5,"enemies":"Large Slime","floor":11,"turns":6},{"damage":5,"enemies":"Looter","floor":12,"turns":3},{"damage":12,"enemies":"Replay:BlueRogue","floor":14,"turns":5},{"damage":26,"enemies":"Fading Forest","floor":16,"turns":11},{"damage":14,"enemies":"2 Thieves","floor":18,"turns":4},{"damage":2,"enemies":"Chosen","floor":20,"turns":4},{"damage":10,"enemies":"Snake Plant","floor":21,"turns":3},{"damage":3,"enemies":"Cultist and Chosen","floor":22,"turns":5},{"damage":0,"enemies":"Replay:Snechameleon","floor":23,"turns":5},{"damage":6,"enemies":"Snecko","floor":24,"turns":6},{"damage":1,"enemies":"3 Cultists","floor":27,"turns":5},{"damage":10,"enemies":"Centurion and Healer","floor":28,"turns":4},{"damage":20,"enemies":"Book of Stabbing","floor":30,"turns":5},{"damage":0,"enemies":"Snecko","floor":31,"turns":5},{"damage":1,"enemies":"Champ","floor":33,"turns":11},{"damage":2,"enemies":"Orb Walker","floor":35,"turns":3},{"damage":1,"enemies":"3 Shapes","floor":36,"turns":4},{"damage":6,"enemies":"Mind Bloom Boss Battle","floor":37,"turns":6},{"damage":27,"enemies":"Writhing Mass","floor":38,"turns":5},{"damage":15,"enemies":"Jaw Worm Horde","floor":42,"turns":4},{"damage":7,"enemies":"Spire Growth","floor":44,"turns":6},{"damage":8,"enemies":"Writhing Mass","floor":46,"turns":5},{"damage":0,"enemies":"Transient","floor":48,"turns":1},{"damage":28,"enemies":"Awakened One","floor":50,"turns":11},{"damage":27,"enemies":"Shield and Spear","floor":54,"turns":6},{"damage":51,"enemies":"The Heart","floor":55,"turns":10}],"seed_played":"4485586477667916531","potions_obtained":[{"floor":3,"key":"EssenceOfSteel"},{"floor":7,"key":"SkillPotion"},{"floor":8,"key":"Elixir"},{"floor":11,"key":"SpeedPotion"},{"floor":21,"key":"Energy Potion"},{"floor":22,"key":"SmokeBomb"},{"floor":24,"key":"AttackPotion"},{"floor":28,"key":"SpeedPotion"},{"floor":31,"key":"Swift Potion"},{"floor":33,"key":"Toxic Potion"},{"floor":35,"key":"FearPotion"},{"floor":37,"key":"Fire Potion"},{"floor":39,"key":"PowerPotion"},{"floor":39,"key":"Languid Potion"},{"floor":44,"key":"Dexterity Potion"}],"is_trial":false,"path_per_floor":["M","M","M","$","?","R","E","M","T","?","M","M","R","E","R","B",null,"M","$","M","M","M","E","M","$","T","M","M","?","E","M","R","B",null,"?","?","?","?","?","T","T","?","T","?","T","?","T","?","T","B",null,"T","T","E","B",null],"character_chosen":"NECROMANCER","items_purchased":["Golden Egg","Summon_Undead_Army","Sling","Mayhem","Summon_Death_Knight","Bone_Prison+1","Summon_Undead_Army","Negative_Energy_Mist+1","LiquidMemories","Energy Potion"],"campfire_rested":1,"item_purchase_floors":[4,4,19,25,41,45,45,45,53,53],"current_hp_per_floor":[58,60,52,52,52,52,46,42,42,60,59,56,56,46,68,66,75,65,65,65,57,58,60,56,56,56,61,55,55,37,42,42,43,75,75,75,75,51,57,63,69,66,72,75,75,75,75,75,75,75,75,75,75,75,60],"gold":45,"neow_bonus":"TWO_FIFTY_GOLD","is_daily":false,"chose_seed":false,"campfire_upgraded":4,"win_rate":0.0,"timestamp":1610736246,"path_taken":["M","M","M","$","?","R","E","?","T","?","M","M","R","E","R","BOSS","M","$","M","M","M","E","M","$","T","M","M","?","E","M","R","BOSS","?","?","?","?","?","T","T","?","T","?","T","?","T","?","T","BOSS","T","T","E","BOSS"],"items_purchased_type":["Relic","Card","Relic","Card","Card","Card","Card","Card","Potion","Potion"],"build_version":"2020-12-22","purchased_purges":0,"victory":true,"max_hp_per_floor":[75,75,75,75,75,75,75,75,75,75,75,75,75,75,75,75,75,75,75,75,75,75,75,75,75,75,75,75,75,75,75,75,75,75,75,75,75,75,75,75,75,75,75,75,75,75,75,75,75,75,75,75,75,75,75],"card_choices":[{"not_picked":["Negative_Energy_Shield","Bone_Armor"],"picked":"Finger_Of_Death","floor":1},{"not_picked":["Negative_Energy_Shield","Negative_Energy_Javelin"],"picked":"Chill_Blood","floor":2},{"not_picked":["Chill_Blood","Negative_Energy_Mist"],"picked":"Negative_Energy_Javelin","floor":3},{"not_picked":["Scare","Necromantic_Selection"],"picked":"Negative_Energy_Mist","floor":7},{"not_picked":["Stop_Heart","Bone_Spikes"],"picked":"Negative_Energy_Javelin","floor":8},{"not_picked":["Blood_Whip","Whirlwind_of_Bones"],"picked":"Bones_to_Steel","floor":11},{"not_picked":["Death_Coil","Negative_Energy_Shield"],"picked":"Siphon_Strength","floor":12},{"not_picked":["Violent_Necrosis","Bone_Armory"],"picked":"Negative_Energy_Shield","floor":14},{"not_picked":["Blood_Wake","Skeleton_Dragon"],"picked":"Summon_Death_Knight","floor":16},{"not_picked":["Finger_Of_Death","Vampiric_Strike"],"picked":"Negative_Energy_Shield","floor":18},{"not_picked":["Finger_Of_Death+1","Corrupt"],"picked":"Spectral_Walk","floor":20},{"not_picked":["Flesh_Made_Foul","Bones_to_Steel"],"picked":"Death_March_Dance+1","floor":21},{"not_picked":["Death_March_Dance+1","Chill_Blood"],"picked":"Negative_Energy_Shield","floor":22},{"not_picked":["Consume_Illness","Pandemic"],"picked":"Summon_Undead","floor":23},{"not_picked":["Negative_Energy_Shield","Blood_Curse"],"picked":"Hellfire","floor":24},{"not_picked":["Bone_Bullets+1","Blood_Whip"],"picked":"Shade_Step+1","floor":27},{"not_picked":["Necrotic_Claws","Epidemic"],"picked":"Blood_Curse","floor":28},{"not_picked":["Death_March_Dance","Reap_The_Weak"],"picked":"Acid_Javelin","floor":30},{"not_picked":["Negative_Energy_Shield+1","Bone_Bullets"],"picked":"Bone_Armor+1","floor":31},{"not_picked":["Requiem","Blood_Wake"],"picked":"Summon_Vampire_Lady","floor":33},{"not_picked":["Bone_Armor","Negative_Energy_Sphere+1"],"picked":"Uncharnel+1","floor":35},{"not_picked":["Exploit+1","Bone_Armor+1"],"picked":"Summon_Lich+1","floor":36},{"not_picked":["Slay_Living","Death_Coil"],"picked":"Life_Drain","floor":37},{"not_picked":["Bone_Armor","Bones_to_Steel"],"picked":"Bone_Armory+1","floor":38},{"not_picked":["Vampiric_Strike+1","Pandemic+1"],"picked":"Scare+1","floor":42},{"not_picked":["Negative_Energy_Javelin","Death_Coil+1"],"picked":"Bone_Bullets","floor":44},{"not_picked":["Blood_Wake","Consume_Illness+1"],"picked":"Vampiric_Strike+1","floor":46},{"not_picked":["Chill_Blood+1","Strike_from_Beyond+1"],"picked":"Bone_Armor+1","floor":54}],"player_experience":96424,"relics_obtained":[{"floor":7,"key":"Centennial Puzzle"},{"floor":9,"key":"hubris:Metronome"},{"floor":14,"key":"Bronze Scales"},{"floor":23,"key":"Lizard Tail"},{"floor":30,"key":"Ginger"},{"floor":37,"key":"Girya"},{"floor":43,"key":"Toxic Egg 2"},{"floor":54,"key":"Vajra"}],"event_choices":[{"cards_removed":["Strike_W"],"damage_healed":0,"gold_gain":0,"player_choice":"Purged","damage_taken":0,"max_hp_gain":0,"max_hp_loss":0,"event_name":"Purifier","floor":5,"gold_loss":0},{"damage_healed":18,"gold_gain":0,"player_choice":"Healed","damage_taken":0,"max_hp_gain":0,"max_hp_loss":0,"event_name":"The Cleric","floor":10,"gold_loss":35},{"damage_healed":0,"gold_gain":0,"player_choice":"Traded Relic","damage_taken":0,"relics_obtained":["Nloth\u0027s Gift"],"max_hp_gain":0,"max_hp_loss":0,"event_name":"N\u0027loth","floor":29,"relics_lost":["hubris:Metronome"],"gold_loss":0},{"damage_healed":0,"gold_gain":0,"player_choice":"Fight","damage_taken":0,"max_hp_gain":0,"max_hp_loss":0,"event_name":"MindBloom","floor":37,"gold_loss":0},{"damage_healed":0,"gold_gain":0,"player_choice":"Got Potions","damage_taken":0,"max_hp_gain":0,"max_hp_loss":0,"event_name":"Lab","floor":39,"gold_loss":0}],"is_beta":false,"boss_relics":[{"not_picked":["hubris:CrackedHourglass","Sozu"],"picked":"hubris:VirtuousBlindfold"},{"not_picked":["Snecko Eye","Busted Crown"],"picked":"Painkiller Herb"}],"items_purged_floors":[],"is_endless":false,"potions_floor_spawned":[3,7,8,11,21,22,24,28,31,33,35,37,44],"ascension_level":0}}