{"host":"0i8dz4ityulxi1rd","time":1610711777,"event":{"mods":["BaseMod","Colored Map","Colored Powertips","Custom Start","Highlight Path","Hubris","Keyboard Shortcuts","Minty Spire (QoL Compilation)","StSLib","SuperFastMode"],"gold_per_floor":[109,109,85,99,114,147,47,47,47,64,82,82,104,104,104],"floor_reached":14,"language":"KOR","playtime":606,"items_purged":["Strike_G"],"score":184,"play_id":"5f2169a0-1120-4b9c-a98a-60731fc230f2","local_time":"20210115205617","is_ascension_mode":true,"campfire_choices":[{"data":"Bouncing Flask","floor":8.0,"key":"SMITH"},{"floor":12.0,"key":"REST"}],"circlet_count":0,"master_deck":["AscendersBane","Strike_G","Strike_G","Strike_G","Defend_G","Defend_G","Defend_G","Defend_G","Defend_G","Survivor","Neutralize","Deadly Poison","Dagger Spray","Cloak And Dagger","Bouncing Flask+1","Escape Plan","Backflip","Acrobatics"],"relics":["Ring of the Snake","Sundial","CeramicFish"],"acts_visited":["Exordium"],"potions_floor_usage":[14,14],"damage_taken":[{"damage":0.0,"enemies":"2 Louse","floor":1.0,"turns":4.0},{"damage":0.0,"enemies":"Cultist","floor":4.0,"turns":4.0},{"damage":4.0,"enemies":"Small Slimes","floor":5.0,"turns":5.0},{"damage":35.0,"enemies":"Lagavulin","floor":6.0,"turns":7.0},{"damage":1.0,"enemies":"2 Fungi Beasts","floor":10.0,"turns":3.0},{"damage":12.0,"enemies":"3 Louse","floor":11.0,"turns":3.0},{"damage":3.0,"enemies":"Red Slaver","floor":13.0,"turns":3.0},{"damage":27,"enemies":"Gremlin Nob","floor":14,"turns":4}],"seed_played":"7939221756850318267","potions_obtained":[{"floor":5.0,"key":"Weak Potion"},{"floor":6.0,"key":"EssenceOfSteel"},{"floor":10.0,"key":"BlessingOfTheForge"}],"is_trial":false,"path_per_floor":["M","?","$","M","M","E","$","R","T","M","M","R","M","E"],"character_chosen":"THE_SILENT","items_purchased":["Dagger Spray","Backflip"],"campfire_rested":1,"item_purchase_floors":[3,7],"current_hp_per_floor":[65,65,65,65,61,26,26,26,26,25,13,34,31,4,4],"gold":104,"neow_bonus":"TEN_PERCENT_HP_BONUS","is_daily":false,"chose_seed":false,"campfire_upgraded":1,"win_rate":0.0,"timestamp":1610711777,"path_taken":["M","?","$","M","M","E","$","R","T","M","?","R","M","E"],"items_purchased_type":["Card","Card"],"build_version":"2020-12-22","purchased_purges":1,"victory":false,"max_hp_per_floor":[72,72,72,72,72,72,72,72,72,72,72,72,72,72,72],"card_choices":[{"not_picked":["Endless Agony","Setup"],"picked":"Deadly Poison","floor":1.0},{"not_picked":["hubris:SlightOfHand","Blade Dance"],"picked":"Cloak And Dagger","floor":4.0},{"not_picked":["Acrobatics","Eviscerate"],"picked":"Bouncing Flask","floor":5.0},{"not_picked":["hubris:TrickCloak","Quick Slash"],"picked":"Escape Plan","floor":6.0},{"not_picked":["Poisoned Stab","hubris:Sniper","Concentrate"],"picked":"SKIP","floor":10.0},{"not_picked":["Outmaneuver","Underhanded Strike","Blade Dance"],"picked":"SKIP","floor":11.0},{"not_picked":["Infinite Blades","Footwork"],"picked":"Acrobatics","floor":13.0}],"player_experience":1318042,"relics_obtained":[{"floor":6.0,"key":"Sundial"},{"floor":9.0,"key":"CeramicFish"}],"event_choices":[{"cards_removed":["Strike_G"],"damage_healed":0.0,"max_hp_gain":0.0,"max_hp_loss":0.0,"gold_gain":0.0,"event_name":"Bonfire Elementals","player_choice":"Offered Basic","floor":2.0,"gold_loss":0.0,"damage_taken":0.0}],"is_beta":false,"boss_relics":[],"items_purged_floors":[7],"is_endless":false,"potions_floor_spawned":[5,6,10,11],"killed_by":"Gremlin Nob","ascension_level":20}}