{"host":"s5olpoz35hr9wai9","time":1610687690,"event":{"mods":["Act Like it!","BaseMod","Colored Powertips","Friendly Minions","Gensokyo","Kiyohime£®«Âºß£©","Koishi","KomeijiMod","Marisa£®ÏF”Í°°ƒß¿Ì…≥£©","Minty Spire (QoL Compilation)","Quick Restart","Reimu£®≤©¿ˆ¡È√Œ£©","Remilia£®¿Ÿ√◊¿Ú—«£©","Replay The Spire","Shop Mod","StSLib","The Administrix","The Animator","The Servant 0.9.4","Youmu£®ªÍ∆«—˝√Œ£©","Yuyuko"],"gold_per_floor":[116,136,147,66,89,117,39,39,39],"floor_reached":8,"language":"ZHS","playtime":423,"items_purged":[],"score":64,"play_id":"d227c6f0-49e4-4295-89a9-3fd15a86fc6c","local_time":"20210115131450","is_ascension_mode":true,"campfire_choices":[],"circlet_count":0,"master_deck":["Strike_S","Strike_S","Strike_S","Strike_S","Defend_S","Defend_S","Defend_S","Defend_S","KidneyShot","Exchange","animator:Strike","Deathly Ground","BestPractice","Foresight","Manipulate","Advance","StarChef+1","BestPractice+1"],"relics":["Uniform","WingedGreaves","Anchor","Frozen Egg 2"],"acts_visited":["Exordium"],"potions_floor_usage":[8,8],"damage_taken":[{"damage":0,"enemies":"Cultist","floor":1,"turns":3},{"damage":11,"enemies":"2 Louse","floor":2,"turns":4},{"damage":7,"enemies":"Small Slimes","floor":3,"turns":4},{"damage":8,"enemies":"Lagavulin","floor":6,"turns":7},{"damage":52,"enemies":"Gremlin Nob","floor":8,"turns":4}],"seed_played":"2009820816133379787","potions_obtained":[{"floor":1,"key":"RedTea"},{"floor":2,"key":"SpeedPotion"},{"floor":3,"key":"ColorlessPotion"}],"is_trial":false,"path_per_floor":["M","M","M","$","T","E","$","E"],"character_chosen":"THE_SERVANT","items_purchased":["Advance","BestPractice+1"],"campfire_rested":0,"item_purchase_floors":[4,7],"current_hp_per_floor":[65,54,47,47,47,39,39,0,0],"gold":39,"neow_bonus":"ONE_RARE_RELIC","is_daily":false,"chose_seed":false,"campfire_upgraded":0,"win_rate":0.0,"timestamp":1610687690,"path_taken":["M","M","M","?","?","E","$","E"],"items_purchased_type":["Card","Card"],"build_version":"2020-12-22","purchased_purges":0,"victory":false,"max_hp_per_floor":[65,65,65,65,65,65,65,65,65],"card_choices":[{"not_picked":["RealityMarble","FastForward"],"picked":"BestPractice","floor":1},{"not_picked":["Deadline","WasteNot"],"picked":"Foresight","floor":2},{"not_picked":["GearUp","Alleviate"],"picked":"Manipulate","floor":3},{"not_picked":["Starlight","Revamp"],"picked":"StarChef+1","floor":6}],"player_experience":232650,"relics_obtained":[{"floor":5,"key":"Anchor"},{"floor":6,"key":"Frozen Egg 2"}],"event_choices":[],"is_beta":false,"boss_relics":[],"items_purged_floors":[],"is_endless":false,"potions_floor_spawned":[1,2,3],"killed_by":"Gremlin Nob","ascension_level":3}}