{"host":"c97twqu0op5dg8i4","time":1610749814,"event":{"mods":["AchievementEnabler","BaseMod","Colored Map","Minty Spire (QoL Compilation)","Permanent Neow"],"gold_per_floor":[109,126,46,65,13,44,44,72,146,156,156,221,221,235,235,332,332,343,343,343,343],"floor_reached":20,"language":"ENG","playtime":932,"items_purged":[],"score":209,"play_id":"403e3da8-439a-47ed-80a1-58b74538eadd","local_time":"20210115173014","is_ascension_mode":true,"campfire_choices":[{"data":"Clothesline","floor":7.0,"key":"SMITH"},{"floor":11.0,"key":"REST"},{"floor":15.0,"key":"REST"}],"circlet_count":0,"master_deck":["Bash","Finesse","Shockwave","Twin Strike","Pommel Strike","Disarm","Flame Barrier","Clothesline+1","Shrug It Off","Hemokinesis","Purity","Dual Wield","Perfected Strike","Reaper","Body Slam","Rage","Carnage","Sword Boomerang","Barricade","Corruption","Dropkick","Reaper","Intimidate+1"],"relics":["Burning Blood","Ginger","Blood Vial","Nunchaku","The Courier","Toy Ornithopter","Pandora\u0027s Box"],"acts_visited":[],"potions_floor_usage":[],"damage_taken":[{"damage":6.0,"enemies":"Cultist","floor":1.0,"turns":3.0},{"damage":8.0,"enemies":"Small Slimes","floor":2.0,"turns":4.0},{"damage":2.0,"enemies":"Jaw Worm","floor":4.0,"turns":3.0},{"damage":37.0,"enemies":"Lagavulin","floor":6.0,"turns":9.0},{"damage":30.0,"enemies":"Gremlin Nob","floor":8.0,"turns":5.0},{"damage":2.0,"enemies":"2 Fungi Beasts","floor":10.0,"turns":4.0},{"damage":15.0,"enemies":"3 Sentries","floor":12.0,"turns":4.0},{"damage":19.0,"enemies":"Exordium Thugs","floor":14.0,"turns":4.0},{"damage":41.0,"enemies":"Hexaghost","floor":16.0,"turns":10.0},{"damage":28.0,"enemies":"Shell Parasite","floor":18.0,"turns":8.0},{"damage":0,"enemies":"3 Byrds","floor":20,"turns":1}],"seed_played":"8682026960417435899","potions_obtained":[{"floor":4.0,"key":"Fire Potion"},{"floor":10.0,"key":"AttackPotion"},{"floor":14.0,"key":"Strength Potion"},{"floor":16.0,"key":"Block Potion"}],"is_trial":false,"path_per_floor":["M","M","$","M","?","E","R","E","T","M","R","?","?","M","R","B",null,"M","?","M"],"character_chosen":"IRONCLAD","items_purchased":["Pommel Strike","Disarm"],"campfire_rested":2,"item_purchase_floors":[3,3],"current_hp_per_floor":[80,78,78,80,80,49,49,27,27,33,57,50,50,39,63,35,80,63,63,65,65],"gold":343,"neow_bonus":"RANDOM_COLORLESS","is_daily":false,"chose_seed":false,"campfire_upgraded":1,"win_rate":0.0,"timestamp":1610749814,"path_taken":["M","M","$","?","?","E","R","E","T","?","R","?","?","M","R","BOSS","M","?","?"],"items_purchased_type":["Card","Card"],"build_version":"2020-12-22","purchased_purges":0,"victory":false,"max_hp_per_floor":[80,80,80,80,80,80,80,80,80,80,80,80,80,80,80,80,80,80,80,80,80],"card_choices":[{"not_picked":["Purity","Forethought"],"picked":"Finesse","floor":0.0},{"not_picked":["Wild Strike","Power Through"],"picked":"Shockwave","floor":1.0},{"not_picked":["Rage","True Grit"],"picked":"Twin Strike","floor":2.0},{"not_picked":["Ghostly Armor","Anger"],"picked":"Flame Barrier","floor":4.0},{"not_picked":["Havoc","Bloodletting"],"picked":"Clothesline","floor":6.0},{"not_picked":["Ghostly Armor","Dual Wield"],"picked":"Shrug It Off","floor":8.0},{"not_picked":["Evolve","Rupture","Fire Breathing"],"picked":"SKIP","floor":10.0},{"not_picked":["Feel No Pain","Body Slam"],"picked":"Hemokinesis","floor":12.0},{"not_picked":["Warcry","Sword Boomerang"],"picked":"Perfected Strike","floor":14.0},{"not_picked":["Immolate","Demon Form"],"picked":"Reaper","floor":16.0},{"not_picked":["Warcry+1","Hemokinesis"],"picked":"Intimidate+1","floor":18.0}],"player_experience":256367,"relics_obtained":[{"floor":6.0,"key":"Blood Vial"},{"floor":8.0,"key":"Nunchaku"},{"floor":9.0,"key":"The Courier"},{"floor":12.0,"key":"Toy Ornithopter"}],"event_choices":[{"damage_healed":0.0,"max_hp_gain":0.0,"max_hp_loss":0.0,"gold_gain":0.0,"event_name":"WeMeetAgain","player_choice":"Paid Gold","floor":5.0,"gold_loss":52.0,"damage_taken":0.0,"relics_obtained":["Ginger"]},{"damage_healed":0.0,"max_hp_gain":0.0,"max_hp_loss":0.0,"gold_gain":0.0,"event_name":"Dead Adventurer","player_choice":"Searched \u00272\u0027 times","floor":12.0,"gold_loss":0.0,"damage_taken":0.0},{"damage_healed":0.0,"max_hp_gain":0.0,"max_hp_loss":0.0,"gold_gain":0.0,"event_name":"Match and Keep!","player_choice":"2 cards matched","floor":13.0,"gold_loss":0.0,"damage_taken":0.0,"cards_obtained":["Purity","Dual Wield"]},{"cards_removed":["Perfected Strike"],"damage_healed":0.0,"max_hp_gain":0.0,"max_hp_loss":0.0,"gold_gain":0.0,"event_name":"Purifier","player_choice":"Purged","floor":19.0,"gold_loss":0.0,"damage_taken":0.0}],"is_beta":false,"boss_relics":[{"not_picked":["Black Star","Velvet Choker"],"picked":"Pandora\u0027s Box"}],"items_purged_floors":[],"is_endless":false,"potions_floor_spawned":[4,10,14,16],"killed_by":"3 Byrds","ascension_level":3}}