{"host":"eejrqhjknvwl59ep","time":1610742797,"event":{"mods":["BaseMod","Hubris","Infinite Spire","Minty Spire (QoL Compilation)","StSLib"],"gold_per_floor":[114,140,39,54,229,255,298,326,405,422,422,422,449,482,482,586,586,611,620,638,665,694,729,729,729],"floor_reached":24,"language":"ENG","playtime":967,"items_purged":[],"score":279,"play_id":"e269f122-abe7-4a74-a0ae-4e913e157804","local_time":"20210115213317","daily_mods":["SealedDeck","Heirloom","Flight","DeadlyEvents"],"is_ascension_mode":false,"campfire_choices":[{"data":"Defragment","floor":11,"key":"SMITH"},{"data":"Seek","floor":12,"key":"SMITH"},{"data":"Defragment","floor":15,"key":"SMITH"}],"circlet_count":0,"master_deck":["Redo","Lockon","Lockon","Storm","Storm","Leap","Sweeping Beam","Ball Lightning","Conserve Battery","Defragment+1","Steam","Defragment+1","Ball Lightning","hubris:Ukulele","Doubt","Loop","Seek+1","Fission","Ball Lightning","hubris:Ukulele","Conserve Battery+1","hubris:Ukulele+1","Conserve Battery+1"],"relics":["Cracked Core","Torii","Akabeko","hubris:SphereOfDissonance","CeramicFish","hubris:Zylophone","Pear","Matryoshka","Smiling Mask","hubris:HollowSoul","Tiny Chest"],"acts_visited":["Exordium","TheCity"],"potions_floor_usage":[],"damage_taken":[{"damage":0,"enemies":"Cultist","floor":1,"turns":3},{"damage":7,"enemies":"Small Slimes","floor":4,"turns":2},{"damage":9,"enemies":"3 Sentries","floor":6,"turns":4},{"damage":18,"enemies":"Lagavulin","floor":7,"turns":3},{"damage":1,"enemies":"3 Sentries","floor":8,"turns":3},{"damage":0,"enemies":"2 Louse","floor":10,"turns":2},{"damage":0,"enemies":"Gremlin Nob","floor":13,"turns":2},{"damage":18,"enemies":"3 Sentries","floor":14,"turns":3},{"damage":1,"enemies":"Hexaghost","floor":16,"turns":4},{"damage":10,"enemies":"Spheric Guardian","floor":18,"turns":3},{"damage":2,"enemies":"Chosen","floor":20,"turns":3},{"damage":17,"enemies":"Centurion and Healer","floor":21,"turns":3},{"damage":15,"enemies":"Snecko","floor":22,"turns":4},{"damage":28,"enemies":"Slavers","floor":23,"turns":4}],"seed_played":"-2318351087493413679","potions_obtained":[{"floor":1,"key":"SteroidPotion"},{"floor":4,"key":"SmokeBomb"},{"floor":10,"key":"SpeedPotion"}],"is_trial":true,"path_per_floor":["M","T","$","M","?","E","E","E","T","M","R","R","E","E","R","B",null,"M","?","M","M","M","E","R"],"character_chosen":"DEFECT","items_purchased":["Defragment","Ball Lightning"],"campfire_rested":0,"item_purchase_floors":[3,3],"current_hp_per_floor":[75,75,75,68,68,59,41,40,50,50,50,50,50,32,32,31,85,75,75,73,56,41,13,13,13],"gold":729,"neow_bonus":"","is_daily":false,"chose_seed":false,"campfire_upgraded":3,"win_rate":0.0,"timestamp":1610742797,"path_taken":["M","?","$","?","?","E","E","E","T","?","R","R","?","E","R","BOSS","M","?","M","?","M","E","R"],"items_purchased_type":["Card","Card"],"build_version":"2020-12-22","purchased_purges":0,"victory":false,"max_hp_per_floor":[75,75,75,75,75,75,75,75,85,85,85,85,85,85,85,85,85,85,85,85,85,85,85,85,85],"card_choices":[{"not_picked":["Compile Driver","Gash"],"picked":"Steam","floor":1},{"not_picked":["Scrape","Cold Snap"],"picked":"hubris:Ukulele","floor":4},{"not_picked":["Ball Lightning","Hologram"],"picked":"Loop","floor":6},{"not_picked":["Barrage","Hello World"],"picked":"Seek","floor":7},{"not_picked":["Turbo","Go for the Eyes","Compile Driver"],"picked":"SKIP","floor":8},{"not_picked":["Blizzard","Stack","BootSequence"],"picked":"SKIP","floor":10},{"not_picked":["Barrage","Melter","Go for the Eyes"],"picked":"SKIP","floor":13},{"not_picked":["Reinforced Body","Hyperbeam","Fusion"],"picked":"SKIP","floor":14},{"not_picked":["All For One","hubris:Prefetch"],"picked":"Fission","floor":16},{"not_picked":["Cold Snap","Rip and Tear"],"picked":"Ball Lightning","floor":18},{"not_picked":["Rebound","Go for the Eyes","Gash+1"],"picked":"SKIP","floor":20},{"not_picked":["Reinforced Body","Stack"],"picked":"Conserve Battery+1","floor":21},{"not_picked":["Steam Power+1","Sweeping Beam"],"picked":"hubris:Ukulele+1","floor":22},{"not_picked":["Blizzard+1","Ball Lightning"],"picked":"Conserve Battery+1","floor":23}],"player_experience":241129,"relics_obtained":[{"floor":2,"key":"Akabeko"},{"floor":6,"key":"hubris:SphereOfDissonance"},{"floor":7,"key":"CeramicFish"},{"floor":8,"key":"hubris:Zylophone"},{"floor":9,"key":"Pear"},{"floor":13,"key":"Matryoshka"},{"floor":14,"key":"Smiling Mask"},{"floor":23,"key":"Tiny Chest"}],"event_choices":[{"damage_healed":0,"gold_gain":175,"player_choice":"AGREE","damage_taken":0,"max_hp_gain":0,"max_hp_loss":0,"event_name":"Liars Game","floor":5,"gold_loss":0,"cards_obtained":["Doubt"]},{"damage_healed":0,"gold_gain":0,"player_choice":"Read","damage_taken":0,"max_hp_gain":0,"max_hp_loss":0,"event_name":"The Library","floor":19,"gold_loss":0,"cards_obtained":["hubris:Ukulele"]}],"is_beta":false,"boss_relics":[{"not_picked":["hubris:GrandSneckoEye","Astrolabe"],"picked":"hubris:HollowSoul"}],"items_purged_floors":[],"is_endless":false,"potions_floor_spawned":[1,4,10,14,22],"ascension_level":0}}