{"host":"0cgp910o8339lr91","time":1610692385,"event":{"mods":["BaseMod","Block Reminder","Colored Map","Colored Powertips","Minty Spire (QoL Compilation)","Relic Stats","Slay-I","ojb\u0027s Better Paths Mod","ojb\u0027s Info Mod"],"gold_per_floor":[112,125,145,159,159,159,175,210,210,242,258,258,208,218,218,295,295,313,329,329,342,342,342,74,103,176,176,186,205,219,254,254,332,332,352,352,368,380,330,330,360,360,384,418,433,157,167,202,202,202,202,202,47,72,72],"floor_reached":56,"language":"ENG","playtime":9152,"items_purged":["Strike_B","Strike_B+1","Defend_B+1","Defend_B+1"],"score":1941,"play_id":"4651bbf2-978a-4b2d-aa19-c849476bb113","local_time":"20210115073305","is_ascension_mode":true,"campfire_choices":[{"data":"Genetic Algorithm","floor":6.0,"key":"SMITH"},{"data":"Defragment","floor":15.0,"key":"SMITH"},{"data":"Capacitor","floor":23.0,"key":"SMITH"},{"data":"Defragment","floor":32.0,"key":"SMITH"},{"data":"Consume","floor":40.0,"key":"SMITH"},{"data":"Echo Form","floor":42.0,"key":"SMITH"},{"floor":49,"key":"RECALL"},{"data":"Seek","floor":52,"key":"SMITH"}],"circlet_count":0,"master_deck":["AscendersBane","Defend_B+1","Defend_B+1","Zap","Dualcast","Genetic Algorithm+1","Ball Lightning","Hologram","Capacitor+1","Cold Snap","Conserve Battery","Defragment+1","Seek+1","Leap+1","Defragment+1","BootSequence","Self Repair","Defragment","Electrodynamics","Seek","Aggregate+1","Consume+1","Echo Form+1","Conserve Battery+1","Coolheaded","Hologram","Coolheaded","Coolheaded"],"relics":["Cracked Core","NeowsBlessing","Smiling Mask","Pear","Letter Opener","Runic Pyramid","Orrery","Bottled Flame","Mercury Hourglass","PreservedInsect","Inserter","Art of War","Frozen Eye","Strawberry","Bag of Preparation","Bronze Scales"],"acts_visited":["TheBeyond","TheEnding"],"potions_floor_usage":[50,55],"damage_taken":[{"damage":0.0,"enemies":"2 Louse","floor":1.0,"turns":1.0},{"damage":1.0,"enemies":"Small Slimes","floor":2.0,"turns":2.0},{"damage":0.0,"enemies":"Cultist","floor":3.0,"turns":1.0},{"damage":9.0,"enemies":"Blue Slaver","floor":4.0,"turns":3.0},{"damage":0.0,"enemies":"Large Slime","floor":7.0,"turns":4.0},{"damage":19.0,"enemies":"Lagavulin","floor":8.0,"turns":8.0},{"damage":25.0,"enemies":"3 Sentries","floor":10.0,"turns":6.0},{"damage":0.0,"enemies":"Lots of Slimes","floor":11.0,"turns":4.0},{"damage":8.0,"enemies":"3 Louse","floor":14.0,"turns":3.0},{"damage":22.0,"enemies":"Slime Boss","floor":16.0,"turns":11.0},{"damage":0.0,"enemies":"Spheric Guardian","floor":18.0,"turns":4.0},{"damage":2.0,"enemies":"Shell Parasite","floor":19.0,"turns":9.0},{"damage":9.0,"enemies":"Centurion and Healer","floor":21.0,"turns":8.0},{"damage":42.0,"enemies":"Slavers","floor":25.0,"turns":11.0},{"damage":0.0,"enemies":"Chosen and Byrds","floor":28.0,"turns":6.0},{"damage":0.0,"enemies":"Snecko","floor":29.0,"turns":7.0},{"damage":0.0,"enemies":"3 Cultists","floor":30.0,"turns":4.0},{"damage":6.0,"enemies":"Book of Stabbing","floor":31.0,"turns":7.0},{"damage":2.0,"enemies":"Champ","floor":33.0,"turns":13.0},{"damage":1.0,"enemies":"Orb Walker","floor":35.0,"turns":5.0},{"damage":0.0,"enemies":"3 Shapes","floor":37.0,"turns":5.0},{"damage":0.0,"enemies":"3 Darklings","floor":38.0,"turns":4.0},{"damage":9.0,"enemies":"Reptomancer","floor":41.0,"turns":5.0},{"damage":45.0,"enemies":"Nemesis","floor":44.0,"turns":7.0},{"damage":18,"enemies":"Jaw Worm Horde","floor":45,"turns":4},{"damage":0,"enemies":"Sphere and 2 Shapes","floor":47,"turns":6},{"damage":4,"enemies":"Reptomancer","floor":48,"turns":6},{"damage":17,"enemies":"Time Eater","floor":50,"turns":13},{"damage":15,"enemies":"Shield and Spear","floor":54,"turns":6},{"damage":62,"enemies":"The Heart","floor":55,"turns":11}],"seed_played":"6930579939175213063","potions_obtained":[{"floor":1.0,"key":"Weak Potion"},{"floor":2.0,"key":"Strength Potion"},{"floor":4.0,"key":"Regen Potion"},{"floor":25.0,"key":"SpeedPotion"},{"floor":29.0,"key":"LiquidMemories"},{"floor":31.0,"key":"Dexterity Potion"},{"floor":33.0,"key":"Dexterity Potion"},{"floor":37.0,"key":"FocusPotion"}],"is_trial":false,"path_per_floor":["M","M","M","M","?","R","M","E","T","E","M","?","$","M","R","B",null,"M","M","?","M","?","R","$","E","T","?","M","M","M","E","R","B",null,"M","?","M","M","$","R","E","R","T","E","M","$","M","E","R","B",null,"R","$","E","B",null],"character_chosen":"DEFECT","items_purchased":["Defragment","Orrery","Frozen Eye","Coolheaded","Hologram","Bag of Preparation"],"campfire_rested":0,"item_purchase_floors":[24,24,46,46,46,53],"current_hp_per_floor":[64,63,63,54,54,54,54,49,59,34,34,34,34,26,26,4,62,62,60,60,51,51,51,51,16,16,16,23,23,23,24,24,29,68,74,74,81,81,81,81,79,79,79,48,44,44,58,75,75,72,84,84,84,83,28],"gold":72,"neow_bonus":"THREE_ENEMY_KILL","is_daily":false,"chose_seed":false,"campfire_upgraded":7,"win_rate":0.0,"timestamp":1610692385,"path_taken":["M","M","M","M","?","R","M","E","T","E","M","?","$","?","R","BOSS","M","M","?","M","?","R","$","E","T","?","?","M","M","E","R","BOSS","M","?","M","M","$","R","E","R","T","E","M","?","M","E","R","BOSS","R","$","E","BOSS"],"items_purchased_type":["Card","Relic","Relic","Card","Card","Relic"],"build_version":"2020-12-22","purchased_purges":4,"victory":true,"max_hp_per_floor":[71,71,71,71,71,71,71,71,81,81,81,81,81,81,81,81,81,81,81,81,81,81,81,81,81,81,81,81,81,81,81,81,81,81,81,81,81,81,81,81,81,81,81,81,81,81,81,88,88,88,88,88,88,88,88],"relic_stats":{"Inserter":[35],"counters":[12,84],"Bronze Scales":[144],"PreservedInsect":250,"Art of War":[35],"Bag of Preparation":[4],"Letter Opener":[217],"Smiling Mask":175,"obtain_stats":[{"Pear":0,"Inserter":34,"NeowsBlessing":0,"PreservedInsect":0,"Bag of Preparation":53,"Letter Opener":0,"Smiling Mask":0,"Mercury Hourglass":0,"Frozen Eye":46,"Bottled Flame":0,"Strawberry":48,"Bronze Scales":54,"Orrery":0,"Art of War":41,"Cracked Core":0,"Runic Pyramid":0},{"Pear":0,"Inserter":1,"NeowsBlessing":0,"PreservedInsect":0,"Bag of Preparation":10,"Letter Opener":0,"Smiling Mask":0,"Mercury Hourglass":0,"Frozen Eye":7,"Bottled Flame":0,"Strawberry":9,"Bronze Scales":11,"Orrery":0,"Art of War":5,"Cracked Core":0,"Runic Pyramid":0},{"Pear":0,"Inserter":13,"NeowsBlessing":0,"PreservedInsect":0,"Bag of Preparation":67,"Letter Opener":0,"Smiling Mask":0,"Mercury Hourglass":0,"Frozen Eye":43,"Bottled Flame":0,"Strawberry":54,"Bronze Scales":73,"Orrery":0,"Art of War":32,"Cracked Core":0,"Runic Pyramid":0}],"Mercury Hourglass":[290]},"card_choices":[{"not_picked":["Steam Power","Sweeping Beam"],"picked":"Genetic Algorithm","floor":1.0},{"not_picked":["Blizzard","Turbo","Redo"],"picked":"SKIP","floor":2.0},{"not_picked":["Turbo","Barrage"],"picked":"Ball Lightning","floor":3.0},{"not_picked":["Barrage","Gash"],"picked":"Hologram","floor":4.0},{"not_picked":["Redo","Go for the Eyes","Leap"],"picked":"SKIP","floor":7.0},{"not_picked":["Fusion","Double Energy"],"picked":"Capacitor","floor":8.0},{"not_picked":["Streamline","Redo"],"picked":"Cold Snap","floor":10.0},{"not_picked":["Rip and Tear","Fission"],"picked":"Conserve Battery","floor":11.0},{"not_picked":["Darkness","Gash","Rip and Tear"],"picked":"SKIP","floor":14.0},{"not_picked":["Hyperbeam","Rainbow"],"picked":"Seek","floor":16.0},{"not_picked":["Conserve Battery","Rebound+1"],"picked":"Leap+1","floor":18.0},{"not_picked":["Heatsinks","Coolheaded","Redo"],"picked":"SKIP","floor":19.0},{"not_picked":["Turbo+1","Barrage","Rebound"],"picked":"SKIP","floor":21.0},{"not_picked":["Melter","Blizzard"],"picked":"BootSequence","floor":24.0},{"not_picked":["All For One","Steam Power"],"picked":"Self Repair","floor":24.0},{"not_picked":["Genetic Algorithm","Gash+1"],"picked":"Defragment","floor":25.0},{"not_picked":["Conserve Battery","Cold Snap+1"],"picked":"Electrodynamics","floor":28.0},{"not_picked":["Self Repair","Conserve Battery","Auto Shields"],"picked":"SKIP","floor":29.0},{"not_picked":["Hologram","Chaos","Tempest"],"picked":"SKIP","floor":30.0},{"not_picked":["Scrape","Genetic Algorithm+1","Turbo"],"picked":"SKIP","floor":31.0},{"not_picked":["Fission","Thunder Strike"],"picked":"Seek","floor":33.0},{"not_picked":["Sweeping Beam","Beam Cell"],"picked":"Aggregate+1","floor":35.0},{"not_picked":["Leap","Compile Driver","Sweeping Beam"],"picked":"SKIP","floor":37.0},{"not_picked":["Streamline","Loop"],"picked":"Echo Form","floor":38.0},{"not_picked":["Doom and Gloom","Compile Driver+1","Rebound+1"],"picked":"SKIP","floor":41.0},{"not_picked":["Beam Cell","Barrage","Undo+1"],"picked":"SKIP","floor":44.0},{"not_picked":["Stack","BootSequence"],"picked":"Conserve Battery+1","floor":45},{"not_picked":["Compile Driver+1","Leap+1"],"picked":"Coolheaded","floor":47},{"not_picked":["Defragment","Reinforced Body"],"picked":"Coolheaded","floor":48},{"not_picked":["Reinforced Body+1","Compile Driver","Rebound"],"picked":"SKIP","floor":54}],"player_experience":1428240,"relics_obtained":[{"floor":8.0,"key":"Smiling Mask"},{"floor":9.0,"key":"Pear"},{"floor":10.0,"key":"Letter Opener"},{"floor":25.0,"key":"Bottled Flame"},{"floor":26.0,"key":"Mercury Hourglass"},{"floor":31.0,"key":"PreservedInsect"},{"floor":41.0,"key":"Art of War"},{"floor":48,"key":"Strawberry"},{"floor":54,"key":"Bronze Scales"}],"event_choices":[{"damage_healed":0.0,"max_hp_gain":0.0,"max_hp_loss":0.0,"gold_gain":0.0,"event_name":"The Cleric","player_choice":"Leave","floor":5.0,"gold_loss":0.0,"damage_taken":0.0},{"damage_healed":0.0,"max_hp_gain":0.0,"max_hp_loss":0.0,"gold_gain":0.0,"cards_transformed":["Strike_B"],"event_name":"Transmorgrifier","player_choice":"Transformed","floor":12.0,"gold_loss":0.0,"damage_taken":0.0,"cards_obtained":["Defragment"]},{"damage_healed":0.0,"max_hp_gain":0.0,"max_hp_loss":0.0,"gold_gain":0.0,"event_name":"Vampires","player_choice":"Ignored","floor":20.0,"gold_loss":0.0,"damage_taken":0.0},{"damage_healed":0.0,"max_hp_gain":0.0,"max_hp_loss":0.0,"gold_gain":0.0,"event_name":"Back to Basics","player_choice":"Simplicity","floor":22.0,"gold_loss":0.0,"damage_taken":0.0,"cards_upgraded":["Strike_B","Strike_B","Defend_B","Defend_B","Defend_B","Defend_B"]},{"damage_healed":0.0,"max_hp_gain":0.0,"max_hp_loss":0.0,"gold_gain":0.0,"event_name":"Match and Keep!","player_choice":"0 cards matched","floor":27.0,"gold_loss":0.0,"damage_taken":0.0,"cards_obtained":[]},{"damage_healed":0.0,"max_hp_gain":0.0,"max_hp_loss":0.0,"gold_gain":0.0,"cards_transformed":["Strike_B"],"event_name":"Transmorgrifier","player_choice":"Transformed","floor":36.0,"gold_loss":0.0,"damage_taken":0.0,"cards_obtained":["Consume"]}],"is_beta":false,"boss_relics":[{"not_picked":["Runic Dome","Busted Crown"],"picked":"Runic Pyramid"},{"not_picked":["Tiny House","Empty Cage"],"picked":"Inserter"}],"items_purged_floors":[13,24,39,46],"is_endless":false,"potions_floor_spawned":[1,2,4,7,25,29,31,33,37,45,47,48],"ascension_level":15}}