{"host":"hjw1ay65n7jm40lc","time":1610679823,"event":{"mods":["AchievementEnabler","BaseMod","Block Reminder","Colored Map","Colored Powertips","Curses Come First","Downfall","Googly Eyes","Hermit","Highlight Path","Minty Spire (QoL Compilation)","Quick Restart","Relic Stats","StSLib"],"gold_per_floor":[99,115,133,133,4,104,104,115,145,161,161,161,261,276,289,389,389,389,406,491,509,509,509,509,509,536,396,296,330,344,344,358,454,454,454,470,480,480,480,491,491,491,491,505,553,585,137,147,167,167],"floor_reached":51,"language":"ENG","playtime":5104,"items_purged":["bronze:Strike","Decay","downfall:Malfunctioning","bronze:Defend"],"score":767,"play_id":"efa98cba-2c63-43e1-91f9-93cf76466243","local_time":"20210114220343","is_ascension_mode":false,"campfire_choices":[{"data":"bronze:Replicate","floor":1.0,"key":"SMITH"},{"data":"bronze:Boost","floor":11.0,"key":"SMITH"},{"data":"bronze:Assembly","floor":18.0,"key":"SMITH"},{"data":"bronze:Return","floor":23.0,"key":"SMITH"},{"data":"bronze:Fortify","floor":25.0,"key":"SMITH"},{"data":"bronze:ChosenStrike","floor":28,"key":"SMITH"},{"floor":35,"key":"RECALL"}],"circlet_count":0,"master_deck":["bronze:Defend","bronze:Defend","bronze:Replicate+1","bronze:Goto","bronze:Iterate","bronze:Flail","bronze:Boost+1","bronze:ChosenStrike+1","bronze:WhirlingStrike","bronze:SpaghettiCode","bronze:BronzeOrb","bronze:Assembly+1","bronze:Return+1","bronze:Shell","bronze:HyperBeam","bronze:Fortify+1","bronze:DelayedGuard","bronze:Terminator+1","bronze:Optimize+1","bronze:ClassDefault+1","bronze:AlphaBuild+1","bronze:FineTuning+1","bronze:ForLoop+1","bronze:DelayedGuard+1"],"relics":["bronze:BronzeCore","Centennial Puzzle","Shuriken","Toy Ornithopter","Cursed Key","Guardian:PocketSentry","Orichalcum","downfall:HeartBlessingGreen","Toxic Egg 2","Fusion Hammer","bronze:CableSpool","Lee\u0027s Waffle","Nunchaku","Sundial"],"acts_visited":["Exordium","TheCity","TheBeyond"],"potions_floor_usage":[30,33,40,49,50],"damage_taken":[{"damage":6.0,"enemies":"Jaw Worm","floor":2.0,"turns":4.0},{"damage":6.0,"enemies":"2 Louse","floor":3.0,"turns":4.0},{"damage":0.0,"enemies":"downfall:FleeingMerchant","floor":5.0,"turns":4.0},{"damage":0.0,"enemies":"Small Slimes","floor":8.0,"turns":3.0},{"damage":9.0,"enemies":"3 Sentries","floor":9.0,"turns":4.0},{"damage":0.0,"enemies":"3 Louse","floor":10.0,"turns":2.0},{"damage":21.0,"enemies":"downfall:LadyInBlue","floor":13.0,"turns":8.0},{"damage":0.0,"enemies":"Gremlin Gang","floor":14.0,"turns":1.0},{"damage":4.0,"enemies":"Exordium Thugs","floor":15.0,"turns":1.0},{"damage":12.0,"enemies":"downfall:Silent","floor":16.0,"turns":5.0},{"damage":0.0,"enemies":"3 Byrds","floor":19.0,"turns":3.0},{"damage":0.0,"enemies":"Cultist and Chosen","floor":21.0,"turns":3.0},{"damage":10.0,"enemies":"Slavers","floor":26.0,"turns":4.0},{"damage":0,"enemies":"downfall:FleeingMerchant","floor":27,"turns":4},{"damage":8,"enemies":"Gremlin Leader","floor":29,"turns":4},{"damage":0,"enemies":"Centurion and Healer","floor":30,"turns":5},{"damage":0,"enemies":"3 Cultists","floor":32,"turns":3},{"damage":0,"enemies":"WA_ARCHETYPE_CALM","floor":33,"turns":4},{"damage":0,"enemies":"Orb Walker","floor":36,"turns":3},{"damage":10,"enemies":"3 Darklings","floor":37,"turns":2},{"damage":11,"enemies":"Writhing Mass","floor":40,"turns":6},{"damage":12,"enemies":"Maw","floor":44,"turns":6},{"damage":0,"enemies":"downfall:FleeingMerchant","floor":45,"turns":3},{"damage":0,"enemies":"Giant Head","floor":46,"turns":6},{"damage":0,"enemies":"4 Shapes","floor":48,"turns":3},{"damage":40,"enemies":"Transient","floor":49,"turns":5},{"damage":37,"enemies":"DF_ARCHETYPE_ORBS","floor":50,"turns":9}],"seed_played":"-8176809311890614521","potions_obtained":[{"floor":8.0,"key":"FearPotion"},{"floor":9.0,"key":"ColorlessPotion"},{"floor":10.0,"key":"SteroidPotion"},{"floor":13.0,"key":"Dexterity Potion"},{"floor":14.0,"key":"SpeedPotion"},{"floor":15.0,"key":"Explosive Potion"},{"floor":21.0,"key":"Energy Potion"},{"floor":26,"key":"Weak Potion"},{"floor":32,"key":"CultistPotion"},{"floor":36,"key":"Swift Potion"},{"floor":44,"key":"BlessingOfTheForge"}],"is_trial":false,"path_per_floor":["R","M","M","?","$","?","T","M","E","M","R","?","?","M","M","B",null,"R","M","?","M","?","R","T","R","E","$","R","E","M","?","M","B",null,"R","M","M","T","?","M","T","?","?","M","$","E","$","M","M","B",null],"character_chosen":"THE_AUTOMATON","items_purchased":["bronze:ChosenStrike","bronze:DelayedGuard","Lee\u0027s Waffle","Sundial","bronze:DelayedGuard+1"],"campfire_rested":0,"item_purchase_floors":[5,27,45,47,47],"current_hp_per_floor":[77,71,65,65,65,65,65,65,56,56,56,56,35,40,41,34,77,77,77,63,63,63,63,63,63,58,58,58,50,55,55,55,60,77,77,77,67,67,67,61,61,61,61,49,84,84,84,84,49,17],"gold":167,"neow_bonus":"TEN_PERCENT_HP_BONUS","is_daily":false,"chose_seed":false,"campfire_upgraded":6,"win_rate":0.0,"timestamp":1610679823,"path_taken":["R","M","M","?","$","?","T","M","E","M","R","?","?","?","M","BOSS","R","M","?","M","?","R","T","R","E","$","R","E","M","?","M","BOSS","R","M","M","?","?","?","T","?","?","M","$","E","$","M","M","BOSS"],"items_purchased_type":["Card","Card","Relic","Relic","Card"],"build_version":"2020-12-22","purchased_purges":4,"victory":true,"max_hp_per_floor":[77,77,77,77,77,77,77,77,77,77,77,77,77,77,77,77,77,77,77,77,77,77,77,77,77,77,77,77,77,77,77,77,77,77,77,77,77,77,77,77,77,77,77,77,84,84,84,84,84,84],"relic_stats":{"Centennial Puzzle":[33],"Lee\u0027s Waffle":35,"Nunchaku":[3],"counters":[27,108],"Shuriken":[38],"Sundial":[2],"Orichalcum":[24],"Cursed Key":2,"obtain_stats":[{"Lee\u0027s Waffle":45,"bronze:BronzeCore":0,"downfall:HeartBlessingGreen":28,"Guardian:PocketSentry":24,"Orichalcum":26,"Cursed Key":17,"bronze:CableSpool":38,"Centennial Puzzle":7,"Nunchaku":46,"Shuriken":9,"Sundial":47,"Fusion Hammer":34,"Toxic Egg 2":29,"Toy Ornithopter":13},{"Lee\u0027s Waffle":23,"bronze:BronzeCore":0,"downfall:HeartBlessingGreen":14,"Guardian:PocketSentry":12,"Orichalcum":13,"Cursed Key":10,"bronze:CableSpool":20,"Centennial Puzzle":3,"Nunchaku":24,"Shuriken":5,"Sundial":24,"Fusion Hammer":18,"Toxic Egg 2":15,"Toy Ornithopter":7},{"Lee\u0027s Waffle":85,"bronze:BronzeCore":0,"downfall:HeartBlessingGreen":49,"Guardian:PocketSentry":42,"Orichalcum":45,"Cursed Key":36,"bronze:CableSpool":70,"Centennial Puzzle":12,"Nunchaku":91,"Shuriken":19,"Sundial":91,"Fusion Hammer":65,"Toxic Egg 2":53,"Toy Ornithopter":29}],"Toy Ornithopter":45},"card_choices":[{"not_picked":["bronze:Separator","bronze:Overheat"],"picked":"bronze:Iterate","floor":2.0},{"not_picked":["bronze:Shield","bronze:MaxOutput","bronze:BuggyMess"],"picked":"SKIP","floor":3.0},{"not_picked":["bronze:InfiniteBeams","bronze:Frontload"],"picked":"bronze:Boost","floor":5.0},{"not_picked":["bronze:Allocate","bronze:Philosophize"],"picked":"bronze:WhirlingStrike","floor":8.0},{"not_picked":["bronze:ForceShield","bronze:Repair","bronze:Constructor"],"picked":"SKIP","floor":9.0},{"not_picked":["bronze:Overheat","bronze:Branch"],"picked":"bronze:Philosophize","floor":10.0},{"not_picked":["bronze:Overheat","bronze:GetLatest"],"picked":"bronze:SpaghettiCode","floor":13.0},{"not_picked":["bronze:BuggyMess","bronze:ClassDefault","bronze:BitShift"],"picked":"SKIP","floor":14.0},{"not_picked":["bronze:Repulsor","bronze:BugBarrage"],"picked":"bronze:BronzeOrb","floor":15.0},{"not_picked":["bronze:Mutator","bronze:CleanCode"],"picked":"bronze:Assembly","floor":16.0},{"not_picked":["bronze:Shield","bronze:CloningBeam"],"picked":"bronze:Return","floor":19.0},{"not_picked":["bronze:Repulsor","bronze:ForceShield+1"],"picked":"bronze:Shell","floor":21.0},{"not_picked":["bronze:Overheat","bronze:FineTuning","bronze:CutThrough"],"picked":"SKIP","floor":26},{"not_picked":["bronze:Invalidate","bronze:BugBarrage","bronze:Flail"],"picked":"SKIP","floor":27},{"not_picked":["bronze:Iterate","bronze:WildBeam"],"picked":"bronze:Terminator+1","floor":29},{"not_picked":["bronze:BitShift+1","bronze:Shield+1"],"picked":"bronze:Optimize+1","floor":30},{"not_picked":["bronze:Overheat","bronze:DelayedSlice"],"picked":"bronze:ClassDefault+1","floor":32},{"not_picked":["bronze:ThunderWave","bronze:ShipIt"],"picked":"bronze:AlphaBuild","floor":33},{"not_picked":["bronze:BitShift+1","bronze:InfiniteBeams+1","bronze:Separator+1"],"picked":"SKIP","floor":36},{"not_picked":["bronze:ItsAFeature","bronze:BugBarrage"],"picked":"bronze:FineTuning+1","floor":37},{"not_picked":["bronze:Repair+1","bronze:Backtrace+1","bronze:DelayedGuard+1"],"picked":"SKIP","floor":40},{"not_picked":["bronze:Iterate+1","bronze:Philosophize+1","bronze:Constructor+1"],"picked":"SKIP","floor":44},{"not_picked":["bronze:ItsAFeature+1","bronze:Refactor+1","bronze:ShipIt"],"picked":"SKIP","floor":45},{"not_picked":["bronze:Turbo+1","bronze:Return+1"],"picked":"bronze:ForLoop+1","floor":46},{"not_picked":["bronze:Iterate","bronze:Deprecate+1","bronze:Turbo+1"],"picked":"SKIP","floor":48},{"not_picked":["bronze:Invalidate+1","bronze:Separator","bronze:ForLoop+1"],"picked":"SKIP","floor":49}],"player_experience":868978,"relics_obtained":[{"floor":7.0,"key":"Centennial Puzzle"},{"floor":9.0,"key":"Shuriken"},{"floor":13.0,"key":"Toy Ornithopter"},{"floor":24.0,"key":"Guardian:PocketSentry"},{"floor":26,"key":"Orichalcum"},{"floor":29,"key":"Toxic Egg 2"},{"floor":38,"key":"bronze:CableSpool"},{"floor":46,"key":"Nunchaku"}],"event_choices":[{"cards_removed":["bronze:Strike"],"damage_healed":0.0,"max_hp_gain":0.0,"max_hp_loss":0.0,"gold_gain":0.0,"event_name":"The Cleric","player_choice":"Card Removal","floor":12.0,"gold_loss":0.0,"damage_taken":0.0},{"damage_healed":0.0,"max_hp_gain":0.0,"max_hp_loss":0.0,"gold_gain":0.0,"cards_transformed":["bronze:Strike","bronze:Defend"],"event_name":"Drug Dealer","player_choice":"Became Test Subject","floor":22.0,"gold_loss":0.0,"damage_taken":0.0,"cards_obtained":["bronze:HyperBeam","bronze:Fortify"]},{"cards_removed":["bronze:Philosophize"],"damage_healed":0,"gold_gain":0,"player_choice":"Removed Skill","damage_taken":0,"max_hp_gain":0,"max_hp_loss":0,"event_name":"Falling","floor":43,"gold_loss":0}],"is_beta":false,"boss_relics":[{"not_picked":["Runic Dome","Black Star"],"picked":"Cursed Key"},{"not_picked":["expansioncontent:StudyCardRelic","Pandora\u0027s Box"],"picked":"Fusion Hammer"}],"items_purged_floors":[5,27,45,47],"is_endless":false,"potions_floor_spawned":[8,9,10,14,15,21,26,32,36,44,48],"ascension_level":0}}