{"host":"oehe2dxjvdgux73m","time":1610701073,"event":{"mods":["AchievementEnabler","BaseMod","Colored Map","Colored Powertips","DeckTracker","Keyboard Shortcuts","Minty Spire (QoL Compilation)","Permanent Neow","Quick Restart","StSLib","SuperFastMode"],"gold_per_floor":[18,18,36,48,65,96,96,131,199,219,239,239,239,251,251,349,349,362,373,373,384,172,172,172,185,185,219,232,251,286,299,299,401,401,413,429,429,429,107,107,107,132,156,25,25,39,39,54,54,54],"floor_reached":51,"language":"KOR","playtime":2113,"items_purged":["Reckless Charge","Inflame"],"score":1070,"play_id":"789e3792-4710-423e-9bdc-c8ce30482701","local_time":"20210115175753","is_ascension_mode":true,"campfire_choices":[{"data":"Wild Strike","floor":7.0,"key":"SMITH"},{"data":"Pommel Strike","floor":12.0,"key":"SMITH"},{"data":"Immolate","floor":15.0,"key":"SMITH"},{"data":"Bash","floor":23.0,"key":"SMITH"},{"floor":32.0,"key":"REST"},{"data":"Enlightenment","floor":41.0,"key":"SMITH"},{"data":"Pommel Strike","floor":45.0,"key":"SMITH"},{"floor":49,"key":"REST"}],"circlet_count":0,"master_deck":["Defend_R","Defend_R","Defend_R","Bash+1","Spot Weakness","Seeing Red","Pommel Strike+1","Inflame","Wild Strike+1","Shrug It Off","Power Through","Immolate+1","Pommel Strike+1","Feed","Bloodletting+1","Iron Wave+1","Carnage+1","Armaments","Disarm","Shrug It Off","Fire Breathing","Warcry+1","Limit Break","Madness","Madness","Enlightenment+1","Flash of Steel","Havoc+1","Evolve+1","Shrug It Off+1"],"relics":["Burning Blood","Centennial Puzzle","Bird Faced Urn","Self Forming Clay","Astrolabe","Nilry\u0027s Codex","Brimstone","Potion Belt","Bag of Marbles","PreservedInsect","SacredBark","Paper Frog","Frozen Egg 2","Smiling Mask","Thread and Needle"],"acts_visited":["Exordium","TheCity","TheBeyond"],"potions_floor_usage":[46,48,50,50],"damage_taken":[{"damage":5.0,"enemies":"Small Slimes","floor":1.0,"turns":3.0},{"damage":7.0,"enemies":"Jaw Worm","floor":3.0,"turns":3.0},{"damage":9.0,"enemies":"2 Louse","floor":4.0,"turns":3.0},{"damage":13.0,"enemies":"Exordium Wildlife","floor":5.0,"turns":5.0},{"damage":35.0,"enemies":"Lagavulin","floor":6.0,"turns":5.0},{"damage":6.0,"enemies":"Gremlin Nob","floor":8.0,"turns":3.0},{"damage":2.0,"enemies":"Red Slaver","floor":10.0,"turns":3.0},{"damage":0.0,"enemies":"Looter","floor":11.0,"turns":3.0},{"damage":5.0,"enemies":"2 Fungi Beasts","floor":14.0,"turns":3.0},{"damage":35.0,"enemies":"The Guardian","floor":16.0,"turns":10.0},{"damage":10.0,"enemies":"2 Thieves","floor":18.0,"turns":2.0},{"damage":7.0,"enemies":"Chosen","floor":19.0,"turns":4.0},{"damage":13.0,"enemies":"Centurion and Healer","floor":21.0,"turns":8.0},{"damage":9.0,"enemies":"Snake Plant","floor":25.0,"turns":3.0},{"damage":22.0,"enemies":"Slavers","floor":27.0,"turns":3.0},{"damage":11.0,"enemies":"3 Cultists","floor":28.0,"turns":4.0},{"damage":2.0,"enemies":"Centurion and Healer","floor":29.0,"turns":6.0},{"damage":18.0,"enemies":"Gremlin Leader","floor":30.0,"turns":6.0},{"damage":0.0,"enemies":"Snake Plant","floor":31.0,"turns":2.0},{"damage":17.0,"enemies":"Automaton","floor":33.0,"turns":6.0},{"damage":10.0,"enemies":"Orb Walker","floor":35.0,"turns":3.0},{"damage":14.0,"enemies":"3 Darklings","floor":36.0,"turns":4.0},{"damage":0.0,"enemies":"Nemesis","floor":40.0,"turns":1.0},{"damage":18.0,"enemies":"Giant Head","floor":42.0,"turns":5.0},{"damage":31,"enemies":"Jaw Worm Horde","floor":46,"turns":3},{"damage":0,"enemies":"Sphere and 2 Shapes","floor":48,"turns":2},{"damage":68,"enemies":"Awakened One","floor":50,"turns":9}],"seed_played":"6565065508412261633","potions_obtained":[{"floor":3.0,"key":"Fire Potion"},{"floor":4.0,"key":"PowerPotion"},{"floor":5.0,"key":"PowerPotion"},{"floor":8.0,"key":"ColorlessPotion"},{"floor":10.0,"key":"Weak Potion"},{"floor":16.0,"key":"ElixirPotion"},{"floor":28.0,"key":"SmokeBomb"},{"floor":29.0,"key":"DistilledChaos"},{"floor":31.0,"key":"PowerPotion"},{"floor":33.0,"key":"FearPotion"},{"floor":35.0,"key":"GamblersBrew"},{"floor":46,"key":"AttackPotion"},{"floor":48,"key":"LiquidMemories"}],"is_trial":false,"path_per_floor":["M","?","M","M","M","E","R","E","T","M","M","R","?","M","R","B",null,"M","M","?","M","$","R","?","M","T","E","M","M","E","M","R","B",null,"M","M","?","?","$","E","R","E","T","$","R","M","?","M","R","B",null],"character_chosen":"IRONCLAD","items_purchased":["Fire Breathing","Brimstone","Paper Frog","Evolve+1"],"campfire_rested":2,"item_purchase_floors":[22,22,39,44],"current_hp_per_floor":[73,73,72,69,62,33,33,33,33,39,45,45,45,48,48,21,65,61,60,44,39,39,39,39,36,36,22,21,32,26,34,58,53,76,78,81,70,60,60,66,66,56,56,56,56,34,34,43,71,11],"gold":54,"neow_bonus":"TRANSFORM_TWO_CARDS","is_daily":false,"chose_seed":false,"campfire_upgraded":6,"win_rate":0.0,"timestamp":1610701073,"path_taken":["M","?","M","M","M","E","R","E","T","M","M","R","?","M","R","BOSS","M","M","?","M","$","R","?","M","T","E","M","?","E","M","R","BOSS","M","M","?","?","$","E","R","E","T","$","R","M","?","M","R","BOSS"],"items_purchased_type":["Card","Relic","Relic","Card"],"build_version":"2020-12-22","purchased_purges":2,"victory":true,"max_hp_per_floor":[80,80,80,80,80,80,80,80,80,80,80,80,80,80,80,80,80,80,80,80,80,80,80,80,80,80,80,80,83,83,83,83,83,83,87,90,90,90,90,90,90,90,90,90,90,93,93,96,96,96],"card_choices":[{"not_picked":["Havoc","True Grit"],"picked":"Seeing Red","floor":1.0},{"not_picked":["Metallicize","Twin Strike"],"picked":"Inflame","floor":3.0},{"not_picked":["Dropkick","Seeing Red"],"picked":"Flame Barrier","floor":4.0},{"not_picked":["Shrug It Off","Pommel Strike"],"picked":"Wild Strike","floor":5.0},{"not_picked":["Juggernaut","Havoc"],"picked":"Shrug It Off","floor":6.0},{"not_picked":["Wild Strike","Perfected Strike","Anger"],"picked":"SKIP","floor":8.0},{"not_picked":["Twin Strike","Wild Strike"],"picked":"Power Through","floor":10.0},{"not_picked":["Clothesline","Spot Weakness"],"picked":"Immolate","floor":11.0},{"not_picked":["Searing Blow","Bloodletting"],"picked":"Pommel Strike","floor":14.0},{"not_picked":["Double Tap","Bludgeon"],"picked":"Feed","floor":16.0},{"not_picked":["Warcry","Blood for Blood"],"picked":"Armaments","floor":18.0},{"not_picked":["Heavy Blade","Carnage"],"picked":"Disarm","floor":19.0},{"not_picked":["Dark Embrace","Sever Soul+1"],"picked":"Shrug It Off","floor":21.0},{"not_picked":["Headbutt","Heavy Blade","Sword Boomerang"],"picked":"SKIP","floor":25.0},{"not_picked":["Thunderclap","Intimidate","Wild Strike"],"picked":"SKIP","floor":27.0},{"not_picked":["Wild Strike","Evolve"],"picked":"Inflame","floor":28.0},{"not_picked":["Uppercut+1","Ghostly Armor+1"],"picked":"Warcry+1","floor":29.0},{"not_picked":["Infernal Blade","Clothesline","Spot Weakness"],"picked":"SKIP","floor":30.0},{"not_picked":["Disarm","Feed","Seeing Red"],"picked":"SKIP","floor":31.0},{"not_picked":["Impervious","Berserk"],"picked":"Limit Break","floor":33.0},{"not_picked":["Cleave","Pommel Strike","Perfected Strike"],"picked":"SKIP","floor":35.0},{"not_picked":["Warcry","Uppercut+1","Sword Boomerang"],"picked":"SKIP","floor":36.0},{"not_picked":["Dark Shackles","Panache"],"picked":"Enlightenment","floor":38.0},{"not_picked":["Dramatic Entrance","Jack Of All Trades"],"picked":"Flash of Steel","floor":38.0},{"not_picked":["Clash","Sentinel+1"],"picked":"Havoc+1","floor":42.0},{"not_picked":["Armaments+1","Perfected Strike+1","Sever Soul+1"],"picked":"SKIP","floor":46},{"not_picked":["Flex","Sentinel"],"picked":"Shrug It Off+1","floor":48}],"player_experience":202863,"relics_obtained":[{"floor":6.0,"key":"Centennial Puzzle"},{"floor":8.0,"key":"Bird Faced Urn"},{"floor":9.0,"key":"Self Forming Clay"},{"floor":20.0,"key":"Nilry\u0027s Codex"},{"floor":26.0,"key":"Potion Belt"},{"floor":27.0,"key":"Bag of Marbles"},{"floor":30.0,"key":"PreservedInsect"},{"floor":42.0,"key":"Frozen Egg 2"},{"floor":43.0,"key":"Smiling Mask"}],"event_choices":[{"damage_healed":0.0,"max_hp_gain":0.0,"max_hp_loss":0.0,"gold_gain":0.0,"cards_transformed":["Strike_R"],"event_name":"Living Wall","player_choice":"Change","floor":2.0,"gold_loss":0.0,"damage_taken":0.0,"cards_obtained":["Pommel Strike"]},{"damage_healed":0.0,"max_hp_gain":0.0,"max_hp_loss":0.0,"gold_gain":0.0,"event_name":"Liars Game","player_choice":"Ignored","floor":13.0,"gold_loss":0.0,"damage_taken":0.0},{"damage_healed":0.0,"max_hp_gain":0.0,"max_hp_loss":0.0,"gold_gain":0.0,"event_name":"Cursed Tome","player_choice":"Obtained Book","floor":20.0,"gold_loss":0.0,"damage_taken":16.0},{"damage_healed":0.0,"max_hp_gain":0.0,"max_hp_loss":0.0,"gold_gain":0.0,"event_name":"Transmorgrifier","player_choice":"Ignored","floor":24.0,"gold_loss":0.0,"damage_taken":0.0},{"damage_healed":0.0,"max_hp_gain":0.0,"max_hp_loss":0.0,"gold_gain":0.0,"event_name":"Winding Halls","player_choice":"Embrace Madness","floor":37.0,"gold_loss":0.0,"damage_taken":11.0,"cards_obtained":["Madness","Madness"]},{"damage_healed":0.0,"max_hp_gain":0.0,"max_hp_loss":0.0,"gold_gain":0.0,"event_name":"SensoryStone","player_choice":"Memory 3","floor":38.0,"gold_loss":0.0,"damage_taken":10.0},{"cards_removed":["Flame Barrier"],"damage_healed":0,"gold_gain":0,"player_choice":"Gave Card","damage_taken":0,"relics_obtained":["Thread and Needle"],"max_hp_gain":0,"max_hp_loss":0,"event_name":"WeMeetAgain","floor":47,"gold_loss":0}],"is_beta":false,"boss_relics":[{"not_picked":["Coffee Dripper","Sozu"],"picked":"Astrolabe"},{"not_picked":["Pandora\u0027s Box","Empty Cage"],"picked":"SacredBark"}],"items_purged_floors":[39,44],"is_endless":false,"potions_floor_spawned":[3,4,5,8,10,16,19,28,29,30,31,33,35,46,48],"ascension_level":8}}