{"host":"kn32u0f2pym5bozc","time":1610702632,"event":{"mods":["2.2 Compatiblity","BaseMod","Better Third Choice","Minty Spire (QoL Compilation)","Permanent Neow","Relic Stats","StSLib","The Animator"],"gold_per_floor":[26,26,56,67,217,217,255,255,278,310,310,344,344,23,23,123,123,142,171,191,44,44,44,44,80,104,104,149,149,168,43,43,122,122,151,174,174,178,178],"floor_reached":38,"language":"ENG","playtime":2390,"items_purged":["Doubt","animator:Strike","animator:Strike"],"score":749,"play_id":"c6437072-0285-471e-90f5-a1e9746c6c69","local_time":"20210115042352","is_ascension_mode":true,"campfire_choices":[{"data":"animator:Demiurge","floor":6.0,"key":"SMITH"},{"floor":8.0,"key":"REST"},{"data":"animator:RoryMercury","floor":13,"key":"SMITH"},{"floor":15,"key":"REST"},{"data":"animator:Shalltear","floor":23,"key":"SMITH"},{"floor":27,"key":"REST"},{"data":"animator:Kaijin","floor":29,"key":"SMITH"},{"data":"animator:DolaRiku","floor":32,"key":"SMITH"}],"circlet_count":0,"master_deck":["AscendersBane","animator:Strike_Overlord","animator:Defend_Overlord","animator:Strike+1","animator:Defend+1","animator:Defend","animator:Defend","animator:Cocytus","animator:Demiurge+1","animator:Gillette","animator:GuildGirl","animator:TukaLunaMarceau","animator:Elsword+1","animator:Cocytus","animator:Eve","animator:DolaCouronne","animator:Shalltear+1","animator:Kaijin+1","animator:DolaRiku+1","animator:Shion","animator:RinTohsaka","animator:PandorasActor","animator:Saitama","animator:MumenRider","animator:Verdia"],"relics":["animator:VividPicture","animator:TheMissingPiece","animator:PurgingStone","Incense Burner","PreservedInsect","animator:ShionDessert","Mango","Whetstone","MealTicket","Bottled Tornado","SlaversCollar","Red Skull","Toy Ornithopter","Ancient Tea Set"],"acts_visited":["Exordium","TheCity","TheBeyond"],"potions_floor_usage":[12,18,25,25,28,38],"damage_taken":[{"damage":0.0,"enemies":"Cultist","floor":1.0,"turns":4.0},{"damage":3.0,"enemies":"2 Louse","floor":3.0,"turns":4.0},{"damage":4.0,"enemies":"Jaw Worm","floor":4.0,"turns":5.0},{"damage":32.0,"enemies":"Lagavulin","floor":7.0,"turns":10.0},{"damage":29.0,"enemies":"Gremlin Nob","floor":10.0,"turns":4.0},{"damage":6,"enemies":"Lagavulin","floor":12,"turns":5},{"damage":4,"enemies":"Slime Boss","floor":16,"turns":7},{"damage":21,"enemies":"2 Thieves","floor":18,"turns":4},{"damage":1,"enemies":"Chosen","floor":19,"turns":6},{"damage":33,"enemies":"Snake Plant","floor":20,"turns":6},{"damage":12,"enemies":"Book of Stabbing","floor":25,"turns":4},{"damage":13,"enemies":"Slavers","floor":28,"turns":4},{"damage":9,"enemies":"Shelled Parasite and Fungi","floor":30,"turns":6},{"damage":11,"enemies":"Champ","floor":33,"turns":8},{"damage":29,"enemies":"3 Darklings","floor":35,"turns":5},{"damage":3,"enemies":"3 Shapes","floor":36,"turns":5},{"damage":42,"enemies":"Jaw Worm Horde","floor":38,"turns":4}],"seed_played":"4225336304763928071","potions_obtained":[{"floor":4.0,"key":"SpeedPotion"},{"floor":7.0,"key":"Dexterity Potion"},{"floor":12,"key":"Swift Potion"},{"floor":18,"key":"Fire Potion"},{"floor":25,"key":"Explosive Potion"},{"floor":30,"key":"animator:GrowthPotion"},{"floor":35,"key":"Weak Potion"}],"is_trial":false,"path_per_floor":["M","?","M","M","?","R","E","R","T","E","T","E","R","$","R","B",null,"M","M","M","$","?","R","?","E","T","R","E","R","M","$","R","B",null,"M","M","?","M"],"character_chosen":"THE_ANIMATOR","items_purchased":["Bottled Tornado","animator:DolaRiku"],"campfire_rested":3,"item_purchase_floors":[14,21],"current_hp_per_floor":[54,54,51,47,47,47,16,34,34,19,19,13,13,28,50,46,68,47,46,13,28,28,28,28,16,16,38,30,30,22,37,37,26,64,35,32,32,0,0],"gold":178,"neow_bonus":"ONE_RARE_RELIC","is_daily":false,"chose_seed":false,"campfire_upgraded":5,"win_rate":0.0,"timestamp":1610702632,"path_taken":["M","?","M","M","?","R","E","R","T","E","?","E","R","$","R","BOSS","M","M","M","$","?","R","?","E","T","R","E","R","M","$","R","BOSS","M","M","?","M"],"items_purchased_type":["Relic","Card"],"build_version":"2020-12-22","purchased_purges":3,"victory":false,"max_hp_per_floor":[60,60,60,60,60,60,61,61,61,75,75,75,75,75,75,75,75,75,75,75,75,75,75,75,75,75,75,75,75,76,76,76,76,76,76,76,76,76,76],"relic_stats":{"counters":[17,91],"MealTicket":45,"PreservedInsect":134,"Whetstone":["animator:Strike","animator:Elsword"],"obtain_stats":[{"animator:ShionDessert":9,"animator:TheMissingPiece":0,"Mango":10,"PreservedInsect":7,"Incense Burner":0,"Whetstone":11,"Bottled Tornado":14,"Ancient Tea Set":28,"SlaversCollar":17,"animator:PurgingStone":0,"MealTicket":12,"animator:LivingPicture":0,"animator:VividPicture":34,"Red Skull":22,"Toy Ornithopter":25},{"animator:ShionDessert":4,"animator:TheMissingPiece":0,"Mango":5,"PreservedInsect":4,"Incense Burner":0,"Whetstone":5,"Bottled Tornado":6,"Ancient Tea Set":12,"SlaversCollar":7,"animator:PurgingStone":0,"MealTicket":6,"animator:LivingPicture":0,"animator:VividPicture":14,"Red Skull":10,"Toy Ornithopter":11},{"animator:ShionDessert":23,"animator:TheMissingPiece":0,"Mango":27,"PreservedInsect":23,"Incense Burner":0,"Whetstone":27,"Bottled Tornado":32,"Ancient Tea Set":63,"SlaversCollar":39,"animator:PurgingStone":0,"MealTicket":32,"animator:LivingPicture":0,"animator:VividPicture":77,"Red Skull":55,"Toy Ornithopter":59}],"Toy Ornithopter":10},"card_choices":[{"not_picked":["animator:DolaRiku","animator:Konayuki"],"picked":"animator:RoryMercury","floor":1.0},{"not_picked":["animator:Shion","animator:Chung"],"picked":"animator:Gillette","floor":3.0},{"not_picked":["animator:Vesta","animator:Yuuichirou"],"picked":"animator:GuildGirl","floor":4.0},{"not_picked":["animator:Tyuule","animator:YaoHaDucy"],"picked":"animator:TukaLunaMarceau","floor":7.0},{"not_picked":["animator:Shinoa","animator:AcuraTooru"],"picked":"animator:Elsword","floor":10.0},{"not_picked":["animator:MumenRider","animator:DwarfShaman"],"picked":"animator:Cocytus","floor":12},{"not_picked":["animator:Guren","animator:HigakiRinne"],"picked":"animator:Eve","floor":16},{"not_picked":["animator:Sonic","animator:Vesta"],"picked":"animator:DolaCouronne","floor":18},{"not_picked":["animator:Cocytus","animator:NarberalGamma"],"picked":"animator:Shalltear","floor":19},{"not_picked":["animator:Spearman","animator:Mitsuba"],"picked":"animator:Kaijin","floor":20},{"not_picked":["animator:FielNirvalen","animator:Saber"],"picked":"animator:Shion","floor":25},{"not_picked":["animator:Melzalgald","animator:Benimaru"],"picked":"animator:RinTohsaka","floor":28},{"not_picked":["animator:Entoma","animator:Shalltear"],"picked":"animator:PandorasActor","floor":30},{"not_picked":["animator:Hans","animator:Eris"],"picked":"animator:Saitama","floor":33},{"not_picked":["animator:HiiragiShinya","animator:GazelDwargon"],"picked":"animator:MumenRider","floor":35},{"not_picked":["animator:Shinoa","animator:Rena"],"picked":"animator:Verdia","floor":36}],"player_experience":839487,"relics_obtained":[{"floor":7.0,"key":"PreservedInsect"},{"floor":9.0,"key":"animator:ShionDessert"},{"floor":10.0,"key":"Mango"},{"floor":11.0,"key":"Whetstone"},{"floor":12,"key":"MealTicket"},{"floor":25,"key":"Toy Ornithopter"},{"floor":28,"key":"Ancient Tea Set"}],"event_choices":[{"damage_healed":0.0,"max_hp_gain":0.0,"max_hp_loss":0.0,"gold_gain":150.0,"event_name":"betterThird:BetterSerpent","player_choice":"AGREE","floor":5.0,"gold_loss":0.0,"damage_taken":67.0},{"damage_healed":0,"gold_gain":0,"player_choice":"Opened","damage_taken":0,"relics_obtained":["Red Skull"],"max_hp_gain":0,"max_hp_loss":0,"event_name":"The Mausoleum","floor":22,"gold_loss":0,"cards_obtained":["Writhe"]},{"cards_removed":["Writhe"],"damage_healed":0,"gold_gain":0,"player_choice":"Removed","damage_taken":0,"max_hp_gain":0,"max_hp_loss":0,"event_name":"The Cursed Forest","floor":24,"gold_loss":0},{"cards_removed":["animator:RoryMercury"],"damage_healed":0,"gold_gain":0,"player_choice":"Purged","damage_taken":0,"max_hp_gain":0,"max_hp_loss":0,"event_name":"Purifier","floor":37,"gold_loss":0}],"is_beta":false,"boss_relics":[{"not_picked":["Busted Crown","animator:RacePiece"],"picked":"SlaversCollar"},{"not_picked":["Empty Cage","Cursed Key"],"picked":"animator:VividPicture"}],"items_purged_floors":[14,21,31],"is_endless":false,"potions_floor_spawned":[4,7,12,18,25,30,35],"killed_by":"Jaw Worm Horde","ascension_level":15}}