{"host":"tnsigirk6wurdark","time":1610737846,"event":{"mods":["BaseMod","Bestiary","Colored Map","Colored Powertips","Curses Come First","DeckTracker","Highlight Path","Minty Spire (QoL Compilation)","Quick Restart","Relic Sorter","StSLib","Synergy Search"],"gold_per_floor":[117,192,342,84,95,95,106,106,106,106,118,118,144,5,5,83,83,95,95,111,123,135,135,135,135],"floor_reached":24,"language":"ENG","playtime":2989,"items_purged":["Doubt"],"score":353,"play_id":"bade05db-2bcd-46b9-a236-6345a8e62f08","local_time":"20210115191046","is_ascension_mode":true,"campfire_choices":[{"floor":6,"key":"REST"},{"data":"Bandage Up","floor":8,"key":"SMITH"},{"data":"Dagger Spray","floor":10,"key":"SMITH"},{"data":"Corpse Explosion","floor":15,"key":"SMITH"},{"floor":23,"key":"REST"}],"circlet_count":0,"master_deck":["AscendersBane","Strike_G","Strike_G","Strike_G","Defend_G","Defend_G","Defend_G","Defend_G","Defend_G","Survivor","Neutralize","Calculated Gamble","Bandage Up+1","Eviscerate","Dagger Spray+1","Dodge and Roll","Cloak And Dagger","Injury","Infinite Blades","Corpse Explosion+1","Well Laid Plans","Eviscerate","Corpse Explosion","Backflip","Grand Finale","Dash","Sucker Punch+1"],"relics":["Cursed Key","Philosopher\u0027s Stone","Lantern","Calipers"],"acts_visited":["Exordium","TheCity"],"potions_floor_usage":[7,13,16,21,22,24,24],"damage_taken":[{"damage":4,"enemies":"Jaw Worm","floor":1,"turns":4},{"damage":4,"enemies":"Small Slimes","floor":5,"turns":3},{"damage":0,"enemies":"2 Louse","floor":7,"turns":2},{"damage":0,"enemies":"Lots of Slimes","floor":11,"turns":2},{"damage":16,"enemies":"3 Sentries","floor":13,"turns":5},{"damage":35,"enemies":"Hexaghost","floor":16,"turns":9},{"damage":27,"enemies":"Spheric Guardian","floor":18,"turns":5},{"damage":27,"enemies":"Shell Parasite","floor":20,"turns":5},{"damage":15,"enemies":"Snecko","floor":21,"turns":4},{"damage":3,"enemies":"Chosen and Byrds","floor":22,"turns":6},{"damage":33,"enemies":"Slavers","floor":24,"turns":1}],"seed_played":"-2322129203734752206","potions_obtained":[{"floor":1,"key":"AttackPotion"},{"floor":7,"key":"Fruit Juice"},{"floor":13,"key":"Explosive Potion"},{"floor":18,"key":"Strength Potion"},{"floor":21,"key":"BlessingOfTheForge"},{"floor":22,"key":"PowerPotion"}],"is_trial":false,"path_per_floor":["M","?","?","$","M","R","M","R","T","R","M","?","E","$","R","B",null,"M","?","M","M","M","R","E"],"character_chosen":"THE_SILENT","items_purchased":["Bandage Up","Eviscerate","Dagger Spray","Strength Potion","Eviscerate"],"campfire_rested":2,"item_purchase_floors":[4,4,4,14,14],"current_hp_per_floor":[55,44,44,44,44,63,71,71,71,71,71,71,55,55,55,26,60,39,39,18,9,12,33,0,0],"gold":135,"neow_bonus":"BOSS_RELIC","is_daily":false,"chose_seed":false,"campfire_upgraded":3,"win_rate":0.0,"timestamp":1610737846,"path_taken":["M","?","?","$","M","R","M","R","T","R","M","?","E","$","R","BOSS","M","?","M","M","M","R","E"],"items_purchased_type":["Card","Card","Card","Potion","Card"],"build_version":"2020-12-22","purchased_purges":1,"victory":false,"max_hp_per_floor":[66,66,66,66,66,66,71,71,71,71,71,71,71,71,71,71,71,71,71,71,71,71,71,71,71],"card_choices":[{"not_picked":["Bane","Deflect"],"picked":"Calculated Gamble","floor":1},{"not_picked":["Tactician","Blade Dance"],"picked":"Dodge and Roll","floor":5},{"not_picked":["Prepared","Masterful Stab"],"picked":"Cloak And Dagger","floor":7},{"not_picked":["Poisoned Stab","Outmaneuver"],"picked":"Infinite Blades","floor":11},{"not_picked":["Bullet Time","Prepared"],"picked":"Well Laid Plans","floor":13},{"not_picked":["A Thousand Cuts","Unload"],"picked":"Corpse Explosion","floor":16},{"not_picked":["Prepared","Escape Plan"],"picked":"Backflip","floor":18},{"not_picked":["Dodge and Roll","Eviscerate"],"picked":"Dash","floor":20},{"not_picked":["Deflect","Finisher+1"],"picked":"Sucker Punch+1","floor":21},{"not_picked":["Bane","Outmaneuver","Concentrate"],"picked":"SKIP","floor":22}],"player_experience":771257,"relics_obtained":[{"floor":9,"key":"Calipers"},{"floor":13,"key":"Lantern"}],"event_choices":[{"damage_healed":0,"gold_gain":75,"player_choice":"Gather Gold","damage_taken":11,"max_hp_gain":0,"max_hp_loss":0,"event_name":"World of Goop","floor":2,"gold_loss":0},{"damage_healed":0,"gold_gain":150,"player_choice":"AGREE","damage_taken":0,"max_hp_gain":0,"max_hp_loss":0,"event_name":"Liars Game","floor":3,"gold_loss":0,"cards_obtained":["Doubt"]},{"damage_healed":0,"gold_gain":0,"cards_transformed":["Strike_G"],"player_choice":"Change","damage_taken":0,"max_hp_gain":0,"max_hp_loss":0,"event_name":"Living Wall","floor":12,"gold_loss":0,"cards_obtained":["Corpse Explosion"]},{"damage_healed":0,"gold_gain":0,"cards_transformed":["Strike_G"],"player_choice":"Transformed","damage_taken":0,"max_hp_gain":0,"max_hp_loss":0,"event_name":"Transmorgrifier","floor":19,"gold_loss":0,"cards_obtained":["Grand Finale"]}],"is_beta":false,"boss_relics":[{"not_picked":["Runic Dome","Ectoplasm"],"picked":"Philosopher\u0027s Stone"}],"items_purged_floors":[4],"is_endless":false,"potions_floor_spawned":[1,7,13,18,21,22],"killed_by":"Slavers","ascension_level":16}}