{"host":"h2977v3ax51ohsow","time":1610720166,"event":{"mods":["Act Like it!","BaseMod","Colored Powertips","Gensokyo","KomeijiMod","Minty Spire (QoL Compilation)","StSLib"],"gold_per_floor":[173,192,26,26,26,60,76,89,162,175,95,114,143,143,143,247,247,265,515,532,412,430,430,430,444,468,43,60,60,60,88,88,288,288],"floor_reached":33,"language":"ZHS","playtime":2621,"items_purged":[],"score":329,"play_id":"bc8ebb3d-d16f-435a-b360-648783812de7","local_time":"20210115221606","is_ascension_mode":false,"campfire_choices":[{"data":"MillenniumVampire","floor":15,"key":"SMITH"},{"data":"BathedInBlood","floor":23,"key":"SMITH"},{"data":"RedMagic","floor":32,"key":"SMITH"}],"circlet_count":0,"master_deck":["Strike_Remiria","Strike_Remiria","Defend_Remirira","Defend_Remirira","Defend_Remirira","Absorbed","Scratch","BodyStrengthen","RidiculousThoughts","Pain","MillenniumVampire+1","StigmaNizer","DoubleEdge","NaturallyHealing","Reaper_Remiria","DemonsDinnerFork_Remiria","RocketKickup","RedMagic+1","TrickFate+1","VampireClaw+1","CurseofVladTepes+1","RocketKickup","ThePrice+1","BathedInBlood+1","DamonLordCradle_Remiria","Gensokyo:Shovel","Gensokyo:ReactiveArmor","Gensokyo:SevenSchoolMysteries","DoubleEdge","StigmaNizer+1"],"relics":["ThirstyCrossSpe","Gensokyo:LunaticRedEyes","RedTeaWithBlood","Meat on the Bone","Bag of Marbles","Gensokyo:YoukaiFlower","Astrolabe","Gensokyo:MaskOfHope","Molten Egg 2","Centennial Puzzle","Regal Pillow","Bird Faced Urn"],"acts_visited":["Gensokyo:Gensokyo","Gensokyo:Gensokyoer"],"potions_floor_usage":[6,16,20,25,28,31],"damage_taken":[{"damage":0,"enemies":"Gensokyo:3_Fairies","floor":1,"turns":4},{"damage":0,"enemies":"Gensokyo:Python","floor":2,"turns":4},{"damage":10,"enemies":"Gensokyo:Mamizou","floor":6,"turns":9},{"damage":3,"enemies":"Gensokyo:2_Kodama","floor":7,"turns":4},{"damage":18,"enemies":"Gensokyo:2_Rabbits","floor":8,"turns":5},{"damage":14,"enemies":"Gensokyo:3_Kodama","floor":10,"turns":4},{"damage":2,"enemies":"Gensokyo:LivingMonolith","floor":12,"turns":3},{"damage":35,"enemies":"Gensokyo:Aya","floor":13,"turns":4},{"damage":27,"enemies":"Gensokyo:Kokoro","floor":16,"turns":6},{"damage":18,"enemies":"Gensokyo:Chomper","floor":18,"turns":5},{"damage":26,"enemies":"Gensokyo:AngelMirror","floor":20,"turns":4},{"damage":3,"enemies":"Gensokyo:Slime_Group","floor":22,"turns":3},{"damage":1,"enemies":"Gensokyo:Monolith_and_Dog","floor":25,"turns":2},{"damage":2,"enemies":"Gensokyo:Swordslinger","floor":28,"turns":2},{"damage":46,"enemies":"Gensokyo:Chomper_and_Gloop","floor":29,"turns":7},{"damage":35,"enemies":"Gensokyo:Koishi","floor":31,"turns":7},{"damage":69,"enemies":"Gensokyo:Eternal_Rivals","floor":33,"turns":4}],"seed_played":"-8708468772431524987","potions_obtained":[{"floor":1,"key":"Block Potion"},{"floor":2,"key":"Swift Potion"},{"floor":7,"key":"SteroidPotion"},{"floor":10,"key":"Swift Potion"},{"floor":18,"key":"CalmPotion"},{"floor":22,"key":"SmokeBomb"},{"floor":25,"key":"LiquidMemories"},{"floor":29,"key":"Swift Potion"}],"is_trial":false,"path_per_floor":["M","M","$","?","$","E","M","M","T","M","$","M","E","?","R","B",null,"M","?","M","?","M","R","?","M","T","COS","M","M","T","E","R","B"],"character_chosen":"RemiriaScarlet","items_purchased":["RidiculousThoughts","Reaper_Remiria"],"campfire_rested":0,"item_purchase_floors":[3,11],"current_hp_per_floor":[110,110,110,110,110,100,97,83,83,73,73,72,55,55,63,58,110,96,96,74,74,75,88,88,87,87,87,89,56,56,48,67,0,0],"gold":288,"neow_bonus":"TEN_PERCENT_HP_BONUS","is_daily":false,"chose_seed":false,"campfire_upgraded":3,"win_rate":0.0,"timestamp":1610720166,"path_taken":["M","M","?","?","$","E","M","?","T","M","$","M","E","?","R","BOSS","M","?","M","?","?","R","?","M","T","COS","?","M","?","E","R","BOSS"],"items_purchased_type":["Card","Card"],"build_version":"2020-12-22","purchased_purges":0,"victory":false,"max_hp_per_floor":[110,110,110,110,110,110,110,110,110,110,110,110,110,110,110,110,110,110,104,104,104,104,104,104,104,104,104,104,104,104,104,104,104,104],"card_choices":[{"not_picked":["BloodPact","NightDance"],"picked":"BodyStrengthen","floor":1},{"not_picked":["Cripple","BloodySuit"],"picked":"BloodCleaner","floor":2},{"not_picked":["DoubleEdge","CombatMeter"],"picked":"MillenniumVampire","floor":6},{"not_picked":["Rewrite","SealingFear"],"picked":"StigmaNizer","floor":7},{"not_picked":["NightDance","DemonsDinnerFork_Remiria"],"picked":"DoubleEdge","floor":8},{"not_picked":["Exsanguinate","BloodySuit"],"picked":"NaturallyHealing","floor":10},{"not_picked":["Feint","BloodCollect"],"picked":"DemonsDinnerFork_Remiria","floor":12},{"not_picked":["Tepes","Cripple"],"picked":"RocketKickup","floor":13},{"not_picked":["RemiliaStretch_Remiria","HeartBreak_Remiria"],"picked":"RedMagic","floor":16},{"not_picked":["Cripple+1","LifeBreak"],"picked":"RocketKickup","floor":18},{"not_picked":["BloodCleaner+1","PartStrengthen"],"picked":"ThePrice+1","floor":20},{"not_picked":["ServantFlier+1","BloodCleaner"],"picked":"BathedInBlood","floor":22},{"not_picked":["Cripple","Paradox"],"picked":"DamonLordCradle_Remiria","floor":25},{"not_picked":["BloodCleaner","Warpath","Offensive+1"],"picked":"SKIP","floor":28},{"not_picked":["RocketKickup","Culling"],"picked":"DoubleEdge","floor":29},{"not_picked":["DamonLordCradle_Remiria","TricksterDevil+1"],"picked":"StigmaNizer+1","floor":31}],"player_experience":46404,"relics_obtained":[{"floor":6,"key":"RedTeaWithBlood"},{"floor":9,"key":"Meat on the Bone"},{"floor":13,"key":"Bag of Marbles"},{"floor":30,"key":"Molten Egg 2"},{"floor":31,"key":"Regal Pillow"}],"event_choices":[],"is_beta":false,"boss_relics":[{"not_picked":["Ectoplasm","Runic Dome"],"picked":"Astrolabe"}],"items_purged_floors":[],"is_endless":false,"potions_floor_spawned":[1,2,7,10,18,22,25,29],"killed_by":"Gensokyo:Eternal_Rivals","ascension_level":0}}