{"host":"5p9hybygolzp0efr","time":1610691140,"event":{"mods":["AchievementEnabler","BaseMod","Bestiary","Colored Map","Googly Eyes","Minty Spire (QoL Compilation)","Relic Stats"],"gold_per_floor":[113,123,139,214,37,65,65,65,134,153,164,178,207,231,243,351,363,389,430,642,664,676,676],"floor_reached":22,"language":"ENG","playtime":1291,"items_purged":["Strike_P"],"score":218,"play_id":"9e708773-80d3-4553-9260-96e0ef33ffe4","local_time":"20210115141220","is_ascension_mode":true,"campfire_choices":[{"data":"Eruption","floor":8.0,"key":"SMITH"},{"floor":15,"key":"REST"}],"circlet_count":0,"master_deck":["Strike_P","Strike_P","Strike_P","Defend_P","Defend_P","Defend_P","Defend_P","Eruption+1","Vigilance","Protect","ReachHeaven","ClearTheMind","BowlingBash","Prostrate","Adaptation","Decay","Meditate","Tantrum","Worship","Collect","Omniscience","BattleHymn","Consecrate+1"],"relics":["Cursed Key","Pen Nib","Pantograph","MawBank","VioletLotus","Red Mask"],"acts_visited":["Exordium","TheCity"],"potions_floor_usage":[18],"damage_taken":[{"damage":0.0,"enemies":"2 Louse","floor":1.0,"turns":2.0},{"damage":0.0,"enemies":"Jaw Worm","floor":2.0,"turns":3.0},{"damage":0.0,"enemies":"Cultist","floor":3.0,"turns":2.0},{"damage":14.0,"enemies":"Gremlin Nob","floor":6.0,"turns":3.0},{"damage":18.0,"enemies":"Lots of Slimes","floor":10.0,"turns":6.0},{"damage":6.0,"enemies":"Looter","floor":11.0,"turns":3.0},{"damage":2,"enemies":"2 Fungi Beasts","floor":12,"turns":4},{"damage":2,"enemies":"3 Sentries","floor":13,"turns":4},{"damage":0,"enemies":"Large Slime","floor":14,"turns":4},{"damage":56,"enemies":"The Guardian","floor":16,"turns":13},{"damage":15,"enemies":"3 Byrds","floor":18,"turns":6},{"damage":22,"enemies":"Masked Bandits","floor":19,"turns":3},{"damage":13,"enemies":"Chosen","floor":21,"turns":5},{"damage":23,"enemies":"Snake Plant","floor":22,"turns":2}],"seed_played":"3489791249913949950","potions_obtained":[{"floor":2.0,"key":"EssenceOfSteel"},{"floor":3.0,"key":"SkillPotion"},{"floor":13,"key":"BottledMiracle"},{"floor":16,"key":"Regen Potion"},{"floor":18,"key":"Ancient Potion"}],"is_trial":false,"path_per_floor":["M","M","M","?","$","E","?","R","T","M","M","M","E","M","R","B",null,"M","?","?","M","M"],"character_chosen":"WATCHER","items_purchased":["BowlingBash","Prostrate"],"campfire_rested":1,"item_purchase_floors":[5,5],"current_hp_per_floor":[72,72,72,61,61,47,47,47,47,29,23,21,19,19,40,9,72,57,35,35,22,0,0],"gold":676,"neow_bonus":"BOSS_RELIC","is_daily":false,"chose_seed":false,"campfire_upgraded":1,"win_rate":0.0,"timestamp":1610691140,"path_taken":["M","M","M","?","$","E","?","R","T","?","M","M","E","M","R","BOSS","M","?","?","M","M"],"items_purchased_type":["Card","Card"],"build_version":"2020-12-22","purchased_purges":1,"victory":false,"max_hp_per_floor":[72,72,72,72,72,72,72,72,72,72,72,72,72,72,72,72,72,72,72,72,72,72,72],"relic_stats":{"counters":[14,60],"Pantograph":25,"Pen Nib":[8],"VioletLotus":[4],"Cursed Key":1,"MawBank":108,"obtain_stats":[{"Pantograph":9,"Pen Nib":6,"VioletLotus":17,"Red Mask":19,"PureWater":0,"Cursed Key":0,"MawBank":13},{"Pantograph":4,"Pen Nib":4,"VioletLotus":10,"Red Mask":12,"PureWater":0,"Cursed Key":0,"MawBank":8},{"Pantograph":10,"Pen Nib":10,"VioletLotus":44,"Red Mask":53,"PureWater":0,"Cursed Key":0,"MawBank":27}]},"card_choices":[{"not_picked":["PathToVictory","CrushJoints"],"picked":"Protect","floor":1.0},{"not_picked":["WindmillStrike","Sanctity"],"picked":"ReachHeaven","floor":2.0},{"not_picked":["PathToVictory","MentalFortress"],"picked":"ClearTheMind","floor":3.0},{"not_picked":["ReachHeaven","Swivel"],"picked":"Adaptation","floor":6.0},{"not_picked":["Study","Prostrate"],"picked":"Meditate","floor":10.0},{"not_picked":["FollowUp","InnerPeace"],"picked":"Tantrum","floor":11.0},{"not_picked":["Weave","ClearTheMind"],"picked":"Worship","floor":12},{"not_picked":["Indignation","FollowUp"],"picked":"Collect","floor":13},{"not_picked":["Collect","FollowUp","EmptyBody"],"picked":"SKIP","floor":14},{"not_picked":["DeusExMachina","Scrawl"],"picked":"Omniscience","floor":16},{"not_picked":["Protect","SashWhip"],"picked":"BattleHymn","floor":18},{"not_picked":["FlyingSleeves+1","ThirdEye"],"picked":"Consecrate+1","floor":19},{"not_picked":["WindmillStrike","Tantrum+1","EmptyFist"],"picked":"SKIP","floor":21}],"player_experience":450550,"relics_obtained":[{"floor":6.0,"key":"Pen Nib"},{"floor":9.0,"key":"Pantograph"},{"floor":13,"key":"MawBank"},{"floor":19,"key":"Red Mask"}],"event_choices":[{"damage_healed":0.0,"max_hp_gain":0.0,"max_hp_loss":0.0,"gold_gain":75.0,"event_name":"World of Goop","player_choice":"Gather Gold","floor":4.0,"gold_loss":0.0,"damage_taken":11.0},{"damage_healed":0.0,"max_hp_gain":0.0,"max_hp_loss":0.0,"gold_gain":0.0,"event_name":"Liars Game","player_choice":"Ignored","floor":7.0,"gold_loss":0.0,"damage_taken":0.0},{"damage_healed":0,"gold_gain":0,"player_choice":"Fought Bandits","damage_taken":0,"max_hp_gain":0,"max_hp_loss":0,"event_name":"Masked Bandits","floor":19,"gold_loss":0},{"damage_healed":0,"gold_gain":250,"player_choice":"Bet on Owner","damage_taken":0,"max_hp_gain":0,"max_hp_loss":0,"event_name":"The Joust","floor":20,"gold_loss":50}],"is_beta":false,"boss_relics":[{"not_picked":["Black Star","Empty Cage"],"picked":"VioletLotus"}],"items_purged_floors":[5],"is_endless":false,"potions_floor_spawned":[2,3,13,16,18,21],"killed_by":"Snake Plant","ascension_level":2}}