{"host":"legtpxylirt4o9qk","time":1610682966,"event":{"mods":["AchievementEnabler","Aspiration","Bard","BaseMod","Beaked The Cultist","Better Altar","Better Match","Better Note","Better Sensory Stone","Better Skull","Better Third Choice","BetterRewards","CCEM","Clawfect","Colored Map","Conspire","Dark Map","Downfall","GifTheSpireLib","Googly Eyes","Halation","Hermit","Highlight Path","Hubris","Hunter ??","Infinite Spire","Jedi Mod","Mimic Mod","Minty Spire (QoL Compilation)","Permanent Neow","Replay The Spire","Shade Mod","Shop Mod","Spicy Shops","StSLib","Stuff the Spire","The Blackbeard","The Construct","The Disciple","The Forsaken","The Gatherer","The Hierophant","The Necromancer","The Runesmith","The Servant 0.9.4"],"gold_per_floor":[113,131,131,149,0,35,35,6,6,6,6,42,42,55,55,154,154,169,169,169],"floor_reached":19,"language":"ENG","playtime":1563,"items_purged":[],"score":165,"play_id":"2617dc67-1d0b-42cf-a1bb-5286eb3fa016","local_time":"20210114225606","is_ascension_mode":false,"campfire_choices":[{"floor":7,"key":"REST"},{"floor":13,"key":"REST"}],"circlet_count":0,"master_deck":["Strike_W","Strike_W","Strike_W","Strike_W","Defend_W","Defend_W","Defend_W","Defend_W","Negative_Energy_Arrows","Bone_Wall","Death_March_Dance","Uncharnel+1","Negative_Energy_Javelin","Enlightenment","Vampiric_Strike+1","Bone_Armor","Requiem","Negative_Energy_Sphere","Summon_Death_Knight","Death_March_Dance+1"],"relics":["Vampire_Amulet","Snack Pack","Lizard Tail","Juzu Bracelet","Quantum Egg","Ancient Tea Set","Black Star"],"acts_visited":["Exordium","TheCity"],"potions_floor_usage":[6,16,16],"damage_taken":[{"damage":0,"enemies":"Jaw Worm","floor":1,"turns":5},{"damage":3,"enemies":"Cultist","floor":2,"turns":5},{"damage":7,"enemies":"2 Louse","floor":4,"turns":3},{"damage":46,"enemies":"3 Sentries","floor":6,"turns":11},{"damage":36,"enemies":"conspire:MimicChest","floor":12,"turns":9},{"damage":9,"enemies":"Red Slaver","floor":14,"turns":5},{"damage":125,"enemies":"Fading Forest","floor":16,"turns":11},{"damage":31,"enemies":"Shell Parasite","floor":18,"turns":10},{"damage":0,"enemies":"Chosen","floor":19,"turns":1}],"seed_played":"7565352357706788123","potions_obtained":[{"floor":2,"key":"GamblersBrew"},{"floor":6,"key":"Languid Potion"},{"floor":14,"key":"BlessingOfTheForge"},{"floor":16,"key":"Strength Potion"},{"floor":18,"key":"LiquidMemories"}],"is_trial":false,"path_per_floor":["M","M","?","M","?","E","R","$","T","?","$","?","R","M","R_BF","B",null,"M","M"],"character_chosen":"NECROMANCER","items_purchased":["Snack Pack","Lizard Tail","Bone_Armor"],"campfire_rested":2,"item_purchase_floors":[0,0,8],"current_hp_per_floor":[75,74,74,71,77,37,61,61,61,61,61,34,58,54,78,25,81,54,54,54],"gold":169,"neow_bonus":"","is_daily":false,"chose_seed":false,"campfire_upgraded":0,"win_rate":0.0,"timestamp":1610682966,"path_taken":["M","M","?","?","?","E","R","?","T","?","$","?","R","M","R_BF","BOSS","M","M"],"items_purchased_type":["Relic","Relic","Card"],"build_version":"2020-12-22","purchased_purges":0,"victory":false,"max_hp_per_floor":[75,75,75,75,81,81,81,81,81,81,81,81,81,81,81,81,81,81,81,81],"card_choices":[{"not_picked":["Negative_Energy_Sphere","Violent_Necrosis"],"picked":"Death_March_Dance","floor":1},{"not_picked":["Chill_Blood","Negative_Energy_Burst"],"picked":"Uncharnel","floor":2},{"not_picked":["Acid_Javelin","Summon_Death_Knight"],"picked":"Negative_Energy_Javelin","floor":4},{"not_picked":["Shackles_Of_Pain","Negative_Energy_Mist"],"picked":"Vampiric_Strike","floor":6},{"not_picked":["Negative_Energy_Javelin","Toxic_Smoke_Screen"],"picked":"Requiem","floor":12},{"not_picked":["Chill_Blood","Flesh_Made_Foul"],"picked":"Negative_Energy_Sphere","floor":14},{"not_picked":["Blood_Magic","Blood_Wake"],"picked":"Summon_Death_Knight","floor":16},{"not_picked":["Negative_Energy_Sphere","Blood_Whip"],"picked":"Death_March_Dance+1","floor":18}],"player_experience":72135,"relics_obtained":[{"floor":6,"key":"Juzu Bracelet"},{"floor":9,"key":"Quantum Egg"},{"floor":12,"key":"Ancient Tea Set"}],"event_choices":[{"damage_healed":0,"gold_gain":0,"player_choice":"Ignored","damage_taken":0,"max_hp_gain":0,"max_hp_loss":0,"event_name":"betterNote:BetterNote","floor":3,"gold_loss":0,"cards_obtained":["theForsaken:HorrifyingStrike"]},{"damage_healed":0,"gold_gain":0,"player_choice":"RENOUNCE","damage_taken":149,"max_hp_gain":0,"max_hp_loss":0,"event_name":"betterThird:BetterSerpent","floor":5,"gold_loss":149,"cards_obtained":["Enlightenment"]},{"damage_healed":0,"gold_gain":0,"player_choice":"Upgraded","damage_taken":0,"max_hp_gain":0,"max_hp_loss":0,"event_name":"Upgrade Shrine","floor":10,"gold_loss":0,"cards_upgraded":["Vampiric_Strike"]}],"is_beta":false,"boss_relics":[{"not_picked":["StuffTheSpire:Kangaroo","beaked:MawFillet"],"picked":"Black Star"}],"items_purged_floors":[],"is_endless":false,"potions_floor_spawned":[2,6,14,16,18],"killed_by":"Chosen","ascension_level":0}}