{"host":"l60rmjjsfi0fipmi","time":1610680250,"event":{"mods":["BaseMod","Colored Map","DeckTracker","Highlight Path","Minty Spire (QoL Compilation)","StSLib"],"gold_per_floor":[111,0,13,13,29,29,62,82,82,82,82,132,59,75,75,172,172,191,205,205,224,224,224,256,256,256,270,286,286,286,286,286],"floor_reached":31,"language":"ENG","playtime":1146,"items_purged":[],"score":281,"play_id":"c306bdef-60fe-47d9-96de-02b07a7ce2c2","local_time":"20210114221050","is_ascension_mode":true,"campfire_choices":[{"data":"Whirlwind","floor":6,"key":"SMITH"},{"data":"Anger","floor":11,"key":"SMITH"},{"data":"Spot Weakness","floor":15,"key":"SMITH"},{"data":"Rage","floor":23,"key":"SMITH"}],"circlet_count":0,"master_deck":["Strike_R","Strike_R","Strike_R","Defend_R","Defend_R","Defend_R","Defend_R","Bash","Whirlwind+1","Spot Weakness+1","Reckless Charge","Anger+1","Burning Pact","Rage+1","Evolve","Shockwave","Double Tap","Pommel Strike","Regret","Clumsy","Dropkick","Decay"],"relics":["Burning Blood","Tiny Chest","Vajra","StrikeDummy","Anchor","Cursed Key","Unceasing Top","Toxic Egg 2","WingedGreaves","Enchiridion","White Beast Statue"],"acts_visited":["Exordium","TheCity"],"potions_floor_usage":[24,24,31],"damage_taken":[{"damage":7,"enemies":"2 Louse","floor":1,"turns":2},{"damage":1,"enemies":"Cultist","floor":3,"turns":3},{"damage":2,"enemies":"Jaw Worm","floor":5,"turns":2},{"damage":17,"enemies":"3 Sentries","floor":7,"turns":4},{"damage":8,"enemies":"Red Slaver","floor":8,"turns":4},{"damage":0,"enemies":"Looter","floor":14,"turns":2},{"damage":34,"enemies":"The Guardian","floor":16,"turns":9},{"damage":12,"enemies":"2 Thieves","floor":18,"turns":3},{"damage":3,"enemies":"3 Byrds","floor":19,"turns":2},{"damage":0,"enemies":"3 Cultists","floor":21,"turns":4},{"damage":40,"enemies":"Slavers","floor":24,"turns":4},{"damage":1,"enemies":"Cultist and Chosen","floor":27,"turns":6},{"damage":23,"enemies":"Snake Plant","floor":28,"turns":4},{"damage":13,"enemies":"Sentry and Sphere","floor":31,"turns":3}],"seed_played":"-4245315036025996326","potions_obtained":[{"floor":1,"key":"SpeedPotion"},{"floor":5,"key":"Ancient Potion"},{"floor":8,"key":"DistilledChaos"},{"floor":14,"key":"EssenceOfSteel"}],"is_trial":false,"path_per_floor":["M","$","M","?","M","R","E","M","T","?","R","T","$","M","R","B",null,"M","M","?","M","?","R","E","T","T","M","M","?","T","M"],"character_chosen":"IRONCLAD","items_purchased":["Spot Weakness","Reckless Charge","Shockwave"],"campfire_rested":0,"item_purchase_floors":[2,2,13],"current_hp_per_floor":[79,79,80,80,80,80,69,67,67,67,67,67,67,73,73,45,80,74,77,77,80,65,65,31,31,31,36,19,3,3,0,0],"gold":286,"neow_bonus":"RANDOM_COMMON_RELIC","is_daily":false,"chose_seed":false,"campfire_upgraded":4,"win_rate":0.0,"timestamp":1610680250,"path_taken":["M","$","M","?","?","R","E","M","T","?","R","?","$","M","R","BOSS","M","M","?","?","?","R","E","?","T","M","?","?","?","M"],"items_purchased_type":["Card","Card","Card"],"build_version":"2020-12-22","purchased_purges":0,"victory":false,"max_hp_per_floor":[80,80,80,80,80,80,80,80,80,80,80,80,80,80,80,80,80,80,80,80,80,85,85,85,85,85,85,85,85,85,85,85],"card_choices":[{"not_picked":["Rupture","Perfected Strike"],"picked":"Whirlwind","floor":1},{"not_picked":["Sword Boomerang","Warcry"],"picked":"Anger","floor":3},{"not_picked":["Flex","Havoc"],"picked":"Burning Pact","floor":5},{"not_picked":["Sever Soul","Wild Strike"],"picked":"Rage","floor":7},{"not_picked":["Carnage","Thunderclap"],"picked":"Evolve","floor":8},{"not_picked":["Evolve","Sever Soul","Wild Strike"],"picked":"SKIP","floor":14},{"not_picked":["Barricade","Corruption"],"picked":"Double Tap","floor":16},{"not_picked":["Clothesline+1","Havoc"],"picked":"Pommel Strike","floor":18},{"not_picked":["Clothesline","Burning Pact+1","Flex"],"picked":"SKIP","floor":19},{"not_picked":["Sword Boomerang","Juggernaut","Havoc"],"picked":"SKIP","floor":21},{"not_picked":["Wild Strike","Bloodletting","Flex"],"picked":"SKIP","floor":24},{"not_picked":["Rage+1","Havoc+1"],"picked":"Dropkick","floor":27},{"not_picked":["Headbutt","Twin Strike","Havoc+1"],"picked":"SKIP","floor":28}],"player_experience":400098,"relics_obtained":[{"floor":7,"key":"Vajra"},{"floor":9,"key":"StrikeDummy"},{"floor":12,"key":"Anchor"},{"floor":24,"key":"Unceasing Top"},{"floor":25,"key":"Toxic Egg 2"},{"floor":26,"key":"WingedGreaves"},{"floor":29,"key":"Enchiridion"},{"floor":30,"key":"White Beast Statue"}],"event_choices":[{"cards_removed":["Strike_R"],"damage_healed":0,"gold_gain":0,"player_choice":"Card Removal","damage_taken":0,"max_hp_gain":0,"max_hp_loss":0,"event_name":"Wheel of Change","floor":4,"gold_loss":0},{"cards_removed":["Strike_R"],"damage_healed":0,"gold_gain":0,"player_choice":"Purged","damage_taken":0,"max_hp_gain":0,"max_hp_loss":0,"event_name":"Purifier","floor":10,"gold_loss":0},{"damage_healed":0,"gold_gain":0,"player_choice":"Ignored","damage_taken":0,"max_hp_gain":0,"max_hp_loss":0,"event_name":"NoteForYourself","floor":20,"gold_loss":0},{"damage_healed":0,"gold_gain":0,"player_choice":"Shed Blood","damage_taken":20,"max_hp_gain":5,"max_hp_loss":0,"event_name":"Forgotten Altar","floor":22,"gold_loss":0},{"damage_healed":0,"gold_gain":0,"player_choice":"Obtained Book","damage_taken":16,"max_hp_gain":0,"max_hp_loss":0,"event_name":"Cursed Tome","floor":29,"gold_loss":0}],"is_beta":false,"boss_relics":[{"not_picked":["Coffee Dripper","SacredBark"],"picked":"Cursed Key"}],"items_purged_floors":[],"is_endless":false,"potions_floor_spawned":[1,5,8,14,19,21],"killed_by":"Sentry and Sphere","ascension_level":2}}