{"host":"aav8addp4mncoxty","time":1610720301,"event":{"mods":["AchievementEnabler","Act Like it!","BaseMod","CapriCore","GungeonMod","Hallownest","Hermit","Hubris","Koishi","Lobotomy","Marisa£¨Ùöéë¡¡Øª×âÞÞ£©","Minty Spire (QoL Compilation)","Replay The Spire","StSLib","The Bug Knight","The Cursed","The Dragon Tamer","The Hierophant","The Immortal","The Jungle","The Runesmith","WarShipGirlsR/??á´Ò³R mod"],"gold_per_floor":[110,62,237,306,189,216,227,258,258,258,14,28,28,46,46,141,141,159,172,172,22,36,69,69,99,99,99,118,130,147,163,183,183,183,286,286,302,122,69,126,126,126,143,18,42,67,102,123,160,160,160,168],"floor_reached":53,"language":"KOR","playtime":6101,"items_purged":["ReplayTheSpireMod:Doomed","TheCursedMod:Strike_TheCursed","TheCursedMod:Strike_TheCursed"],"score":867,"play_id":"dd0fddce-369b-4af3-8c9c-cdb007ed7ec8","local_time":"20210115231821","is_ascension_mode":false,"campfire_choices":[{"data":"TheCursedMod:HellfireBreathing","floor":10,"key":"SMITH"},{"data":"TheCursedMod:ReleasedKnowledge","floor":13,"key":"SMITH"},{"data":"TheCursedMod:Stretching","floor":15,"key":"SMITH"},{"data":"TheCursedMod:CircleOfFocus","floor":24,"key":"SMITH"},{"data":"TheCursedMod:CircleOfWindfury","floor":27,"key":"SMITH"},{"data":"TheCursedMod:ParallelWorld","floor":33,"key":"SMITH"},{"floor":42,"key":"RECALL"},{"data":"TheCursedMod:SpitefulPray","floor":51,"key":"SMITH"}],"circlet_count":0,"master_deck":["TheCursedMod:Strike_TheCursed","TheCursedMod:Defend_TheCursed","TheCursedMod:Defend_TheCursed","TheCursedMod:Defend_TheCursed","TheCursedMod:Defend_TheCursed","TheCursedMod:CleanUpWorkshop","TheCursedMod:Dregs","TheCursedMod:VitalStrike","UniverseFragment","TheCursedMod:CircleOfCorruption+1","Doubt","TheCursedMod:HellfireBreathing+1","MHz","TheCursedMod:SpitefulPray","TheCursedMod:StingEye","Bloodbath","TheCursedMod:RapidMovement","OSAHOGD","hubris:DuctTapeCard","TheCursedMod:CircleOfCorruption+1","TheCursedMod:ReleasedKnowledge+1","TheCursedMod:Stretching+1","CherryBlossoms","TheCursedMod:SpitefulPray+1","ShyLook","Wellcheers","Rudolta","TheCursedMod:FleshFromBone","WallGazer","TheCursedMod:ParallelWorld+1","TheCursedMod:CircleOfFocus+1","TheCursedMod:CursedAmulet+1","BeautyBeast","TheCursedMod:CircleOfWindfury+1","TheCursedMod:CursedAmulet+1","OldLady","TheCursedMod:CircleOfWindfury","TheCursedMod:CursedShiv","TheCursedMod:CircleOfCorruption+1","TheCursedMod:CircleOfFlame+1","TheCursedMod:CursedShiv","DemoMod:Elimentaler","TheCursedMod:CircleOfFlame+1","TheCursedMod:CircleOfCorruption+1","TheCursedMod:EmpowerCircles+1","Freischutz","TheCursedMod:SurpriseAttack","DreamingCurrent"],"relics":["TheCursedMod:BlackMagic101","CogitoBucket","Replay:Bottled Eggs","ReplayTheSpireMod:CursedCoin","hubris:SlimyHat","hubris:DuctTape","hubris:HollowSoul","theJungle:WildMango","DemoMod:Metronome","ReplayTheSpireMod:Ninjato","AdjustmentMirror","DemoMod:RatBoots","DemoMod:ResourcefulSack","DemoMod:PartiallyEatenCheese","hubris:Backtick","Ice Cream","Hallownest:StagBellRelic1","Replay:Bandana","Hallownest:KingsIdolRelic","Regal Pillow","Toxic Egg 2","Happy Flower"],"acts_visited":["Exordium","Exordium","theJungle:Jungle","DemoMod:Maze"],"potions_floor_usage":[6,14,28,37,37,37,53,53,53,53,53,53,53],"damage_taken":[{"damage":0,"enemies":"Small Slimes","floor":1,"turns":4},{"damage":11,"enemies":"Gremlin Nob","floor":6,"turns":4},{"damage":0,"enemies":"Jaw Worm","floor":7,"turns":2},{"damage":10,"enemies":"Lagavulin","floor":8,"turns":4},{"damage":0,"enemies":"Cultist","floor":12,"turns":1},{"damage":5,"enemies":"Looter","floor":14,"turns":3},{"damage":0,"enemies":"The Guardian","floor":16,"turns":4},{"damage":5,"enemies":"theJungle:Flameango_and_Byrd","floor":18,"turns":3},{"damage":0,"enemies":"theJungle:5_Spyders","floor":19,"turns":7},{"damage":0,"enemies":"theJungle:2_Snecko_Cultists","floor":22,"turns":2},{"damage":2,"enemies":"theJungle:MamaSnecko","floor":23,"turns":3},{"damage":2,"enemies":"theJungle:2_Phrogs","floor":25,"turns":3},{"damage":2,"enemies":"DemoMod:Veteran_shot_gun_kin_and_bullet_kin","floor":28,"turns":3},{"damage":2,"enemies":"DemoMod:2_Veteran_bullet_kins_and_red_shotgun_kin","floor":29,"turns":1},{"damage":5,"enemies":"DemoMod:Veteran_shot_gun_kin_and_blue_shotgun_kin_with_gunsinger","floor":30,"turns":1},{"damage":2,"enemies":"DemoMod:2_Mousers","floor":31,"turns":2},{"damage":16,"enemies":"DemoMod:Veteran_shot_gun_kin_and_blue_shotgun_kin","floor":32,"turns":1},{"damage":2,"enemies":"DemoMod:ResourcefulRat","floor":35,"turns":1},{"damage":2,"enemies":"Hallownest:Shield_Heavy","floor":37,"turns":2},{"damage":0,"enemies":"Hallownest:2_Littles","floor":43,"turns":1},{"damage":6,"enemies":"Hallownest:Xero_Hu_Marmu","floor":46,"turns":2},{"damage":2,"enemies":"Hallownest:eliteCollector","floor":47,"turns":1},{"damage":0,"enemies":"Hallownest:Shield_Sturdy","floor":48,"turns":1},{"damage":0,"enemies":"Hallownest:eliteHiveKnight","floor":49,"turns":1},{"damage":22,"enemies":"Hallownest:BossHollowKnight","floor":52,"turns":1},{"damage":27,"enemies":"Malkuth","floor":53,"turns":4},{"damage":34,"enemies":"Hod","floor":53,"turns":2},{"damage":56,"enemies":"Geburah","floor":53,"turns":6},{"damage":90,"enemies":"Hokma","floor":53,"turns":6},{"damage":10,"enemies":"Angela","floor":53,"turns":2}],"seed_played":"6960370609423367919","potions_obtained":[{"floor":1,"key":"DistilledChaos"},{"floor":8,"key":"CultistPotion"},{"floor":14,"key":"DemoMod:LeadSkinPotion"},{"floor":19,"key":"Elixir"},{"floor":25,"key":"SpeedPotion"},{"floor":31,"key":"PowerPotion"},{"floor":35,"key":"Explosive Potion"},{"floor":37,"key":"LiquidBronze"},{"floor":40,"key":"DemoMod:LeadSkinPotion"}],"is_trial":false,"path_per_floor":["M","$","?","T","$","E","M","E","T","R","$","M","R","M","R","B",null,"M","M","?","$","M","E","R","E","T","R","M","M","M","M","M","R","B","B",null,"M","?","$","?","?","R","M","$","T","M","E","M","E","?","R","B",null],"character_chosen":"THE_CURSED","items_purchased":["TheCursedMod:CircleOfCorruption","ReplayTheSpireMod:CursedCoin","DemoMod:GnawedKey","TheCursedMod:HellfireBreathing","TheCursedMod:CircleOfCorruption","TheCursedMod:ReleasedKnowledge","Adrenaline Potion","TheCursedMod:ParallelWorld","TheCursedMod:CircleOfFocus","TheCursedMod:CircleOfCorruption"],"campfire_rested":0,"item_purchase_floors":[2,5,5,5,11,11,11,21,21,39],"current_hp_per_floor":[75,75,75,75,75,64,64,55,55,55,55,56,56,51,51,51,75,70,75,89,89,89,87,87,86,89,89,89,87,82,80,64,64,62,64,89,87,87,87,87,83,83,83,83,83,77,78,79,86,86,86,67],"gold":184,"neow_bonus":"","is_daily":false,"chose_seed":false,"campfire_upgraded":7,"win_rate":0.0,"timestamp":1610720301,"path_taken":["M","$","?","?","?","E","?","E","T","R","$","M","R","M","R","BOSS","M","M","?","$","M","E","R","E","T","R","M","M","M","M","M","R","BOSS","BOSS","M","?","$","?","?","R","M","$","T","M","E","M","E","?","R","BOSS"],"items_purchased_type":["Card","Relic","Relic","Card","Card","Card","Potion","Card","Card","Card"],"build_version":"2020-12-22","purchased_purges":3,"victory":true,"max_hp_per_floor":[75,75,75,75,75,75,75,75,75,75,75,75,75,75,75,75,75,75,75,89,89,89,89,89,89,89,89,89,89,89,89,89,89,89,89,89,89,89,89,89,89,89,89,89,89,89,89,89,89,89,89,89],"card_choices":[{"not_picked":["TheCursedMod:SoulCrush","TheCursedMod:Obscuration"],"picked":"TheCursedMod:VitalStrike","floor":1},{"not_picked":["VoidDream","SnowQueen"],"picked":"UniverseFragment","floor":1},{"not_picked":["HeroicMonk","FairyFestival"],"picked":"MHz","floor":6},{"not_picked":["TheCursedMod:PrepareRite","TheCursedMod:Stretching"],"picked":"TheCursedMod:SpitefulPray","floor":6},{"not_picked":["TheCursedMod:SmokeScreen","TheCursedMod:BlessingInDisguise"],"picked":"TheCursedMod:StingEye","floor":7},{"not_picked":["PunishingBird","CrumblingArmor"],"picked":"Bloodbath","floor":7},{"not_picked":["TheCursedMod:TacticalStrike","TheCursedMod:SoulCrush"],"picked":"TheCursedMod:RapidMovement","floor":8},{"not_picked":["Wellcheers","HappyTeddy"],"picked":"OSAHOGD","floor":8},{"not_picked":["TheCursedMod:CursedBlade","TheCursedMod:SpitefulPlan"],"picked":"TheCursedMod:Stretching","floor":12},{"not_picked":["Laetitia","FieryBird"],"picked":"CherryBlossoms","floor":12},{"not_picked":["TheCursedMod:CursedBoomerang","TheCursedMod:BlessingInDisguise"],"picked":"TheCursedMod:SpitefulPray","floor":14},{"not_picked":["SnowQueen","Porccubus"],"picked":"ShyLook","floor":14},{"not_picked":["Yin","PunishingBird","Porccubus"],"picked":"Singing Bowl","floor":16},{"not_picked":["FieryBird","Laetitia"],"picked":"Wellcheers","floor":16},{"not_picked":["DespairKnight","GalaxyChild","Murderer"],"picked":"Singing Bowl","floor":18},{"not_picked":["DespairKnight","FairyFestival"],"picked":"Rudolta","floor":18},{"not_picked":["TheCursedMod:ShockAndAwe","TheCursedMod:HellsGateOpen","TheCursedMod:CursedMace+1"],"picked":"SKIP","floor":18},{"not_picked":["TheCursedMod:Torture","TheCursedMod:ManaBullet"],"picked":"TheCursedMod:FleshFromBone","floor":19},{"not_picked":["Porccubus","FieryBird"],"picked":"WallGazer","floor":19},{"not_picked":["TheCursedMod:Wield+1","TheCursedMod:ReleasedStrength"],"picked":"TheCursedMod:CursedAmulet+1","floor":22},{"not_picked":["Scorched","MeatLantern"],"picked":"BeautyBeast","floor":22},{"not_picked":["TheCursedMod:Obscuration","TheCursedMod:Wield+1"],"picked":"TheCursedMod:CircleOfWindfury","floor":23},{"not_picked":["VoidDream","Scorched","WhitesApple"],"picked":"Singing Bowl","floor":23},{"not_picked":["TheCursedMod:ManaBullet","TheCursedMod:BloodBarrier"],"picked":"TheCursedMod:CursedAmulet+1","floor":25},{"not_picked":["BigBadWolf","Scarecrow"],"picked":"OldLady","floor":25},{"not_picked":["TheCursedMod:BloodBarrier+1","TheCursedMod:VitalStrike+1"],"picked":"TheCursedMod:CircleOfWindfury","floor":28},{"not_picked":["Murderer","Yin","QueenBee"],"picked":"Singing Bowl","floor":28},{"not_picked":["TheCursedMod:Mangle+1","TheCursedMod:SmokeScreen+1"],"picked":"TheCursedMod:CursedShiv","floor":29},{"not_picked":["MeltingLove","VoidDream","Murderer"],"picked":"Singing Bowl","floor":29},{"not_picked":["TheCursedMod:Stigma","TheCursedMod:WearCloak+1"],"picked":"TheCursedMod:CircleOfCorruption","floor":30},{"not_picked":["SingingMachine","SpiderBud","FieryBird"],"picked":"Singing Bowl","floor":30},{"not_picked":["TheCursedMod:NeowsMight","TheCursedMod:ReleasedStrength+1"],"picked":"TheCursedMod:CircleOfFlame+1","floor":31},{"not_picked":["Scarecrow","LaLuna","Murderer"],"picked":"Singing Bowl","floor":31},{"not_picked":["TheCursedMod:Grudge","TheCursedMod:TacticalStrike+1"],"picked":"TheCursedMod:CursedShiv","floor":32},{"not_picked":["LittleHelper","Laetitia","Murderer"],"picked":"Singing Bowl","floor":32},{"not_picked":["CrumblingArmor","Alriune","Freischutz"],"picked":"Singing Bowl","floor":35},{"not_picked":[],"picked":"DemoMod:Elimentaler","floor":35},{"not_picked":["TheCursedMod:RavingStaff","TheCursedMod:CursedBlade+1"],"picked":"TheCursedMod:CircleOfFlame+1","floor":36},{"not_picked":["GreedKing","CENSORED","Murderer"],"picked":"Singing Bowl","floor":37},{"not_picked":["TheCursedMod:CircleOfWindfury","TheCursedMod:FleshFromBone+1","TheCursedMod:BlessingInDisguise"],"picked":"SKIP","floor":37},{"not_picked":["TheCursedMod:UltimatePain","TheCursedMod:BloodBarrier"],"picked":"TheCursedMod:EmpowerCircles+1","floor":40},{"not_picked":["FieryBird","NakedNest","MeatLantern"],"picked":"Singing Bowl","floor":43},{"not_picked":["BigBadWolf","WhiteNight"],"picked":"Freischutz","floor":43},{"not_picked":["TheCursedMod:Stretching+1","TheCursedMod:CursedAmulet","TheCursedMod:VitalStrike+1"],"picked":"SKIP","floor":43},{"not_picked":["LittleHelper","NothingThere","HappyTeddy"],"picked":"Singing Bowl","floor":46},{"not_picked":["TheCursedMod:SoulReap+1","TheCursedMod:CursedMace","TheCursedMod:AntiAging"],"picked":"SKIP","floor":46},{"not_picked":["NakedNest","Porccubus","Laetitia"],"picked":"Singing Bowl","floor":47},{"not_picked":["TheCursedMod:SmokeScreen+1","TheCursedMod:Obscuration+1","TheCursedMod:CursedBlade"],"picked":"SKIP","floor":47},{"not_picked":["TheCursedMod:EmpowerCircles+1","TheCursedMod:ManaBullet+1"],"picked":"TheCursedMod:SurpriseAttack","floor":48},{"not_picked":["BigBadWolf","GalaxyChild"],"picked":"DreamingCurrent","floor":48},{"not_picked":["LittlePrince","Mercenary","Scarecrow"],"picked":"Singing Bowl","floor":49},{"not_picked":["TheCursedMod:Stretching+1","TheCursedMod:VitalStrike","TheCursedMod:RavingStaff"],"picked":"SKIP","floor":49}],"player_experience":236327,"relics_obtained":[{"floor":4,"key":"Replay:Bottled Eggs"},{"floor":6,"key":"hubris:SlimyHat"},{"floor":8,"key":"hubris:DuctTape"},{"floor":23,"key":"DemoMod:Metronome"},{"floor":25,"key":"ReplayTheSpireMod:Ninjato"},{"floor":36,"key":"DemoMod:RatBoots"},{"floor":36,"key":"DemoMod:ResourcefulSack"},{"floor":36,"key":"DemoMod:PartiallyEatenCheese"},{"floor":36,"key":"hubris:Backtick"},{"floor":40,"key":"Replay:Bandana"},{"floor":45,"key":"Regal Pillow"},{"floor":47,"key":"Toxic Egg 2"},{"floor":49,"key":"Happy Flower"}],"event_choices":[{"damage_healed":0,"gold_gain":175,"player_choice":"AGREE","damage_taken":0,"max_hp_gain":0,"max_hp_loss":0,"event_name":"Liars Game","floor":3,"gold_loss":0,"cards_obtained":["Doubt"]}],"is_beta":false,"boss_relics":[{"not_picked":["Coffee Dripper","Philosopher\u0027s Stone"],"picked":"hubris:HollowSoul"},{"not_picked":[]}],"items_purged_floors":[5,11,44],"is_endless":false,"potions_floor_spawned":[1,8,14,19,25,31,35,37,47],"ascension_level":0}}