{"host":"5ty8fyb0ngp9gspj","time":1610746015,"event":{"mods":["2.2 Compatiblity","AchievementEnabler","Act Like it!","BaseMod","Colored Map","Downfall","Minty Spire (QoL Compilation)","Rare Cards Sparkle","Replay The Spire","StSLib","The Wild Card","slay the spire mod where everything is the same but ironclad has a cowboy hat"],"gold_per_floor":[114,130,130,0,13,13,33,33,33,62,62,74,102,120,120,223,223,238,254,267,366,346,362,374,374,374,387,406,425,425,440,440,536,536,548,565,243,243,293,324,324,86,86,86,111,111,128,146,146,146,146,146,25,25,25],"floor_reached":54,"language":"ENG","playtime":2879,"items_purged":["Slimebound:Icky"],"score":809,"play_id":"c22cc5af-f18c-4f88-ba6a-6a38d35304be","local_time":"20210116082655","is_ascension_mode":true,"campfire_choices":[{"data":"MasterReality","floor":6,"key":"SMITH"},{"data":"Establishment","floor":8,"key":"SMITH"},{"data":"BattleHymn","floor":11,"key":"SMITH"},{"floor":15,"key":"DIG"},{"floor":30,"key":"RECALL"},{"floor":46,"key":"REST"},{"floor":49,"key":"REST"}],"circlet_count":0,"master_deck":["Strike_P","Strike_P+1","Strike_P+1","Strike_P+1","Defend_P","Defend_P+1","Defend_P","Defend_P","Eruption","Vigilance","MasterReality+1","DeceiveReality","BattleHymn+1","Evaluate+1","Establishment+1","ThirdEye","ConjureBlade+1","CutThroughFate","LessonLearned+1","Protect+1","FollowUp+1","Pray+1","Adaptation+1","ClearTheMind+1","WreathOfFlame+1","Pray","Consecrate+1","Prostrate+1","Alpha","Wireheading+1","Nirvana+1","Nirvana+1","Poisoned Strike+1","CrushJoints+1","Wallop+1","Specialist+1","Madness","Madness","SashWhip+1","Worship","Replay:Vibes+1","Nirvana+1","Replay:ManipulateFuture"],"relics":["PureWater","Replay:Multitool","Eternal Feather","GoldenEye","Frozen Egg 2","expansioncontent:StudyCardRelic","Bird Faced Urn","Philosopher\u0027s Stone","Unceasing Top","Peace Pipe","Melange","Gremlin Horn"],"acts_visited":["Exordium","TheCity","TheBeyond","TheEnding"],"potions_floor_usage":[13,14,16,24,29,40,45,52,54],"damage_taken":[{"damage":0,"enemies":"Jaw Worm","floor":1,"turns":3},{"damage":0,"enemies":"Small Slimes","floor":2,"turns":2},{"damage":0,"enemies":"2 Louse","floor":5,"turns":3},{"damage":3,"enemies":"Red Slaver","floor":7,"turns":4},{"damage":1,"enemies":"Replay:BlueRogue","floor":10,"turns":4},{"damage":7,"enemies":"Large Slime","floor":12,"turns":4},{"damage":6,"enemies":"3 Sentries","floor":13,"turns":6},{"damage":11,"enemies":"3 Louse","floor":14,"turns":3},{"damage":12,"enemies":"Fading Forest","floor":16,"turns":11},{"damage":21,"enemies":"2 Thieves","floor":18,"turns":3},{"damage":2,"enemies":"3 Byrds","floor":19,"turns":10},{"damage":0,"enemies":"Snake Plant","floor":20,"turns":5},{"damage":4,"enemies":"Cultist and Chosen","floor":23,"turns":7},{"damage":8,"enemies":"Sentry and Sphere","floor":24,"turns":5},{"damage":10,"enemies":"Centurion and Healer","floor":27,"turns":6},{"damage":36,"enemies":"Snake Plant","floor":28,"turns":5},{"damage":4,"enemies":"Cultist and Chosen","floor":29,"turns":6},{"damage":16,"enemies":"Centurion and Healer","floor":31,"turns":5},{"damage":43,"enemies":"Champ","floor":33,"turns":7},{"damage":1,"enemies":"Orb Walker","floor":35,"turns":3},{"damage":0,"enemies":"3 Darklings","floor":36,"turns":3},{"damage":33,"enemies":"2 Orb Walkers","floor":39,"turns":3},{"damage":20,"enemies":"Reptomancer","floor":40,"turns":4},{"damage":27,"enemies":"Giant Head","floor":45,"turns":7},{"damage":48,"enemies":"Sphere and 2 Shapes","floor":47,"turns":5},{"damage":44,"enemies":"4 Shapes","floor":48,"turns":4},{"damage":61,"enemies":"Time Eater","floor":50,"turns":12},{"damage":135,"enemies":"Shield and Spear","floor":54,"turns":6}],"seed_played":"-2348803520569975788","potions_obtained":[{"floor":1,"key":"BlessingOfTheForge"},{"floor":7,"key":"AttackPotion"},{"floor":10,"key":"champ:CounterPotion"},{"floor":14,"key":"FairyPotion"},{"floor":19,"key":"SkillPotion"},{"floor":22,"key":"Explosive Potion"},{"floor":24,"key":"Dexterity Potion"},{"floor":28,"key":"ColorlessPotion"},{"floor":29,"key":"FearPotion"},{"floor":48,"key":"champ:CounterPotion"},{"floor":52,"key":"LifebloodPotion"},{"floor":52,"key":"Fruit Juice"}],"is_trial":false,"path_per_floor":["M","M","?","$","M","R","M","R","T","E","R","M","E","M","R","B",null,"M","M","M","?","?","M","M","R","T","M","M","M","R","M","R_BF","B",null,"M","M","$","?","?","E","?","$","T","?","E","R","M","M","R_BF","B",null,"R","$","E"],"character_chosen":"WATCHER","items_purchased":["BattleHymn","Evaluate","Nirvana+1","Poisoned Strike","Melange","Specialist+1","Nirvana+1","Replay:ManipulateFuture"],"campfire_rested":2,"item_purchase_floors":[4,4,37,37,42,42,53,53],"current_hp_per_floor":[72,72,72,72,72,72,69,69,69,68,72,65,59,48,57,45,72,51,49,49,49,49,45,37,52,52,52,30,34,49,43,72,39,72,71,72,72,72,40,40,40,40,40,31,26,68,28,29,72,29,72,77,77,0,0],"gold":25,"neow_bonus":"THREE_RARE_CARDS","is_daily":false,"chose_seed":false,"campfire_upgraded":3,"win_rate":0.0,"timestamp":1610746015,"path_taken":["M","M","?","$","M","R","M","R","T","E","R","M","E","M","R","BOSS","M","M","M","?","?","?","M","R","T","M","M","M","R","M","R_BF","BOSS","M","M","$","?","?","E","?","$","T","?","E","R","M","M","R_BF","BOSS","R","$","E"],"items_purchased_type":["Card","Card","Card","Card","Relic","Card","Card","Card"],"build_version":"2020-12-22","purchased_purges":1,"victory":false,"max_hp_per_floor":[72,72,72,72,72,72,72,72,72,72,72,72,72,72,72,72,72,72,72,72,72,72,72,72,72,72,72,72,72,72,72,72,72,72,72,72,72,72,72,72,72,72,72,72,72,72,72,72,72,72,72,77,77,77,77],"card_choices":[{"not_picked":["Judgement","Replay:LoomingThreat"],"picked":"MasterReality","floor":0},{"not_picked":["Fasting2","JustLucky","Replay:ManipulateFuture"],"picked":"SKIP","floor":1},{"not_picked":["Crescendo","PathToVictory"],"picked":"DeceiveReality","floor":2},{"not_picked":["PathToVictory","EmptyBody","Replay:BluntJabs"],"picked":"SKIP","floor":5},{"not_picked":["PathToVictory","Evaluate"],"picked":"Establishment","floor":7},{"not_picked":["Halt","Prostrate","WaveOfTheHand"],"picked":"SKIP","floor":10},{"not_picked":["Replay:DivineShield","Replay:Cycle"],"picked":"ThirdEye","floor":12},{"not_picked":["EmptyBody","CrushJoints"],"picked":"ConjureBlade","floor":13},{"not_picked":["Weave","Replay:AtTheReady"],"picked":"CutThroughFate","floor":14},{"not_picked":["Omniscience","Judgement"],"picked":"LessonLearned","floor":16},{"not_picked":["Replay:ManipulateFuture","Conclude"],"picked":"Protect+1","floor":18},{"not_picked":["BowlingBash+1","CutThroughFate"],"picked":"FollowUp+1","floor":19},{"not_picked":["FearNoEvil","Halt"],"picked":"Pray+1","floor":20},{"not_picked":["Conclude","ThirdEye"],"picked":"Adaptation+1","floor":23},{"not_picked":["Replay:Battleflow","Replay:ManipulateFuture+1"],"picked":"ClearTheMind+1","floor":24},{"not_picked":["ThirdEye","SandsOfTime"],"picked":"WreathOfFlame+1","floor":27},{"not_picked":["Crescendo","CutThroughFate"],"picked":"Pray","floor":28},{"not_picked":["Tantrum","BowlingBash"],"picked":"Consecrate+1","floor":29},{"not_picked":["SignatureMove+1","FlurryOfBlows+1"],"picked":"Prostrate","floor":31},{"not_picked":["DeusExMachina","Establishment+1"],"picked":"Alpha","floor":33},{"not_picked":["Halt+1","Replay:BluntJabs"],"picked":"Wireheading+1","floor":35},{"not_picked":["Wallop+1","Adaptation+1"],"picked":"Nirvana+1","floor":36},{"not_picked":["Protect+1","FearNoEvil"],"picked":"CrushJoints+1","floor":39},{"not_picked":["Perseverance+1","SignatureMove+1"],"picked":"Wallop+1","floor":40},{"not_picked":["Conclude+1","LikeWater+1"],"picked":"SashWhip+1","floor":45},{"not_picked":["ReachHeaven","Nirvana+1"],"picked":"Worship","floor":47},{"not_picked":["JustLucky+1","Conclude"],"picked":"Replay:Vibes+1","floor":48}],"player_experience":378841,"relics_obtained":[{"floor":9,"key":"Replay:Multitool"},{"floor":10,"key":"Eternal Feather"},{"floor":13,"key":"GoldenEye"},{"floor":15,"key":"Frozen Egg 2"},{"floor":26,"key":"Bird Faced Urn"},{"floor":39,"key":"Unceasing Top"},{"floor":40,"key":"Peace Pipe"},{"floor":45,"key":"Gremlin Horn"}],"event_choices":[{"damage_healed":0,"gold_gain":99,"player_choice":"Stole From Cult","damage_taken":0,"max_hp_gain":0,"max_hp_loss":0,"event_name":"Nest","floor":21,"gold_loss":0},{"damage_healed":0,"gold_gain":0,"player_choice":"Bought 1 Potion","damage_taken":0,"max_hp_gain":0,"max_hp_loss":0,"event_name":"The Woman in Blue","floor":22,"gold_loss":0},{"damage_healed":0,"gold_gain":0,"player_choice":"Ignored","damage_taken":0,"max_hp_gain":0,"max_hp_loss":0,"event_name":"Ghosts","floor":25,"gold_loss":0},{"damage_healed":0,"gold_gain":0,"player_choice":"Ignored","damage_taken":0,"max_hp_gain":0,"max_hp_loss":0,"event_name":"Tomb of Lord Red Mask","floor":38,"gold_loss":0},{"damage_healed":0,"gold_gain":0,"player_choice":"Fight","damage_taken":0,"max_hp_gain":0,"max_hp_loss":0,"event_name":"Mysterious Sphere","floor":39,"gold_loss":0},{"damage_healed":0,"gold_gain":0,"player_choice":"Embrace Madness","damage_taken":9,"max_hp_gain":0,"max_hp_loss":0,"event_name":"Winding Halls","floor":44,"gold_loss":0,"cards_obtained":["Madness","Madness"]}],"is_beta":false,"boss_relics":[{"not_picked":["HolyWater","sneckomod:SneckoTalon"],"picked":"expansioncontent:StudyCardRelic"},{"not_picked":["Runic Pyramid","Velvet Choker"],"picked":"Philosopher\u0027s Stone"}],"items_purged_floors":[37],"is_endless":false,"potions_floor_spawned":[1,7,10,14,19,24,28,29,33,35,36,48],"killed_by":"Shield and Spear","ascension_level":2}}