{"host":"y76x98twjnyyxs83","time":1610707867,"event":{"mods":["BaseMod","Colored Powertips","Minty Spire (QoL Compilation)","Permanent Neow","Quick Restart","Rare Cards Sparkle","Relic Stats","StSLib"],"gold_per_floor":[119,119,132,147,164,190,202,202,502,0,31,31,31,62,62,136,136,152,168,148,165,175,208,76,76,76,76,76,86,86,86],"floor_reached":30,"language":"ENG","playtime":1465,"items_purged":["Strike_G"],"score":546,"play_id":"3458a3e2-90af-4365-965c-1c169c521afc","local_time":"20210115185107","is_ascension_mode":true,"campfire_choices":[{"data":"Skewer","floor":8.0,"key":"SMITH"},{"data":"Well Laid Plans","floor":13.0,"key":"SMITH"},{"data":"Bouncing Flask","floor":15.0,"key":"SMITH"},{"data":"PiercingWail","floor":25,"key":"SMITH"}],"circlet_count":0,"master_deck":["AscendersBane","Strike_G+1","Strike_G+1","Strike_G+1","Strike_G+1","Defend_G+1","Defend_G+1","Defend_G+1","Defend_G+1","Defend_G+1","Survivor","Neutralize","PiercingWail+1","Dagger Spray","Dagger Spray","Skewer+1","Well Laid Plans+1","Dash","Poisoned Stab","Bouncing Flask+1","Bullet Time+1","Prepared+1","Terror+1","Catalyst+1","Choke"],"relics":["Coffee Dripper","Regal Pillow","Old Coin","Pocketwatch","Blood Vial","WingedGreaves","Toxic Egg 2","Gambling Chip","SacredBark","Orichalcum"],"acts_visited":["Exordium","TheCity"],"potions_floor_usage":[18,23,29,30],"damage_taken":[{"damage":6.0,"enemies":"Cultist","floor":1.0,"turns":6.0},{"damage":2.0,"enemies":"Jaw Worm","floor":3.0,"turns":4.0},{"damage":0.0,"enemies":"2 Louse","floor":4.0,"turns":3.0},{"damage":13.0,"enemies":"Red Slaver","floor":5.0,"turns":4.0},{"damage":0.0,"enemies":"3 Sentries","floor":6.0,"turns":4.0},{"damage":0.0,"enemies":"2 Fungi Beasts","floor":7.0,"turns":4.0},{"damage":20.0,"enemies":"Lagavulin","floor":11.0,"turns":8.0},{"damage":8.0,"enemies":"Gremlin Nob","floor":14.0,"turns":3.0},{"damage":24.0,"enemies":"Slime Boss","floor":16.0,"turns":7.0},{"damage":2,"enemies":"2 Thieves","floor":18,"turns":2},{"damage":20,"enemies":"Shell Parasite","floor":19,"turns":4},{"damage":16,"enemies":"Centurion and Healer","floor":21,"turns":7},{"damage":12,"enemies":"3 Cultists","floor":22,"turns":4},{"damage":15,"enemies":"Book of Stabbing","floor":23,"turns":3},{"damage":1,"enemies":"Chosen and Byrds","floor":29,"turns":4},{"damage":12,"enemies":"Slavers","floor":30,"turns":2}],"seed_played":"9202098689169050889","potions_obtained":[{"floor":4.0,"key":"AttackPotion"},{"floor":5.0,"key":"Fruit Juice"},{"floor":6.0,"key":"Strength Potion"},{"floor":11.0,"key":"LiquidMemories"},{"floor":14.0,"key":"Poison Potion"},{"floor":18,"key":"PowerPotion"},{"floor":20,"key":"DistilledChaos"}],"is_trial":false,"path_per_floor":["M","?","M","M","M","E","M","R","T","$","E","T","R","E","R","B",null,"M","M","?","M","M","E","$","R","T","?","?","M","E"],"character_chosen":"THE_SILENT","items_purchased":["Pocketwatch","Blood Vial","Poisoned Stab","SkillPotion"],"campfire_rested":0,"item_purchase_floors":[10,10,10,24],"current_hp_per_floor":[53,58,56,56,43,43,43,43,43,43,25,25,25,24,24,2,58,58,40,40,26,16,3,3,3,3,3,3,4,0,0],"gold":86,"neow_bonus":"BOSS_RELIC","is_daily":false,"chose_seed":false,"campfire_upgraded":4,"win_rate":0.0,"timestamp":1610707867,"path_taken":["M","?","M","M","M","E","M","R","T","$","E","?","R","E","R","BOSS","M","M","?","?","M","E","?","R","T","?","?","M","E"],"items_purchased_type":["Relic","Relic","Card","Potion"],"build_version":"2020-12-22","purchased_purges":1,"victory":false,"max_hp_per_floor":[66,71,71,71,71,71,71,71,71,71,71,71,71,76,76,76,76,76,76,76,76,76,76,76,76,76,76,76,76,76,76],"relic_stats":{"Blood Vial":20,"Regal Pillow":0,"counters":[16,69],"Gambling Chip":[24],"Orichalcum":[12],"obtain_stats":[{"Blood Vial":10,"Regal Pillow":6,"Gambling Chip":14,"SacredBark":17,"WingedGreaves":11,"Coffee Dripper":0,"Toxic Egg 2":12,"Orichalcum":23,"Ring of the Snake":0,"Old Coin":9,"Pocketwatch":10},{"Blood Vial":6,"Regal Pillow":5,"Gambling Chip":8,"SacredBark":9,"WingedGreaves":7,"Coffee Dripper":0,"Toxic Egg 2":7,"Orichalcum":14,"Ring of the Snake":0,"Old Coin":6,"Pocketwatch":6},{"Blood Vial":25,"Regal Pillow":21,"Gambling Chip":36,"SacredBark":43,"WingedGreaves":33,"Coffee Dripper":0,"Toxic Egg 2":33,"Orichalcum":63,"Ring of the Snake":0,"Old Coin":25,"Pocketwatch":25}],"Pocketwatch":[78]},"card_choices":[{"not_picked":["Flying Knee","Catalyst"],"picked":"PiercingWail","floor":1.0},{"not_picked":["Endless Agony","Caltrops"],"picked":"Dagger Spray","floor":3.0},{"not_picked":["Underhanded Strike","Bane"],"picked":"Dagger Spray","floor":4.0},{"not_picked":["Blur","Sucker Punch"],"picked":"Skewer","floor":5.0},{"not_picked":["Die Die Die","PiercingWail"],"picked":"Well Laid Plans","floor":6.0},{"not_picked":["Prepared","Bane"],"picked":"Dash","floor":7.0},{"not_picked":["Masterful Stab","Blade Dance"],"picked":"Bouncing Flask","floor":11.0},{"not_picked":["Dagger Throw","Poisoned Stab","Masterful Stab"],"picked":"SKIP","floor":14.0},{"not_picked":["Venomology+1","Envenom"],"picked":"Bullet Time+1","floor":16.0},{"not_picked":["Infinite Blades+1","Sucker Punch"],"picked":"Prepared+1","floor":18},{"not_picked":["Finisher","Sucker Punch"],"picked":"Terror+1","floor":19},{"not_picked":["Eviscerate","Dagger Throw","Dagger Spray"],"picked":"SKIP","floor":21},{"not_picked":["Poisoned Stab","Endless Agony"],"picked":"Catalyst+1","floor":22},{"not_picked":["Slice","Tools of the Trade","Flechettes"],"picked":"SKIP","floor":23},{"not_picked":["Expertise+1","Quick Slash"],"picked":"Choke","floor":29}],"player_experience":1152424,"relics_obtained":[{"floor":6.0,"key":"Regal Pillow"},{"floor":9.0,"key":"Old Coin"},{"floor":11.0,"key":"WingedGreaves"},{"floor":12.0,"key":"Toxic Egg 2"},{"floor":14.0,"key":"Gambling Chip"},{"floor":23,"key":"Orichalcum"}],"event_choices":[{"damage_healed":0.0,"max_hp_gain":5.0,"max_hp_loss":0.0,"gold_gain":0.0,"event_name":"Big Fish","player_choice":"Donut","floor":2.0,"gold_loss":0.0,"damage_taken":0.0},{"damage_healed":0,"gold_gain":0,"player_choice":"Bought 1 Potion","damage_taken":0,"max_hp_gain":0,"max_hp_loss":0,"event_name":"The Woman in Blue","floor":20,"gold_loss":0},{"damage_healed":0,"gold_gain":0,"player_choice":"Simplicity","damage_taken":0,"max_hp_gain":0,"max_hp_loss":0,"event_name":"Back to Basics","floor":28,"gold_loss":0,"cards_upgraded":["Strike_G","Strike_G","Strike_G","Strike_G","Defend_G","Defend_G","Defend_G","Defend_G","Defend_G"]}],"is_beta":false,"boss_relics":[{"not_picked":["Velvet Choker","HoveringKite"],"picked":"SacredBark"}],"items_purged_floors":[24],"is_endless":false,"potions_floor_spawned":[4,5,6,11,14,18,22],"killed_by":"Slavers","ascension_level":17}}