{"host":"n605f8gctjc87d7h","time":1610753967,"event":{"mods":["Aspiration","Bard","BaseMod","Better Match","Better Note","Better Skull","Better Third Choice","Conspire","Halation","Infinite Spire","Minty Spire (QoL Compilation)","Replay The Spire","Retaliation","Shade Mod","Spicy Shops","StSLib","The IronCluck"],"gold_per_floor":[216,216,236,236,83,116,116,116,116,291,306,306,324,399,399,399,399],"floor_reached":16,"language":"ENG","playtime":2328,"items_purged":[],"score":147,"play_id":"4135adb6-75b3-4c50-9c3b-5f8a2368553f","local_time":"20210115153927","is_ascension_mode":true,"campfire_choices":[{"floor":8,"key":"REST"},{"floor":12,"key":"REST"},{"floor":15,"key":"REST"}],"circlet_count":0,"master_deck":["AscendersBane","Strike_G","Strike_G","Strike_G","Strike_G","Strike_G","Defend_G","Defend_G","Defend_G","Defend_G","Defend_G","Survivor","Neutralize","Replay:Poison Smokescreen","Quick Slash+1","Bane","Doubt","Footwork","Backflip"],"relics":["Ring of the Snake","Tiny Chest","aspiration:Lifesprig","ReplayTheSpireMod:Ring of Collecting","conspire:DeflatedDodgeball","Ring of Fangs"],"acts_visited":["Exordium"],"potions_floor_usage":[16,16],"damage_taken":[{"damage":0,"enemies":"2 Louse","floor":1,"turns":3},{"damage":0,"enemies":"Small Slimes","floor":3,"turns":5},{"damage":47,"enemies":"3 Sentries","floor":6,"turns":12},{"damage":0,"enemies":"conspire:RoseBush","floor":11,"turns":4},{"damage":3,"enemies":"Large Slime","floor":13,"turns":9},{"damage":81,"enemies":"Slime Boss","floor":16,"turns":17}],"seed_played":"5471209877491354237","potions_obtained":[{"floor":11,"key":"Block Potion"},{"floor":13,"key":"SteroidPotion"}],"is_trial":false,"path_per_floor":["M","$","M","?","$","E","?","R","T","?","M","R","M","?","R","B"],"character_chosen":"THE_SILENT","items_purchased":["Tiny Chest"],"campfire_rested":3,"item_purchase_floors":[5],"current_hp_per_floor":[63,63,63,63,63,16,16,37,37,37,37,58,55,44,65,0,0],"gold":399,"neow_bonus":"HUNDRED_GOLD","is_daily":false,"chose_seed":false,"campfire_upgraded":0,"win_rate":0.0,"timestamp":1610753967,"path_taken":["M","$","M","?","$","E","?","R","T","?","M","R","M","?","R","BOSS"],"items_purchased_type":["Relic"],"build_version":"2020-12-22","purchased_purges":0,"victory":false,"max_hp_per_floor":[70,70,70,70,70,70,70,70,70,70,70,70,70,70,70,70,70],"card_choices":[{"not_picked":["Finisher","Masterful Stab"],"picked":"Replay:Poison Smokescreen","floor":1},{"not_picked":["Dagger Spray","Acrobatics"],"picked":"Quick Slash","floor":3},{"not_picked":["Predator","Sucker Punch"],"picked":"Bane","floor":6},{"not_picked":["Catalyst","ReplayTheSpireMod:Exploit Weakness"],"picked":"Footwork","floor":11},{"not_picked":["Accuracy","Riddle With Holes"],"picked":"Backflip","floor":13}],"player_experience":571443,"relics_obtained":[{"floor":6,"key":"aspiration:Lifesprig"},{"floor":7,"key":"ReplayTheSpireMod:Ring of Collecting"},{"floor":9,"key":"conspire:DeflatedDodgeball"},{"floor":9,"key":"Ring of Fangs"}],"event_choices":[{"damage_healed":0,"gold_gain":0,"player_choice":"Grow","damage_taken":0,"max_hp_gain":0,"max_hp_loss":0,"event_name":"Living Wall","floor":4,"gold_loss":0,"cards_upgraded":["Quick Slash"]},{"damage_healed":0,"gold_gain":175,"player_choice":"AGREE","damage_taken":116,"max_hp_gain":0,"max_hp_loss":0,"event_name":"betterThird:BetterSerpent","floor":10,"gold_loss":0},{"damage_healed":0,"gold_gain":75,"player_choice":"Gold","damage_taken":11,"max_hp_gain":0,"max_hp_loss":0,"event_name":"betterThird:BetterGoop","floor":14,"gold_loss":0}],"is_beta":false,"boss_relics":[],"items_purged_floors":[],"is_endless":false,"potions_floor_spawned":[11,13],"killed_by":"Slime Boss","ascension_level":10}}