{"host":"pno9h1fupbyz205f","time":1610754130,"event":{"mods":["Aspiration","BaseMod","Better Altar","Better Match","Better Note","Better Sensory Stone","Better Skull","Better Third Choice","Colored Map","Colored Powertips","Hubris","Infinite Spire","Jedi Mod","Mad Scientist","Marisa????????","Minty Spire (QoL Compilation)","Permanent Neow","Potionbrewer","Replay The Spire","Shop Mod","Spicy Shops","StSLib","Td1madao Mod","The Blackbeard","The Gatherer","The Hierophant","The Poker Player","The Runesmith","The Servant 0.9.4","The Vixen","thorton","vexMod"],"gold_per_floor":[109,128,128,128,128,128,156,156,201,212,225,225,251,76,76,173,173,154,154,161,161,156,137,148,148,148,148,148],"floor_reached":27,"language":"ENG","playtime":880,"items_purged":["hierophant:Punish","hierophant:Strike_Hierophant"],"score":346,"play_id":"f3603556-328a-4d0e-8e67-9e4795c8a597","local_time":"20210115154210","is_ascension_mode":false,"campfire_choices":[{"data":"hierophant:Sermon","floor":6,"key":"SMITH"},{"data":"hierophant:FieryStrike","floor":8,"key":"SMITH"},{"floor":12,"key":"REST"},{"data":"hierophant:FlamingChariot","floor":15,"key":"SMITH"},{"data":"Runesmith:CraftMagma","floor":25,"key":"SMITH"}],"circlet_count":0,"master_deck":["hierophant:Defend_Hierophant","hierophant:Defend_Hierophant","hierophant:Defend_Hierophant","hierophant:Defend_Hierophant","hierophant:ChurchCoffers+1","hierophant:FieryStrike+1","hierophant:Sermon+1","hierophant:FlamingChariot+1","hierophant:WrathOfGod","Bite","Bite","Bite","Bite","Bite","Runesmith:CraftMagma+1","hierophant:FieryStrike","hierophant:ThreeLashes"],"relics":["hierophant:PropheticMaskRelic","Replay:Mystery Machine","ReplayTheSpireMod:Ring of Addiction","hubris:EmptyBottle","White Beast Statue","Ring of Fury","Darkstone Periapt","aspiration:TomeofQuesting","vexMod:InvisibilityCloak","aspiration:RunesmithSkillbook","Red Mask","hubris:BottledRain"],"acts_visited":["Exordium","TheCity"],"potions_floor_usage":[2,7,7,7,7,7,7,7,11,11,13,13,13,13,16,16,16,16,16,16,16,16,18,18,22,22,23,24,24,24,24],"damage_taken":[{"damage":5,"enemies":"Cultist","floor":1,"turns":4},{"damage":0,"enemies":"2 Louse","floor":2,"turns":1},{"damage":8,"enemies":"Lagavulin","floor":7,"turns":3},{"damage":0,"enemies":"Small Slimes","floor":10,"turns":2},{"damage":0,"enemies":"Exordium Wildlife","floor":11,"turns":2},{"damage":0,"enemies":"Gremlin Nob","floor":13,"turns":2},{"damage":0,"enemies":"Fading Forest","floor":16,"turns":11},{"damage":19,"enemies":"2 Thieves","floor":18,"turns":2},{"damage":9,"enemies":"Shell Parasite","floor":20,"turns":4},{"damage":11,"enemies":"Masked Bandits","floor":22,"turns":2},{"damage":17,"enemies":"Cultist and Chosen","floor":23,"turns":3},{"damage":0,"enemies":"Centurion and Healer","floor":24,"turns":2},{"damage":0,"enemies":"3 Cultists","floor":27,"turns":2}],"seed_played":"-5428013407924894839","potions_obtained":[{"floor":1,"key":"DistilledChaos"},{"floor":2,"key":"EntropicBrew"},{"floor":5,"key":"Elixir"},{"floor":5,"key":"Toxic Potion"},{"floor":7,"key":"Adrenaline Potion"},{"floor":10,"key":"Fire Potion"},{"floor":11,"key":"Toxic Potion"},{"floor":13,"key":"jedi:StrikingPotion"},{"floor":16,"key":"FearPotion"},{"floor":18,"key":"potionbrewer:ToxicPotion"},{"floor":20,"key":"Elixir"},{"floor":22,"key":"BlessingOfTheForge"},{"floor":23,"key":"Explosive Potion"},{"floor":24,"key":"potionbrewer:FreezingPotion"}],"is_trial":false,"path_per_floor":["M","M","?","?","?","R","E","R","T","M","M","R","E","$","R","B",null,"M","?","M","?","?","M","M","R","T","M"],"character_chosen":"HIEROPHANT","items_purchased":[],"campfire_rested":1,"item_purchase_floors":[],"current_hp_per_floor":[70,70,70,75,75,75,67,67,67,67,67,78,78,78,78,78,78,59,59,50,50,41,33,43,43,43,47,47],"gold":148,"neow_bonus":"RANDOM_COMMON_RELIC","is_daily":false,"chose_seed":false,"campfire_upgraded":4,"win_rate":0.0,"timestamp":1610754130,"path_taken":["M","M","?","?","?","R","E","R","T","M","M","R","E","$","R","BOSS","M","?","?","?","?","M","M","R","T","M"],"items_purchased_type":[],"build_version":"2020-12-22","purchased_purges":2,"victory":false,"max_hp_per_floor":[75,75,75,80,80,80,80,80,80,80,78,78,78,78,78,78,78,78,78,78,54,52,52,52,52,52,52,52],"card_choices":[{"not_picked":["hierophant:Exaltation","hierophant:OrnateBuckler"],"picked":"hierophant:FieryStrike","floor":1},{"not_picked":["hierophant:MorningPrayer","hierophant:Doubloon"],"picked":"hierophant:Sermon","floor":2},{"not_picked":["hierophant:RecallFunds","hierophant:PristineSoul","hierophant:Mercenaries"],"picked":"SKIP","floor":7},{"not_picked":["hierophant:DisplayOfPower","hierophant:Racketeering","hierophant:Anathema"],"picked":"SKIP","floor":10},{"not_picked":["hierophant:FaithHealing","hierophant:RecallFunds","hierophant:Remorse"],"picked":"SKIP","floor":11},{"not_picked":["hierophant:RustyCrate","hierophant:Patience"],"picked":"hierophant:FlamingChariot","floor":13},{"not_picked":["hierophant:Determination","hierophant:MintersHammer"],"picked":"hierophant:WrathOfGod","floor":16},{"not_picked":["Runesmith:Accelerate+1","hierophant:Upheaval","hierophant:Repentance","Runesmith:Overpower+1"],"picked":"SKIP","floor":18},{"not_picked":["hierophant:RustyCrate+1","hierophant:Flagellation","hierophant:Smite","Runesmith:HeatedChisel"],"picked":"SKIP","floor":20},{"not_picked":["hierophant:PassingBell","hierophant:Racketeering","Runesmith:HeatExchange"],"picked":"Runesmith:CraftMagma","floor":22},{"not_picked":["hierophant:AuricBeam","Runesmith:ChiselStab+1","hierophant:Mercenaries+1"],"picked":"hierophant:FieryStrike","floor":23},{"not_picked":["hierophant:Refuge+1","Runesmith:BackupBattery","Runesmith:WhiteBalance"],"picked":"hierophant:ThreeLashes","floor":24}],"player_experience":175465,"relics_obtained":[{"floor":5,"key":"ReplayTheSpireMod:Ring of Addiction"},{"floor":5,"key":"hubris:EmptyBottle"},{"floor":5,"key":"White Beast Statue"},{"floor":5,"key":"Ring of Fury"},{"floor":7,"key":"Darkstone Periapt"},{"floor":9,"key":"aspiration:TomeofQuesting"},{"floor":13,"key":"vexMod:InvisibilityCloak"},{"floor":22,"key":"Red Mask"},{"floor":26,"key":"hubris:BottledRain"}],"event_choices":[{"damage_healed":0,"gold_gain":0,"player_choice":"Donut","damage_taken":0,"max_hp_gain":5,"max_hp_loss":0,"event_name":"Big Fish","floor":4,"gold_loss":0},{"cards_removed":["hierophant:ChurchCoffers"],"damage_healed":0,"gold_gain":0,"player_choice":"Give","damage_taken":0,"max_hp_gain":0,"max_hp_loss":0,"event_name":"betterNote:BetterNote","floor":19,"gold_loss":0,"cards_obtained":["None"]},{"damage_healed":0,"gold_gain":0,"player_choice":"Became a vampire","damage_taken":0,"max_hp_gain":0,"max_hp_loss":24,"event_name":"Vampires","floor":21,"gold_loss":0,"cards_obtained":["Bite","Bite","Bite","Bite","Bite"]},{"damage_healed":0,"gold_gain":0,"player_choice":"Fought Bandits","damage_taken":0,"max_hp_gain":0,"max_hp_loss":0,"event_name":"Masked Bandits","floor":22,"gold_loss":0}],"is_beta":false,"boss_relics":[{"not_picked":["vexMod:RockOfEvil","hubris:CrackedHourglass"],"picked":"aspiration:RunesmithSkillbook"}],"items_purged_floors":[14,14],"is_endless":false,"potions_floor_spawned":[1,2,7,10,11,13,16,18,20,22,23,24],"killed_by":"3 Cultists","ascension_level":0}}