{"host":"4gr5irrdjh39ysed","time":1610731636,"event":{"mods":["AchievementEnabler","BaseMod","Colored Map","Downfall","Hermit","Minty Spire (QoL Compilation)","Random Character Button","StSLib","The Construct","The Cursed","The Disciple","The Hierophant","The Mystic","The Necromancer","The Runesmith"],"gold_per_floor":[113,188,203,153,169,169,202,202,202,202,230,18,18,18,18,116,116,135,135,150,27,27,54,4,17,17,17,117,117,127,77,77,173,173,186,56,56,109,127,158,177,177,204,54,70,87,107,118,118,118,118,118,43,69,69],"floor_reached":56,"language":"ENG","playtime":2715,"items_purged":["Defend_G","Eviscerate","Survivor","Grand Finale+1","Neutralize"],"score":1707,"play_id":"7ea8b569-86bb-427f-8c4f-ede6a030dd14","local_time":"20210115102716","is_ascension_mode":true,"campfire_choices":[{"floor":6,"key":"RECALL"},{"data":"Envenom","floor":8,"key":"SMITH"},{"data":"Defend_G","floor":10,"key":"SMITH"},{"data":"Sadistic Nature","floor":15,"key":"SMITH"},{"data":"Bullet Time","floor":27,"key":"SMITH"},{"data":"Catalyst","floor":29,"key":"SMITH"},{"data":"Caltrops","floor":32,"key":"SMITH"},{"data":"Bouncing Flask","floor":42,"key":"SMITH"},{"data":"Noxious Fumes","floor":49,"key":"SMITH"},{"data":"Blade Dance","floor":52,"key":"SMITH"}],"circlet_count":0,"master_deck":["Poisoned Stab","Bane","Blade Dance+1","Envenom+1","Dagger Spray+1","Sadistic Nature+1","A Thousand Cuts","Bouncing Flask+1","A Thousand Cuts","After Image","Venomology","Distraction","Backstab+1","Deadly Poison","Caltrops+1","Bullet Time+1","Catalyst+1","Dash+1","Noxious Fumes+1","Phantasmal Killer","Bouncing Flask+1","Glass Knife+1","Dagger Spray+1","Bane+1","Bullet Time","Riddle With Holes+1"],"relics":["Ring of the Serpent","Molten Egg 2","Smiling Mask","The Specimen","Pandora\u0027s Box","MutagenicStrength","Mummified Hand","Kunai","Thread and Needle","Ornamental Fan","Incense Burner","MealTicket","Vajra","Bag of Preparation"],"acts_visited":["Exordium","TheCity","TheBeyond","TheEnding"],"potions_floor_usage":[18,20,20,23,28,33,33,35,39,40,46,50,54,55,55],"damage_taken":[{"damage":8,"enemies":"Small Slimes","floor":1,"turns":3},{"damage":12,"enemies":"Jaw Worm","floor":3,"turns":2},{"damage":4,"enemies":"2 Louse","floor":5,"turns":2},{"damage":31,"enemies":"Gremlin Nob","floor":7,"turns":4},{"damage":28,"enemies":"3 Sentries","floor":11,"turns":7},{"damage":0,"enemies":"Slime Boss","floor":16,"turns":3},{"damage":56,"enemies":"2 Thieves","floor":18,"turns":4},{"damage":11,"enemies":"Spheric Guardian","floor":20,"turns":3},{"damage":67,"enemies":"Book of Stabbing","floor":23,"turns":5},{"damage":0,"enemies":"Shelled Parasite and Fungi","floor":25,"turns":1},{"damage":14,"enemies":"Colosseum Slavers","floor":28,"turns":2},{"damage":0,"enemies":"Colosseum Nobs","floor":28,"turns":2},{"damage":1,"enemies":"Snecko","floor":30,"turns":3},{"damage":4,"enemies":"Automaton","floor":33,"turns":4},{"damage":29,"enemies":"3 Shapes","floor":35,"turns":2},{"damage":23,"enemies":"2 Orb Walkers","floor":38,"turns":3},{"damage":27,"enemies":"3 Darklings","floor":39,"turns":3},{"damage":33,"enemies":"Nemesis","floor":40,"turns":5},{"damage":0,"enemies":"Transient","floor":41,"turns":5},{"damage":33,"enemies":"Maw","floor":45,"turns":4},{"damage":22,"enemies":"Writhing Mass","floor":46,"turns":4},{"damage":12,"enemies":"3 Darklings","floor":47,"turns":3},{"damage":27,"enemies":"Spire Growth","floor":48,"turns":4},{"damage":147,"enemies":"Awakened One","floor":50,"turns":7},{"damage":52,"enemies":"Shield and Spear","floor":54,"turns":5},{"damage":123,"enemies":"The Heart","floor":55,"turns":6}],"seed_played":"609914947881189878","potions_obtained":[{"floor":5,"key":"SneckoOil"},{"floor":16,"key":"construct:ShiftPotion"},{"floor":18,"key":"Energy Potion"},{"floor":30,"key":"CunningPotion"},{"floor":35,"key":"Poison Potion"},{"floor":45,"key":"hexamod:EctoCoolerPotion"},{"floor":47,"key":"CunningPotion"},{"floor":48,"key":"Ancient Potion"}],"is_trial":false,"path_per_floor":["M","?","M","?","M","R","E","R","T","R","E","$","?","$","R","B",null,"M","?","M","$","?","E","$","M","T","R","?","R","M","$","R","B",null,"M","$","?","?","M","E","M","R","T","$","M","M","M","M","R","B",null,"R","$","E","B",null],"character_chosen":"THE_SILENT","items_purchased":["Sadistic Nature","Bullet Time","Glass Knife+1","Vajra","Bullet Time"],"campfire_rested":0,"item_purchase_floors":[12,21,36,44,53],"current_hp_per_floor":[2055,2044,2032,2032,2028,2028,1997,1997,1997,1997,1969,1969,1962,1962,1962,1962,2043,1987,1474,1463,1463,1463,1396,1396,1396,1396,1396,1382,1382,1381,1381,1381,1377,1901,1872,1872,1872,1849,1822,1789,1789,1789,1789,1804,1771,1749,1737,1710,1710,1563,1869,1869,1884,1832,1709],"gold":69,"neow_bonus":"THREE_CARDS","is_daily":false,"chose_seed":false,"campfire_upgraded":9,"win_rate":0.0,"timestamp":1610731636,"path_taken":["M","?","M","?","M","R","E","R","T","R","E","$","?","$","R","BOSS","M","?","M","$","?","E","?","?","T","R","?","R","M","$","R","BOSS","M","$","?","?","M","E","?","R","T","$","M","M","M","M","R","BOSS","R","$","E","BOSS"],"items_purchased_type":["Card","Card","Card","Relic","Card"],"build_version":"2020-12-22","purchased_purges":5,"victory":true,"max_hp_per_floor":[2070,2070,2070,2070,2070,2070,2070,2070,2070,2070,2070,2070,2070,2070,2070,2070,2070,2070,2075,2075,2075,2075,2075,2075,2075,2075,2075,2075,2075,2075,2075,2075,2075,2075,2075,2075,1971,1971,1971,1971,1971,1971,1971,1971,1971,1971,1971,1971,1971,1971,1971,1971,1971,1971,1971],"card_choices":[{"not_picked":["Flying Knee","Terror"],"picked":"Poisoned Stab","floor":0},{"not_picked":["Outmaneuver","Escape Plan"],"picked":"Bane","floor":1},{"not_picked":["Calculated Gamble","Expertise"],"picked":"Blade Dance","floor":3},{"not_picked":["Reflex","Dodge and Roll"],"picked":"Eviscerate","floor":5},{"not_picked":["Predator+1","Slice+1"],"picked":"Envenom","floor":7},{"not_picked":["Escape Plan","Setup"],"picked":"Dagger Spray+1","floor":11},{"not_picked":["Grand Finale+1","Envenom"],"picked":"A Thousand Cuts","floor":16},{"not_picked":["Flechettes+1","Quick Slash+1"],"picked":"Deadly Poison","floor":18},{"not_picked":["Distraction+1","Slice+1"],"picked":"Caltrops","floor":20},{"not_picked":["Escape Plan+1","Bane+1"],"picked":"Catalyst","floor":23},{"not_picked":["Prepared+1","Underhanded Strike+1","Well Laid Plans"],"picked":"SKIP","floor":25},{"not_picked":["Acrobatics+1","Underhanded Strike+1"],"picked":"Dash+1","floor":28},{"not_picked":["Backflip","Setup+1"],"picked":"Noxious Fumes","floor":30},{"not_picked":["Tools of the Trade","Envenom"],"picked":"Phantasmal Killer","floor":33},{"not_picked":["Acrobatics","Choke+1"],"picked":"Bouncing Flask+1","floor":35},{"not_picked":["Blade Dance","Predator+1"],"picked":"Dagger Spray+1","floor":39},{"not_picked":["Cloak And Dagger+1","Bane+1","Flechettes+1"],"picked":"SKIP","floor":40},{"not_picked":["All Out Attack+1","Deflect+1","Dagger Spray+1"],"picked":"SKIP","floor":41},{"not_picked":["Footwork+1","Expertise","A Thousand Cuts"],"picked":"SKIP","floor":45},{"not_picked":["Deflect","Sucker Punch+1","Flechettes+1"],"picked":"SKIP","floor":46},{"not_picked":["Predator+1","Bouncing Flask+1"],"picked":"Bane+1","floor":47},{"not_picked":["Prepared+1","Deflect+1","Eviscerate+1"],"picked":"SKIP","floor":48},{"not_picked":["Cloak And Dagger","Bouncing Flask+1"],"picked":"Riddle With Holes+1","floor":54}],"player_experience":189164,"relics_obtained":[{"floor":7,"key":"Molten Egg 2"},{"floor":9,"key":"Smiling Mask"},{"floor":11,"key":"The Specimen"},{"floor":23,"key":"Mummified Hand"},{"floor":26,"key":"Kunai"},{"floor":28,"key":"Thread and Needle"},{"floor":28,"key":"Ornamental Fan"},{"floor":38,"key":"Incense Burner"},{"floor":40,"key":"MealTicket"},{"floor":54,"key":"Bag of Preparation"}],"event_choices":[{"damage_healed":0,"gold_gain":75,"player_choice":"Gather Gold","damage_taken":11,"max_hp_gain":0,"max_hp_loss":0,"event_name":"World of Goop","floor":2,"gold_loss":0},{"cards_removed":["Defend_G"],"damage_healed":0,"gold_gain":0,"player_choice":"Card Removal","damage_taken":0,"max_hp_gain":0,"max_hp_loss":0,"event_name":"The Cleric","floor":4,"gold_loss":50},{"cards_removed":["Defend_G"],"damage_healed":0,"gold_gain":0,"player_choice":"Card Removal","damage_taken":7,"max_hp_gain":0,"max_hp_loss":0,"event_name":"Golden Wing","floor":13,"gold_loss":0},{"damage_healed":0,"gold_gain":0,"player_choice":"Shed Blood","damage_taken":518,"max_hp_gain":5,"max_hp_loss":0,"event_name":"Forgotten Altar","floor":19,"gold_loss":0},{"damage_healed":0,"gold_gain":0,"player_choice":"Inject Mutagens","damage_taken":0,"relics_obtained":["MutagenicStrength"],"max_hp_gain":0,"max_hp_loss":0,"event_name":"Drug Dealer","floor":22,"gold_loss":0},{"damage_healed":0,"gold_gain":0,"player_choice":"Fight","damage_taken":0,"max_hp_gain":0,"max_hp_loss":0,"event_name":"Colosseum","floor":28,"gold_loss":0},{"damage_healed":0,"gold_gain":0,"player_choice":"Fought Nobs","damage_taken":0,"max_hp_gain":0,"max_hp_loss":0,"event_name":"Colosseum","floor":28,"gold_loss":0},{"damage_healed":0,"gold_gain":0,"player_choice":"Max HP","damage_taken":0,"max_hp_gain":0,"max_hp_loss":104,"event_name":"Winding Halls","floor":37,"gold_loss":0},{"damage_healed":0,"gold_gain":0,"player_choice":"Fight","damage_taken":0,"max_hp_gain":0,"max_hp_loss":0,"event_name":"Mysterious Sphere","floor":38,"gold_loss":0}],"is_beta":false,"boss_relics":[{"not_picked":["Runic Dome","SacredBark"],"picked":"Pandora\u0027s Box"},{"not_picked":["Busted Crown","Philosopher\u0027s Stone"],"picked":"Ring of the Serpent"}],"items_purged_floors":[12,21,24,31,36],"is_endless":false,"potions_floor_spawned":[5,16,18,28,30,35,45,47,48],"ascension_level":9}}