{"host":"y7sd46uq4xlni546","time":1610743739,"event":{"mods":["AchievementEnabler","BaseMod","Colored Map","Colored Powertips","Curses Come First","Filter the Spire","Minty Spire (QoL Compilation)","Quick Restart","Random Character Button","Rare Cards Sparkle","StSLib"],"gold_per_floor":[118,118,132,132,82,82,120,134,181,200,200,215,238,259,259,378,378,378,378,378,378,378,378,378,378,378,378,378,69,69,69,69,69,69,69,69,69,69,69,69,69,69,69,69,69,69,69,69,69,69,69],"floor_reached":50,"language":"ENG","playtime":3066,"items_purged":[],"score":845,"play_id":"586177d0-24a3-471a-8bab-a516686cc721","local_time":"20210115214859","is_ascension_mode":true,"campfire_choices":[{"data":"Fire Breathing","floor":6.0,"key":"SMITH"},{"floor":11.0,"key":"REST"},{"floor":15.0,"key":"REST"},{"floor":23.0,"key":"REST"},{"floor":25.0,"key":"REST"},{"data":"Barricade","floor":32.0,"key":"SMITH"},{"floor":40.0,"key":"REST"},{"data":"Demon Form","floor":42.0,"key":"SMITH"},{"data":"Metallicize","floor":44.0,"key":"SMITH"},{"floor":46.0,"key":"REST"},{"floor":49.0,"key":"REST"}],"circlet_count":0,"master_deck":["Strike_R","Strike_R","Strike_R","Defend_R+1","Defend_R","Defend_R+1","Bash","Bloodletting+1","Rupture+1","Carnage+1","Heavy Blade","Fire Breathing+1","Impervious","Clash","Thunderclap","Burning Pact","Rage","Immolate+1","True Grit","Feed","Battle Trance","Armaments","Cleave+1","Shrug It Off","Seeing Red+1","Shrug It Off+1","Metallicize+1","Barricade+1","Sword Boomerang+1","Impervious+1","Body Slam+1","Demon Form+1","True Grit+1","Warcry+1","Shrug It Off+1","Combust+1","Spot Weakness+1"],"relics":["Astrolabe","Golden Idol","War Paint","Bag of Marbles","Regal Pillow","Ectoplasm","CaptainsWheel","Ancient Tea Set","Toxic Egg 2","FossilizedHelix","Mummified Hand","Tiny House","Singing Bowl","Peace Pipe"],"acts_visited":["Exordium","TheCity","TheBeyond"],"potions_floor_usage":[50,50],"damage_taken":[{"damage":0.0,"enemies":"Small Slimes","floor":1.0,"turns":2.0},{"damage":2.0,"enemies":"2 Louse","floor":3.0,"turns":2.0},{"damage":19.0,"enemies":"Lagavulin","floor":7.0,"turns":5.0},{"damage":4.0,"enemies":"Cultist","floor":8.0,"turns":3.0},{"damage":13.0,"enemies":"Red Slaver","floor":10.0,"turns":3.0},{"damage":15.0,"enemies":"Exordium Thugs","floor":12.0,"turns":2.0},{"damage":0.0,"enemies":"Gremlin Gang","floor":14.0,"turns":4.0},{"damage":38.0,"enemies":"Hexaghost","floor":16.0,"turns":9.0},{"damage":12.0,"enemies":"3 Byrds","floor":18.0,"turns":5.0},{"damage":7.0,"enemies":"Shell Parasite","floor":20.0,"turns":4.0},{"damage":20.0,"enemies":"Chosen and Byrds","floor":21.0,"turns":6.0},{"damage":37.0,"enemies":"Book of Stabbing","floor":24.0,"turns":5.0},{"damage":2.0,"enemies":"Snecko","floor":27.0,"turns":4.0},{"damage":10.0,"enemies":"Slavers","floor":28.0,"turns":3.0},{"damage":0.0,"enemies":"3 Cultists","floor":30.0,"turns":5.0},{"damage":0.0,"enemies":"Snake Plant","floor":31.0,"turns":4.0},{"damage":58.0,"enemies":"Collector","floor":33.0,"turns":12.0},{"damage":0.0,"enemies":"3 Shapes","floor":35.0,"turns":5.0},{"damage":0.0,"enemies":"3 Darklings","floor":36.0,"turns":7.0},{"damage":0.0,"enemies":"Maw","floor":38.0,"turns":8.0},{"damage":24.0,"enemies":"4 Shapes","floor":39.0,"turns":5.0},{"damage":3.0,"enemies":"Nemesis","floor":41.0,"turns":5.0},{"damage":37.0,"enemies":"Spire Growth","floor":45.0,"turns":6.0},{"damage":0.0,"enemies":"Transient","floor":47.0,"turns":1.0},{"damage":26.0,"enemies":"Writhing Mass","floor":48.0,"turns":4.0},{"damage":113,"enemies":"Awakened One","floor":50,"turns":10}],"seed_played":"-4780470262839051122","potions_obtained":[{"floor":1.0,"key":"ElixirPotion"},{"floor":7.0,"key":"Energy Potion"},{"floor":12.0,"key":"Energy Potion"},{"floor":20.0,"key":"Explosive Potion"},{"floor":30.0,"key":"LiquidBronze"},{"floor":31.0,"key":"SmokeBomb"},{"floor":34.0,"key":"PowerPotion"},{"floor":48.0,"key":"LiquidBronze"}],"is_trial":false,"path_per_floor":["M","?","M","?","?","R","E","M","T","M","R","M","T","M","R","B",null,"M","?","M","M","T","R","E","R","T","M","E","$","M","M","R","B",null,"M","M","?","M","M","R","E","R","T","R","M","R","M","M","R","B"],"character_chosen":"IRONCLAD","items_purchased":["Mummified Hand","Metallicize"],"campfire_rested":7,"item_purchase_floors":[29,29],"current_hp_per_floor":[72,77,75,75,75,75,56,52,52,39,64,49,49,49,85,47,76,64,64,57,40,40,81,44,85,85,86,76,76,79,79,79,21,81,81,81,81,81,57,99,96,96,96,96,61,101,101,75,101,0,0],"gold":69,"neow_bonus":"BOSS_RELIC","is_daily":false,"chose_seed":false,"campfire_upgraded":4,"win_rate":0.0,"timestamp":1610743739,"path_taken":["M","?","M","?","?","R","E","M","T","M","R","M","?","M","R","BOSS","M","?","M","?","?","R","E","R","T","M","E","$","M","?","R","BOSS","M","M","?","M","?","R","E","R","T","R","?","R","?","M","R","BOSS"],"items_purchased_type":["Relic","Card"],"build_version":"2020-12-22","purchased_purges":0,"victory":false,"max_hp_per_floor":[80,85,85,85,85,85,85,85,85,85,85,85,85,85,85,85,85,85,85,85,88,88,88,88,88,88,91,91,91,94,94,94,94,99,99,99,99,99,99,99,99,99,99,99,101,101,101,101,101,104,104],"card_choices":[{"not_picked":["Searing Blow","Clash"],"picked":"Heavy Blade","floor":1.0},{"not_picked":["Anger","Bloodletting"],"picked":"Fire Breathing","floor":3.0},{"not_picked":["Havoc","Ghostly Armor"],"picked":"Impervious","floor":7.0},{"not_picked":["Headbutt","Twin Strike"],"picked":"Clash","floor":8.0},{"not_picked":["Second Wind","Wild Strike"],"picked":"Thunderclap","floor":10.0},{"not_picked":["Inflame","Carnage"],"picked":"Burning Pact","floor":12.0},{"not_picked":["Uppercut","Fiend Fire"],"picked":"Rage","floor":14.0},{"not_picked":["Berserk","Limit Break"],"picked":"Immolate","floor":16.0},{"not_picked":["Battle Trance","Flex"],"picked":"True Grit","floor":18.0},{"not_picked":["Clothesline","Carnage+1"],"picked":"Armaments","floor":20.0},{"not_picked":["Rage","Warcry+1"],"picked":"Cleave+1","floor":21.0},{"not_picked":["Disarm","Body Slam"],"picked":"Shrug It Off","floor":24.0},{"not_picked":["Perfected Strike","Warcry+1"],"picked":"Seeing Red+1","floor":27.0},{"not_picked":["Twin Strike","Armaments+1"],"picked":"Shrug It Off+1","floor":28.0},{"not_picked":["Feel No Pain","Havoc+1"],"picked":"Barricade","floor":30.0},{"not_picked":["Flex+1","Heavy Blade"],"picked":"Sword Boomerang+1","floor":31.0},{"not_picked":["Fiend Fire","Bludgeon"],"picked":"Impervious+1","floor":33.0},{"not_picked":["Heavy Blade+1","Perfected Strike"],"picked":"Body Slam+1","floor":34.0},{"not_picked":["Carnage+1","Pommel Strike"],"picked":"Demon Form","floor":35.0},{"not_picked":["Inflame","Carnage+1"],"picked":"True Grit+1","floor":36.0},{"not_picked":["Flex+1","Clash+1"],"picked":"Warcry+1","floor":38.0},{"not_picked":["Twin Strike+1","Feed"],"picked":"Shrug It Off+1","floor":39.0},{"not_picked":["Sentinel+1","Seeing Red+1"],"picked":"Combust+1","floor":41.0},{"not_picked":["Sword Boomerang+1","True Grit+1","Shrug It Off+1"],"picked":"Singing Bowl","floor":45.0},{"not_picked":["Power Through+1","Havoc+1"],"picked":"Spot Weakness+1","floor":48.0}],"player_experience":644382,"relics_obtained":[{"floor":7.0,"key":"War Paint"},{"floor":9.0,"key":"Bag of Marbles"},{"floor":13.0,"key":"Regal Pillow"},{"floor":22.0,"key":"CaptainsWheel"},{"floor":24.0,"key":"Ancient Tea Set"},{"floor":26.0,"key":"Toxic Egg 2"},{"floor":28.0,"key":"FossilizedHelix"},{"floor":41.0,"key":"Singing Bowl"},{"floor":43.0,"key":"Peace Pipe"}],"event_choices":[{"damage_healed":0.0,"max_hp_gain":5.0,"max_hp_loss":0.0,"gold_gain":0.0,"event_name":"Big Fish","player_choice":"Donut","floor":2.0,"gold_loss":0.0,"damage_taken":0.0},{"damage_healed":0.0,"max_hp_gain":0.0,"max_hp_loss":0.0,"gold_gain":0.0,"event_name":"Golden Idol","player_choice":"Take Wound","floor":4.0,"gold_loss":0.0,"damage_taken":0.0,"relics_obtained":["Golden Idol"],"cards_obtained":["Injury"]},{"cards_removed":["Injury"],"damage_healed":0.0,"max_hp_gain":0.0,"max_hp_loss":0.0,"gold_gain":0.0,"event_name":"The Cleric","player_choice":"Card Removal","floor":5.0,"gold_loss":50.0,"damage_taken":0.0},{"damage_healed":0.0,"max_hp_gain":0.0,"max_hp_loss":0.0,"gold_gain":0.0,"event_name":"Match and Keep!","player_choice":"2 cards matched","floor":19.0,"gold_loss":0.0,"damage_taken":0.0,"cards_obtained":["Feed","Battle Trance"]},{"damage_healed":0.0,"max_hp_gain":0.0,"max_hp_loss":0.0,"gold_gain":0.0,"event_name":"Lab","player_choice":"Got Potions","floor":37.0,"gold_loss":0.0,"damage_taken":0.0}],"is_beta":false,"boss_relics":[{"not_picked":["Black Star","Coffee Dripper"],"picked":"Ectoplasm"},{"not_picked":["SlaversCollar","Pandora\u0027s Box"],"picked":"Tiny House"}],"items_purged_floors":[],"is_endless":false,"potions_floor_spawned":[1,7,12,20,30,31,33,35,38,48],"killed_by":"Awakened One","ascension_level":8}}