{"host":"tqat8h9oealf2qov","time":1610721470,"event":{"mods":["Aspiration","BaseMod","Downfall","Hermit","Minty Spire (QoL Compilation)","Quick Restart","READ ME - Guardian Mod","Remilia£®¿Ÿ√◊¿Ú—«£©","Replay The Spire","StSLib","The Cursed","Youmu£®ªÍ∆«—˝√Œ£©"],"gold_per_floor":[99,109,109,120,139,139,139,84,101,129,39,51,51,51,64,64,64,64],"floor_reached":16,"language":"ZHS","playtime":582,"items_purged":["Slimebound:Defend_Slimebound"],"score":102,"play_id":"f9a356c7-b84d-4c62-90ff-0ec36733189b","local_time":"20210115223750","is_ascension_mode":false,"campfire_choices":[{"data":"Slimebound:Replication","floor":13.0,"key":"SMITH"}],"circlet_count":0,"master_deck":["Slimebound:Strike_Slimebound","Slimebound:Strike_Slimebound","Slimebound:Tackle","Slimebound:Defend_Slimebound","Slimebound:Defend_Slimebound","Slimebound:Split","Slimebound:CorrosiveSpit","Slimebound:SlimeBrawl+1","Slimebound:SplitLeeching","Slimebound:Replication+1","Slimebound:Prepare","Slimebound:SplitAcid","Slimebound:SplitBruiser","Slimebound:Repurpose","Slimebound:SplitAcid","Slimebound:FirmFortitude"],"relics":["Slimebound:AbsorbEndCombat","ReplayTheSpireMod:Ninjato","aspiration:FrozenJewel","CeramicFish"],"acts_visited":["Exordium"],"potions_floor_usage":[],"damage_taken":[{"damage":12.0,"enemies":"Small Slimes","floor":2.0,"turns":3.0},{"damage":9.0,"enemies":"Cultist","floor":4.0,"turns":3.0},{"damage":14.0,"enemies":"2 Louse","floor":5.0,"turns":3.0},{"damage":16.0,"enemies":"downfall:FleeingMerchant","floor":8.0,"turns":4.0},{"damage":15.0,"enemies":"Lots of Slimes","floor":9.0,"turns":2.0},{"damage":43.0,"enemies":"3 Sentries","floor":10.0,"turns":4.0},{"damage":30.0,"enemies":"downfall:FleeingMerchant","floor":11.0,"turns":4.0},{"damage":23.0,"enemies":"Red Slaver","floor":12.0,"turns":2.0},{"damage":25.0,"enemies":"Exordium Wildlife","floor":15.0,"turns":3.0},{"damage":32,"enemies":"downfall:Silent","floor":16,"turns":2}],"seed_played":"2633255195904847718","potions_obtained":[{"floor":4.0,"key":"Milkshake"},{"floor":10.0,"key":"Guardian:BlockOnCardUsePotion"},{"floor":15.0,"key":"Fire Potion"}],"is_trial":false,"path_per_floor":["R","M","?","M","M","?","T","$","M","E","$","M","R","?","M","B"],"character_chosen":"SLIMEBOUND","items_purchased":["Slimebound:Repurpose"],"campfire_rested":0,"item_purchase_floors":[8],"current_hp_per_floor":[66,58,58,61,59,59,59,63,56,35,35,38,38,31,24,0,0,0],"gold":64,"neow_bonus":"TEN_PERCENT_HP_BONUS","is_daily":false,"chose_seed":false,"campfire_upgraded":1,"win_rate":0.0,"timestamp":1610721470,"path_taken":["R","M","?","M","M","?","T","$","?","E","?","M","R","?","M","BOSS"],"items_purchased_type":["Card"],"build_version":"2020-12-22","purchased_purges":1,"victory":false,"max_hp_per_floor":[66,66,66,66,66,66,66,66,66,66,66,66,66,66,66,66,66,66],"card_choices":[{"not_picked":["Slimebound:GoopSpray","Slimebound:Schlurp"],"picked":"Slimebound:SplitLeeching","floor":2.0},{"not_picked":["Slimebound:LeechEnergy","Slimebound:Schlurp"],"picked":"Slimebound:Replication","floor":4.0},{"not_picked":["Slimebound:DivideAndConquer","Slimebound:ComboTackle"],"picked":"Slimebound:Prepare","floor":5.0},{"not_picked":["Slimebound:Schlurp","Slimebound:Chomp"],"picked":"Slimebound:SplitBruiser","floor":8.0},{"not_picked":["Slimebound:Schlurp","Slimebound:DivideAndConquer"],"picked":"Slimebound:SplitAcid","floor":9.0},{"not_picked":["Slimebound:ViciousTackle","Slimebound:DivideAndConquer","Slimebound:SamplingLick"],"picked":"SKIP","floor":10.0},{"not_picked":["Slimebound:FinishingTackle","Slimebound:LeechEnergy"],"picked":"Slimebound:FirmFortitude","floor":11.0},{"not_picked":["Slimebound:HauntingLick","Slimebound:ViciousTackle","Slimebound:RollThrough"],"picked":"SKIP","floor":12.0},{"not_picked":["Slimebound:DivideAndConquer","Slimebound:SamplingLick","Slimebound:Chomp"],"picked":"SKIP","floor":15.0}],"player_experience":317801,"relics_obtained":[{"floor":7.0,"key":"ReplayTheSpireMod:Ninjato"},{"floor":10.0,"key":"aspiration:FrozenJewel"}],"event_choices":[{"damage_healed":0.0,"max_hp_gain":0.0,"max_hp_loss":0.0,"gold_gain":0.0,"cards_transformed":["Slimebound:Strike_Slimebound"],"event_name":"Transmorgrifier","player_choice":"Transformed","floor":6.0,"gold_loss":0.0,"damage_taken":0.0,"cards_obtained":["Slimebound:SplitAcid"]},{"damage_healed":0.0,"max_hp_gain":0.0,"max_hp_loss":0.0,"gold_gain":0.0,"event_name":"Scrap Ooze","player_choice":"Success","floor":14.0,"gold_loss":0.0,"damage_taken":7.0,"relics_obtained":["CeramicFish"]}],"is_beta":false,"boss_relics":[],"items_purged_floors":[11],"is_endless":false,"potions_floor_spawned":[4,10,15],"killed_by":"downfall:Silent","ascension_level":0}}