{"host":"b995t17pt6d05w8c","time":1610713289,"event":{"mods":["AchievementEnabler","BaseMod","Colored Map","DeckTracker","Keyboard Shortcuts","Minty Spire (QoL Compilation)","Permanent Neow","SuperFastMode"],"gold_per_floor":[118,168,179,179,193,193,224,234,258,124,154,154,209,223,223,295,295,310,116,116,166,166,166,123,123,123],"floor_reached":25,"language":"KOR","playtime":615,"items_purged":["Strike_R","Strike_R"],"score":397,"play_id":"eb0cc4f1-2f3b-4b05-9e52-f837cd3ac351","local_time":"20210115212129","is_ascension_mode":true,"campfire_choices":[{"data":"Bash","floor":6.0,"key":"SMITH"},{"data":"Body Slam","floor":12.0,"key":"SMITH"},{"floor":15.0,"key":"REST"},{"floor":23.0,"key":"REST"}],"circlet_count":0,"master_deck":["AscendersBane","Strike_R+1","Strike_R+1","Strike_R+1","Defend_R+1","Defend_R+1","Defend_R+1","Defend_R+1","Bash+1","Feel No Pain","Pommel Strike","Rage","Body Slam+1","Immolate","Battle Trance","Burning Pact","Barricade","Shrug It Off","Dropkick"],"relics":["Burning Blood","Orichalcum","Whetstone","Omamori","Dream Catcher","Smiling Mask","SacredBark"],"acts_visited":["TheCity"],"potions_floor_usage":[25],"damage_taken":[{"damage":8.0,"enemies":"Small Slimes","floor":1.0,"turns":5.0},{"damage":5.0,"enemies":"Cultist","floor":3.0,"turns":4.0},{"damage":1.0,"enemies":"2 Louse","floor":5.0,"turns":2.0},{"damage":15.0,"enemies":"3 Sentries","floor":7.0,"turns":10.0},{"damage":18.0,"enemies":"Exordium Wildlife","floor":8.0,"turns":4.0},{"damage":43.0,"enemies":"Gremlin Nob","floor":11.0,"turns":5.0},{"damage":6.0,"enemies":"Large Slime","floor":14.0,"turns":4.0},{"damage":27.0,"enemies":"Hexaghost","floor":16.0,"turns":10.0},{"damage":22.0,"enemies":"Shell Parasite","floor":18.0,"turns":5.0},{"damage":17.0,"enemies":"2 Thieves","floor":24.0,"turns":5.0},{"damage":45,"enemies":"Book of Stabbing","floor":25,"turns":5}],"seed_played":"2426347769100885520","potions_obtained":[{"floor":3.0,"key":"LiquidBronze"},{"floor":5.0,"key":"SneckoOil"},{"floor":8.0,"key":"Fruit Juice"},{"floor":14.0,"key":"SkillPotion"},{"floor":18.0,"key":"SkillPotion"}],"is_trial":false,"path_per_floor":["M","?","M","?","M","R","E","M","T","$","E","R","T","M","R","B",null,"M","$","?","?","?","R","M","E"],"character_chosen":"IRONCLAD","items_purchased":["Body Slam","Barricade","Shrug It Off"],"campfire_rested":2,"item_purchase_floors":[10,19,19],"current_hp_per_floor":[66,59,60,65,70,70,61,49,49,49,12,12,17,17,42,21,69,53,53,53,53,28,55,44,0,0],"gold":123,"neow_bonus":"RANDOM_COMMON_RELIC","is_daily":false,"chose_seed":false,"campfire_upgraded":2,"win_rate":0.0,"timestamp":1610713289,"path_taken":["M","?","?","?","M","R","E","M","T","$","E","R","?","M","R","BOSS","M","$","?","?","?","R","?","E"],"items_purchased_type":["Card","Card","Card"],"build_version":"2020-12-22","purchased_purges":2,"victory":false,"max_hp_per_floor":[75,75,75,80,80,80,80,80,80,80,80,80,85,85,85,85,85,85,85,85,85,90,90,90,90,90],"card_choices":[{"not_picked":["True Grit","Thunderclap"],"picked":"Feel No Pain","floor":1.0},{"not_picked":["Body Slam","Thunderclap"],"picked":"Pommel Strike","floor":3.0},{"not_picked":["Whirlwind","Combust","True Grit"],"picked":"SKIP","floor":5.0},{"not_picked":["Sword Boomerang","True Grit","Clash"],"picked":"SKIP","floor":7.0},{"not_picked":["Dual Wield","Combust"],"picked":"Rage","floor":8.0},{"not_picked":["Shockwave","Warcry"],"picked":"Immolate","floor":11.0},{"not_picked":["Pummel","Whirlwind","Rupture"],"picked":"SKIP","floor":14.0},{"not_picked":["Iron Wave","Body Slam"],"picked":"Battle Trance","floor":15.0},{"not_picked":["Dual Wield","Disarm"],"picked":"Burning Pact","floor":18.0},{"not_picked":["Pommel Strike","Feel No Pain"],"picked":"Dropkick","floor":24.0}],"player_experience":129359,"relics_obtained":[{"floor":7.0,"key":"Whetstone"},{"floor":9.0,"key":"Omamori"},{"floor":11.0,"key":"Dream Catcher"},{"floor":13.0,"key":"Smiling Mask"}],"event_choices":[{"damage_healed":0.0,"max_hp_gain":0.0,"max_hp_loss":0.0,"gold_gain":50.0,"event_name":"FaceTrader","player_choice":"Touch","floor":2.0,"gold_loss":0.0,"damage_taken":7.0},{"damage_healed":0.0,"max_hp_gain":5.0,"max_hp_loss":0.0,"gold_gain":0.0,"event_name":"Big Fish","player_choice":"Donut","floor":4.0,"gold_loss":0.0,"damage_taken":0.0},{"damage_healed":0.0,"max_hp_gain":0.0,"max_hp_loss":0.0,"gold_gain":0.0,"event_name":"Back to Basics","player_choice":"Simplicity","floor":20.0,"gold_loss":0.0,"damage_taken":0.0,"cards_upgraded":["Strike_R","Defend_R","Defend_R","Defend_R","Defend_R"]},{"damage_healed":0.0,"max_hp_gain":0.0,"max_hp_loss":0.0,"gold_gain":50.0,"event_name":"Nest","player_choice":"Stole From Cult","floor":21.0,"gold_loss":0.0,"damage_taken":0.0},{"damage_healed":0.0,"max_hp_gain":5.0,"max_hp_loss":0.0,"gold_gain":0.0,"event_name":"Forgotten Altar","player_choice":"Shed Blood","floor":22.0,"gold_loss":0.0,"damage_taken":30.0}],"is_beta":false,"boss_relics":[{"not_picked":["Fusion Hammer","Black Star"],"picked":"SacredBark"}],"items_purged_floors":[10,19],"is_endless":false,"potions_floor_spawned":[3,5,7,8,14,18],"killed_by":"Book of Stabbing","ascension_level":18}}