{"host":"cjhtzh7tp54jdfyv","time":1610732077,"event":{"mods":["AchievementEnabler","BaseMod","Colored Map","Colored Powertips","Curses Come First","DeckTracker","Filter the Spire","Minty Spire (QoL Compilation)","RNG Fix","Relic Sorter","Relic Stats","StSLib","UnlockEverythingMod","ojb\u0027s Better Paths Mod","ojb\u0027s Info Mod"],"gold_per_floor":[109,119,119,119,135,161,161,191,191,191,16,41,59,75,75,146,146,166,146,146,165,165,165,165,190,270,195,211,211,211,7,7,81,81,96,96,0,0,17,17,17],"floor_reached":40,"language":"ENG","playtime":2482,"items_purged":["Regret"],"score":840,"play_id":"91048c64-7e87-407e-8f58-6e4ed78aa548","local_time":"20210115123437","is_ascension_mode":true,"campfire_choices":[{"floor":7,"key":"REST"},{"floor":15,"key":"REST"},{"data":"Phantasmal Killer","floor":23,"key":"SMITH"},{"data":"Eviscerate","floor":29,"key":"SMITH"},{"data":"Leg Sweep","floor":32,"key":"SMITH"}],"circlet_count":0,"master_deck":["AscendersBane","Strike_G","Defend_G+1","Defend_G","Defend_G+1","Defend_G","Survivor","Neutralize","Quick Slash","Dagger Spray","Dash","Leg Sweep+1","Acrobatics","Poisoned Stab","Phantasmal Killer+1","Venomology","Quick Slash","Eviscerate+1","Quick Slash+1","Mayhem","Die Die Die","Madness","Madness"],"relics":["Busted Crown","Blue Candle","Eternal Feather","Boot","Juzu Bracelet","Bronze Scales","Runic Pyramid","War Paint","Gremlin Horn","Runic Dome","Red Mask"],"acts_visited":["Exordium","TheCity","TheBeyond"],"potions_floor_usage":[6,6,8,12,16,18,19,21,21,25,25,33,39],"damage_taken":[{"damage":0,"enemies":"Small Slimes","floor":1,"turns":4},{"damage":1,"enemies":"2 Louse","floor":2,"turns":3},{"damage":7,"enemies":"Cultist","floor":5,"turns":5},{"damage":50,"enemies":"Gremlin Nob","floor":6,"turns":6},{"damage":25,"enemies":"Lagavulin","floor":8,"turns":7},{"damage":2,"enemies":"3 Sentries","floor":12,"turns":6},{"damage":0,"enemies":"Exordium Wildlife","floor":13,"turns":2},{"damage":0,"enemies":"3 Louse","floor":14,"turns":2},{"damage":17,"enemies":"Hexaghost","floor":16,"turns":12},{"damage":6,"enemies":"Shell Parasite","floor":18,"turns":6},{"damage":2,"enemies":"Spheric Guardian","floor":21,"turns":5},{"damage":27,"enemies":"Slavers","floor":25,"turns":6},{"damage":0,"enemies":"Centurion and Healer","floor":28,"turns":6},{"damage":18,"enemies":"Automaton","floor":33,"turns":9},{"damage":18,"enemies":"3 Darklings","floor":35,"turns":5},{"damage":6,"enemies":"Orb Walker","floor":39,"turns":5},{"damage":32,"enemies":"Giant Head","floor":40,"turns":7}],"seed_played":"-8990214988429766521","potions_obtained":[{"floor":1,"key":"Swift Potion"},{"floor":4,"key":"SpeedPotion"},{"floor":6,"key":"AttackPotion"},{"floor":8,"key":"DistilledChaos"},{"floor":13,"key":"Ancient Potion"},{"floor":14,"key":"Swift Potion"},{"floor":16,"key":"Fruit Juice"},{"floor":18,"key":"DistilledChaos"},{"floor":19,"key":"SpeedPotion"},{"floor":28,"key":"DistilledChaos"},{"floor":33,"key":"GhostInAJar"}],"is_trial":false,"path_per_floor":["M","M","?","?","M","E","R","E","T","?","$","E","M","M","R","B",null,"M","?","?","M","?","R","?","E","T","?","M","R","?","$","R","B",null,"M","?","?","?","M","E"],"character_chosen":"THE_SILENT","items_purchased":["Dash","Fire Potion","Mayhem"],"campfire_rested":2,"item_purchase_floors":[11,11,31],"current_hp_per_floor":[59,58,58,58,51,1,29,4,4,4,4,2,2,2,30,13,53,47,52,52,50,50,62,42,15,15,15,15,27,27,27,39,21,62,44,44,44,30,24,0,0],"gold":17,"neow_bonus":"BOSS_RELIC","is_daily":false,"chose_seed":false,"campfire_upgraded":3,"win_rate":0.0,"timestamp":1610732077,"path_taken":["M","M","?","?","M","E","R","E","T","?","$","E","M","M","R","BOSS","M","?","?","M","?","R","?","E","T","?","M","R","?","$","R","BOSS","M","?","?","?","M","E"],"items_purchased_type":["Card","Potion","Card"],"build_version":"2020-12-22","purchased_purges":1,"victory":false,"max_hp_per_floor":[66,66,66,66,66,66,66,66,66,66,66,66,66,66,66,66,66,66,71,71,71,71,71,76,76,76,76,76,76,76,76,76,76,76,76,76,76,76,76,76,76],"relic_stats":{"Busted Crown":32,"Gremlin Horn":[5,7],"counters":[17,96],"Blue Candle":[3],"Bronze Scales":[201],"Eternal Feather":54,"Juzu Bracelet":3,"War Paint":["Defend_G","Defend_G"],"Boot":[67],"obtain_stats":[{"Runic Dome":34,"Busted Crown":0,"Gremlin Horn":26,"Blue Candle":3,"Bronze Scales":12,"Eternal Feather":6,"Juzu Bracelet":9,"Red Mask":37,"War Paint":25,"Boot":8,"Ring of the Snake":0,"Runic Pyramid":17},{"Runic Dome":14,"Busted Crown":0,"Gremlin Horn":12,"Blue Candle":2,"Bronze Scales":6,"Eternal Feather":4,"Juzu Bracelet":5,"Red Mask":15,"War Paint":12,"Boot":5,"Ring of the Snake":0,"Runic Pyramid":9},{"Runic Dome":79,"Busted Crown":0,"Gremlin Horn":64,"Blue Candle":7,"Bronze Scales":31,"Eternal Feather":18,"Juzu Bracelet":25,"Red Mask":84,"War Paint":64,"Boot":25,"Ring of the Snake":0,"Runic Pyramid":47}]},"card_choices":[{"not_picked":["PiercingWail"],"picked":"SKIP","floor":1},{"not_picked":[],"picked":"Quick Slash","floor":2},{"not_picked":["Catalyst"],"picked":"SKIP","floor":5},{"not_picked":[],"picked":"Dagger Spray","floor":6},{"not_picked":["Deflect"],"picked":"SKIP","floor":8},{"not_picked":[],"picked":"Leg Sweep","floor":12},{"not_picked":[],"picked":"Acrobatics","floor":13},{"not_picked":[],"picked":"Poisoned Stab","floor":14},{"not_picked":[],"picked":"Phantasmal Killer","floor":16},{"not_picked":["Deflect"],"picked":"SKIP","floor":18},{"not_picked":["Slice"],"picked":"SKIP","floor":21},{"not_picked":[],"picked":"Eviscerate","floor":25},{"not_picked":[],"picked":"Quick Slash+1","floor":28},{"not_picked":[],"picked":"Die Die Die","floor":33},{"not_picked":["Choke+1"],"picked":"SKIP","floor":35},{"not_picked":["Bane+1"],"picked":"SKIP","floor":39}],"player_experience":4551563,"relics_obtained":[{"floor":6,"key":"Eternal Feather"},{"floor":8,"key":"Boot"},{"floor":9,"key":"Juzu Bracelet"},{"floor":12,"key":"Bronze Scales"},{"floor":25,"key":"War Paint"},{"floor":26,"key":"Gremlin Horn"}],"event_choices":[{"damage_healed":0,"gold_gain":0,"player_choice":"Box","damage_taken":0,"relics_obtained":["Blue Candle"],"max_hp_gain":0,"max_hp_loss":0,"event_name":"Big Fish","floor":3,"gold_loss":0,"cards_obtained":["Regret"]},{"damage_healed":0,"gold_gain":0,"player_choice":"Got Potions","damage_taken":0,"max_hp_gain":0,"max_hp_loss":0,"event_name":"Lab","floor":4,"gold_loss":0},{"damage_healed":0,"gold_gain":0,"player_choice":"Fled","damage_taken":0,"max_hp_gain":0,"max_hp_loss":0,"event_name":"Scrap Ooze","floor":10,"gold_loss":0},{"damage_healed":0,"gold_gain":0,"player_choice":"Bought 1 Potion","damage_taken":0,"max_hp_gain":0,"max_hp_loss":0,"event_name":"The Woman in Blue","floor":19,"gold_loss":0},{"damage_healed":0,"gold_gain":0,"cards_transformed":["Strike_G","Strike_G"],"player_choice":"Became Test Subject","damage_taken":0,"max_hp_gain":0,"max_hp_loss":0,"event_name":"Drug Dealer","floor":20,"gold_loss":0,"cards_obtained":["Venomology","Quick Slash"]},{"damage_healed":0,"gold_gain":0,"player_choice":"Ignored","damage_taken":0,"max_hp_gain":0,"max_hp_loss":0,"event_name":"Vampires","floor":22,"gold_loss":0},{"damage_healed":0,"gold_gain":0,"player_choice":"Shed Blood","damage_taken":25,"max_hp_gain":5,"max_hp_loss":0,"event_name":"Forgotten Altar","floor":24,"gold_loss":0},{"cards_removed":["Strike_G"],"damage_healed":0,"gold_gain":0,"player_choice":"Gave Gold","damage_taken":0,"max_hp_gain":0,"max_hp_loss":0,"event_name":"Beggar","floor":27,"gold_loss":75},{"cards_removed":["Strike_G"],"damage_healed":0,"gold_gain":0,"player_choice":"Offered Basic","damage_taken":0,"max_hp_gain":0,"max_hp_loss":0,"event_name":"Bonfire Elementals","floor":30,"gold_loss":0},{"cards_removed":["Defend_G"],"damage_healed":0,"gold_gain":0,"player_choice":"Removed Skill","damage_taken":0,"max_hp_gain":0,"max_hp_loss":0,"event_name":"Falling","floor":36,"gold_loss":0},{"damage_healed":0,"gold_gain":0,"player_choice":"Paid","damage_taken":0,"relics_obtained":["Red Mask"],"max_hp_gain":0,"max_hp_loss":0,"event_name":"Tomb of Lord Red Mask","floor":37,"gold_loss":96},{"damage_healed":0,"gold_gain":0,"player_choice":"Embrace Madness","damage_taken":14,"max_hp_gain":0,"max_hp_loss":0,"event_name":"Winding Halls","floor":38,"gold_loss":0,"cards_obtained":["Madness","Madness"]}],"is_beta":false,"boss_relics":[{"not_picked":["Black Star","WristBlade"],"picked":"Runic Pyramid"},{"not_picked":["Sozu","Snecko Eye"],"picked":"Runic Dome"}],"items_purged_floors":[11],"is_endless":false,"potions_floor_spawned":[1,6,8,13,14,16,18,28,33,35],"killed_by":"Giant Head","ascension_level":20}}