{"host":"ee5exjejqz6r5zx9","time":1610696184,"event":{"mods":["Act Like it!","BaseMod","Card Forge","Colored Powertips","Custom Start","Gensokyo","HololiveMod","Minty Spire (QoL Compilation)","MostiFishMod","Pale of the Ancients","Quick Restart","Rare Cards Sparkle","Remove Card Discount Mod","Replay The Spire","RumiaBox-露米娅的神秘盒子","Ryuuou龙王","Shop Mod","StSLib","TestMod","Yakumo Yukari mod","【功能Mod】混沌之环修复补丁","【遗物卡牌】REMEMod"],"gold_per_floor":[3333,3344,3356,3093,3093,3124,3124,3157,3157,3177,3197,3197,3197,3210,3210,3281,3281,3292,3311,3138,3138,3157,3157,3186,2582,2660,2690,2613,2648,2664,2690,2690,2781,2881,2899,2923,2923,2941,2941,2980,2980,3018,3018,3018,3037,3037,3037,3062,3062,3072,3083,3083,3083,2835,2869,2879],"floor_reached":57,"language":"ZHS","playtime":1473,"items_purged":[],"score":4950,"play_id":"1fd5ead3-f78a-4af7-98b3-adee9a368cc6","local_time":"20210115153624","is_ascension_mode":true,"campfire_choices":[{"data":"CarveReality","floor":7.0,"key":"SMITH"},{"floor":12.0,"key":"REST"},{"floor":15.0,"key":"RECALL"},{"data":"Adaptation","floor":32.0,"key":"SMITH"},{"data":"Defend_P","floor":44,"key":"SMITH"},{"data":"Defend_P","floor":46,"key":"SMITH"},{"data":"Defend_P","floor":49,"key":"SMITH"},{"data":"Defend_P","floor":53,"key":"SMITH"}],"circlet_count":0,"master_deck":["AscendersBane","Defend_P","Defend_P+3","Eruption+1","Vigilance+1","Evaluate+1","TalkToTheHand+1","Ragnarok+1","MostiFishMod:FlowState+1","CarveReality+1","Brilliance+1","Adaptation+1","MostiFishMod:StarHerder+1","InnerPeace+1","Tantrum+1","MostiFishMod:Speedup"],"relics":["PureWater","Hammer of Thor","Seething Fire","Anvil of the Gods","testmod-TestBox","REME_ComplimentaryCards","DaveBox","testmod-Motorcycle","SynthV:MejaisSoulstealer","SynthV:TestCard","Bag of Preparation","GodSword4","Coffee Dripper","Damaru","ReplayFunnel","Medical Kit","Pantograph","Pen Nib","Eternal Feather","testmod-LifeArmor","SynthV:C4","testmod-TheFather","Replay:Wanted Poster","OriginationStaff","Simple Rune","Replay:Accelerometer","Akabeko","testmod-Hope"],"acts_visited":["Exordium","TheCity","TheBeyond","TheEnding"],"potions_floor_usage":[51],"damage_taken":[{"damage":11.0,"enemies":"Jaw Worm","floor":1.0,"turns":4.0},{"damage":4.0,"enemies":"Small Slimes","floor":2.0,"turns":3.0},{"damage":0.0,"enemies":"Cultist","floor":3.0,"turns":2.0},{"damage":12.0,"enemies":"3 Sentries","floor":6.0,"turns":4.0},{"damage":0.0,"enemies":"Lagavulin","floor":8.0,"turns":3.0},{"damage":0.0,"enemies":"2 Fungi Beasts","floor":10.0,"turns":2.0},{"damage":0.0,"enemies":"Exordium Wildlife","floor":11.0,"turns":1.0},{"damage":0.0,"enemies":"Gremlin Gang","floor":14.0,"turns":2.0},{"damage":0.0,"enemies":"The Guardian","floor":16.0,"turns":3.0},{"damage":0.0,"enemies":"Spheric Guardian","floor":18.0,"turns":1.0},{"damage":0.0,"enemies":"Chosen","floor":19.0,"turns":1.0},{"damage":0.0,"enemies":"Shelled Parasite and Fungi","floor":22.0,"turns":2.0},{"damage":0.0,"enemies":"REME_1_Revenger","floor":24.0,"turns":2.0},{"damage":0.0,"enemies":"Slavers","floor":27.0,"turns":3.0},{"damage":0.0,"enemies":"Book of Stabbing","floor":29.0,"turns":1.0},{"damage":0.0,"enemies":"Cultist and Chosen","floor":30.0,"turns":2.0},{"damage":0.0,"enemies":"Slavers","floor":31.0,"turns":2.0},{"damage":0.0,"enemies":"Pondfish","floor":33.0,"turns":4.0},{"damage":0.0,"enemies":"Orb Walker","floor":35.0,"turns":2.0},{"damage":0.0,"enemies":"3 Shapes","floor":36.0,"turns":2.0},{"damage":0.0,"enemies":"Maw","floor":38.0,"turns":3.0},{"damage":0,"enemies":"R_Hoarder","floor":40,"turns":2},{"damage":0,"enemies":"Reptomancer","floor":42,"turns":1},{"damage":0,"enemies":"Writhing Mass","floor":45,"turns":1},{"damage":0,"enemies":"3 Darklings","floor":48,"turns":2},{"damage":0,"enemies":"Time Eater","floor":50,"turns":3},{"damage":0,"enemies":"Replay:Hell Engine","floor":51,"turns":2},{"damage":13,"enemies":"Shield and Spear","floor":55,"turns":3},{"damage":2,"enemies":"The Heart","floor":56,"turns":5}],"seed_played":"-2307268469462770371","potions_obtained":[{"floor":2.0,"key":"BlessingOfTheForge"},{"floor":8.0,"key":"Adrenaline Potion"},{"floor":16.0,"key":"LiquidMemories"},{"floor":24.0,"key":"Block Potion"},{"floor":36.0,"key":"Death Potion"},{"floor":55,"key":"Energy Potion"}],"is_trial":false,"path_per_floor":["M","M","M","$","?","E","R","E","T","M","M","R","?","M","R","B",null,"M","M","$","T","M","?","E","$","T","E","$","E","M","E","R","B",null,"M","M","$","M","?","E","R","E","T","R","M","R","?","M","R","B","B",null,"R","$","E","B",null],"character_chosen":"WATCHER","items_purchased":["Ragnarok","MostiFishMod:FlowState","Brilliance","Medical Kit","Pantograph","Pen Nib","Adaptation","Akabeko","MostiFishMod:Speedup"],"campfire_rested":1,"item_purchase_floors":[4,4,20,25,25,25,28,54,54],"current_hp_per_floor":[50,46,46,46,46,34,34,34,34,34,34,54,54,54,54,54,65,65,65,65,65,65,46,46,46,46,46,46,46,46,46,52,73,73,73,73,73,73,73,73,73,73,73,73,73,73,73,73,73,73,73,73,73,73,60,71],"gold":2879,"neow_bonus":"UPGRADE_CARD","is_daily":false,"chose_seed":false,"campfire_upgraded":6,"win_rate":0.0,"timestamp":1610696184,"path_taken":["M","M","M","$","?","E","R","E","T","M","M","R","?","M","R","BOSS","M","M","$","?","M","?","E","?","T","E","$","E","?","E","R","BOSS","M","M","$","?","?","E","R","E","T","R","M","R","?","M","R","BOSS","BOSS","R","$","E","BOSS"],"items_purchased_type":["Card","Card","Card","Relic","Relic","Relic","Card","Relic","Card"],"build_version":"2020-12-22","purchased_purges":0,"victory":true,"max_hp_per_floor":[68,68,68,68,68,68,68,68,68,68,68,68,68,68,68,68,68,68,68,68,68,68,73,73,73,73,73,73,73,73,73,73,73,73,73,73,73,73,73,73,73,73,73,73,73,73,73,73,73,73,73,73,73,73,73,73],"card_choices":[{"not_picked":["Replay:Anticipation","SashWhip"],"picked":"Evaluate","floor":1.0},{"not_picked":["EmptyBody","SashWhip","REME_MusicOfDeath","Evaluate","Study"],"picked":"SKIP","floor":2.0},{"not_picked":["REME_Repentance","Perseverance","Evaluate","EmptyBody"],"picked":"TalkToTheHand","floor":3.0},{"not_picked":["Conclude","PathToVictory","Establishment","CutThroughFate"],"picked":"CarveReality","floor":6.0},{"not_picked":["ClearTheMind","DeceiveReality","DeusExMachina","Pray","EmptyFist"],"picked":"SKIP","floor":8.0},{"not_picked":["PathToVictory","Replay:ManipulateFuture","JustLucky","Crescendo","Evaluate"],"picked":"SKIP","floor":10.0},{"not_picked":["Evaluate","SandsOfTime","Swivel","Replay:AtTheReady","FollowUp"],"picked":"SKIP","floor":11.0},{"not_picked":["ClearTheMind","EmptyFist","Replay:Vibes","BowlingBash","REME_MusicOfDeath"],"picked":"SKIP","floor":14.0},{"not_picked":["MostiFishMod:OutWit","MostiFishMod:Adaptation","MostiFishMod:StarWish","MostiFishMod:Moonprays"],"picked":"Brilliance","floor":16.0},{"not_picked":["Replay:BluntJabs","BowlingBash","Crescendo","MostiFishMod:Speedup","Replay:Anticipation"],"picked":"SKIP","floor":18.0},{"not_picked":["MostiFishMod:LegendTransform","FlurryOfBlows","WreathOfFlame","BowlingBash","Replay:BluntJabs"],"picked":"SKIP","floor":19.0},{"not_picked":["REME_Repentance+1","Replay:DivineShield","EmptyBody","FlurryOfBlows","Replay:BluntJabs"],"picked":"SKIP","floor":22.0},{"not_picked":["LikeWater","SashWhip","JustLucky","EmptyBody+1","FlyingSleeves+1"],"picked":"SKIP","floor":24.0},{"not_picked":["Conclude","SandsOfTime","Wish","DeceiveReality+1","Replay:Cycle+1"],"picked":"SKIP","floor":27.0},{"not_picked":["Conclude","CutThroughFate","BattleHymn","JustLucky","Protect"],"picked":"SKIP","floor":29.0},{"not_picked":["CarveReality","Crescendo","FollowUp","EmptyMind+1","Replay:Cycle"],"picked":"SKIP","floor":30.0},{"not_picked":["JustLucky","REME_EmptyShield","Replay:BluntJabs","Collect","Nirvana"],"picked":"SKIP","floor":31.0},{"not_picked":["Scrawl","MostiFishMod:DustFall","MostiFishMod:StarOceanP","MostiFishMod:OutWit"],"picked":"MostiFishMod:StarHerder","floor":33.0},{"not_picked":["FollowUp+1","MostiFishMod:FlowState","Replay:Vibes","CarveReality"],"picked":"InnerPeace","floor":35.0},{"not_picked":["SashWhip","WaveOfTheHand+1","REME_MusicOfDeath","FlyingSleeves+1","BowlingBash+1"],"picked":"SKIP","floor":36.0},{"not_picked":["BowlingBash","Crescendo","LikeWater","Replay:Cycle","Consecrate"],"picked":"SKIP","floor":38.0},{"not_picked":["MostiFishMod:Adaptation","SashWhip+1","EmptyFist","REME_Repentance"],"picked":"Tantrum","floor":40},{"not_picked":["InnerPeace","Tantrum","Replay:BluntJabs","SandsOfTime","Wish"],"picked":"SKIP","floor":42},{"not_picked":["FlyingSleeves+1","ReachHeaven","SashWhip","BattleHymn+1","Prostrate"],"picked":"SKIP","floor":45},{"not_picked":["Replay:ManipulateFuture","BattleHymn","Replay:Vibes","TalkToTheHand","Perseverance"],"picked":"SKIP","floor":48},{"not_picked":["Wallop","Swivel","FlyingSleeves+1","WindmillStrike+1","Replay:DivineShield+1"],"picked":"SKIP","floor":55}],"player_experience":438339,"relics_obtained":[{"floor":1.0,"key":"SynthV:TestCard"},{"floor":6.0,"key":"Bag of Preparation"},{"floor":8.0,"key":"GodSword4"},{"floor":21.0,"key":"Damaru"},{"floor":24.0,"key":"ReplayFunnel"},{"floor":26.0,"key":"Eternal Feather"},{"floor":27.0,"key":"testmod-LifeArmor"},{"floor":29.0,"key":"SynthV:C4"},{"floor":31.0,"key":"testmod-TheFather"},{"floor":40,"key":"OriginationStaff"},{"floor":42,"key":"Simple Rune"},{"floor":43,"key":"Replay:Accelerometer"},{"floor":55,"key":"testmod-Hope"}],"event_choices":[{"damage_healed":0.0,"max_hp_gain":0.0,"max_hp_loss":0.0,"gold_gain":0.0,"event_name":"Liars Game","player_choice":"Ignored","floor":5.0,"gold_loss":0.0,"damage_taken":0.0},{"damage_healed":0.0,"max_hp_gain":0.0,"max_hp_loss":0.0,"gold_gain":0.0,"event_name":"Purifier","player_choice":"Ignored","floor":13.0,"gold_loss":0.0,"damage_taken":0.0},{"damage_healed":0.0,"max_hp_gain":5.0,"max_hp_loss":0.0,"gold_gain":0.0,"event_name":"Forgotten Altar","player_choice":"Shed Blood","floor":23.0,"gold_loss":0.0,"damage_taken":24.0},{"cards_removed":["Defend_P"],"damage_healed":0,"gold_gain":0,"player_choice":"Removed Skill","damage_taken":0,"max_hp_gain":0,"max_hp_loss":0,"event_name":"Falling","floor":39,"gold_loss":0},{"cards_removed":["Brilliance"],"damage_healed":0,"gold_gain":0,"player_choice":"Purged","damage_taken":0,"max_hp_gain":0,"max_hp_loss":0,"event_name":"Purifier","floor":47,"gold_loss":0}],"is_beta":false,"boss_relics":[{"not_picked":["testmod-BatchProcessingSystem","REME_DuelDisc"],"picked":"Coffee Dripper"},{"not_picked":["Black Star","testmod-Prudence"],"picked":"Replay:Wanted Poster"}],"items_purged_floors":[],"is_endless":false,"potions_floor_spawned":[2,8,11,16,19,22,24,31,35,36,40,48,55],"ascension_level":20}}