{"host":"6jtzbi9kl8x9w6dt","time":1610682603,"event":{"mods":["Act Like it!","Aspiration","BaseMod","BetterRewards","Colored Powertips","Defuse TimeMaze Blight","Downfall","Friendly Minions","Halation","Hallownest","Hermit","Hubris","Marisa????????","Mimic Mod","Minty Spire (QoL Compilation)","Prisma Mod","READ ME - Guardian Mod","StSLib","SuperFastMode","Td1madao Mod","The Animator","The Bladedancer","The Construct","The Cursed","The Disciple","The Hierophant","The Mystic","The Necromancer","The Senshi","The Servant 0.9.4"],"gold_per_floor":[99,111,111,124,134,119,144,30,45,45,30,62,62,62,82,186,186,111,122,133,133,79,99,124,124,149,149,181,136,136,46,61,162,162,12,30,30,49,34,34,84,98,112,112,142,142,169,182,182,182],"floor_reached":49,"language":"ENG","playtime":2664,"items_purged":["Strike_S"],"score":708,"play_id":"9516ce93-2b06-44aa-8595-c2e6ff634376","local_time":"20210114195003","is_ascension_mode":false,"campfire_choices":[{"floor":1,"key":"RECALL"},{"data":"FloweringNight","floor":10,"key":"SMITH"},{"data":"Embodiment","floor":18,"key":"SMITH"},{"data":"Embodiment","floor":35,"key":"SMITH"},{"data":"Collapse","floor":40,"key":"SMITH"},{"floor":46,"key":"REST"}],"circlet_count":0,"master_deck":["Strike_S","Defend_S","Defend_S","Defend_S","Defend_S","KidneyShot","Exchange","Starlight","SilverBlades","Barrier","Starlight","FloweringNight+1","InstantArmor","SilverBlades","Alleviate","Embodiment+1","Defy+1","InstantArmor+1","GearUp","Rearm+1","Sunlight","BottledTime+1","Contraction","SilverBlades+1","Embodiment+1","Collapse+1","Ricochet","FastForward","ShatteredReality","Potential","SilverBlades+1"],"relics":["Uniform","Vajra","theSenshi:SailorFukuRelic","hubris:TinFlute","Ancient Tea Set","Pen Nib","aspiration:FutureDiary","downfall:HeartBlessingRed","hubris:TenFootPole","Juzu Bracelet","Hallownest:StagBellRelic1","MysterySword","downfall:HeartBlessingGreen","downfall:HeartBlessingBlue","Bronze Scales","halation:PapillonHeart","Darkstone Periapt","Shuriken"],"acts_visited":["Exordium","Hallownest:CityofTears","TheBeyond"],"potions_floor_usage":[8,12,16,26,26,28,28,33,47],"damage_taken":[{"damage":0,"enemies":"Small Slimes","floor":2,"turns":3},{"damage":0,"enemies":"Cultist","floor":4,"turns":3},{"damage":0,"enemies":"2 Louse","floor":5,"turns":2},{"damage":0,"enemies":"downfall:FleeingMerchant","floor":6,"turns":4},{"damage":3,"enemies":"downfall:FleeingMerchant","floor":8,"turns":4},{"damage":2,"enemies":"Blue Slaver","floor":9,"turns":4},{"damage":0,"enemies":"downfall:FleeingMerchant","floor":11,"turns":4},{"damage":0,"enemies":"Gremlin Nob","floor":12,"turns":3},{"damage":16,"enemies":"Exordium Thugs","floor":15,"turns":3},{"damage":15,"enemies":"downfall:Defect","floor":16,"turns":8},{"damage":0,"enemies":"Hallownest:2_Mistakes","floor":19,"turns":4},{"damage":0,"enemies":"Hallownest:3_Youths","floor":20,"turns":5},{"damage":0,"enemies":"downfall:FleeingMerchant","floor":22,"turns":4},{"damage":0,"enemies":"Hallownest:monsterShrumalOgre","floor":23,"turns":4},{"damage":0,"enemies":"Hallownest:Nosk","floor":26,"turns":7},{"damage":0,"enemies":"Hallownest:eliteSoulWarrior","floor":28,"turns":5},{"damage":6,"enemies":"Hallownest:2_Husk_Sentries","floor":32,"turns":8},{"damage":9,"enemies":"downfall:Ironclad","floor":33,"turns":6},{"damage":0,"enemies":"3 Darklings","floor":36,"turns":3},{"damage":2,"enemies":"3 Shapes","floor":38,"turns":2},{"damage":24,"enemies":"downfall:FleeingMerchant","floor":39,"turns":4},{"damage":19,"enemies":"Writhing Mass","floor":42,"turns":4},{"damage":0,"enemies":"Transient","floor":43,"turns":5},{"damage":19,"enemies":"Reptomancer","floor":45,"turns":5},{"damage":0,"enemies":"Giant Head","floor":47,"turns":4},{"damage":12,"enemies":"Sphere and 2 Shapes","floor":48,"turns":3},{"damage":33,"enemies":"4 Shapes","floor":49,"turns":1}],"seed_played":"-5845432325496319918","potions_obtained":[{"floor":9,"key":"DistilledChaos"},{"floor":12,"key":"PowerPotion"},{"floor":16,"key":"Strength Potion"},{"floor":23,"key":"PowerPotion"},{"floor":26,"key":"Fruit Juice"},{"floor":28,"key":"Strength Potion"},{"floor":33,"key":"Dexterity Potion"},{"floor":42,"key":"BlessingOfTheForge"},{"floor":45,"key":"DuplicationPotion"}],"is_trial":false,"path_per_floor":["R","M","?","M","M","$","T","$","M","R","$","E","?","T","M","B",null,"R","M","M","?","$","M","T","?","E","$","E","?","?","?","M","B",null,"R","M","?","M","$","R","T","M","M","?","E","R","E","M","M"],"character_chosen":"THE_SERVANT","items_purchased":["Fruit Juice","GearUp","hubris:TenFootPole","ColorlessPotion"],"campfire_rested":1,"item_purchase_floors":[8,22,27,27],"current_hp_per_floor":[65,65,65,65,65,65,65,67,65,65,65,65,58,58,42,27,70,70,70,70,66,66,66,66,66,66,51,56,56,56,56,50,41,75,85,85,85,83,59,59,59,40,40,40,21,45,45,33,0,0],"gold":182,"neow_bonus":"RANDOM_COMMON_RELIC","is_daily":false,"chose_seed":false,"campfire_upgraded":4,"win_rate":0.0,"timestamp":1610682603,"path_taken":["R","M","?","?","M","$","T","?","M","R","$","E","?","?","M","BOSS","R","M","M","?","$","M","T","?","E","?","E","?","?","?","M","BOSS","R","M","?","M","$","R","T","M","M","?","E","R","E","M","M"],"items_purchased_type":["Potion","Card","Relic","Potion"],"build_version":"2020-12-22","purchased_purges":1,"victory":false,"max_hp_per_floor":[65,65,65,65,65,65,65,70,70,70,70,70,70,70,70,70,70,70,70,70,70,70,70,70,70,70,70,75,75,75,75,75,75,75,85,85,85,85,85,85,85,85,85,81,81,81,81,81,81,81],"card_choices":[{"not_picked":["Alleviate","Contraction"],"picked":"Starlight","floor":2},{"not_picked":["FastForward","ShatteredReality"],"picked":"SilverBlades","floor":4},{"not_picked":["Shuttle","Read"],"picked":"Barrier","floor":5},{"not_picked":["Shuttle","Foresight"],"picked":"Starlight","floor":6},{"not_picked":["Collapse","ShatteredReality"],"picked":"FloweringNight","floor":8},{"not_picked":["Starlight","Potential"],"picked":"InstantArmor","floor":9},{"not_picked":["Revamp","Alleviate","Rewind"],"picked":"SKIP","floor":11},{"not_picked":["Initiator","GearUp"],"picked":"SilverBlades","floor":12},{"not_picked":["Rearm","Defy"],"picked":"Alleviate","floor":15},{"not_picked":["Solidify","Duplication"],"picked":"Embodiment","floor":16},{"not_picked":["Spin","DoubleEdge+1"],"picked":"Defy+1","floor":19},{"not_picked":["Foresight","Replace+1"],"picked":"InstantArmor+1","floor":20},{"not_picked":["Starlight","RealityMarble","Hightail+1"],"picked":"SKIP","floor":22},{"not_picked":["ShiftingGears","TimeWarp+1"],"picked":"Rearm+1","floor":23},{"not_picked":["Unruled","FanOfKnives"],"picked":"Sunlight","floor":25},{"not_picked":["Revamp+1","Reset"],"picked":"BottledTime+1","floor":25},{"not_picked":["Starlight","Rewind"],"picked":"Contraction","floor":26},{"not_picked":["MoonPhase","FloweringNight"],"picked":"SilverBlades+1","floor":28},{"not_picked":["BottledTime+1","Snipe","Collapse"],"picked":"SKIP","floor":32},{"not_picked":["LightFlow","PendulumOfEternity"],"picked":"Embodiment","floor":33},{"not_picked":["InstantArmor","BottledTime"],"picked":"Collapse","floor":36},{"not_picked":["Comet+1","WasteNot","Defy"],"picked":"SKIP","floor":38},{"not_picked":["Unruled+1","Rewind"],"picked":"Ricochet","floor":39},{"not_picked":["Spin","BottledTime"],"picked":"FastForward","floor":42},{"not_picked":["Defy","Initiator"],"picked":"ShatteredReality","floor":43},{"not_picked":["TimeWarp+1","Spin+1"],"picked":"Potential","floor":45},{"not_picked":["Rearm","Starlight","Spin+1"],"picked":"SKIP","floor":47},{"not_picked":["Spin","DoubleEdge"],"picked":"SilverBlades+1","floor":48}],"player_experience":87880,"relics_obtained":[{"floor":7,"key":"theSenshi:SailorFukuRelic"},{"floor":12,"key":"hubris:TinFlute"},{"floor":14,"key":"Pen Nib"},{"floor":28,"key":"Juzu Bracelet"},{"floor":41,"key":"Bronze Scales"},{"floor":45,"key":"Darkstone Periapt"},{"floor":47,"key":"Shuriken"}],"event_choices":[{"cards_removed":["Strike_S"],"damage_healed":0,"gold_gain":0,"player_choice":"Purged","damage_taken":0,"max_hp_gain":0,"max_hp_loss":0,"event_name":"Purifier","floor":3,"gold_loss":0},{"damage_healed":0,"gold_gain":0,"player_choice":"Success","damage_taken":7,"relics_obtained":["Ancient Tea Set"],"max_hp_gain":0,"max_hp_loss":0,"event_name":"Scrap Ooze","floor":13,"gold_loss":0}],"is_beta":false,"boss_relics":[{"not_picked":["Runic Pyramid","Astrolabe"],"picked":"aspiration:FutureDiary"},{"not_picked":["Cursed Key","Coffee Dripper"],"picked":"MysterySword"}],"items_purged_floors":[27],"is_endless":false,"potions_floor_spawned":[9,12,16,23,26,28,33,42,45],"killed_by":"4 Shapes","ascension_level":0}}