{"host":"dlqyscxstsnu98l1","time":1610731501,"event":{"mods":["AchievementEnabler","BaseMod","Bestiary","Colored Map","Colored Powertips","Conspire","GifTheSpireLib","Highlight Path","Minty Spire (QoL Compilation)","Random Character Button","Replay The Spire","SacredBarkPlus","StSLib"],"gold_per_floor":[114,129,147,147,159,159,184,184,184,184,209,238,257,291,291,388,388,447,51,51,70,70,148,212,240,240,240,298,298,363,390,390,490,490,509,254,224,234,234,261,261,293,293,324,324,386,386,415,415,415,415,415,28,54,54],"floor_reached":56,"language":"ENG","playtime":5773,"items_purged":["Strike_G","Defend_G"],"score":1600,"play_id":"a43ed1ce-d7c9-448e-85d6-96ee716ae5ae","local_time":"20210115112501","is_ascension_mode":true,"campfire_choices":[{"data":"Prepared","floor":6,"key":"SMITH"},{"data":"Neutralize","floor":8,"key":"SMITH"},{"data":"Dagger Throw","floor":10,"key":"SMITH"},{"data":"Terror","floor":15,"key":"SMITH"},{"floor":27,"key":"REST"},{"floor":29,"key":"RECALL"},{"data":"Defend_G","floor":32,"key":"PURGE"},{"data":"ReplayTheSpireMod:Scrap Shanks","floor":41,"key":"SMITH"},{"data":"After Image","floor":45,"key":"SMITH"},{"data":"Footwork","floor":47,"key":"SMITH"},{"data":"ReplayTheSpireMod:Scrap Shanks","floor":49,"key":"SMITH"},{"data":"Prepared","floor":52,"key":"SMITH"}],"circlet_count":0,"master_deck":["Strike_G+1","Defend_G","Defend_G","Defend_G+1","Survivor","Neutralize+1","Outmaneuver","Prepared+1","Terror+1","Dagger Throw+1","Backflip","Venomology+1","Acrobatics","Footwork+1","Atom Bomb+1","All Out Attack","ReplayTheSpireMod:Scrap Shanks+1","ReplayTheSpireMod:Speed Training","PiercingWail+1","Prepared+1","ReplayTheSpireMod:Faulty Equipment","ReplayTheSpireMod:Scrap Shanks+1","After Image+1","Acrobatics","ReplayTheSpireMod:Scrap Shanks+1","Writhe","Reflex","conspire:Blindness","Underhanded Strike","Tactician+1","ReplayTheSpireMod:Scrap Shanks","Footwork","Prepared+1"],"relics":["Ring of the Snake","NeowsBlessing","ReplayTheSpireMod:Ring of Addiction","Toy Ornithopter","Potion Belt","ReplayTheSpireMod:Ring of Challenge","Kunai","conspire:DeflatedDodgeball","Replay:Mystery Machine","Mercury Hourglass","Cursed Key","White Beast Statue","Oddly Smooth Stone","Pondfish Scales","Matryoshka","Simple Rune","Centennial Puzzle","HoveringKite","Guide Book","Bag of Preparation","Pet Ghost","Replay:Rubber Ducky","HornCleat","ReplayTheSpireMod:Shallot","Anchor","ReplayTheSpireMod:Ninjato","Replay:WaspNest"],"acts_visited":["Exordium","TheCity","TheBeyond","TheEnding"],"potions_floor_usage":[5,7,11,12,14,16,16,18,21,23,23,24,24,25,25,25,25,28,28,28,30,31,33,35,38,40,44,44,46,46,48,48,50,50,50,50,50,55,55,55,55],"damage_taken":[{"damage":0,"enemies":"conspire:RoseBush","floor":1,"turns":1},{"damage":0,"enemies":"Jaw Worm","floor":2,"turns":1},{"damage":0,"enemies":"Cultist","floor":3,"turns":1},{"damage":0,"enemies":"conspire:2 RoseBushes","floor":5,"turns":5},{"damage":30,"enemies":"3 Sentries","floor":7,"turns":13},{"damage":10,"enemies":"Replay:BlueRogue","floor":11,"turns":5},{"damage":0,"enemies":"Lots of Slimes","floor":12,"turns":5},{"damage":0,"enemies":"Blue Slaver","floor":13,"turns":4},{"damage":13,"enemies":"Lagavulin","floor":14,"turns":8},{"damage":10,"enemies":"The Guardian","floor":16,"turns":12},{"damage":4,"enemies":"Chosen","floor":18,"turns":9},{"damage":17,"enemies":"2 Thieves","floor":21,"turns":3},{"damage":34,"enemies":"Book of Stabbing","floor":23,"turns":6},{"damage":40,"enemies":"Centurion and Healer","floor":24,"turns":6},{"damage":0,"enemies":"Replay:Snechameleon","floor":25,"turns":4},{"damage":8,"enemies":"Snake Plant","floor":28,"turns":5},{"damage":9,"enemies":"Sentry and Sphere","floor":30,"turns":4},{"damage":0,"enemies":"conspire:SneckoGhost","floor":31,"turns":5},{"damage":9,"enemies":"Automaton","floor":33,"turns":5},{"damage":3,"enemies":"Orb Walker","floor":35,"turns":3},{"damage":9,"enemies":"3 Shapes","floor":38,"turns":4},{"damage":0,"enemies":"R_Hoarder","floor":40,"turns":7},{"damage":0,"enemies":"Reptomancer","floor":42,"turns":4},{"damage":7,"enemies":"R_Hoarder","floor":44,"turns":4},{"damage":31,"enemies":"Maw","floor":46,"turns":7},{"damage":4,"enemies":"Jaw Worm Horde","floor":48,"turns":3},{"damage":52,"enemies":"Time Eater","floor":50,"turns":12},{"damage":0,"enemies":"Shield and Spear","floor":54,"turns":3},{"damage":51,"enemies":"The Heart","floor":55,"turns":5}],"seed_played":"4637657265702448403","potions_obtained":[{"floor":1,"key":"PowerPotion"},{"floor":4,"key":"Block Potion"},{"floor":4,"key":"Flashbang"},{"floor":4,"key":"AttackPotion"},{"floor":5,"key":"Dexterity Potion"},{"floor":7,"key":"Reflective Coating"},{"floor":11,"key":"CunningPotion"},{"floor":12,"key":"Toxic Potion"},{"floor":14,"key":"CunningPotion"},{"floor":21,"key":"Energy Potion"},{"floor":23,"key":"Block Potion"},{"floor":24,"key":"Block Potion"},{"floor":25,"key":"ColorlessPotion"},{"floor":28,"key":"Adrenaline Potion"},{"floor":30,"key":"Ancient Potion"},{"floor":31,"key":"LifebloodPotion"},{"floor":35,"key":"Poison Potion"},{"floor":37,"key":"PowerPotion"},{"floor":37,"key":"BlessingOfTheForge"},{"floor":38,"key":"SteroidPotion"},{"floor":40,"key":"LiquidBronze"},{"floor":44,"key":"BlessingOfTheForge"},{"floor":46,"key":"Adrenaline Potion"},{"floor":48,"key":"Elixir"},{"floor":54,"key":"Venom Potion"}],"is_trial":false,"path_per_floor":["M","M","M","?","M","R","E","R","T","R","E","M","M","E","R","B",null,"M","$","?","M","?","E","M","E","T","R","M","R","M","E","R_BF","B",null,"M","$","?","M","?","E","R","E","T","E","R","M","R","M","R","B",null,"R","$","E","B",null],"character_chosen":"THE_SILENT","items_purchased":["White Beast Statue","Footwork","Guide Book","ReplayTheSpireMod:Ninjato","Footwork","SkillPotion"],"campfire_rested":1,"item_purchase_floors":[19,19,36,53,53,53],"current_hp_per_floor":[70,70,70,70,70,70,40,40,40,40,35,40,40,32,32,32,68,68,68,68,56,56,32,2,22,22,42,49,49,45,50,50,46,68,65,65,65,59,68,68,68,68,68,63,63,42,42,48,48,21,66,66,66,64,18],"gold":54,"neow_bonus":"THREE_ENEMY_KILL","is_daily":false,"chose_seed":false,"campfire_upgraded":9,"win_rate":0.0,"timestamp":1610731501,"path_taken":["M","M","M","?","M","R","E","R","T","R","E","M","M","E","R","BOSS","M","$","?","M","?","E","M","E","T","R","M","R","M","E","R_BF","BOSS","M","?","?","?","?","E","R","E","T","E","R","M","R","M","R","BOSS","R","$","E","BOSS"],"items_purchased_type":["Relic","Card","Relic","Relic","Card","Potion"],"build_version":"2020-12-22","purchased_purges":2,"victory":true,"max_hp_per_floor":[70,70,70,70,70,70,70,70,70,70,68,68,68,68,68,68,68,68,68,68,68,68,68,68,68,68,68,68,68,68,68,68,68,68,68,68,68,68,68,68,68,68,68,66,66,66,66,66,66,66,66,66,66,64,64],"card_choices":[{"not_picked":["Reflex","Flechettes"],"picked":"Outmaneuver","floor":1},{"not_picked":["Sneak Up","Leg Sweep"],"picked":"Prepared","floor":2},{"not_picked":["PiercingWail","Hidden Blade"],"picked":"Terror","floor":3},{"not_picked":["Sneak Up","Slice"],"picked":"Dagger Throw","floor":5},{"not_picked":["Atom Bomb","Endless Agony","Glass Knife"],"picked":"SKIP","floor":7},{"not_picked":["Flying Knee","ReplayTheSpireMod:Tripwire"],"picked":"Backflip","floor":11},{"not_picked":["Quick Slash","Endless Agony","Distraction"],"picked":"SKIP","floor":12},{"not_picked":["All Out Attack","Skewer","Slice"],"picked":"SKIP","floor":13},{"not_picked":["Finisher","conspire:PoisonWeapons","PiercingWail"],"picked":"SKIP","floor":14},{"not_picked":["A Thousand Cuts","Unload"],"picked":"Venomology","floor":16},{"not_picked":["conspire:PoisonWeapons","Underhanded Strike"],"picked":"Acrobatics","floor":18},{"not_picked":["Masterful Stab","Poisoned Stab+1"],"picked":"ReplayTheSpireMod:Scrap Shanks","floor":21},{"not_picked":["Bane","Outmaneuver"],"picked":"ReplayTheSpireMod:Speed Training","floor":23},{"not_picked":["Catalyst","Hidden Blade+1"],"picked":"PiercingWail+1","floor":24},{"not_picked":["Night Terror","Deflect+1"],"picked":"Prepared","floor":25},{"not_picked":["ReplayTheSpireMod:Shiv Toss","Sucker Punch","Dagger Spray"],"picked":"SKIP","floor":28},{"not_picked":["Noxious Fumes+1","Dagger Spray"],"picked":"ReplayTheSpireMod:Scrap Shanks+1","floor":30},{"not_picked":["Deflect","PiercingWail+1","Sneak Up"],"picked":"SKIP","floor":31},{"not_picked":["ReplayTheSpireMod:Necrosis","Die Die Die"],"picked":"After Image","floor":33},{"not_picked":["ReplayTheSpireMod:Shiv Toss+1","Endless Agony+1"],"picked":"Acrobatics","floor":35},{"not_picked":["Underhanded Strike+1","Deadly Poison"],"picked":"ReplayTheSpireMod:Scrap Shanks","floor":38},{"not_picked":["Wraith Form v2","Dagger Throw","Deflect+1"],"picked":"SKIP","floor":40},{"not_picked":["Flying Knee+1","Riddle With Holes"],"picked":"Reflex","floor":42},{"not_picked":["Dagger Throw+1","Noxious Fumes+1"],"picked":"Underhanded Strike","floor":44},{"not_picked":["Quick Slash","Poisoned Stab+1"],"picked":"Tactician+1","floor":46},{"not_picked":["Hidden Blade+1","Bane"],"picked":"ReplayTheSpireMod:Scrap Shanks","floor":48},{"not_picked":["Tools of the Trade","ReplayTheSpireMod:Exploit Weakness+1"],"picked":"Prepared+1","floor":54}],"player_experience":50472,"relics_obtained":[{"floor":4,"key":"ReplayTheSpireMod:Ring of Addiction"},{"floor":4,"key":"Toy Ornithopter"},{"floor":4,"key":"Potion Belt"},{"floor":4,"key":"ReplayTheSpireMod:Ring of Challenge"},{"floor":7,"key":"Kunai"},{"floor":9,"key":"conspire:DeflatedDodgeball"},{"floor":11,"key":"Replay:Mystery Machine"},{"floor":14,"key":"Mercury Hourglass"},{"floor":23,"key":"Oddly Smooth Stone"},{"floor":24,"key":"Pondfish Scales"},{"floor":25,"key":"Matryoshka"},{"floor":26,"key":"Simple Rune"},{"floor":31,"key":"Centennial Puzzle"},{"floor":40,"key":"Bag of Preparation"},{"floor":42,"key":"Pet Ghost"},{"floor":43,"key":"Replay:Rubber Ducky"},{"floor":43,"key":"HornCleat"},{"floor":44,"key":"ReplayTheSpireMod:Shallot"},{"floor":48,"key":"Anchor"},{"floor":54,"key":"Replay:WaspNest"}],"event_choices":[{"damage_healed":0,"gold_gain":0,"cards_transformed":["Strike_G","Strike_G"],"player_choice":"Became Test Subject","damage_taken":0,"max_hp_gain":0,"max_hp_loss":0,"event_name":"Drug Dealer","floor":20,"gold_loss":0,"cards_obtained":["Atom Bomb","All Out Attack"]},{"cards_removed":["Strike_G"],"damage_healed":0,"gold_gain":0,"player_choice":"Purged","damage_taken":0,"max_hp_gain":0,"max_hp_loss":0,"event_name":"Purifier","floor":22,"gold_loss":0},{"damage_healed":0,"gold_gain":0,"player_choice":"Bought 2 Potions","damage_taken":0,"max_hp_gain":0,"max_hp_loss":0,"event_name":"The Woman in Blue","floor":37,"gold_loss":0},{"damage_healed":17,"gold_gain":0,"player_choice":"Writhe","damage_taken":0,"max_hp_gain":0,"max_hp_loss":0,"event_name":"Winding Halls","floor":39,"gold_loss":0,"cards_obtained":["Writhe"]}],"is_beta":false,"boss_relics":[{"not_picked":["WristBlade","Runic Dome"],"picked":"Cursed Key"},{"not_picked":["Painkiller Herb","Replay:Bronze Core"],"picked":"HoveringKite"}],"items_purged_floors":[19,36],"is_endless":false,"potions_floor_spawned":[1,5,7,11,12,14,21,23,24,25,28,30,31,33,35,38,40,42,44,46,48,54],"ascension_level":1}}