{"host":"37dk0reb6x0du8wx","time":1610708294,"event":{"mods":["BaseMod","Colored Map","DeckTracker","Minty Spire (QoL Compilation)","Quick Restart","StSLib"],"gold_per_floor":[119,119,10,10,35,35,75,75,75,99,113,137,152,172,172,293,293,309,234,234,258,258,258,258,273,322,93,108,108,108],"floor_reached":29,"language":"KOR","playtime":710,"items_purged":["Strike_B"],"score":332,"play_id":"e4fb62c7-60b5-4a9b-9e3a-bf653cfe26ab","local_time":"20210115195814","is_ascension_mode":true,"campfire_choices":[{"data":"Loop","floor":6,"key":"SMITH"},{"data":"Zap","floor":8,"key":"SMITH"},{"floor":15,"key":"REST"},{"data":"Genetic Algorithm","floor":24,"key":"SMITH"}],"circlet_count":0,"master_deck":["Defend_B","Defend_B","Defend_B","Zap+1","Dualcast","Loop+1","Auto Shields","Conserve Battery","Genetic Algorithm+1","Capacitor","Creative AI","BootSequence","Self Repair"],"relics":["Cracked Core","NeowsBlessing","Golden Idol","White Beast Statue","Symbiotic Virus","Empty Cage","Emotion Chip","MutagenicStrength","Juzu Bracelet","ClockworkSouvenir"],"acts_visited":["Exordium","TheCity"],"potions_floor_usage":[25,29,29,29],"damage_taken":[{"damage":0,"enemies":"2 Louse","floor":1,"turns":1},{"damage":0,"enemies":"Cultist","floor":5,"turns":1},{"damage":0,"enemies":"Gremlin Nob","floor":7,"turns":1},{"damage":2,"enemies":"Jaw Worm","floor":10,"turns":4},{"damage":6,"enemies":"Blue Slaver","floor":11,"turns":4},{"damage":1,"enemies":"Exordium Wildlife","floor":12,"turns":4},{"damage":0,"enemies":"Red Slaver","floor":13,"turns":4},{"damage":10,"enemies":"3 Louse","floor":14,"turns":4},{"damage":38,"enemies":"Slime Boss","floor":16,"turns":7},{"damage":1,"enemies":"Shell Parasite","floor":18,"turns":5},{"damage":7,"enemies":"2 Thieves","floor":21,"turns":4},{"damage":43,"enemies":"Shelled Parasite and Fungi","floor":25,"turns":8},{"damage":29,"enemies":"Snake Plant","floor":28,"turns":6},{"damage":10,"enemies":"Slavers","floor":29,"turns":3}],"seed_played":"-1608158534846964067","potions_obtained":[{"floor":1,"key":"PowerPotion"},{"floor":10,"key":"LiquidBronze"},{"floor":11,"key":"AttackPotion"},{"floor":18,"key":"LiquidMemories"},{"floor":21,"key":"Regen Potion"},{"floor":25,"key":"EssenceOfSteel"}],"is_trial":false,"path_per_floor":["M","?","$","?","M","R","E","R","T","M","M","M","M","M","R","B",null,"M","?","?","M","?","$","R","M","T","$","M","E"],"character_chosen":"DEFECT","items_purchased":["Auto Shields","ClockworkSouvenir","Self Repair"],"campfire_rested":1,"item_purchase_floors":[3,27,27],"current_hp_per_floor":[75,57,57,57,57,57,57,57,57,55,49,48,48,38,60,22,75,74,74,74,67,67,67,67,39,39,39,17,7,7],"gold":108,"neow_bonus":"THREE_ENEMY_KILL","is_daily":false,"chose_seed":false,"campfire_upgraded":3,"win_rate":0.0,"timestamp":1610708294,"path_taken":["M","?","$","?","M","R","E","R","T","M","?","M","?","M","R","BOSS","M","?","?","M","?","?","R","M","T","$","M","E"],"items_purchased_type":["Card","Relic","Card"],"build_version":"2020-12-22","purchased_purges":1,"victory":false,"max_hp_per_floor":[75,75,75,75,75,75,75,75,75,75,75,75,75,75,75,75,75,75,75,75,75,75,75,75,75,75,75,75,75,75],"card_choices":[{"not_picked":["Streamline","Ball Lightning"],"picked":"Loop","floor":1},{"not_picked":["Sunder","Rebound","Recycle"],"picked":"SKIP","floor":5},{"not_picked":["Streamline","Barrage"],"picked":"Conserve Battery","floor":7},{"not_picked":["Sweeping Beam","Hologram"],"picked":"Genetic Algorithm","floor":10},{"not_picked":["Rebound","Streamline","Rainbow"],"picked":"SKIP","floor":11},{"not_picked":["Hologram","Scrape","Coolheaded"],"picked":"SKIP","floor":12},{"not_picked":["Gash","Ball Lightning","Steam"],"picked":"SKIP","floor":13},{"not_picked":["Redo","Sunder"],"picked":"Capacitor","floor":14},{"not_picked":["Reboot","Rainbow"],"picked":"Creative AI","floor":16},{"not_picked":["Compile Driver","Sweeping Beam"],"picked":"BootSequence","floor":18},{"not_picked":["Steam","Ball Lightning","Skim"],"picked":"SKIP","floor":21},{"not_picked":["Barrage","Sweeping Beam+1","Reprogram+1"],"picked":"SKIP","floor":25},{"not_picked":["Beam Cell+1","Gash+1","Tempest"],"picked":"SKIP","floor":28}],"player_experience":164871,"relics_obtained":[{"floor":7,"key":"White Beast Statue"},{"floor":9,"key":"Symbiotic Virus"},{"floor":26,"key":"Juzu Bracelet"}],"event_choices":[{"damage_healed":0,"gold_gain":0,"player_choice":"Take Damage","damage_taken":18,"relics_obtained":["Golden Idol"],"max_hp_gain":0,"max_hp_loss":0,"event_name":"Golden Idol","floor":2,"gold_loss":0},{"cards_removed":["Strike_B"],"damage_healed":0,"gold_gain":0,"player_choice":"Offered Basic","damage_taken":0,"max_hp_gain":0,"max_hp_loss":0,"event_name":"Bonfire Elementals","floor":4,"gold_loss":0},{"cards_removed":["Defend_B"],"damage_healed":0,"gold_gain":0,"player_choice":"Gave Gold","damage_taken":0,"max_hp_gain":0,"max_hp_loss":0,"event_name":"Beggar","floor":19,"gold_loss":75},{"damage_healed":0,"gold_gain":0,"player_choice":"Opened","damage_taken":0,"relics_obtained":["Emotion Chip"],"max_hp_gain":0,"max_hp_loss":0,"event_name":"The Mausoleum","floor":20,"gold_loss":0},{"damage_healed":0,"gold_gain":0,"player_choice":"Inject Mutagens","damage_taken":0,"relics_obtained":["MutagenicStrength"],"max_hp_gain":0,"max_hp_loss":0,"event_name":"Drug Dealer","floor":22,"gold_loss":0}],"is_beta":false,"boss_relics":[{"not_picked":["Pandora\u0027s Box","Inserter"],"picked":"Empty Cage"}],"items_purged_floors":[3],"is_endless":false,"potions_floor_spawned":[1,10,11,12,13,14,16,18,21,25,28],"killed_by":"Slavers","ascension_level":4}}