{"host":"fa35vd3kig5td25x","time":1610737775,"event":{"mods":["BaseMod","Colored Powertips","Minty Spire (QoL Compilation)","Relic Stats","Slay the Relics Exporter"],"gold_per_floor":[112,132,147,167,177,177,157,184,184,194,37,67,67,80,80,152,152,166,185,204,25,58,83,98,98,98],"floor_reached":25,"language":"ENG","playtime":2051,"items_purged":["Strike_G"],"score":574,"play_id":"f38d55d7-31b6-40cf-89e9-ae197769a7d6","local_time":"20210115200935","is_ascension_mode":true,"campfire_choices":[{"floor":6,"key":"REST"},{"data":"Footwork","floor":13,"key":"SMITH"},{"floor":15,"key":"REST"}],"circlet_count":0,"master_deck":["AscendersBane","Strike_G","Defend_G","Defend_G","Defend_G","Defend_G","Defend_G","Survivor","Neutralize","Dagger Spray","Skewer","Choke","Well Laid Plans","Footwork+1","Blur","Footwork","Adrenaline+1","Masterful Stab","Burst+1","Poisoned Stab+1","Slice+1","Dodge and Roll+1","Dodge and Roll+1","Deflect+1","Sucker Punch+1","Cloak And Dagger+1","Noxious Fumes","Reflex+1","Footwork","Cloak And Dagger+1"],"relics":["Cursed Key","Strawberry","TwistedFunnel","Toxic Egg 2","Astrolabe","Red Mask","Omamori"],"acts_visited":["Exordium","TheCity"],"potions_floor_usage":[8,8,12,23,23],"damage_taken":[{"damage":0,"enemies":"2 Louse","floor":1,"turns":3},{"damage":1,"enemies":"Cultist","floor":2,"turns":4},{"damage":9,"enemies":"Jaw Worm","floor":3,"turns":3},{"damage":14,"enemies":"Large Slime","floor":4,"turns":7},{"damage":8,"enemies":"Blue Slaver","floor":5,"turns":3},{"damage":18,"enemies":"Gremlin Nob","floor":8,"turns":4},{"damage":12,"enemies":"3 Louse","floor":10,"turns":3},{"damage":1,"enemies":"Lagavulin","floor":12,"turns":7},{"damage":0,"enemies":"Gremlin Gang","floor":14,"turns":4},{"damage":0,"enemies":"The Guardian","floor":16,"turns":14},{"damage":12,"enemies":"2 Thieves","floor":18,"turns":4},{"damage":0,"enemies":"Chosen","floor":19,"turns":5},{"damage":0,"enemies":"Centurion and Healer","floor":20,"turns":9},{"damage":13,"enemies":"Masked Bandits","floor":22,"turns":5},{"damage":18,"enemies":"Slavers","floor":23,"turns":6},{"damage":2,"enemies":"3 Cultists","floor":24,"turns":6},{"damage":22,"enemies":"Snake Plant","floor":25,"turns":2}],"seed_played":"-3819469637705628954","potions_obtained":[{"floor":2,"key":"Poison Potion"},{"floor":3,"key":"Explosive Potion"},{"floor":8,"key":"SteroidPotion"},{"floor":19,"key":"GamblersBrew"},{"floor":20,"key":"Swift Potion"}],"is_trial":false,"path_per_floor":["M","M","M","M","M","R","?","E","T","M","$","E","R","M","R","B",null,"M","M","M","$","?","E","M","M"],"character_chosen":"THE_SILENT","items_purchased":["TwistedFunnel","Cloak And Dagger+1","Noxious Fumes"],"campfire_rested":2,"item_purchase_floors":[11,21,21],"current_hp_per_floor":[59,58,49,35,27,46,46,35,35,23,23,22,22,22,43,43,66,54,54,54,54,41,23,21,0,0],"gold":98,"neow_bonus":"BOSS_RELIC","is_daily":false,"chose_seed":false,"campfire_upgraded":1,"win_rate":0.0,"timestamp":1610737775,"path_taken":["M","M","M","M","M","R","?","E","T","?","?","E","R","?","R","BOSS","M","?","M","$","?","E","M","M"],"items_purchased_type":["Relic","Card","Card"],"build_version":"2020-12-22","purchased_purges":1,"victory":false,"max_hp_per_floor":[66,66,66,66,66,66,66,73,73,73,73,73,73,73,73,73,73,73,73,73,73,73,73,73,73,73],"relic_stats":{"counters":[17,89],"Astrolabe":["Poisoned Stab","Slice","Dodge and Roll"],"Cursed Key":0,"obtain_stats":[{"TwistedFunnel":11,"Strawberry":8,"Astrolabe":17,"Red Mask":22,"Omamori":23,"Toxic Egg 2":12,"Cursed Key":0,"Ring of the Snake":0},{"TwistedFunnel":7,"Strawberry":6,"Astrolabe":10,"Red Mask":14,"Omamori":15,"Toxic Egg 2":8,"Cursed Key":0,"Ring of the Snake":0},{"TwistedFunnel":27,"Strawberry":24,"Astrolabe":52,"Red Mask":75,"Omamori":81,"Toxic Egg 2":34,"Cursed Key":0,"Ring of the Snake":0}]},"card_choices":[{"not_picked":["Sucker Punch","Deadly Poison"],"picked":"Dagger Spray","floor":1},{"not_picked":["Quick Slash","Blade Dance"],"picked":"Skewer","floor":2},{"not_picked":["Finisher","Dagger Spray"],"picked":"Choke","floor":3},{"not_picked":["Skewer","Outmaneuver"],"picked":"Well Laid Plans","floor":4},{"not_picked":["Accuracy","Dagger Throw"],"picked":"Footwork","floor":5},{"not_picked":["Choke","Underhanded Strike"],"picked":"Blur","floor":8},{"not_picked":["Calculated Gamble","Backstab"],"picked":"Footwork","floor":10},{"not_picked":["Flying Knee","Blade Dance+1"],"picked":"Adrenaline+1","floor":12},{"not_picked":["Outmaneuver+1","Reflex+1"],"picked":"Masterful Stab","floor":14},{"not_picked":["Envenom","Venomology+1"],"picked":"Burst+1","floor":16},{"not_picked":["Dagger Throw","Flechettes"],"picked":"Dodge and Roll+1","floor":18},{"not_picked":["Slice","Noxious Fumes"],"picked":"Deflect+1","floor":19},{"not_picked":["Deflect+1","Bane"],"picked":"Sucker Punch+1","floor":20},{"not_picked":["Dodge and Roll+1","Sucker Punch+1"],"picked":"Reflex+1","floor":22},{"not_picked":["Setup+1","Flechettes+1"],"picked":"Footwork","floor":23},{"not_picked":["Setup+1","Infinite Blades"],"picked":"Cloak And Dagger+1","floor":24}],"player_experience":2932833,"relics_obtained":[{"floor":8,"key":"Strawberry"},{"floor":12,"key":"Toxic Egg 2"},{"floor":22,"key":"Red Mask"},{"floor":23,"key":"Omamori"}],"event_choices":[{"damage_healed":0,"gold_gain":0,"player_choice":"Bought 1 Potion","damage_taken":0,"max_hp_gain":0,"max_hp_loss":0,"event_name":"The Woman in Blue","floor":7,"gold_loss":0},{"damage_healed":0,"gold_gain":0,"player_choice":"Fought Bandits","damage_taken":0,"max_hp_gain":0,"max_hp_loss":0,"event_name":"Masked Bandits","floor":22,"gold_loss":0}],"is_beta":false,"boss_relics":[{"not_picked":["HoveringKite","WristBlade"],"picked":"Astrolabe"}],"items_purged_floors":[21],"is_endless":false,"potions_floor_spawned":[2,3,4,8,19,20,22],"killed_by":"Snake Plant","ascension_level":20}}