{"host":"c97twqu0op5dg8i4","time":1610696305,"event":{"mods":["AchievementEnabler","BaseMod","Colored Map","Minty Spire (QoL Compilation)","Permanent Neow"],"gold_per_floor":[112,129,23,23,37,72,72,106,126,204,223,241,251,100,113,113,218,218,230,249,20,20,20,40,40,69,69,69,69,98,123,123,0,0,98,98,117,17,37,37,37,37,49,49,49,49,77,90,158,173,173,173],"floor_reached":53,"language":"ENG","playtime":1819,"items_purged":["Strike_G","Eviscerate"],"score":965,"play_id":"6a2a600a-4c22-4876-8b65-67ecd068205f","local_time":"20210115023825","is_ascension_mode":true,"campfire_choices":[{"data":"Catalyst","floor":7.0,"key":"SMITH"},{"floor":16.0,"key":"REST"},{"data":"Poisoned Stab","floor":25,"key":"SMITH"},{"floor":27,"key":"REST"},{"data":"Crippling Poison","floor":29,"key":"SMITH"},{"floor":32,"key":"REST"},{"data":"Corpse Explosion","floor":34,"key":"SMITH"},{"floor":42,"key":"RECALL"},{"floor":46,"key":"REST"},{"floor":51,"key":"DIG"}],"circlet_count":0,"master_deck":["Survivor+1","Neutralize+1","Backflip+1","Deadly Poison+1","Catalyst+1","Noxious Fumes+1","Prepared+1","Bouncing Flask+1","Corpse Explosion+1","Dodge and Roll+1","Venomology+1","Noxious Fumes+1","Footwork+1","Poisoned Stab+1","Poisoned Stab+1","Catalyst+1","Leg Sweep+1","Crippling Poison+1","Catalyst+1","Footwork+1","Accuracy+1","Endless Agony+1","Calculated Gamble+1","Outmaneuver+1","Malaise+1","Crippling Poison+1","Sucker Punch+1","Riddle With Holes+1","Catalyst+1","Wraith Form v2"],"relics":["Ring of the Snake","Bag of Marbles","Turnip","Bird Faced Urn","Letter Opener","Orrery","Philosopher\u0027s Stone","Regal Pillow","Anchor","Dream Catcher","Strawberry","PreservedInsect","Blood Vial","Pandora\u0027s Box","Mark of the Bloom","Singing Bowl","Shovel","Eternal Feather","Shuriken"],"acts_visited":["Exordium","TheCity","TheBeyond"],"potions_floor_usage":[26,30,30,35,39,43,47,47,50,52],"damage_taken":[{"damage":0.0,"enemies":"Small Slimes","floor":1.0,"turns":4.0},{"damage":0.0,"enemies":"Cultist","floor":2.0,"turns":3.0},{"damage":4.0,"enemies":"Jaw Worm","floor":5.0,"turns":3.0},{"damage":34.0,"enemies":"Gremlin Nob","floor":6.0,"turns":4.0},{"damage":1.0,"enemies":"Lagavulin","floor":8.0,"turns":4.0},{"damage":4.0,"enemies":"3 Louse","floor":9.0,"turns":3.0},{"damage":0.0,"enemies":"Large Slime","floor":11.0,"turns":5.0},{"damage":9.0,"enemies":"Looter","floor":12.0,"turns":3.0},{"damage":1.0,"enemies":"Exordium Wildlife","floor":13.0,"turns":3.0},{"damage":0.0,"enemies":"Large Slime","floor":15.0,"turns":4.0},{"damage":32.0,"enemies":"Hexaghost","floor":17.0,"turns":5.0},{"damage":22.0,"enemies":"2 Thieves","floor":19.0,"turns":4.0},{"damage":41.0,"enemies":"3 Byrds","floor":20.0,"turns":3.0},{"damage":20,"enemies":"Centurion and Healer","floor":24,"turns":4},{"damage":13,"enemies":"Book of Stabbing","floor":26,"turns":4},{"damage":51,"enemies":"Gremlin Leader","floor":30,"turns":5},{"damage":28,"enemies":"Collector","floor":35,"turns":7},{"damage":0,"enemies":"3 Darklings","floor":37,"turns":1},{"damage":9,"enemies":"Orb Walker","floor":39,"turns":3},{"damage":1,"enemies":"Transient","floor":43,"turns":5},{"damage":7,"enemies":"Reptomancer","floor":47,"turns":2},{"damage":23,"enemies":"Spire Growth","floor":48,"turns":4},{"damage":0,"enemies":"Sphere and 2 Shapes","floor":50,"turns":2},{"damage":23,"enemies":"Time Eater","floor":52,"turns":5}],"seed_played":"2723520321623169524","potions_obtained":[{"floor":2.0,"key":"Ancient Potion"},{"floor":5.0,"key":"GhostInAJar"},{"floor":9.0,"key":"LiquidMemories"},{"floor":13.0,"key":"PowerPotion"},{"floor":24,"key":"PowerPotion"},{"floor":26,"key":"Explosive Potion"},{"floor":30,"key":"Explosive Potion"},{"floor":48,"key":"PowerPotion"}],"is_trial":false,"path_per_floor":["M","M","$","?","M","E","R","E","M","T","M","M","M","$","M","R","B",null,"M","M","$","?","?","M","R","E","R","T","R","E","T","R","?","R","B",null,"M","$","M","?","?","R","M","?","T","R","E","M","T","M","R","B",null],"character_chosen":"THE_SILENT","items_purchased":["Catalyst","Noxious Fumes","Orrery","Regal Pillow"],"campfire_rested":4,"item_purchase_floors":[3,3,14,21],"current_hp_per_floor":[70,70,70,70,66,32,32,31,29,29,29,22,21,21,25,46,20,58,42,3,3,3,3,50,50,41,70,77,77,28,28,66,66,66,46,69,71,71,68,68,68,68,67,67,67,67,60,37,37,37,37,14],"gold":173,"neow_bonus":"RANDOM_COMMON_RELIC","is_daily":false,"chose_seed":false,"campfire_upgraded":4,"win_rate":0.0,"timestamp":1610696305,"path_taken":["M","M","$","?","M","E","R","E","M","T","M","M","?","$","M","R","BOSS","M","M","$","?","?","M","R","E","R","T","R","E","?","R","?","R","BOSS","M","$","M","?","?","R","M","?","T","R","E","M","?","?","R","BOSS"],"items_purchased_type":["Card","Card","Relic","Relic"],"build_version":"2020-12-22","purchased_purges":2,"victory":true,"max_hp_per_floor":[70,70,70,70,70,70,70,70,70,70,70,70,70,70,70,70,70,70,70,70,70,70,70,70,70,70,70,77,77,77,77,77,77,77,77,77,77,77,77,77,77,77,77,73,73,75,75,77,77,77,77,77],"card_choices":[{"not_picked":["Dagger Throw","Riddle With Holes"],"picked":"Backflip","floor":1.0},{"not_picked":["Setup","Dodge and Roll"],"picked":"Deadly Poison","floor":2.0},{"not_picked":["Blade Dance","Underhanded Strike"],"picked":"Prepared","floor":5.0},{"not_picked":["Cloak And Dagger","Dodge and Roll"],"picked":"Bouncing Flask","floor":6.0},{"not_picked":["Accuracy","PiercingWail"],"picked":"Corpse Explosion","floor":8.0},{"not_picked":["Prepared","Outmaneuver","Flying Knee"],"picked":"SKIP","floor":9.0},{"not_picked":["Quick Slash","Cloak And Dagger","Sucker Punch"],"picked":"SKIP","floor":11.0},{"not_picked":["Underhanded Strike","Bane"],"picked":"Dodge and Roll","floor":12.0},{"not_picked":["Dash","Outmaneuver"],"picked":"Venomology","floor":13.0},{"not_picked":["Reflex","All Out Attack"],"picked":"Noxious Fumes","floor":14.0},{"not_picked":["Flying Knee","Blade Dance"],"picked":"Footwork","floor":14.0},{"not_picked":["Deflect","Flying Knee"],"picked":"Poisoned Stab","floor":14.0},{"not_picked":["Quick Slash","Masterful Stab"],"picked":"Poisoned Stab","floor":14.0},{"not_picked":["Prepared","Deadly Poison"],"picked":"Catalyst","floor":15.0},{"not_picked":["Underhanded Strike+1","Quick Slash","Heel Hook"],"picked":"SKIP","floor":19.0},{"not_picked":["PiercingWail+1","Poisoned Stab+1"],"picked":"Leg Sweep","floor":20.0},{"not_picked":["Escape Plan","Poisoned Stab"],"picked":"Crippling Poison","floor":24},{"not_picked":["Blur","Deadly Poison"],"picked":"Catalyst","floor":26},{"not_picked":["Tactician","Dagger Throw"],"picked":"Footwork","floor":27},{"not_picked":["Night Terror","Cloak And Dagger+1","Finisher+1"],"picked":"SKIP","floor":30},{"not_picked":["Blade Dance","Slice","Outmaneuver"],"picked":"SKIP","floor":37},{"not_picked":["Blade Dance+1","Flying Knee","Slice"],"picked":"SKIP","floor":39},{"not_picked":["Bane+1","Prepared+1","Flying Knee"],"picked":"SKIP","floor":43},{"not_picked":["Cloak And Dagger+1","Backflip","Dagger Spray+1"],"picked":"Singing Bowl","floor":46},{"not_picked":["Acrobatics+1","Concentrate"],"picked":"Catalyst+1","floor":47},{"not_picked":["Sucker Punch+1","Reflex","Slice+1"],"picked":"Singing Bowl","floor":48},{"not_picked":["Backflip+1","Cloak And Dagger+1"],"picked":"Wraith Form v2","floor":50}],"player_experience":254548,"relics_obtained":[{"floor":6.0,"key":"Turnip"},{"floor":8.0,"key":"Bird Faced Urn"},{"floor":10.0,"key":"Letter Opener"},{"floor":26,"key":"Dream Catcher"},{"floor":28,"key":"Strawberry"},{"floor":30,"key":"PreservedInsect"},{"floor":31,"key":"Blood Vial"},{"floor":45,"key":"Singing Bowl"},{"floor":47,"key":"Shovel"},{"floor":49,"key":"Eternal Feather"},{"floor":51,"key":"Shuriken"}],"event_choices":[{"damage_healed":0.0,"max_hp_gain":0.0,"max_hp_loss":0.0,"gold_gain":0.0,"event_name":"Upgrade Shrine","player_choice":"Upgraded","floor":4.0,"gold_loss":0.0,"damage_taken":0.0,"cards_upgraded":["Noxious Fumes"]},{"damage_healed":0.0,"max_hp_gain":0.0,"max_hp_loss":0.0,"gold_gain":0.0,"event_name":"The Mausoleum","player_choice":"Opened","floor":22.0,"gold_loss":0.0,"damage_taken":0.0,"relics_obtained":["Anchor"]},{"damage_healed":0,"gold_gain":0,"player_choice":"Paid Fearfully","damage_taken":0,"max_hp_gain":0,"max_hp_loss":0,"event_name":"Masked Bandits","floor":33,"gold_loss":123},{"damage_healed":0,"gold_gain":0,"player_choice":"Memory 1","damage_taken":0,"max_hp_gain":0,"max_hp_loss":0,"event_name":"SensoryStone","floor":40,"gold_loss":0},{"damage_healed":0,"gold_gain":0,"player_choice":"Upgrade","damage_taken":0,"relics_obtained":["Mark of the Bloom"],"max_hp_gain":0,"max_hp_loss":0,"event_name":"MindBloom","floor":41,"gold_loss":0,"cards_upgraded":["Survivor","Neutralize","Backflip","Deadly Poison","Prepared","Bouncing Flask","Dodge and Roll","Venomology","Noxious Fumes","Footwork","Poisoned Stab","Catalyst","Leg Sweep","Catalyst","Footwork","Accuracy","Endless Agony","Calculated Gamble","Outmaneuver","Malaise","Crippling Poison","Sucker Punch","Riddle With Holes"]},{"damage_healed":0,"gold_gain":0,"player_choice":"Max HP","damage_taken":0,"max_hp_gain":0,"max_hp_loss":4,"event_name":"Winding Halls","floor":44,"gold_loss":0}],"is_beta":false,"boss_relics":[{"not_picked":["Ring of the Serpent","HoveringKite"],"picked":"Philosopher\u0027s Stone"},{"not_picked":["Runic Dome","Tiny House"],"picked":"Pandora\u0027s Box"}],"items_purged_floors":[21,38],"is_endless":false,"potions_floor_spawned":[2,5,9,13,24,26,30,37,48],"ascension_level":5}}