{"host":"vex7walpoxzv48nx","time":1610676565,"event":{"mods":["BaseMod","Highlight Path","Minty Spire (QoL Compilation)","Permanent Neow","Quick Restart","Relic Stats"],"gold_per_floor":[116,130,163,193,193,243,51,51,76,76,146,185,185,76,76,203,203,217,217,37,37,37,88,150,150,175,175,175,50,111,140,140,237,237,274,122,0,0,81,134,134,205,228,271,314,314,26,67,67,67,67],"floor_reached":50,"language":"ENG","playtime":5738,"items_purged":["Strike_G","Defend_G","Survivor"],"score":608,"play_id":"389f7898-911f-419b-97bb-85fec1fa2961","local_time":"20210115030925","daily_mods":["Allstar","Colorless Cards","Heirloom","Flight"],"is_ascension_mode":false,"campfire_choices":[{"data":"Apotheosis","floor":8.0,"key":"SMITH"},{"floor":10.0,"key":"REST"},{"data":"Sadistic Nature","floor":15.0,"key":"SMITH"},{"floor":25.0,"key":"REST"},{"data":"Panache","floor":28.0,"key":"SMITH"},{"data":"Violence","floor":32.0,"key":"SMITH"},{"data":"Backstab","floor":41,"key":"SMITH"},{"floor":49,"key":"REST"}],"circlet_count":0,"master_deck":["Strike_G+1","Strike_G+1","Strike_G+1","Strike_G+1","Defend_G+1","Defend_G+1","Defend_G+1","Defend_G+1","Neutralize","Panache+1","Sadistic Nature+1","Blind+1","Swift Strike","HandOfGreed+1","Flash of Steel","Sucker Punch","Violence+1","Cloak And Dagger","Apotheosis+1","Prepared","Dodge and Roll","Blur+1","Backstab+1","Tools of the Trade","HandOfGreed+1","Calculated Gamble+1","Wraith Form v2","Sucker Punch","Jack Of All Trades","Leg Sweep+1","Adrenaline","Footwork+1","Blade Dance+1","Infinite Blades","Dagger Spray+1","Footwork","Finesse+1","Blind+1","Mind Blast","Trip","Secret Weapon","Backflip","Blade Dance+1"],"relics":["Ring of the Snake","Gambling Chip","Oddly Smooth Stone","Omamori","Bag of Marbles","Black Star","CaptainsWheel","Boot","Vajra","Kunai","War Paint","Runic Pyramid","Orrery","Red Mask","Bottled Tornado","Bottled Flame","Dead Branch","Art of War"],"acts_visited":["Exordium","TheCity","TheBeyond"],"potions_floor_usage":[33,48,50,50],"damage_taken":[{"damage":0.0,"enemies":"Jaw Worm","floor":1.0,"turns":4.0},{"damage":0.0,"enemies":"2 Louse","floor":2.0,"turns":1.0},{"damage":0.0,"enemies":"Cultist","floor":3.0,"turns":4.0},{"damage":2.0,"enemies":"Looter","floor":4.0,"turns":2.0},{"damage":4.0,"enemies":"3 Sentries","floor":6.0,"turns":3.0},{"damage":0.0,"enemies":"3 Louse","floor":11.0,"turns":7.0},{"damage":0.0,"enemies":"Exordium Thugs","floor":12.0,"turns":2.0},{"damage":0.0,"enemies":"Slime Boss","floor":16.0,"turns":4.0},{"damage":0.0,"enemies":"Spheric Guardian","floor":18.0,"turns":1.0},{"damage":20.0,"enemies":"Gremlin Leader","floor":23.0,"turns":8.0},{"damage":1.0,"enemies":"2 Thieves","floor":24.0,"turns":5.0},{"damage":2.0,"enemies":"3 Cultists","floor":30.0,"turns":6.0},{"damage":3.0,"enemies":"Book of Stabbing","floor":31.0,"turns":5.0},{"damage":6,"enemies":"Automaton","floor":33,"turns":10},{"damage":0,"enemies":"Orb Walker","floor":35,"turns":3},{"damage":0,"enemies":"3 Shapes","floor":39,"turns":4},{"damage":21,"enemies":"Nemesis","floor":40,"turns":5},{"damage":0,"enemies":"2 Orb Walkers","floor":42,"turns":2},{"damage":0,"enemies":"Spire Growth","floor":44,"turns":4},{"damage":9,"enemies":"Sphere and 2 Shapes","floor":45,"turns":2},{"damage":0,"enemies":"Jaw Worm Horde","floor":48,"turns":3},{"damage":72,"enemies":"Awakened One","floor":50,"turns":15}],"seed_played":"-9191799433525416040","potions_obtained":[{"floor":1.0,"key":"Fruit Juice"},{"floor":2.0,"key":"Dexterity Potion"},{"floor":3.0,"key":"Strength Potion"},{"floor":6.0,"key":"ColorlessPotion"},{"floor":23.0,"key":"BlessingOfTheForge"},{"floor":30.0,"key":"BlessingOfTheForge"},{"floor":39,"key":"Explosive Potion"}],"is_trial":true,"path_per_floor":["M","M","M","M","?","E","$","R","T","R","M","M","?","$","R","B",null,"M","?","$","?","?","E","M","R","T","?","R","$","M","E","R","B",null,"M","$","?","?","M","E","R","?","T","M","M","?","$","M","R","B"],"character_chosen":"THE_SILENT","items_purchased":["Apotheosis","Prepared","Backstab","Calculated Gamble","Orrery","Trip","Secret Weapon","Backflip"],"campfire_rested":3,"item_purchase_floors":[7,7,14,20,36,47,47,47],"current_hp_per_floor":[70,70,70,68,68,69,69,69,69,75,75,75,63,63,63,63,75,75,75,75,75,75,55,54,75,75,75,75,75,73,70,70,64,75,75,75,75,75,75,54,54,54,54,54,45,45,45,45,67,0,0],"gold":67,"neow_bonus":"","is_daily":false,"chose_seed":false,"campfire_upgraded":5,"win_rate":0.0,"timestamp":1610676565,"path_taken":["M","M","M","M","?","E","$","R","T","R","M","M","?","$","R","BOSS","M","?","?","?","?","E","?","R","T","?","R","$","?","E","R","BOSS","M","$","?","?","?","E","R","?","T","M","M","?","$","M","R","BOSS"],"items_purchased_type":["Card","Card","Card","Card","Relic","Card","Card","Card"],"build_version":"2020-12-22","purchased_purges":3,"victory":false,"max_hp_per_floor":[70,70,70,70,70,75,75,75,75,75,75,75,75,75,75,75,75,75,75,75,75,75,75,75,75,75,75,75,75,75,75,75,75,75,75,75,75,75,75,75,75,75,75,75,75,75,75,75,75,75,75],"relic_stats":{"counters":[22,100],"Gambling Chip":[58],"Dead Branch":[45],"Black Star":3,"Art of War":[4],"Kunai":[27],"War Paint":["Blind","Blur"],"Boot":[52],"obtain_stats":[{"Dead Branch":42,"Oddly Smooth Stone":6,"Vajra":26,"Omamori":9,"War Paint":31,"Bottled Tornado":40,"Boot":23,"CaptainsWheel":23,"Bottled Flame":40,"Gambling Chip":0,"Orrery":36,"Bag of Marbles":13,"Black Star":17,"Red Mask":37,"Art of War":43,"Kunai":31,"Ring of the Snake":0,"Runic Pyramid":34},{"Dead Branch":18,"Oddly Smooth Stone":5,"Vajra":11,"Omamori":5,"War Paint":13,"Bottled Tornado":17,"Boot":10,"CaptainsWheel":10,"Bottled Flame":17,"Gambling Chip":0,"Orrery":15,"Bag of Marbles":7,"Black Star":8,"Red Mask":15,"Art of War":18,"Kunai":13,"Ring of the Snake":0,"Runic Pyramid":14},{"Dead Branch":76,"Oddly Smooth Stone":14,"Vajra":41,"Omamori":14,"War Paint":52,"Bottled Tornado":74,"Boot":36,"CaptainsWheel":36,"Bottled Flame":74,"Gambling Chip":0,"Orrery":65,"Bag of Marbles":23,"Black Star":27,"Red Mask":65,"Art of War":76,"Kunai":52,"Ring of the Snake":0,"Runic Pyramid":62}],"Ring of the Snake":[44]},"card_choices":[{"not_picked":["Outmaneuver","Good Instincts"],"picked":"Flash of Steel","floor":1.0},{"not_picked":["Dagger Spray","Eviscerate"],"picked":"Sucker Punch","floor":2.0},{"not_picked":["Finesse","Backflip"],"picked":"Violence","floor":3.0},{"not_picked":["Outmaneuver","Poisoned Stab"],"picked":"Cloak And Dagger","floor":4.0},{"not_picked":["Distraction","Slice","Envenom"],"picked":"SKIP","floor":6.0},{"not_picked":["Deflect","Poisoned Stab"],"picked":"Dodge and Roll","floor":11.0},{"not_picked":["Dagger Throw","Madness"],"picked":"Blur","floor":12.0},{"not_picked":["Sadistic Nature","Burst"],"picked":"Tools of the Trade","floor":16.0},{"not_picked":["Dagger Throw+1","Deadly Poison","Dodge and Roll"],"picked":"SKIP","floor":18.0},{"not_picked":["Sucker Punch+1","Apotheosis"],"picked":"Wraith Form v2","floor":23.0},{"not_picked":["Quick Slash","Slice"],"picked":"Sucker Punch","floor":24.0},{"not_picked":["Blind","Predator"],"picked":"Leg Sweep+1","floor":30.0},{"not_picked":["Cloak And Dagger","Discovery","Slice"],"picked":"SKIP","floor":31.0},{"not_picked":["Die Die Die","Metamorphosis"],"picked":"Adrenaline","floor":33},{"not_picked":["Flying Knee","Sucker Punch","Outmaneuver"],"picked":"SKIP","floor":35},{"not_picked":["PiercingWail+1","Poisoned Stab+1"],"picked":"Footwork+1","floor":36},{"not_picked":["Prepared+1","Deadly Poison+1"],"picked":"Blade Dance+1","floor":36},{"not_picked":["Backflip","Glass Knife"],"picked":"Infinite Blades","floor":36},{"not_picked":["Bandage Up","Flying Knee+1"],"picked":"Dagger Spray+1","floor":36},{"not_picked":["Dagger Throw+1","Dagger Spray+1","Concentrate+1"],"picked":"SKIP","floor":39},{"not_picked":["Outmaneuver+1","Caltrops"],"picked":"Footwork","floor":40},{"not_picked":["PanicButton+1","Poisoned Stab"],"picked":"Finesse+1","floor":42},{"not_picked":["Quick Slash+1","Apotheosis"],"picked":"Blind+1","floor":44},{"not_picked":["Deep Breath","Swift Strike","Dagger Throw+1"],"picked":"SKIP","floor":45},{"not_picked":["Blind","PanicButton"],"picked":"Mind Blast","floor":46},{"not_picked":["Deadly Poison+1","Dodge and Roll"],"picked":"Blade Dance+1","floor":48}],"player_experience":134381,"relics_obtained":[{"floor":6.0,"key":"Oddly Smooth Stone"},{"floor":9.0,"key":"Omamori"},{"floor":23.0,"key":"CaptainsWheel"},{"floor":23.0,"key":"Boot"},{"floor":26.0,"key":"Vajra"},{"floor":31.0,"key":"Kunai"},{"floor":31.0,"key":"War Paint"},{"floor":40,"key":"Bottled Tornado"},{"floor":40,"key":"Bottled Flame"},{"floor":42,"key":"Dead Branch"},{"floor":43,"key":"Art of War"}],"event_choices":[{"damage_healed":0.0,"max_hp_gain":0.0,"max_hp_loss":0.0,"gold_gain":0.0,"event_name":"Living Wall","player_choice":"Grow","floor":5.0,"gold_loss":0.0,"damage_taken":0.0,"cards_upgraded":["HandOfGreed"]},{"damage_healed":0.0,"max_hp_gain":0.0,"max_hp_loss":0.0,"gold_gain":0.0,"event_name":"Scrap Ooze","player_choice":"Success","floor":13.0,"gold_loss":0.0,"damage_taken":12.0,"relics_obtained":["Bag of Marbles"]},{"damage_healed":0.0,"max_hp_gain":0.0,"max_hp_loss":0.0,"gold_gain":0.0,"event_name":"Duplicator","player_choice":"Copied","floor":19.0,"gold_loss":0.0,"damage_taken":0.0,"cards_obtained":["HandOfGreed"]},{"damage_healed":0.0,"max_hp_gain":0.0,"max_hp_loss":0.0,"gold_gain":0.0,"event_name":"Back to Basics","player_choice":"Simplicity","floor":21.0,"gold_loss":0.0,"damage_taken":0.0,"cards_upgraded":["Strike_G","Strike_G","Strike_G","Strike_G","Defend_G","Defend_G","Defend_G","Defend_G"]},{"damage_healed":0.0,"max_hp_gain":0.0,"max_hp_loss":0.0,"gold_gain":0.0,"event_name":"Upgrade Shrine","player_choice":"Upgraded","floor":22.0,"gold_loss":0.0,"damage_taken":0.0,"cards_upgraded":["Calculated Gamble"]},{"damage_healed":0.0,"max_hp_gain":0.0,"max_hp_loss":0.0,"gold_gain":0.0,"event_name":"Match and Keep!","player_choice":"1 cards matched","floor":27.0,"gold_loss":0.0,"damage_taken":0.0,"cards_obtained":["Jack Of All Trades"]},{"damage_healed":0,"gold_gain":0,"player_choice":"Paid","damage_taken":0,"relics_obtained":["Red Mask"],"max_hp_gain":0,"max_hp_loss":0,"event_name":"Tomb of Lord Red Mask","floor":37,"gold_loss":122},{"damage_healed":0,"gold_gain":0,"player_choice":"Ignored","damage_taken":0,"max_hp_gain":0,"max_hp_loss":0,"event_name":"NoteForYourself","floor":38,"gold_loss":0},{"damage_healed":0,"gold_gain":0,"player_choice":"Fight","damage_taken":0,"max_hp_gain":0,"max_hp_loss":0,"event_name":"Mysterious Sphere","floor":42,"gold_loss":0},{"damage_healed":0,"gold_gain":0,"player_choice":"Memory 1","damage_taken":0,"max_hp_gain":0,"max_hp_loss":0,"event_name":"SensoryStone","floor":46,"gold_loss":0}],"is_beta":false,"boss_relics":[{"not_picked":["Busted Crown","SacredBark"],"picked":"Black Star"},{"not_picked":["SlaversCollar","Astrolabe"],"picked":"Runic Pyramid"}],"items_purged_floors":[14,20,29],"is_endless":false,"potions_floor_spawned":[1,2,3,6,12,23,30,39],"killed_by":"Awakened One","ascension_level":0}}