{"host":"9gwavclf33b2mpxe","time":1610754022,"event":{"mods":["BaseMod","Bestiary","Block Reminder","Colored Map","Colored Powertips","Downfall","Highlight Path","Minty Spire (QoL Compilation)","Permanent Neow","Quick Restart","Relic Stats","StSLib","SuperFastMode"],"gold_per_floor":[99,114,59,59,70,70,70,70,55,55,70,170,185,218,231,231,231],"floor_reached":16,"language":"ENG","playtime":1085,"items_purged":[],"score":100,"play_id":"963d9ba4-e22d-4fe1-8464-44cd009ea4d4","local_time":"20210116074022","is_ascension_mode":false,"campfire_choices":[{"data":"bronze:Goto","floor":1,"key":"SMITH"},{"data":"bronze:Invalidate","floor":6,"key":"SMITH"},{"data":"bronze:GetLatest","floor":8,"key":"SMITH"},{"data":"bronze:BronzeArmor","floor":10,"key":"SMITH"}],"circlet_count":0,"master_deck":["bronze:Strike","bronze:Strike","bronze:Strike","bronze:Defend","bronze:Defend","bronze:Defend","bronze:Defend","bronze:Replicate","bronze:Goto+1","bronze:BronzeArmor+1","bronze:GetLatest+1","bronze:ChosenStrike","bronze:Flail","bronze:Invalidate+1","bronze:Deprecate","bronze:DigitalCarnage","bronze:ItsAFeature","bronze:Branch","bronze:Optimize"],"relics":["bronze:BronzeCore","bronze:CableSpool","Boot"],"acts_visited":["Exordium"],"potions_floor_usage":[13,16,16,16],"damage_taken":[{"damage":1,"enemies":"Cultist","floor":2,"turns":4},{"damage":0,"enemies":"downfall:FleeingMerchant","floor":3,"turns":4},{"damage":15,"enemies":"Jaw Worm","floor":5,"turns":2},{"damage":10,"enemies":"downfall:FleeingMerchant","floor":9,"turns":4},{"damage":0,"enemies":"Small Slimes","floor":11,"turns":2},{"damage":8,"enemies":"Exordium Wildlife","floor":13,"turns":6},{"damage":14,"enemies":"3 Sentries","floor":14,"turns":5},{"damage":11,"enemies":"Exordium Thugs","floor":15,"turns":3},{"damage":16,"enemies":"IC_STATUS_ARCHETYPE","floor":16,"turns":8}],"seed_played":"5534992670474537459","potions_obtained":[{"floor":2,"key":"AttackPotion"},{"floor":11,"key":"GamblersBrew"},{"floor":14,"key":"ColorlessPotion"},{"floor":15,"key":"Block Potion"}],"is_trial":false,"path_per_floor":["R","M","$","?","M","R","T","R","$","R","M","?","M","E","M","B"],"character_chosen":"THE_AUTOMATON","items_purchased":["bronze:Flail"],"campfire_rested":0,"item_purchase_floors":[3],"current_hp_per_floor":[70,69,69,74,59,59,59,59,49,49,49,49,41,27,16,0,0],"gold":231,"neow_bonus":"TRANSFORM_CARD","is_daily":false,"chose_seed":false,"campfire_upgraded":4,"win_rate":0.0,"timestamp":1610754022,"path_taken":["R","M","?","?","M","R","T","R","$","R","M","?","?","E","M","BOSS"],"items_purchased_type":["Card"],"build_version":"2020-12-22","purchased_purges":0,"victory":false,"max_hp_per_floor":[70,70,70,75,75,75,75,75,75,75,75,75,75,75,75,75,75],"relic_stats":{"counters":[9,38],"Boot":[12],"obtain_stats":[{"bronze:BronzeCore":0,"Boot":14,"bronze:CableSpool":7},{"bronze:BronzeCore":0,"Boot":7,"bronze:CableSpool":3},{"bronze:BronzeCore":0,"Boot":27,"bronze:CableSpool":10}]},"card_choices":[{"not_picked":["bronze:CloningBeam","bronze:Refactor"],"picked":"bronze:GetLatest","floor":2},{"not_picked":["bronze:Boost","bronze:ChildClass"],"picked":"bronze:ChosenStrike","floor":3},{"not_picked":["bronze:DigitalCarnage","bronze:InfiniteBeams"],"picked":"bronze:Invalidate","floor":5},{"not_picked":["bronze:CutThrough","bronze:Frontload"],"picked":"bronze:Deprecate","floor":9},{"not_picked":["bronze:FineTuning","bronze:Iterate"],"picked":"bronze:DigitalCarnage","floor":11},{"not_picked":["bronze:ChosenStrike","bronze:Deprecate"],"picked":"bronze:ItsAFeature","floor":13},{"not_picked":["bronze:Refactor","bronze:ThunderWave"],"picked":"bronze:Branch","floor":14},{"not_picked":["bronze:Constructor","bronze:OilSpill"],"picked":"bronze:Optimize","floor":15}],"player_experience":81873,"relics_obtained":[{"floor":7,"key":"bronze:CableSpool"},{"floor":14,"key":"Boot"}],"event_choices":[{"damage_healed":0,"gold_gain":0,"player_choice":"Donut","damage_taken":0,"max_hp_gain":5,"max_hp_loss":0,"event_name":"Big Fish","floor":4,"gold_loss":0}],"is_beta":false,"boss_relics":[],"items_purged_floors":[],"is_endless":false,"potions_floor_spawned":[2,11,14,15],"killed_by":"IC_STATUS_ARCHETYPE","ascension_level":0}}