{"host":"o8qgt737q1lp1iok","time":1610718991,"event":{"mods":["BaseMod","Colored Map","Colored Powertips","Hermit","Marisa????????","Minty Spire (QoL Compilation)","StSLib"],"gold_per_floor":[118,136,311,83,83,83,110,123,194,194,226,226,242,242,242,342,342,354,387,486,499,499,499],"floor_reached":22,"language":"ENG","playtime":1160,"items_purged":["Doubt"],"score":217,"play_id":"60b7cfc4-11c0-4f91-8503-59531139a469","local_time":"20210115055631","is_ascension_mode":false,"campfire_choices":[{"floor":6,"key":"RECALL"},{"data":"hermit:TrackingShot","floor":10,"key":"SMITH"},{"data":"hermit:GoldenBullet","floor":12,"key":"SMITH"},{"floor":15,"key":"REST"}],"circlet_count":0,"master_deck":["hermit:Strike_Hermit","hermit:Strike_Hermit","hermit:Strike_Hermit","hermit:Strike_Hermit","hermit:Defend_Hermit","hermit:Defend_Hermit","hermit:Defend_Hermit","hermit:Defend_Hermit","hermit:Snapshot","hermit:Covet","hermit:Snipe+1","hermit:TrackingShot+1","hermit:Enervate","hermit:GoldenBullet+1","hermit:Combo+1","hermit:Ricochet+1"],"relics":["hermit:Momento","NeowsBlessing","Lantern","Strawberry","Question Card","Runic Pyramid","Red Mask"],"acts_visited":["Exordium","TheCity"],"potions_floor_usage":[11,13,19,21],"damage_taken":[{"damage":0,"enemies":"2 Louse","floor":1,"turns":1},{"damage":0,"enemies":"Cultist","floor":2,"turns":1},{"damage":0,"enemies":"3 Sentries","floor":7,"turns":1},{"damage":0,"enemies":"Small Slimes","floor":8,"turns":2},{"damage":31,"enemies":"Lagavulin","floor":11,"turns":5},{"damage":0,"enemies":"2 Fungi Beasts","floor":13,"turns":1},{"damage":49,"enemies":"Slime Boss","floor":16,"turns":8},{"damage":15,"enemies":"Spheric Guardian","floor":18,"turns":4},{"damage":25,"enemies":"Masked Bandits","floor":19,"turns":4},{"damage":6,"enemies":"Chosen","floor":21,"turns":3},{"damage":46,"enemies":"Centurion and Healer","floor":22,"turns":7}],"seed_played":"-3524560107732295201","potions_obtained":[{"floor":2,"key":"Explosive Potion"},{"floor":8,"key":"CultistPotion"},{"floor":16,"key":"Swift Potion"},{"floor":19,"key":"Regen Potion"}],"is_trial":false,"path_per_floor":["M","M","?","$","?","R","E","M","T","R","E","R","M","?","R","B",null,"M","?","?","M","M"],"character_chosen":"HERMIT","items_purchased":["Lantern"],"campfire_rested":1,"item_purchase_floors":[4],"current_hp_per_floor":[75,75,75,75,75,75,82,82,82,82,51,51,51,51,75,26,82,67,42,42,45,0,0],"gold":499,"neow_bonus":"THREE_ENEMY_KILL","is_daily":false,"chose_seed":false,"campfire_upgraded":2,"win_rate":0.0,"timestamp":1610718991,"path_taken":["M","M","?","$","?","R","E","?","T","R","E","R","M","?","R","BOSS","M","?","?","M","M"],"items_purchased_type":["Relic"],"build_version":"2020-12-22","purchased_purges":1,"victory":false,"max_hp_per_floor":[75,75,75,75,75,75,82,82,82,82,82,82,82,82,82,82,82,82,82,82,82,82,82],"card_choices":[{"not_picked":["hermit:Glare","hermit:Coalescence"],"picked":"hermit:Snipe","floor":1},{"not_picked":["hermit:Headshot","hermit:CalledShot"],"picked":"hermit:TrackingShot","floor":2},{"not_picked":["hermit:Manifest","hermit:Reprieve"],"picked":"hermit:Enervate","floor":7},{"not_picked":["hermit:Misfire","hermit:Manifest","hermit:Coalescence"],"picked":"SKIP","floor":8},{"not_picked":["hermit:TakeCover","hermit:LoneWolf"],"picked":"hermit:GoldenBullet","floor":11},{"not_picked":["hermit:Dive","hermit:Maintenance","hermit:LowProfile"],"picked":"hermit:Combo","floor":13},{"not_picked":["hermit:Feint","hermit:CursedWeapon+1","hermit:Quickdraw","hermit:Vantage"],"picked":"SKIP","floor":18},{"not_picked":["hermit:Headshot","hermit:Snipe","hermit:DeadMansHand"],"picked":"hermit:Ricochet+1","floor":19},{"not_picked":["hermit:Cheat","hermit:Roulette","hermit:Manifest+1","hermit:Grudge"],"picked":"SKIP","floor":21}],"player_experience":393952,"relics_obtained":[{"floor":7,"key":"Strawberry"},{"floor":11,"key":"Question Card"},{"floor":19,"key":"Red Mask"}],"event_choices":[{"damage_healed":0,"gold_gain":175,"player_choice":"AGREE","damage_taken":0,"max_hp_gain":0,"max_hp_loss":0,"event_name":"Liars Game","floor":3,"gold_loss":0,"cards_obtained":["Doubt"]},{"damage_healed":0,"gold_gain":0,"player_choice":"Forge","damage_taken":0,"max_hp_gain":0,"max_hp_loss":0,"event_name":"Accursed Blacksmith","floor":5,"gold_loss":0,"cards_upgraded":["hermit:Snipe"]},{"damage_healed":0,"gold_gain":0,"player_choice":"Grow","damage_taken":0,"max_hp_gain":0,"max_hp_loss":0,"event_name":"Living Wall","floor":14,"gold_loss":0,"cards_upgraded":["hermit:Combo"]},{"damage_healed":0,"gold_gain":0,"player_choice":"Fought Bandits","damage_taken":0,"max_hp_gain":0,"max_hp_loss":0,"event_name":"Masked Bandits","floor":19,"gold_loss":0},{"damage_healed":0,"gold_gain":99,"player_choice":"Stole From Cult","damage_taken":0,"max_hp_gain":0,"max_hp_loss":0,"event_name":"Nest","floor":20,"gold_loss":0}],"is_beta":false,"boss_relics":[{"not_picked":["Snecko Eye","Coffee Dripper"],"picked":"Runic Pyramid"}],"items_purged_floors":[4],"is_endless":false,"potions_floor_spawned":[2,8,16,19],"killed_by":"Centurion and Healer","ascension_level":0}}