{"host":"vpaavrwbmey593fx","time":1610742579,"event":{"mods":["AchievementEnabler","BaseMod","Bestiary","Colored Map","Colored Powertips","DeckTracker","Minty Spire (QoL Compilation)","Relic Sorter"],"gold_per_floor":[116,131,150,164,175,175,208,208,208,208,237,237,198,209,209,304,304,324,53,73,84,95,95,105,30,30,30,62,75,91,106,106,206,206,225,225,242,252,252,252],"floor_reached":39,"language":"ENG","playtime":4279,"items_purged":["Consume+1"],"score":482,"play_id":"6f3e9196-6145-413c-98cb-04f19e7cb46e","local_time":"20210115122939","is_ascension_mode":true,"campfire_choices":[{"data":"Streamline","floor":6.0,"key":"SMITH"},{"floor":8.0,"key":"REST"},{"floor":12.0,"key":"REST"},{"data":"Zap","floor":15.0,"key":"SMITH"},{"data":"Echo Form","floor":23.0,"key":"SMITH"},{"floor":32.0,"key":"REST"}],"circlet_count":0,"master_deck":["Strike_B","Defend_B","Defend_B","Defend_B","Defend_B","Zap+1","Dualcast","Streamline+1","Cold Snap","Sweeping Beam","Auto Shields","Conserve Battery","Coolheaded","White Noise","Echo Form+1","Reboot+1","Auto Shields+1","Hologram","Gash","Doom and Gloom","Aggregate","Machine Learning","Reinforced Body","Beam Cell+1","Barrage+1","Stack+1"],"relics":["Cracked Core","InkBottle","Anchor","Strawberry","TungstenRod","Mercury Hourglass","Astrolabe","Membership Card","Lee\u0027s Waffle","Lizard Tail","SlaversCollar"],"acts_visited":["Exordium","TheCity","TheBeyond"],"potions_floor_usage":[],"damage_taken":[{"damage":1.0,"enemies":"Cultist","floor":1.0,"turns":3.0},{"damage":4.0,"enemies":"Jaw Worm","floor":2.0,"turns":4.0},{"damage":0.0,"enemies":"Small Slimes","floor":3.0,"turns":2.0},{"damage":15.0,"enemies":"Exordium Thugs","floor":4.0,"turns":4.0},{"damage":10.0,"enemies":"Blue Slaver","floor":5.0,"turns":3.0},{"damage":16.0,"enemies":"Gremlin Nob","floor":7.0,"turns":4.0},{"damage":26.0,"enemies":"3 Sentries","floor":11.0,"turns":10.0},{"damage":0.0,"enemies":"2 Fungi Beasts","floor":14.0,"turns":2.0},{"damage":2.0,"enemies":"Hexaghost","floor":16.0,"turns":9.0},{"damage":21.0,"enemies":"2 Thieves","floor":18.0,"turns":4.0},{"damage":7.0,"enemies":"Shell Parasite","floor":20.0,"turns":4.0},{"damage":1.0,"enemies":"Cultist and Chosen","floor":21.0,"turns":8.0},{"damage":4.0,"enemies":"Shelled Parasite and Fungi","floor":22.0,"turns":5.0},{"damage":23.0,"enemies":"Centurion and Healer","floor":24.0,"turns":6.0},{"damage":51.0,"enemies":"Book of Stabbing","floor":28.0,"turns":6.0},{"damage":10.0,"enemies":"Cultist and Chosen","floor":29.0,"turns":5.0},{"damage":9.0,"enemies":"3 Cultists","floor":30.0,"turns":4.0},{"damage":19.0,"enemies":"Sentry and Sphere","floor":31.0,"turns":5.0},{"damage":37.0,"enemies":"Champ","floor":33.0,"turns":15.0},{"damage":9,"enemies":"3 Shapes","floor":35,"turns":5},{"damage":16,"enemies":"Orb Walker","floor":37,"turns":5},{"damage":64,"enemies":"Transient","floor":38,"turns":5},{"damage":5,"enemies":"Mind Bloom Boss Battle","floor":39,"turns":6}],"seed_played":"-4643019786444083448","potions_obtained":[{"floor":3.0,"key":"AttackPotion"},{"floor":11.0,"key":"Weak Potion"},{"floor":14.0,"key":"Fruit Juice"},{"floor":20.0,"key":"ColorlessPotion"},{"floor":28.0,"key":"Explosive Potion"},{"floor":29.0,"key":"Block Potion"},{"floor":30.0,"key":"EssenceOfSteel"},{"floor":33.0,"key":"PowerPotion"},{"floor":35,"key":"EssenceOfDarkness"},{"floor":38,"key":"SpeedPotion"}],"is_trial":false,"path_per_floor":["M","M","M","M","M","R","E","R","T","?","E","R","?","M","R","B",null,"M","$","M","M","M","R","M","$","T","?","E","M","M","M","R","B",null,"M","?","M","M","?"],"character_chosen":"DEFECT","items_purchased":["Membership Card","Anchor","Lee\u0027s Waffle"],"campfire_rested":3,"item_purchase_floors":[19,19,25],"current_hp_per_floor":[81,77,77,62,52,52,36,60,60,51,25,49,49,54,54,52,87,66,66,59,58,54,54,31,94,94,94,43,33,24,5,33,47,94,85,85,69,5,0,0],"gold":252,"neow_bonus":"RANDOM_COMMON_RELIC","is_daily":false,"chose_seed":false,"campfire_upgraded":3,"win_rate":0.0,"timestamp":1610742579,"path_taken":["M","M","M","M","M","R","E","R","T","?","E","R","?","M","R","BOSS","M","$","M","M","M","R","M","$","T","?","E","M","M","M","R","BOSS","M","?","M","M","?"],"items_purchased_type":["Relic","Relic","Relic"],"build_version":"2020-12-22","purchased_purges":1,"victory":false,"max_hp_per_floor":[82,82,82,82,82,82,82,82,82,82,82,82,82,87,87,87,87,87,87,87,87,87,87,87,94,94,94,94,94,94,94,94,94,94,94,89,89,89,89,89],"card_choices":[{"not_picked":["Reinforced Body","Barrage"],"picked":"Streamline","floor":1.0},{"not_picked":["Turbo","Steam"],"picked":"Cold Snap","floor":2.0},{"not_picked":["Heatsinks","Rebound"],"picked":"Sweeping Beam","floor":3.0},{"not_picked":["Chaos","Ball Lightning"],"picked":"Auto Shields","floor":4.0},{"not_picked":["Barrage","Storm"],"picked":"Conserve Battery","floor":5.0},{"not_picked":["Electrodynamics","Amplify"],"picked":"Coolheaded","floor":7.0},{"not_picked":["Go for the Eyes","Thunder Strike"],"picked":"White Noise","floor":11.0},{"not_picked":["Undo","Barrage","Turbo"],"picked":"SKIP","floor":14.0},{"not_picked":["Core Surge","Buffer"],"picked":"Echo Form","floor":16.0},{"not_picked":["Sweeping Beam","Skim","Rebound"],"picked":"SKIP","floor":18.0},{"not_picked":["Redo","Barrage"],"picked":"Hologram","floor":20.0},{"not_picked":["Coolheaded+1","Leap"],"picked":"Gash","floor":21.0},{"not_picked":["Stack+1","Streamline"],"picked":"Doom and Gloom","floor":22.0},{"not_picked":["Streamline+1","Chaos"],"picked":"Aggregate","floor":24.0},{"not_picked":["Sunder+1","Thunder Strike"],"picked":"Reinforced Body","floor":28.0},{"not_picked":["Cold Snap+1","Stack","Steam Power"],"picked":"SKIP","floor":29.0},{"not_picked":["Ball Lightning","Beam Cell","Stack"],"picked":"SKIP","floor":30.0},{"not_picked":["Streamline+1","Genetic Algorithm+1","Rebound"],"picked":"SKIP","floor":31.0},{"not_picked":["BootSequence+1","Force Field"],"picked":"Beam Cell+1","floor":35},{"not_picked":["Sweeping Beam","Coolheaded"],"picked":"Barrage+1","floor":37},{"not_picked":["FTL+1","Blizzard"],"picked":"Stack+1","floor":38}],"player_experience":183938,"relics_obtained":[{"floor":7.0,"key":"InkBottle"},{"floor":9.0,"key":"TungstenRod"},{"floor":11.0,"key":"Mercury Hourglass"},{"floor":28.0,"key":"Lizard Tail"}],"event_choices":[{"damage_healed":0.0,"max_hp_gain":0.0,"max_hp_loss":0.0,"gold_gain":0.0,"event_name":"Scrap Ooze","player_choice":"Fled","floor":10.0,"gold_loss":0.0,"damage_taken":12.0},{"damage_healed":0.0,"max_hp_gain":0.0,"max_hp_loss":0.0,"gold_gain":0.0,"event_name":"World of Goop","player_choice":"Left Gold","floor":13.0,"gold_loss":39.0,"damage_taken":0.0},{"damage_healed":0.0,"max_hp_gain":0.0,"max_hp_loss":0.0,"gold_gain":0.0,"event_name":"The Library","player_choice":"Read","floor":27.0,"gold_loss":0.0,"damage_taken":0.0,"cards_obtained":["Machine Learning"]},{"damage_healed":0,"gold_gain":0,"player_choice":"Max HP","damage_taken":0,"max_hp_gain":0,"max_hp_loss":5,"event_name":"Winding Halls","floor":36,"gold_loss":0},{"damage_healed":0,"gold_gain":0,"player_choice":"Fight","damage_taken":0,"max_hp_gain":0,"max_hp_loss":0,"event_name":"MindBloom","floor":39,"gold_loss":0}],"is_beta":false,"boss_relics":[{"not_picked":["Runic Pyramid","SacredBark"],"picked":"Astrolabe"},{"not_picked":["Velvet Choker","FrozenCore"],"picked":"SlaversCollar"}],"items_purged_floors":[19],"is_endless":false,"potions_floor_spawned":[3,11,14,20,28,29,30,33,35,38],"killed_by":"Mind Bloom Boss Battle","ascension_level":3}}