{"host":"3eao3znc71vovznr","time":1610741109,"event":{"mods":["BaseMod","Minty Spire (QoL Compilation)","StSLib","The Marked"],"gold_per_floor":[118,118,118,135,155,155,105,105,105,141,141,141,175,70,70,181,190,216,240,240,240,240],"floor_reached":21,"language":"ENG","playtime":698,"items_purged":[],"score":210,"play_id":"a49849a3-756f-4598-aa46-56b218ac77bc","local_time":"20210115210509","is_ascension_mode":false,"campfire_choices":[{"data":"theMarked:SoldierOfQuellstein","floor":6,"key":"SMITH"},{"data":"theMarked:DeterminationOfTheMarked","floor":8,"key":"SMITH"},{"data":"theMarked:GodGivenPower","floor":15,"key":"SMITH"}],"circlet_count":0,"master_deck":["theMarked:Strike","theMarked:Strike","theMarked:Strike","theMarked:Strike","theMarked:Strike","theMarked:Defend","theMarked:Defend","theMarked:Defend","theMarked:Defend","theMarked:SoldierOfQuellstein+1","theMarked:DeterminationOfTheMarked+1","theMarked:Frustration","theMarked:Aftermath+1","theMarked:Improvise+1","theMarked:GodGivenPower+1","theMarked:ChannelForce+1","CurseOfTheBell","theMarked:ParalyzingBlade+1","theMarked:BanishingStrike+1"],"relics":["theMarked:ArtifactOfAir","NeowsBlessing","PreservedInsect","Bag of Preparation","Toxic Egg 2","CeramicFish","Smiling Mask","Calling Bell","Du-Vu Doll","theMarked:DemonDagger","Singing Bowl"],"acts_visited":["Exordium","TheCity"],"potions_floor_usage":[10,10,21],"damage_taken":[{"damage":0,"enemies":"Small Slimes","floor":1,"turns":1},{"damage":0,"enemies":"2 Louse","floor":4,"turns":1},{"damage":0,"enemies":"Jaw Worm","floor":5,"turns":1},{"damage":0,"enemies":"Gremlin Nob","floor":10,"turns":2},{"damage":22,"enemies":"3 Sentries","floor":13,"turns":8},{"damage":21,"enemies":"Slime Boss","floor":16,"turns":8},{"damage":10,"enemies":"Spheric Guardian","floor":18,"turns":3},{"damage":6,"enemies":"Chosen","floor":19,"turns":4},{"damage":24,"enemies":"Sentry and Sphere","floor":21,"turns":3}],"seed_played":"2984915283672396034","potions_obtained":[{"floor":4,"key":"FearPotion"},{"floor":5,"key":"AttackPotion"},{"floor":10,"key":"PowerPotion"},{"floor":18,"key":"GamblersBrew"}],"is_trial":false,"path_per_floor":["M","?","?","M","M","R","?","R","T","E","?","$","E","$","R","B",null,"M","M","?","M"],"character_chosen":"THE_DEFAULT","items_purchased":["theMarked:Improvise+1","theMarked:GodGivenPower"],"campfire_rested":0,"item_purchase_floors":[14,14],"current_hp_per_floor":[70,70,67,67,67,67,67,67,67,67,67,67,45,45,45,24,70,60,54,54,30,30],"gold":240,"neow_bonus":"THREE_ENEMY_KILL","is_daily":false,"chose_seed":false,"campfire_upgraded":3,"win_rate":0.0,"timestamp":1610741109,"path_taken":["M","?","?","M","M","R","?","R","T","E","?","$","E","?","R","BOSS","M","M","?","?"],"items_purchased_type":["Card","Card"],"build_version":"2020-12-22","purchased_purges":0,"victory":false,"max_hp_per_floor":[70,70,70,70,70,70,70,70,70,70,70,70,70,70,70,70,70,70,70,70,70,70],"card_choices":[{"not_picked":["theMarked:HeightenedSenses","theMarked:GodGivenPower","theMarked:WastefulDefense"],"picked":"SKIP","floor":1},{"not_picked":["theMarked:Frustration","theMarked:Aftermath"],"picked":"theMarked:DeterminationOfTheMarked","floor":4},{"not_picked":["theMarked:WastefulAttack","theMarked:Aftermath","theMarked:MaelstromOfLightning"],"picked":"SKIP","floor":5},{"not_picked":["theMarked:ResourceFulStrike","theMarked:ContemptForTheProud"],"picked":"theMarked:Frustration","floor":10},{"not_picked":["theMarked:EnhanceMovement+1","theMarked:Panic+1"],"picked":"theMarked:Aftermath+1","floor":13},{"not_picked":["theMarked:DispelDoubt","theMarked:SummonStrength"],"picked":"theMarked:ChannelForce+1","floor":16},{"not_picked":["theMarked:ChainLightning+1","theMarked:Parkour"],"picked":"theMarked:ParalyzingBlade+1","floor":18},{"not_picked":["theMarked:GodGivenPower","theMarked:Frustration"],"picked":"theMarked:BanishingStrike+1","floor":19}],"player_experience":395115,"relics_obtained":[{"floor":9,"key":"Toxic Egg 2"},{"floor":10,"key":"CeramicFish"},{"floor":13,"key":"Smiling Mask"},{"floor":17,"key":"Du-Vu Doll"},{"floor":17,"key":"theMarked:DemonDagger"},{"floor":17,"key":"Singing Bowl"}],"event_choices":[{"damage_healed":0,"gold_gain":0,"player_choice":"Box","damage_taken":0,"relics_obtained":["PreservedInsect"],"max_hp_gain":0,"max_hp_loss":0,"event_name":"Big Fish","floor":2,"gold_loss":0,"cards_obtained":["Regret"]},{"damage_healed":0,"gold_gain":0,"player_choice":"Success","damage_taken":3,"relics_obtained":["Bag of Preparation"],"max_hp_gain":0,"max_hp_loss":0,"event_name":"Scrap Ooze","floor":3,"gold_loss":0},{"cards_removed":["Regret"],"damage_healed":0,"gold_gain":0,"player_choice":"Card Removal","damage_taken":0,"max_hp_gain":0,"max_hp_loss":0,"event_name":"The Cleric","floor":7,"gold_loss":50},{"damage_healed":0,"gold_gain":0,"player_choice":"Ignored","damage_taken":0,"max_hp_gain":0,"max_hp_loss":0,"event_name":"Golden Wing","floor":11,"gold_loss":0},{"damage_healed":0,"gold_gain":0,"player_choice":"Ignored","damage_taken":0,"max_hp_gain":0,"max_hp_loss":0,"event_name":"N\u0027loth","floor":20,"gold_loss":0}],"is_beta":false,"boss_relics":[{"not_picked":["Fusion Hammer","Cursed Key"],"picked":"Calling Bell"}],"items_purged_floors":[],"is_endless":false,"potions_floor_spawned":[4,5,10,18],"killed_by":"Sentry and Sphere","ascension_level":0}}