{"host":"m9sgjjym7adpjcxd","time":1610731701,"event":{"mods":["Bard","BaseMod","Colored Map","Colored Powertips","Downfall","Highlight Path","Hubris","Infinite Spire","Mimic Mod","Minty Spire (QoL Compilation)","Replay The Spire","StSLib","The Mystic","The Poker Player","slay the spire mod where everything is the same but ironclad has a cowboy hat"],"gold_per_floor":[110,110,120,140,154,189,189,189,189,200,214,52,84,96,96,96,96],"floor_reached":16,"language":"ENG","playtime":753,"items_purged":[],"score":114,"play_id":"0850a045-27ce-46ff-98f8-82049c1f6ddd","local_time":"20210115122821","is_ascension_mode":false,"campfire_choices":[{"data":"Bash","floor":8,"key":"SMITH"},{"data":"Feed","floor":15,"key":"SMITH"}],"circlet_count":0,"master_deck":["Strike_R","Strike_R","Strike_R","Strike_R","Strike_R","Defend_R","Defend_R","Defend_R","Bash+1","Reaper","Headbutt","Battle Trance","Seeing Red","ReplayTheSpireMod:Stacked","Iron Wave","True Grit","Feed+1","Shrug It Off","Ghostly Armor"],"relics":["Burning Blood","infinitespire:WardingShard","hubris:SphereOfDissonance","Snack Pack","hubris:MysteriousPyramids"],"acts_visited":["Exordium"],"potions_floor_usage":[6,6,6,16,16],"damage_taken":[{"damage":3,"enemies":"Small Slimes","floor":1,"turns":3},{"damage":6,"enemies":"2 Louse","floor":3,"turns":3},{"damage":1,"enemies":"Jaw Worm","floor":4,"turns":4},{"damage":14,"enemies":"Exordium Thugs","floor":5,"turns":5},{"damage":26,"enemies":"3 Sentries","floor":6,"turns":8},{"damage":8,"enemies":"Red Slaver","floor":10,"turns":4},{"damage":0,"enemies":"3 Louse","floor":11,"turns":3},{"damage":49,"enemies":"Lagavulin","floor":13,"turns":10},{"damage":20,"enemies":"Large Slime","floor":14,"turns":6},{"damage":38,"enemies":"Slime Boss","floor":16,"turns":16}],"seed_played":"7800374192029217652","potions_obtained":[{"floor":1,"key":"EntropicBrew"},{"floor":6,"key":"Languid Potion"},{"floor":13,"key":"Dexterity Potion"}],"is_trial":false,"path_per_floor":["M","?","M","M","M","E","?","R","T","M","M","$","E","M","R","B"],"character_chosen":"IRONCLAD","items_purchased":["Feed"],"campfire_rested":0,"item_purchase_floors":[12],"current_hp_per_floor":[80,77,77,80,72,60,60,60,60,64,72,72,36,28,28,0,0],"gold":96,"neow_bonus":"ONE_RANDOM_RARE_CARD","is_daily":false,"chose_seed":false,"campfire_upgraded":2,"win_rate":0.0,"timestamp":1610731701,"path_taken":["M","?","M","M","M","E","?","R","T","M","M","$","E","M","R","BOSS"],"items_purchased_type":["Card"],"build_version":"2020-12-22","purchased_purges":0,"victory":false,"max_hp_per_floor":[80,80,80,80,80,80,80,80,80,80,80,80,83,83,83,83,83],"card_choices":[{"not_picked":["Run Through","Wild Strike"],"picked":"Headbutt","floor":1},{"not_picked":["Twin Strike","Havoc"],"picked":"Battle Trance","floor":3},{"not_picked":["Pummel","Infernal Blade"],"picked":"Seeing Red","floor":4},{"not_picked":["Sever Soul","Warcry","Battle Trance"],"picked":"SKIP","floor":5},{"not_picked":["ReplayTheSpireMod:Corrosion Curse","ReplayTheSpireMod:Muscle Training"],"picked":"ReplayTheSpireMod:Stacked","floor":6},{"not_picked":["ReplayTheSpireMod:LeadingStrike","Warcry"],"picked":"Iron Wave","floor":10},{"not_picked":["ReplayReversal","Clash"],"picked":"True Grit","floor":11},{"not_picked":["hubris:ReadiedAction","Exhume"],"picked":"Shrug It Off","floor":13},{"not_picked":["Run Through","Twin Strike"],"picked":"Ghostly Armor","floor":14}],"player_experience":417896,"relics_obtained":[{"floor":6,"key":"hubris:SphereOfDissonance"},{"floor":9,"key":"Snack Pack"},{"floor":13,"key":"hubris:MysteriousPyramids"}],"event_choices":[{"damage_healed":0,"gold_gain":0,"player_choice":"Success","damage_taken":3,"relics_obtained":["infinitespire:WardingShard"],"max_hp_gain":0,"max_hp_loss":0,"event_name":"Scrap Ooze","floor":2,"gold_loss":0}],"is_beta":false,"boss_relics":[],"items_purged_floors":[],"is_endless":false,"potions_floor_spawned":[1,6,13,14],"killed_by":"Slime Boss","ascension_level":0}}