{"host":"mm1igi1l5qnkilsc","time":1610707249,"event":{"mods":["BaseMod","BetterRewards","Colored Map","Colored Powertips","Downfall","Good Game Mod","Highlight Path","Hunter ¡‘»À","Minty Spire (QoL Compilation)","Quick Restart","Remilia£®¿Ÿ√◊¿Ú—«£©","Shop Mod","StSLib","SuperFastMode","TestMod","The Servant 0.9.4","UnlockEverythingMod","noobMod"],"gold_per_floor":[116,116,290,364,376,401,412,433,498,536,547,590,601,630,641,755,766,789,811,822,844,855,898,739,766,766,800,899,938,938,963,963,1065,1065,1090,1147,1219,1265,1290,1322,1341,1341,1364,1364,1388,1388,1429,1455,1455,1455,1455,1455,662,690,690],"floor_reached":56,"language":"ZHS","playtime":4720,"items_purged":["Envy_TH","Defend_S"],"score":2528,"play_id":"3fa6a1b5-3dc5-415c-b3ed-3368c753bfd4","local_time":"20210115184049","is_ascension_mode":true,"campfire_choices":[{"floor":7,"key":"RECALL"},{"data":"FloweringNight","floor":11,"key":"SMITH"},{"data":"BestPractice","floor":15,"key":"SMITH"},{"data":"MurderousAura","floor":32,"key":"SMITH"},{"data":"Embodiment","floor":42,"key":"SMITH"},{"data":"FlawlessForm","floor":44,"key":"SMITH"},{"data":"Guardian:AncientConstruct","floor":46,"key":"SMITH"},{"data":"Sunlight","floor":49,"key":"SMITH"},{"data":"Exchange","floor":52,"key":"SMITH"}],"circlet_count":0,"master_deck":["Strike_S","Strike_S","Strike_S","Defend_S","KidneyShot","Exchange+1","Guardian:AncientConstruct+1","BottledTime","Doubt","Hightail","FloweringNight+1","ShatteredReality","TimeWarp","BestPractice+1","Rearm","LightFlow","Collapse+1","Spin","Barrier+1","Embodiment+1","ShatteredReality+1","Foresight","SurpressingFire","MurderousAura+1","Reset","FlawlessForm+1","Foresight","TimeTheft","BestPractice+1","BestPractice+1","SurpressingFire+1","Sunlight+1"],"relics":["Uniform","testmod-TestBox","REME:ComplimentaryCards","ice","testmod-Fanaticism","Pan","Turnip","testmod-Register","Dead Branch","testmod-Charity","Centennial Puzzle","PreservedInsect","Vajra","Black Star","WingedGreaves","Pen Nib","MerchantsRug","Bag of Preparation","Anchor","Mummified Hand","Broom","Tiny Chest","testmod-InjuryResistance","Blue Candle","CeramicFish","Gremlin Horn","testmod-SaigiyounoYou","testmod-HeartOfStrike","Eternal Feather","Blood Vial","testmod-OneHitWonder","testmod-CyclicPeriapt","Nunchaku","TungstenRod","Omamori","testmod-FatalChain","Regal Pillow","Happy Flower","testmod-Nyarlathotep","KneeBrace","testmod-MagicalMallet","Shuriken","Letter Opener"],"acts_visited":["Exordium","TheCity","TheBeyond","TheEnding"],"potions_floor_usage":[],"damage_taken":[{"damage":23,"enemies":"2 Louse","floor":1,"turns":2},{"damage":9,"enemies":"Jaw Worm","floor":5,"turns":2},{"damage":0,"enemies":"Lagavulin","floor":6,"turns":6},{"damage":0,"enemies":"Small Slimes","floor":8,"turns":3},{"damage":6,"enemies":"3 Sentries","floor":10,"turns":3},{"damage":0,"enemies":"Lagavulin","floor":12,"turns":2},{"damage":0,"enemies":"Exordium Wildlife","floor":14,"turns":1},{"damage":0,"enemies":"The Guardian","floor":16,"turns":4},{"damage":0,"enemies":"3 Byrds","floor":18,"turns":2},{"damage":17,"enemies":"Shell Parasite","floor":19,"turns":2},{"damage":0,"enemies":"Centurion and Healer","floor":21,"turns":2},{"damage":38,"enemies":"Gremlin Leader","floor":23,"turns":2},{"damage":0,"enemies":"Slavers","floor":25,"turns":1},{"damage":39,"enemies":"Book of Stabbing","floor":27,"turns":2},{"damage":14,"enemies":"Colosseum Slavers","floor":28,"turns":2},{"damage":0,"enemies":"Colosseum Nobs","floor":28,"turns":1},{"damage":0,"enemies":"Gremlin Leader","floor":29,"turns":1},{"damage":19,"enemies":"Shelled Parasite and Fungi","floor":31,"turns":2},{"damage":0,"enemies":"Collector","floor":33,"turns":3},{"damage":36,"enemies":"3 Shapes","floor":35,"turns":2},{"damage":9,"enemies":"Mind Bloom Boss Battle","floor":36,"turns":3},{"damage":0,"enemies":"3 Darklings","floor":39,"turns":2},{"damage":0,"enemies":"Reptomancer","floor":40,"turns":2},{"damage":0,"enemies":"Maw","floor":41,"turns":5},{"damage":0,"enemies":"Giant Head","floor":45,"turns":4},{"damage":0,"enemies":"Nemesis","floor":47,"turns":5},{"damage":10,"enemies":"Awakened One","floor":50,"turns":4},{"damage":0,"enemies":"Shield and Spear","floor":54,"turns":1},{"damage":0,"enemies":"The Heart","floor":55,"turns":3}],"seed_played":"-5329773406391335075","potions_obtained":[{"floor":1,"key":"Fire Potion"},{"floor":10,"key":"SpeedPotion"},{"floor":12,"key":"CultistPotion"},{"floor":16,"key":"EssenceOfSteel"},{"floor":28,"key":"DistilledChaos"},{"floor":39,"key":"EntropicBrew"}],"is_trial":false,"path_per_floor":["M","?","?","?","M","E","R","M","T","E","R","E","?","M","R","B",null,"M","M","?","M","?","E","$","E","T","E","?","E","?","M","R","B",null,"M","?","T","T","M","E","M","R","T","R","E","R","E","T","R","B",null,"R","$","E","B",null],"character_chosen":"THE_SERVANT","items_purchased":["Pan","testmod-Register","testmod-Charity","MerchantsRug","testmod-Nyarlathotep","KneeBrace","testmod-MagicalMallet"],"campfire_rested":0,"item_purchase_floors":[0,0,0,24,53,53,53],"current_hp_per_floor":[64,64,65,55,51,84,85,87,89,94,95,97,91,93,94,96,108,110,116,92,94,95,120,123,124,124,136,128,130,116,124,124,126,141,145,161,162,163,166,170,175,175,176,176,179,179,187,188,188,190,190,190,190,191,213],"gold":690,"neow_bonus":"","is_daily":false,"chose_seed":false,"campfire_upgraded":8,"win_rate":0.0,"timestamp":1610707249,"path_taken":["M","?","?","?","M","E","R","?","T","E","R","E","?","M","R","BOSS","M","M","?","M","?","E","$","E","T","E","?","E","?","M","R","BOSS","M","?","?","?","?","E","?","R","T","R","E","R","E","?","R","BOSS","R","$","E","BOSS"],"items_purchased_type":["Relic","Relic","Relic","Relic","Relic","Relic","Relic"],"build_version":"2020-12-22","purchased_purges":2,"victory":true,"max_hp_per_floor":[80,80,81,82,83,85,86,89,91,94,95,97,98,100,101,111,112,114,117,123,125,126,130,133,134,134,136,138,140,140,143,143,146,146,153,161,162,163,166,170,175,175,176,176,179,179,187,188,188,190,190,190,190,191,259],"card_choices":[{"not_picked":["Replace","Starlight"],"picked":"BottledTime","floor":1},{"not_picked":["BottledTime","Defy"],"picked":"Hightail","floor":5},{"not_picked":["Ricochet","Defy"],"picked":"FloweringNight","floor":6},{"not_picked":["Potential","Ricochet"],"picked":"ShatteredReality","floor":8},{"not_picked":["StarChef","Revamp"],"picked":"TimeWarp","floor":10},{"not_picked":["Unruled","SilverMatrix"],"picked":"BestPractice","floor":12},{"not_picked":["Alleviate","Potential"],"picked":"Rearm","floor":14},{"not_picked":["ForgedInTime","Initiator"],"picked":"LightFlow","floor":16},{"not_picked":["Ricochet","Hightail"],"picked":"Collapse+1","floor":18},{"not_picked":["Ricochet","ShatteredReality"],"picked":"Spin","floor":19},{"not_picked":["Defy","Gouge"],"picked":"Barrier+1","floor":21},{"not_picked":["Potential","Alleviate"],"picked":"Embodiment","floor":23},{"not_picked":["Comet+1","SurpressingFire"],"picked":"ShatteredReality+1","floor":25},{"not_picked":["TimeTheft+1","Advance+1"],"picked":"Foresight","floor":27},{"not_picked":["Reset+1","TimeWarp"],"picked":"SurpressingFire","floor":28},{"not_picked":["TrueSight","Replace"],"picked":"MurderousAura","floor":29},{"not_picked":["Potential","Rewind"],"picked":"Reset","floor":31},{"not_picked":["MurderousAura","Dilation"],"picked":"FlawlessForm","floor":33},{"not_picked":["TimeWarp+1","Alleviate"],"picked":"Foresight","floor":35},{"not_picked":["Deadline+1","Ricochet+1"],"picked":"TimeTheft","floor":36},{"not_picked":["Rearm+1","SilverBlades+1"],"picked":"BestPractice+1","floor":39},{"not_picked":["KillingDoll","StarChef+1"],"picked":"BestPractice+1","floor":40},{"not_picked":["Defy","Starlight+1"],"picked":"SurpressingFire+1","floor":41},{"not_picked":["ShatteredReality","Hightail+1","InstantArmor"],"picked":"SKIP","floor":45},{"not_picked":["Comet+1","Luminosity"],"picked":"Sunlight","floor":47},{"not_picked":["Replace+1","Alleviate+1","Rearm"],"picked":"SKIP","floor":54}],"player_experience":76623,"relics_obtained":[{"floor":6,"key":"MawBank"},{"floor":10,"key":"PreservedInsect"},{"floor":12,"key":"Vajra"},{"floor":23,"key":"WingedGreaves"},{"floor":23,"key":"Pen Nib"},{"floor":25,"key":"Bag of Preparation"},{"floor":25,"key":"Anchor"},{"floor":26,"key":"Mummified Hand"},{"floor":27,"key":"Broom"},{"floor":27,"key":"Tiny Chest"},{"floor":28,"key":"testmod-InjuryResistance"},{"floor":28,"key":"Blue Candle"},{"floor":29,"key":"CeramicFish"},{"floor":29,"key":"Gremlin Horn"},{"floor":36,"key":"testmod-HeartOfStrike"},{"floor":37,"key":"Eternal Feather"},{"floor":38,"key":"Blood Vial"},{"floor":40,"key":"testmod-OneHitWonder"},{"floor":40,"key":"testmod-CyclicPeriapt"},{"floor":43,"key":"Nunchaku"},{"floor":45,"key":"TungstenRod"},{"floor":45,"key":"Omamori"},{"floor":47,"key":"testmod-FatalChain"},{"floor":47,"key":"Regal Pillow"},{"floor":48,"key":"Happy Flower"},{"floor":54,"key":"Shuriken"},{"floor":54,"key":"Letter Opener"}],"event_choices":[{"damage_healed":0,"gold_gain":0,"player_choice":"Leave","damage_taken":0,"max_hp_gain":0,"max_hp_loss":0,"event_name":"The Cleric","floor":2,"gold_loss":0},{"damage_healed":0,"gold_gain":175,"player_choice":"AGREE","damage_taken":0,"max_hp_gain":0,"max_hp_loss":0,"event_name":"Liars Game","floor":3,"gold_loss":0,"cards_obtained":["Doubt"]},{"damage_healed":0,"gold_gain":75,"player_choice":"Gather Gold","damage_taken":11,"max_hp_gain":0,"max_hp_loss":0,"event_name":"World of Goop","floor":4,"gold_loss":0},{"cards_removed":["Defend_S"],"damage_healed":0,"gold_gain":0,"player_choice":"Card Removal","damage_taken":7,"max_hp_gain":0,"max_hp_loss":0,"event_name":"Golden Wing","floor":13,"gold_loss":0},{"damage_healed":0,"gold_gain":0,"player_choice":"Shed Blood","damage_taken":30,"max_hp_gain":5,"max_hp_loss":0,"event_name":"Forgotten Altar","floor":20,"gold_loss":0},{"damage_healed":0,"gold_gain":0,"player_choice":"Fight","damage_taken":0,"max_hp_gain":0,"max_hp_loss":0,"event_name":"Colosseum","floor":28,"gold_loss":0},{"damage_healed":0,"gold_gain":0,"player_choice":"Fought Nobs","damage_taken":0,"max_hp_gain":0,"max_hp_loss":0,"event_name":"Colosseum","floor":28,"gold_loss":0},{"damage_healed":0,"gold_gain":0,"player_choice":"Damaged","damage_taken":14,"max_hp_gain":0,"max_hp_loss":0,"event_name":"Wheel of Change","floor":30,"gold_loss":0},{"damage_healed":0,"gold_gain":0,"player_choice":"Fight","damage_taken":0,"max_hp_gain":0,"max_hp_loss":0,"event_name":"MindBloom","floor":36,"gold_loss":0}],"is_beta":false,"boss_relics":[{"not_picked":["Busted Crown","Snecko Eye"],"picked":"Black Star"},{"not_picked":["testmod-Nine","Velvet Choker"],"picked":"testmod-SaigiyounoYou"}],"items_purged_floors":[24,53],"is_endless":false,"potions_floor_spawned":[1,10,12,16,25,28,33,39,40,45],"ascension_level":5}}