{"host":"by3dnjj711vo194a","time":1610737942,"event":{"mods":["2.2 Compatiblity","AchievementEnabler","BaseMod","Colored Map","DeckTracker","KOR Keyword Fix","Keyboard Shortcuts","Minty Spire (QoL Compilation)","Permanent Neow","Quick Restart","StSLib","SuperFastMode","everything is the same but u backflip on backflip"],"gold_per_floor":[110,125,140,65,65,65,104,118,118,134,148,173,173,198,198,326,389,410,208,208,208,229,229,42,42,42],"floor_reached":25,"language":"KOR","playtime":678,"items_purged":["Strike_P","Omniscience","Strike_P"],"score":276,"play_id":"2b2b1a12-615d-4678-8ffd-06b03e3ebf9b","local_time":"20210116041222","is_ascension_mode":true,"campfire_choices":[{"data":"Eruption","floor":6.0,"key":"SMITH"},{"floor":15.0,"key":"REST"},{"data":"Adaptation","floor":23.0,"key":"SMITH"}],"circlet_count":0,"master_deck":["Strike_P","Strike_P","Defend_P","Defend_P","Defend_P","Eruption+1","Vigilance","SandsOfTime","Prostrate+1","Worship","Scrawl","Adaptation+1","InnerPeace"],"relics":["PureWater","Omamori","Golden Idol","Orichalcum","Kunai","Tiny House","Membership Card","Akabeko"],"acts_visited":["Exordium","TheCity"],"potions_floor_usage":[25,25,25],"damage_taken":[{"damage":16.0,"enemies":"Jaw Worm","floor":1.0,"turns":4.0},{"damage":12.0,"enemies":"Cultist","floor":2.0,"turns":3.0},{"damage":0.0,"enemies":"Small Slimes","floor":3.0,"turns":3.0},{"damage":0.0,"enemies":"Gremlin Nob","floor":7.0,"turns":2.0},{"damage":4.0,"enemies":"2 Fungi Beasts","floor":8.0,"turns":3.0},{"damage":2.0,"enemies":"3 Louse","floor":10.0,"turns":3.0},{"damage":12.0,"enemies":"Exordium Thugs","floor":11.0,"turns":5.0},{"damage":0.0,"enemies":"2 Fungi Beasts","floor":12.0,"turns":3.0},{"damage":5.0,"enemies":"Blue Slaver","floor":14.0,"turns":3.0},{"damage":7.0,"enemies":"The Guardian","floor":16.0,"turns":9.0},{"damage":48.0,"enemies":"3 Byrds","floor":18.0,"turns":5.0},{"damage":8.0,"enemies":"Chosen","floor":22.0,"turns":4.0},{"damage":30,"enemies":"Slavers","floor":25,"turns":1}],"seed_played":"4151381678112570243","potions_obtained":[{"floor":1.0,"key":"Energy Potion"},{"floor":10.0,"key":"AttackPotion"},{"floor":16.0,"key":"SkillPotion"},{"floor":17.0,"key":"SkillPotion"},{"floor":18.0,"key":"Block Potion"}],"is_trial":false,"path_per_floor":["M","M","M","$","?","R","E","M","T","M","M","M","?","M","R","B",null,"M","$","?","?","M","R","$","E"],"character_chosen":"WATCHER","items_purchased":["Membership Card","Akabeko","EntropicBrew"],"campfire_rested":1,"item_purchase_floors":[19,24,24],"current_hp_per_floor":[56,44,44,44,26,26,26,22,22,20,8,8,8,3,24,17,77,29,29,29,29,21,21,21,0,0],"gold":42,"neow_bonus":"RANDOM_COMMON_RELIC","is_daily":false,"chose_seed":false,"campfire_upgraded":2,"win_rate":0.0,"timestamp":1610737942,"path_taken":["M","M","M","$","?","R","E","M","T","M","M","M","?","M","R","BOSS","M","$","?","?","M","R","$","E"],"items_purchased_type":["Relic","Relic","Potion"],"build_version":"2020-12-22","purchased_purges":3,"victory":false,"max_hp_per_floor":[72,72,72,72,72,72,72,72,72,72,72,72,72,72,72,72,77,77,77,77,77,77,77,77,77,77],"card_choices":[{"not_picked":["Study","PathToVictory"],"picked":"SandsOfTime","floor":1.0},{"not_picked":["FlurryOfBlows","Sanctity"],"picked":"Prostrate","floor":2.0},{"not_picked":["Protect","CrushJoints","PathToVictory"],"picked":"SKIP","floor":3.0},{"not_picked":["BowlingBash","Judgement","SignatureMove"],"picked":"SKIP","floor":7.0},{"not_picked":["JustLucky","SashWhip","ClearTheMind"],"picked":"SKIP","floor":8.0},{"not_picked":["ClearTheMind","ThirdEye","Vault"],"picked":"SKIP","floor":10.0},{"not_picked":["SashWhip","Wireheading"],"picked":"Worship","floor":11.0},{"not_picked":["FlurryOfBlows","BowlingBash","Protect"],"picked":"SKIP","floor":12.0},{"not_picked":["Consecrate","Protect"],"picked":"Omniscience","floor":14.0},{"not_picked":["MasterReality","Alpha"],"picked":"Scrawl","floor":16.0},{"not_picked":["FearNoEvil","PathToVictory"],"picked":"Adaptation","floor":17.0},{"not_picked":["EmptyBody+1","Vengeance+1","PathToVictory"],"picked":"SKIP","floor":18.0},{"not_picked":["DeceiveReality+1","Halt","EmptyMind+1"],"picked":"SKIP","floor":22.0}],"player_experience":158489,"relics_obtained":[{"floor":7.0,"key":"Orichalcum"},{"floor":9.0,"key":"Kunai"}],"event_choices":[{"damage_healed":0.0,"max_hp_gain":0.0,"max_hp_loss":0.0,"gold_gain":0.0,"event_name":"Golden Idol","player_choice":"Take Damage","floor":5.0,"gold_loss":0.0,"damage_taken":18.0,"relics_obtained":["Golden Idol"]},{"cards_removed":["Defend_P"],"damage_healed":0.0,"max_hp_gain":0.0,"max_hp_loss":0.0,"gold_gain":0.0,"event_name":"Bonfire Elementals","player_choice":"Offered Basic","floor":13.0,"gold_loss":0.0,"damage_taken":0.0},{"damage_healed":0.0,"max_hp_gain":0.0,"max_hp_loss":0.0,"gold_gain":0.0,"event_name":"The Library","player_choice":"Read","floor":20.0,"gold_loss":0.0,"damage_taken":0.0,"cards_obtained":["InnerPeace"]},{"damage_healed":0.0,"max_hp_gain":0.0,"max_hp_loss":0.0,"gold_gain":0.0,"event_name":"Vampires","player_choice":"Ignored","floor":21.0,"gold_loss":0.0,"damage_taken":0.0}],"is_beta":false,"boss_relics":[{"not_picked":["Snecko Eye","Busted Crown"],"picked":"Tiny House"}],"items_purged_floors":[4,19,24],"is_endless":false,"potions_floor_spawned":[1,10,16,18],"killed_by":"Slavers","ascension_level":4}}