{"host":"w3q5ijqu8eoknil3","time":1610685029,"event":{"mods":["AchievementEnabler","BaseMod","Block Reminder","Colored Powertips","Curses Come First","Minty Spire (QoL Compilation)","Quick Restart","Relic Stats","StSLib","ojb\u0027s Better Paths Mod","ojb\u0027s Info Mod","slay the spire mod where everything is the same but ironclad has a cowboy hat"],"gold_per_floor":[12,31,31,41,61,61,89,107,176,196,231,231,258,271,271,348,348,358,377,391,410,60,93,93,104,183,201,211,211,39,67,67,67,67],"floor_reached":33,"language":"ENG","playtime":1277,"items_purged":["Strike_G"],"score":785,"play_id":"4c552999-9bf8-461f-bb0f-76a8edeb2608","local_time":"20210115043029","is_ascension_mode":true,"campfire_choices":[{"data":"Crippling Poison","floor":6,"key":"SMITH"},{"data":"Finisher","floor":12,"key":"SMITH"},{"data":"Footwork","floor":15,"key":"SMITH"},{"floor":24,"key":"REST"},{"floor":29,"key":"REST"},{"data":"Calculated Gamble","floor":32,"key":"SMITH"}],"circlet_count":0,"master_deck":["AscendersBane","Strike_G","Strike_G","Strike_G","Strike_G","Defend_G","Defend_G","Defend_G","Defend_G","Defend_G","Survivor","Neutralize","After Image","Dagger Throw","Finisher+1","Crippling Poison+1","Corpse Explosion","Blade Dance","Backstab","Poisoned Stab","Deadly Poison","Dagger Spray","Backstab","Footwork+1","Dash","Phantasmal Killer","Leg Sweep","Dagger Spray","Doppelganger","Outmaneuver+1","PiercingWail","Catalyst+1","Calculated Gamble+1","Reflex+1"],"relics":["Ring of the Snake","Strawberry","Mummified Hand","Calipers","Orichalcum","Sozu","Gremlin Horn","White Beast Statue","Bottled Tornado","OrangePellets","War Paint"],"acts_visited":["Exordium","TheCity"],"potions_floor_usage":[7,11,16,20],"damage_taken":[{"damage":0,"enemies":"Small Slimes","floor":1,"turns":5},{"damage":0,"enemies":"Cultist","floor":2,"turns":5},{"damage":0,"enemies":"2 Louse","floor":4,"turns":1},{"damage":8,"enemies":"Large Slime","floor":5,"turns":4},{"damage":12,"enemies":"3 Sentries","floor":7,"turns":3},{"damage":0,"enemies":"Lots of Slimes","floor":8,"turns":1},{"damage":2,"enemies":"3 Louse","floor":10,"turns":3},{"damage":12,"enemies":"Lagavulin","floor":11,"turns":5},{"damage":0,"enemies":"3 Sentries","floor":13,"turns":2},{"damage":4,"enemies":"Large Slime","floor":14,"turns":4},{"damage":0,"enemies":"Hexaghost","floor":16,"turns":8},{"damage":13,"enemies":"Spheric Guardian","floor":18,"turns":4},{"damage":2,"enemies":"Shell Parasite","floor":19,"turns":5},{"damage":11,"enemies":"Snecko","floor":20,"turns":5},{"damage":18,"enemies":"Cultist and Chosen","floor":21,"turns":6},{"damage":13,"enemies":"Slavers","floor":23,"turns":2},{"damage":14,"enemies":"Sentry and Sphere","floor":25,"turns":6},{"damage":7,"enemies":"Snecko","floor":27,"turns":5},{"damage":0,"enemies":"Centurion and Healer","floor":28,"turns":6},{"damage":0,"enemies":"Gremlin Leader","floor":31,"turns":4},{"damage":34,"enemies":"Collector","floor":33,"turns":5}],"seed_played":"5930560784867180754","potions_obtained":[{"floor":1,"key":"FearPotion"},{"floor":4,"key":"BlessingOfTheForge"},{"floor":8,"key":"PowerPotion"},{"floor":11,"key":"Swift Potion"}],"is_trial":false,"path_per_floor":["M","M","?","M","M","R","E","M","T","M","E","R","E","M","R","B",null,"M","M","M","M","$","E","R","M","T","M","M","R","$","E","R","B"],"character_chosen":"THE_SILENT","items_purchased":["Gremlin Horn","OrangePellets"],"campfire_rested":2,"item_purchase_floors":[22,30],"current_hp_per_floor":[59,59,59,59,51,51,46,46,46,44,32,32,32,28,28,28,62,49,47,36,18,18,5,26,12,12,5,5,26,26,26,26,0,0],"gold":67,"neow_bonus":"THREE_RARE_CARDS","is_daily":false,"chose_seed":false,"campfire_upgraded":4,"win_rate":0.0,"timestamp":1610685029,"path_taken":["M","M","?","M","M","R","E","M","T","?","E","R","E","M","R","BOSS","M","M","M","M","$","E","R","M","T","M","M","R","$","E","R","BOSS"],"items_purchased_type":["Relic","Relic"],"build_version":"2020-12-22","purchased_purges":1,"victory":false,"max_hp_per_floor":[66,66,66,66,66,66,73,73,73,73,73,73,73,73,73,73,73,73,73,73,73,73,73,73,73,73,73,73,73,73,73,73,73,73],"relic_stats":{"Sozu":7,"OrangePellets":[0],"Gremlin Horn":[7,7],"counters":[21,89],"Mummified Hand":[28],"Orichalcum":[66],"War Paint":["Reflex","Catalyst"],"obtain_stats":[{"Sozu":17,"OrangePellets":30,"Calipers":11,"Gremlin Horn":22,"Mummified Hand":9,"Strawberry":7,"Orichalcum":13,"Bottled Tornado":26,"War Paint":31,"White Beast Statue":23,"Ring of the Snake":0},{"Sozu":11,"OrangePellets":19,"Calipers":8,"Gremlin Horn":15,"Mummified Hand":6,"Strawberry":5,"Orichalcum":9,"Bottled Tornado":17,"War Paint":20,"White Beast Statue":16,"Ring of the Snake":0},{"Sozu":41,"OrangePellets":80,"Calipers":27,"Gremlin Horn":61,"Mummified Hand":19,"Strawberry":18,"Orichalcum":29,"Bottled Tornado":69,"War Paint":84,"White Beast Statue":63,"Ring of the Snake":0}],"Ring of the Snake":[42]},"card_choices":[{"not_picked":["Wraith Form v2","Burst"],"picked":"After Image","floor":0},{"not_picked":["Reflex","Infinite Blades"],"picked":"Dagger Throw","floor":1},{"not_picked":["Riddle With Holes","Dagger Throw"],"picked":"Finisher","floor":2},{"not_picked":["Dagger Throw","Distraction"],"picked":"Blade Dance","floor":4},{"not_picked":["Underhanded Strike","Flying Knee"],"picked":"Backstab","floor":5},{"not_picked":["Acrobatics","Tactician"],"picked":"Poisoned Stab","floor":7},{"not_picked":["Well Laid Plans","Bane"],"picked":"Deadly Poison","floor":8},{"not_picked":["Flying Knee","Dodge and Roll"],"picked":"Dagger Spray","floor":10},{"not_picked":["Distraction","Accuracy"],"picked":"Backstab","floor":11},{"not_picked":["After Image","Eviscerate"],"picked":"Footwork","floor":13},{"not_picked":["All Out Attack","Blur"],"picked":"Dash","floor":14},{"not_picked":["Grand Finale","Glass Knife"],"picked":"Phantasmal Killer","floor":16},{"not_picked":["Blade Dance","Outmaneuver"],"picked":"Leg Sweep","floor":18},{"not_picked":["Acrobatics","Outmaneuver"],"picked":"Dagger Spray","floor":19},{"not_picked":["Acrobatics","Backflip"],"picked":"Doppelganger","floor":20},{"not_picked":["Acrobatics","Eviscerate"],"picked":"Outmaneuver+1","floor":21},{"not_picked":["Dodge and Roll","Quick Slash"],"picked":"PiercingWail","floor":23},{"not_picked":["Deflect","Blade Dance"],"picked":"Catalyst","floor":25},{"not_picked":["Sucker Punch","Quick Slash"],"picked":"Calculated Gamble","floor":27},{"not_picked":["PiercingWail","Setup","Finisher"],"picked":"SKIP","floor":28},{"not_picked":["Acrobatics","Sucker Punch"],"picked":"Reflex","floor":31}],"player_experience":979459,"relics_obtained":[{"floor":7,"key":"Strawberry"},{"floor":9,"key":"Mummified Hand"},{"floor":11,"key":"Calipers"},{"floor":13,"key":"Orichalcum"},{"floor":23,"key":"White Beast Statue"},{"floor":26,"key":"Bottled Tornado"},{"floor":31,"key":"War Paint"}],"event_choices":[{"damage_healed":0,"gold_gain":0,"player_choice":"2 cards matched","damage_taken":0,"max_hp_gain":0,"max_hp_loss":0,"event_name":"Match and Keep!","floor":3,"gold_loss":0,"cards_obtained":["Crippling Poison","Corpse Explosion"]}],"is_beta":false,"boss_relics":[{"not_picked":["Ectoplasm","Runic Pyramid"],"picked":"Sozu"}],"items_purged_floors":[22],"is_endless":false,"potions_floor_spawned":[1,4,8,11,18,20,23,25,27,28,31],"killed_by":"Collector","ascension_level":18}}