{"host":"6he3f0ic6yesrium","time":1610683654,"event":{"mods":["BaseMod","Better Altar","Better Match","Better Note","Better Sensory Stone","Better Skull","Better Third Choice","Colored Map","Conspire","Hubris","Marisa????????","Minty Spire (QoL Compilation)","Replay The Spire","Shade Mod","StSLib","The Alterego","The Mystic","The Necromancer","The Runesmith"],"gold_per_floor":[118,133,163,178,198,198,198,227,276,295,314,314,331,347,347,443,493,506,517,517,534,534,534],"floor_reached":22,"language":"ENG","playtime":910,"items_purged":[],"score":192,"play_id":"bc60b569-f6a0-414a-8f35-b2dea3757515","local_time":"20210114230734","is_ascension_mode":false,"campfire_choices":[{"data":"Runesmith:Firestorm","floor":6,"key":"SMITH"},{"data":"Runesmith:ArcReactor","floor":12,"key":"SMITH"},{"floor":15,"key":"REST"}],"circlet_count":0,"master_deck":["Runesmith:Strike_RS","Runesmith:Strike_RS","Runesmith:Strike_RS","Runesmith:Strike_RS","Runesmith:Defend_RS","Runesmith:Defend_RS","Runesmith:Defend_RS","Runesmith:Defend_RS","Runesmith:CraftFirestone+1","Runesmith:Fortify","Runesmith:CraftMagma","Runesmith:ChaoticBlast+1","Runesmith:Firestorm+1","Runesmith:BackupBattery+1","Runesmith:RuneHurl+1","Runesmith:ArcReactor+1","Runesmith:RuneHurl+1","Runesmith:Electrocute+1","Runesmith:CraftMagma"],"relics":["Runesmith:BrokenRuby","Molten Egg 2","hubris:Metronome","MealTicket","Tiny House"],"acts_visited":["Exordium","TheCity"],"potions_floor_usage":[3,3,5,8,10,14,16,21,22],"damage_taken":[{"damage":0,"enemies":"2 Louse","floor":1,"turns":4},{"damage":0,"enemies":"Jaw Worm","floor":2,"turns":4},{"damage":10,"enemies":"conspire:MimicChest","floor":3,"turns":5},{"damage":10,"enemies":"Small Slimes","floor":4,"turns":3},{"damage":6,"enemies":"Red Slaver","floor":5,"turns":4},{"damage":7,"enemies":"3 Sentries","floor":8,"turns":4},{"damage":0,"enemies":"Large Slime","floor":10,"turns":2},{"damage":0,"enemies":"Gremlin Gang","floor":11,"turns":1},{"damage":6,"enemies":"Red Slaver","floor":13,"turns":2},{"damage":8,"enemies":"Exordium Wildlife","floor":14,"turns":3},{"damage":11,"enemies":"Hexaghost","floor":16,"turns":7},{"damage":27,"enemies":"3 Byrds","floor":18,"turns":4},{"damage":12,"enemies":"Chosen","floor":19,"turns":3},{"damage":21,"enemies":"Shelled Parasite and Fungi","floor":21,"turns":4},{"damage":18,"enemies":"Centurion and Healer","floor":22,"turns":3}],"seed_played":"-8755758268220228044","potions_obtained":[{"floor":0,"key":"Elixir"},{"floor":0,"key":"Regen Potion"},{"floor":0,"key":"Flashbang"},{"floor":3,"key":"Milkshake"},{"floor":4,"key":"Explosive Potion"},{"floor":8,"key":"Fire Potion"},{"floor":10,"key":"DuplicationPotion"},{"floor":13,"key":"LiquidBronze"},{"floor":16,"key":"Languid Potion"},{"floor":17,"key":"Doom Potion"},{"floor":18,"key":"Adrenaline Potion"}],"is_trial":false,"path_per_floor":["M","M","?","M","M","R","?","E","T","M","M","R","M","M","R","B",null,"M","M","?","M","M"],"character_chosen":"RUNESMITH_CLASS","items_purchased":[],"campfire_rested":1,"item_purchase_floors":[],"current_hp_per_floor":[70,70,65,55,49,49,49,42,42,42,42,42,36,28,49,38,75,48,36,36,15,0,0],"gold":534,"neow_bonus":"THREE_SMALL_POTIONS","is_daily":false,"chose_seed":false,"campfire_upgraded":2,"win_rate":0.0,"timestamp":1610683654,"path_taken":["M","M","?","M","M","R","?","E","T","?","M","R","M","M","R","BOSS","M","M","?","M","?"],"items_purchased_type":[],"build_version":"2020-12-22","purchased_purges":0,"victory":false,"max_hp_per_floor":[70,70,70,70,70,70,70,70,70,70,70,70,70,70,70,70,75,75,75,75,75,75,75],"card_choices":[{"not_picked":["Runesmith:BackupBattery","Runesmith:ChiselStab"],"picked":"Runesmith:CraftMagma","floor":1},{"not_picked":["Runesmith:CraftProtectio","Runesmith:CraftSpiculum","Runesmith:Prism"],"picked":"SKIP","floor":2},{"not_picked":["Runesmith:Repurpose","Runesmith:StaticCage"],"picked":"Runesmith:ChaoticBlast+1","floor":3},{"not_picked":["Runesmith:MakeshiftArmor","Runesmith:FieryHammer+1"],"picked":"Runesmith:Firestorm","floor":4},{"not_picked":["Runesmith:MakeshiftArmor","Runesmith:UnstableHammer+1"],"picked":"Runesmith:BackupBattery","floor":5},{"not_picked":["Runesmith:GrandSlam+1","Runesmith:CraftMagma"],"picked":"Runesmith:RuneHurl+1","floor":8},{"not_picked":["Runesmith:RunicBlueprint","Runesmith:Overpower+1"],"picked":"Runesmith:ArcReactor","floor":10},{"not_picked":["Runesmith:HammerThrow+1","Runesmith:BackupBattery","Runesmith:PerfectChisel+1"],"picked":"SKIP","floor":11},{"not_picked":["Runesmith:CraftMagma","Runesmith:ChargedHammer+1"],"picked":"Runesmith:RuneHurl+1","floor":13},{"not_picked":["Runesmith:BackupBattery","Runesmith:Permafrost","Runesmith:Attraction"],"picked":"SKIP","floor":14},{"not_picked":["Runesmith:EnergizedChisel+1","Runesmith:EarthShield"],"picked":"Runesmith:Electrocute+1","floor":17},{"not_picked":["Runesmith:EnergizedChisel+1","Runesmith:ShiftingStrike+1"],"picked":"Runesmith:CraftMagma","floor":18},{"not_picked":["Runesmith:Terraform","Runesmith:EnergizedChisel+1","Runesmith:CraftObretio+1"],"picked":"SKIP","floor":19},{"not_picked":["Runesmith:BackupBattery","Runesmith:HammerTime+1","Runesmith:ShiftingStrike+1"],"picked":"SKIP","floor":21}],"player_experience":312523,"relics_obtained":[{"floor":3,"key":"Molten Egg 2"},{"floor":8,"key":"hubris:Metronome"},{"floor":9,"key":"MealTicket"}],"event_choices":[{"damage_healed":0,"gold_gain":0,"player_choice":"Forge","damage_taken":0,"max_hp_gain":0,"max_hp_loss":0,"event_name":"Accursed Blacksmith","floor":7,"gold_loss":0,"cards_upgraded":["Runesmith:CraftFirestone"]},{"cards_removed":["Runesmith:Strike_RS"],"damage_healed":0,"gold_gain":0,"player_choice":"Give","damage_taken":0,"max_hp_gain":0,"max_hp_loss":0,"event_name":"betterNote:BetterNote","floor":20,"gold_loss":0,"cards_obtained":["None"]}],"is_beta":false,"boss_relics":[{"not_picked":["conspire:RoyalGoblet","Runic Dome"],"picked":"Tiny House"}],"items_purged_floors":[],"is_endless":false,"potions_floor_spawned":[3,4,8,10,13,16,18],"killed_by":"Centurion and Healer","ascension_level":0}}