{"host":"mitik7wjjpoqy3i6","time":1610725650,"event":{"mods":["AchievementEnabler","AlwaysNeverKeys","Aspiration","BaseMod","BetterRewards","Conspire","Custom Start","Dota2Spire","Evolution","Force Act Four","Gold Saver","Hubris","Hyrulean Relics","Minty Spire (QoL Compilation)","Rare Cards Sparkle","Remove Card Discount Mod","Replay The Spire","SacredBarkPlus","Small Relic Pack","Spicy Shops","StSLib","The Animator","The Sage","Trackpad","Transform Curses","Treasure Hunter","??????REMEMod"],"gold_per_floor":[826,447,447,461,461,489,502,531,577,577,577,595,595,608,608,712,712,729,744,760,616,531,557,557,174,174,208,188,188,28,55,55,163,163,191,209,132,158,183,222,222,243,295,32,32,32,56,99,99,107,107,107,78,115,123],"floor_reached":56,"language":"ENG","playtime":3293,"items_purged":["Injury","Parasite","hubris:Gluttony","hubris:Despair","hubris:Despair"],"score":1988,"play_id":"5e25fc96-e121-443c-8710-e8cfb369758f","local_time":"20210115164730","is_ascension_mode":true,"campfire_choices":[{"floor":11,"key":"REST"},{"floor":13,"key":"REST"},{"floor":15,"key":"DIG"},{"floor":29,"key":"RECALL"},{"floor":32,"key":"DIG"},{"floor":41,"key":"REST"},{"data":"After Image","floor":45,"key":"SMITH"},{"data":"Replay:Bag of Tricks","floor":49,"key":"SMITH"},{"floor":52,"key":"REST"}],"circlet_count":0,"master_deck":["Dagger Throw","Dagger Throw+1","Strike_G","Strike_G","Defend_G+1","Defend_G","Defend_G","Defend_G+1","Defend_G","Survivor+1","Neutralize","A Thousand Cuts+1","Quick Slash","Backflip","Mirror Shield","Backflip+1","Outmaneuver","Dagger Throw","TH:CopperCoins","Flying Knee","Heel Hook","TH:CopperCoins","REME_GreenPollution","TH:DeckOfManyThings","Storm of Steel","Quick Slash","TH:EnergyPotion","After Image+1","Flying Knee+1","Backstab","Eviscerate+1","TH:TreasureMap","Sucker Punch","TH:PixieDust","TH:PixieDust","Die Die Die","Endless Agony","Discovery","Backflip","TH:Mimic","Venomology","Dodge and Roll+1","Backflip+1","Prepared","Quick Slash+1","TH:PixieDust+1","Poison Darts","Blade Dance+1","TH:PixieDust","Endless Agony","TH:PixieDust","Replay:Bag of Tricks+1","Backflip","TH:Mimic","Eviscerate+1"],"relics":["EVO:Axolotl","REME_ComplimentaryCards","Chemical X","Dota2Spire:HeartOfTarrasque","Replay:Baseball","conspire:GiftBox","Replay:Bottled Eggs","hubris:Zylophone","Sizzling Blood","Gremlin Food","Oddly Smooth Stone","Dota2Spire:Vanguard","Dota2Spire:Desolator","Replay:Grab Bag","hubris:CrackedHourglass","Philosopher\u0027s Stone","aspiration:PoetsPen_weak","Dota2Spire:EchoSabre","Chameleon Ring","trackpad:AdjectivePendant","relicPack:DSword","trackpad:BottledTsunami","Bottled Lightning","ReplayTheSpireMod:CursedCoin","trackpad:RapidFire","hubris:PeanutButter","Simple Rune","Replay:Ancient Bell","Dota2Spire:PowerTreads","Shuriken","hubris:GlazedTorus","aspiration:Lifesprig","Lizard Tail","Dota2Spire:ArmletOfMordiggian","trackpad:BottledShadow","Lantern","trackpad:WondrousWand"],"acts_visited":["Exordium","TheCity","TheBeyond","TheEnding"],"potions_floor_usage":[6,8,8,25,27,27,33,33,38,39,40,40,48,48,55],"damage_taken":[{"damage":0,"enemies":"Cultist","floor":1,"turns":3},{"damage":7,"enemies":"Jaw Worm","floor":4,"turns":2},{"damage":11,"enemies":"Lagavulin","floor":6,"turns":6},{"damage":12,"enemies":"conspire:RoseBush","floor":7,"turns":1},{"damage":9,"enemies":"3 Sentries","floor":8,"turns":5},{"damage":15,"enemies":"conspire:2 RoseBushes","floor":12,"turns":4},{"damage":0,"enemies":"Red Slaver","floor":14,"turns":2},{"damage":13,"enemies":"Fading Forest","floor":16,"turns":11},{"damage":7,"enemies":"conspire:FuzzyDice","floor":18,"turns":3},{"damage":0,"enemies":"Spheric Guardian","floor":19,"turns":1},{"damage":0,"enemies":"Cultist and Chosen","floor":20,"turns":3},{"damage":10,"enemies":"Replay:Snechameleon","floor":23,"turns":2},{"damage":12,"enemies":"Book of Stabbing","floor":27,"turns":2},{"damage":0,"enemies":"Snake Plant","floor":31,"turns":2},{"damage":13,"enemies":"Champ","floor":33,"turns":5},{"damage":0,"enemies":"Orb Walker","floor":35,"turns":2},{"damage":24,"enemies":"3 Darklings","floor":36,"turns":3},{"damage":11,"enemies":"4 Shapes","floor":38,"turns":2},{"damage":6,"enemies":"Sphere and 2 Shapes","floor":39,"turns":2},{"damage":0,"enemies":"R_Hoarder","floor":40,"turns":2},{"damage":5,"enemies":"3 Darklings","floor":42,"turns":2},{"damage":0,"enemies":"Spire Growth","floor":47,"turns":2},{"damage":0,"enemies":"Giant Head","floor":48,"turns":2},{"damage":65,"enemies":"conspire:OrnateMirror","floor":50,"turns":3},{"damage":32,"enemies":"Shield and Spear","floor":54,"turns":3},{"damage":63,"enemies":"The Heart","floor":55,"turns":4}],"seed_played":"5226021003071028368","potions_obtained":[{"floor":4,"key":"Dota2Spire:Clarity"},{"floor":6,"key":"CunningPotion"},{"floor":7,"key":"Block Potion"},{"floor":12,"key":"sagemod:Wine"},{"floor":20,"key":"Weak Potion"},{"floor":23,"key":"PowerPotion"},{"floor":28,"key":"Regen Potion"},{"floor":31,"key":"Cursed Concoction"},{"floor":36,"key":"Dota2Spire:HealingSalve"},{"floor":39,"key":"Venom Potion"},{"floor":40,"key":"Energy Potion"}],"is_trial":false,"path_per_floor":["M","$","?","M","?","E","M","E","T","?","R","M","R","M","R","B",null,"M","M","M","$","?","E","?","$","T","E","?","R","$","M","R","B",null,"M","M","$","M","M","E","R","M","T","$","R","?","M","E","R","B",null,"R","$","E","B",null],"character_chosen":"THE_SILENT","items_purchased":["Chemical X","Dota2Spire:HeartOfTarrasque","Replay:Baseball","conspire:GiftBox","Replay:Bottled Eggs","Quick Slash","Outmaneuver","hubris:Zylophone","Dota2Spire:EchoSabre","trackpad:BottledTsunami","Bottled Lightning","ReplayTheSpireMod:CursedCoin","trackpad:RapidFire","Endless Agony","Discovery","aspiration:Lifesprig","trackpad:BottledShadow","Backflip"],"campfire_rested":4,"item_purchase_floors":[0,0,0,0,0,0,2,2,21,25,25,25,25,30,30,37,44,53],"current_hp_per_floor":[43,43,47,44,37,30,22,17,17,17,41,30,54,58,58,77,81,78,82,82,82,82,76,41,41,41,33,33,33,33,37,37,54,73,77,57,57,50,51,55,78,77,77,77,77,77,79,79,79,18,64,79,79,51,31],"gold":123,"neow_bonus":"","is_daily":false,"chose_seed":false,"campfire_upgraded":2,"win_rate":0.0,"timestamp":1610725650,"path_taken":["M","$","?","M","?","E","M","E","T","?","R","M","R","?","R","BOSS","M","M","M","$","?","E","?","$","T","E","?","R","$","M","R","BOSS","M","M","$","M","?","E","R","M","T","?","R","?","M","E","R","BOSS","R","$","E","BOSS"],"items_purchased_type":["Relic","Relic","Relic","Relic","Relic","Card","Card","Relic","Relic","Relic","Relic","Relic","Relic","Card","Card","Relic","Relic","Card"],"build_version":"2020-12-22","purchased_purges":5,"victory":true,"max_hp_per_floor":[78,78,82,82,82,82,82,82,82,82,82,82,82,82,82,82,82,82,82,82,82,82,82,82,79,79,79,79,79,79,79,79,79,79,79,79,79,79,79,79,79,79,79,79,79,79,79,79,79,79,79,79,79,79,79],"card_choices":[{"not_picked":["Tools of the Trade","Unload"],"picked":"A Thousand Cuts","floor":0},{"not_picked":["Escape Plan","Flying Knee"],"picked":"Backflip","floor":1},{"not_picked":["Cloak And Dagger","Fluid Movement"],"picked":"Dagger Throw","floor":4},{"not_picked":["TH:ArmorSpikes"],"picked":"TH:CopperCoins","floor":6},{"not_picked":["conspire:DoublingDagger","Dash"],"picked":"Flying Knee","floor":6},{"not_picked":["Dagger Spray","ReplayTheSpireMod:Exploit Weakness"],"picked":"Heel Hook","floor":7},{"not_picked":["TH:DeckOfManyThings"],"picked":"TH:CopperCoins","floor":8},{"not_picked":["Quick Slash","Prepared"],"picked":"REME_GreenPollution","floor":8},{"not_picked":["TH:TreasureMap"],"picked":"TH:DeckOfManyThings","floor":9},{"not_picked":["Sucker Punch","Accuracy"],"picked":"Storm of Steel","floor":12},{"not_picked":["Acrobatics","Caltrops"],"picked":"Quick Slash","floor":14},{"not_picked":["TH:TreasureMap"],"picked":"TH:EnergyPotion","floor":16},{"not_picked":["Wraith Form v2","REME_GrazeFinale"],"picked":"After Image","floor":16},{"not_picked":["Hidden Blade","Bouncing Flask"],"picked":"Flying Knee+1","floor":18},{"not_picked":["Cloak And Dagger","Quick Slash"],"picked":"Backstab","floor":19},{"not_picked":["hubris:SlightOfHand","Dagger Throw"],"picked":"Eviscerate+1","floor":20},{"not_picked":["TH:ArmorSpikes"],"picked":"TH:TreasureMap","floor":23},{"not_picked":["Dash","Well Laid Plans"],"picked":"Sucker Punch","floor":23},{"not_picked":["TH:CursedSword"],"picked":"TH:PixieDust","floor":26},{"not_picked":["TH:TreasureMap"],"picked":"TH:PixieDust","floor":27},{"not_picked":["conspire:PoisonWeapons","Underhanded Strike"],"picked":"Die Die Die","floor":27},{"not_picked":["Bane","ReplayTheSpireMod:Tripwire+1"],"picked":"Backflip","floor":31},{"not_picked":["TH:PixieDust"],"picked":"TH:Mimic","floor":33},{"not_picked":["REME_ShadowForm","Envenom"],"picked":"Venomology","floor":33},{"not_picked":["CurseOfTheBell","Regret"],"picked":"hubris:Gluttony","floor":34},{"not_picked":["Languid","ReplayTheSpireMod:Restless Dread"],"picked":"hubris:Despair","floor":34},{"not_picked":["animator:Curse_Greed","Looming Evil"],"picked":"hubris:Despair","floor":34},{"not_picked":["hubris:TrickCloak+1","conspire:DoublingDagger"],"picked":"Dodge and Roll+1","floor":35},{"not_picked":["conspire:DoublingDagger+1","Sucker Punch"],"picked":"Backflip+1","floor":36},{"not_picked":["Sucker Punch","Blur"],"picked":"Prepared","floor":38},{"not_picked":["Dodge and Roll+1","hubris:TrickCloak+1"],"picked":"Quick Slash+1","floor":39},{"not_picked":["TH:BikiniMail"],"picked":"TH:PixieDust","floor":40},{"not_picked":["Bane+1","Poisoned Stab+1"],"picked":"Poison Darts","floor":40},{"not_picked":["Bane","hubris:SlightOfHand+1"],"picked":"Blade Dance","floor":42},{"not_picked":["TH:TreasureMap"],"picked":"TH:PixieDust","floor":43},{"not_picked":["Dash","Sucker Punch+1"],"picked":"Endless Agony","floor":47},{"not_picked":["TH:ElvenBoots"],"picked":"TH:PixieDust","floor":48},{"not_picked":["All Out Attack","Sucker Punch+1"],"picked":"Replay:Bag of Tricks","floor":48},{"not_picked":["TH:DeckOfManyThings"],"picked":"TH:Mimic","floor":54},{"not_picked":["hubris:Counter+1","Setup+1"],"picked":"Eviscerate+1","floor":54}],"player_experience":212051,"relics_obtained":[{"floor":6,"key":"Gremlin Food"},{"floor":8,"key":"Oddly Smooth Stone"},{"floor":9,"key":"Dota2Spire:Vanguard"},{"floor":15,"key":"Dota2Spire:Desolator"},{"floor":23,"key":"trackpad:AdjectivePendant"},{"floor":27,"key":"hubris:PeanutButter"},{"floor":32,"key":"Simple Rune"},{"floor":40,"key":"Lizard Tail"},{"floor":43,"key":"Dota2Spire:ArmletOfMordiggian"},{"floor":48,"key":"Lantern"},{"floor":54,"key":"trackpad:WondrousWand"}],"event_choices":[{"cards_removed":["Strike_G"],"damage_healed":0,"gold_gain":0,"player_choice":"Card Removal","damage_taken":7,"max_hp_gain":0,"max_hp_loss":0,"event_name":"Golden Wing","floor":5,"gold_loss":0},{"damage_healed":0,"gold_gain":0,"player_choice":"Obtained Relic","damage_taken":0,"relics_obtained":["Chameleon Ring"],"max_hp_gain":0,"max_hp_loss":0,"event_name":"Addict","floor":22,"gold_loss":85},{"damage_healed":0,"gold_gain":0,"player_choice":"Bought 1 Potion","damage_taken":0,"max_hp_gain":0,"max_hp_loss":0,"event_name":"The Woman in Blue","floor":28,"gold_loss":0}],"is_beta":false,"boss_relics":[{"not_picked":["relicPack:KazumaCape","aspiration:WatcherSkillbook"],"picked":"Replay:Grab Bag"},{"not_picked":["ReplayTheSpireMod:DimensionalGlitch","Cursed Key"],"picked":"hubris:CrackedHourglass"},{"not_picked":["Runic Dome","hubris:TerracottaHorce"],"picked":"Philosopher\u0027s Stone"},{"not_picked":["REME_ChargedStone","trackpad:RiggedDice"],"picked":"aspiration:PoetsPen_weak"},{"not_picked":["relicPack:StarArrow","trackpad:StolenKidneys"],"picked":"Replay:Ancient Bell"},{"not_picked":["ReplayTheSpireMod:Lightbulb","Blood Vial"],"picked":"Dota2Spire:PowerTreads"},{"not_picked":["relicPack:NeonSign","Letter Opener"],"picked":"Shuriken"},{"not_picked":["REME_IWantAll","Ginger"],"picked":"hubris:GlazedTorus"}],"items_purged_floors":[0,25,44,44,44],"is_endless":false,"potions_floor_spawned":[4,6,7,12,20,23,31,36,39,40],"ascension_level":5}}