{"host":"bcpymmgxdm3pkqi5","time":1610725579,"event":{"mods":["AchievementEnabler","Aspiration","Astrologer","BaseMod","Colored Map","Conspire","Defuse TimeMaze Blight","Dio Mod","Energized Spire","GifTheSpireLib","Gremlin Mod","Halation","Hero for Fun","Hubris","Infinite Spire","Minty Spire (QoL Compilation)","Quick Restart","Random Character Button","Relic Sorter","Replay The Spire","Shop Mod","StSLib","Stuff the Spire","The Animator","The Bladedancer","The Bug Knight","The Exalted","The Forsaken","The Saiyan","TheHeartMod","Yuri Mod","vexMod"],"gold_per_floor":[114,114,189,189,189,189,244,259,259,274,289,304,304,319,319,419,419,434,449,449,449,449],"floor_reached":21,"language":"ENG","playtime":1082,"items_purged":[],"score":181,"play_id":"55e9a424-d595-4890-99ad-443863f40874","local_time":"20210115104619","daily_mods":["Shiny","Colorless Cards","Elite Swarm"],"is_ascension_mode":false,"campfire_choices":[{"data":"Replay:Dark Deal","floor":6,"key":"SMITH"},{"data":"Mind Blast","floor":13,"key":"SMITH"},{"floor":15,"key":"REST"}],"circlet_count":0,"master_deck":["Bromod:DriftingContact","Bromod:CollisionForce","Bromod:Rage","Bromod:LifeStrike","Bromod:RendingStrike","Bromod:Blaze","Bromod:Thunderbolt","Bromod:SplitChamber","Bromod:ToxicBarrage","Bromod:Frostbite","Bromod:ConditionOverload","Bromod:Flow","Bromod:Berserker","Bromod:ExaltedBlade","Bromod:FashionFrame","Bromod:FocusEnergy+1","Bromod:VitalSense","Bromod:HellsChamber","Bromod:JaggedEdge","Bromod:QuickThinking","Bromod:RadialJavelin","Bromod:LethalTorrent","Bromod:ThermiteRounds","Bromod:ChillingReload","Bromod:VoltaicStrike","Bromod:Adaptation","Bromod:Continuity","Bromod:ToxicFlight","Bromod:Intensify","vexMod:StairwayStrike","Poisoned Strike","Replay:Dark Deal+1","Transmutation","HandOfGreed","ReplayTheSpireMod:Necrogeddon","animator:TanyaDegurechaff","Secret Technique","animator:Hibiki","animator:HarukoHaruhara","Master of Strategy","Mayhem","animator:HououinKyouma","Panache","animator:Kira","Magnetism","Midas Touch","ReplayTheSpireMod:Brewmster","Sadistic Nature","animator:TakanashiRikka","animator:Lelouch","ReplayUltimateDefense","animator:KotoriKanbe","animator:Patchouli","hubris:EnhanceAbility","Thinking Ahead","Metamorphosis","Chrysalis","Secret Weapon","StuffTheSpire:Recharge","animator:Emilia","Apotheosis+1","Violence","The Bomb","Crow Ritual","Bromod:HellsChamber","Mind Blast+1","Bromod:ArchwingLauncher"],"relics":["Bromod:Ordis","Bromod:AscarisDevice","StuffTheSpire:Barrel","hubris:SphereOfDissonance","Bromod:HobbledDragonKey","Bromod:BleedingDragonKey","Bromod:DecayingDragonKey","Bromod:ExtinguishedDragonKey"],"acts_visited":["Exordium","TheCity"],"potions_floor_usage":[],"damage_taken":[{"damage":2,"enemies":"Cultist","floor":1,"turns":3},{"damage":4,"enemies":"Gremlin Nob","floor":7,"turns":5},{"damage":0,"enemies":"Jaw Worm","floor":8,"turns":4},{"damage":8,"enemies":"conspire:RoseBush","floor":10,"turns":2},{"damage":0,"enemies":"Exordium Wildlife","floor":11,"turns":2},{"damage":13,"enemies":"Gremlin Gang","floor":12,"turns":5},{"damage":0,"enemies":"Red Slaver","floor":14,"turns":1},{"damage":0,"enemies":"Slime Boss","floor":16,"turns":2},{"damage":0,"enemies":"conspire:FuzzyDice","floor":18,"turns":3},{"damage":0,"enemies":"Shell Parasite","floor":19,"turns":1},{"damage":25,"enemies":"conspire:MimicChest","floor":21,"turns":7}],"seed_played":"5830580211590973081","potions_obtained":[{"floor":8,"key":"Strength Potion"},{"floor":11,"key":"SteroidPotion"},{"floor":14,"key":"SteroidPotion"}],"is_trial":false,"path_per_floor":["M","$","?","?","?","R","E","M","T","M","M","M","R","M","R","B",null,"M","M","?","?"],"character_chosen":"THE_EXALTED","items_purchased":[],"campfire_rested":1,"item_purchase_floors":[],"current_hp_per_floor":[73,73,62,70,55,55,51,51,51,50,57,44,44,44,66,66,75,75,75,19,0,0],"gold":449,"neow_bonus":"","is_daily":true,"chose_seed":false,"campfire_upgraded":2,"win_rate":0.0,"timestamp":1610725579,"path_taken":["M","$","?","?","?","R","E","?","T","?","M","M","R","M","R","BOSS","M","M","?","?"],"items_purchased_type":[],"build_version":"2020-12-22","purchased_purges":0,"victory":false,"max_hp_per_floor":[75,75,75,75,75,75,75,75,75,75,75,75,75,75,75,75,75,75,75,19,19,19],"card_choices":[{"not_picked":["Flash of Steel","Bromod:BodyCount","animator:Urushihara"],"picked":"SKIP","floor":1},{"not_picked":["animator:Patchouli","Bromod:Berserker"],"picked":"Bromod:HellsChamber","floor":7},{"not_picked":["Good Instincts","Bromod:SteelFiber","Bromod:SlashDash"],"picked":"SKIP","floor":8},{"not_picked":["Bromod:SteelFiber","Bromod:ShatteringImpact"],"picked":"Mind Blast","floor":10},{"not_picked":["Bromod:Redirection","Bromod:ShatteringImpact"],"picked":"Bromod:ArchwingLauncher","floor":11},{"not_picked":["Bromod:QuickDraw","Replay:Bootleg Shield Generator","animator:Urushihara"],"picked":"SKIP","floor":12},{"not_picked":["Bromod:TacticalPump","Bromod:Stretch","hubris:Ssssneak"],"picked":"SKIP","floor":14},{"not_picked":["Bromod:FastHands","Impatience","Bromod:Redirection"],"picked":"SKIP","floor":18},{"not_picked":["Bromod:Foundry","Bromod:OrganShatter","Discovery"],"picked":"SKIP","floor":19}],"player_experience":1365515,"relics_obtained":[{"floor":7,"key":"StuffTheSpire:Barrel"},{"floor":9,"key":"hubris:SphereOfDissonance"}],"event_choices":[{"damage_healed":0,"gold_gain":75,"player_choice":"Gather Gold","damage_taken":11,"max_hp_gain":0,"max_hp_loss":0,"event_name":"World of Goop","floor":3,"gold_loss":0},{"damage_healed":0,"gold_gain":0,"player_choice":"Entered Light","damage_taken":15,"max_hp_gain":0,"max_hp_loss":0,"event_name":"Shining Light","floor":5,"gold_loss":0,"cards_upgraded":["Bromod:FocusEnergy","Apotheosis"]}],"is_beta":false,"boss_relics":[{"not_picked":["Snecko Heart","StuffTheSpire:RunicHypercube","energizedSpire:DeadBattery"]}],"items_purged_floors":[],"is_endless":false,"potions_floor_spawned":[8,11,14],"killed_by":"conspire:MimicChest","ascension_level":0}}