{"host":"oiw60b5ins9fyx34","time":1610715664,"event":{"mods":["BaseMod","Colored Map","Colored Powertips","Minty Spire (QoL Compilation)","Permanent Neow","Quick Restart","Rare Cards Sparkle","Relic Stats","StSLib","The Cursed"],"gold_per_floor":[111,121,121,132,10,36,36,63,63,78,78,108,17,17,17,115,115,128,148,148,3,3,3,35,47,47,73,73,73,103,103,103,200,200,212,212,56,56,56,56,56,71,71,71,71,85,105,118,118,118],"floor_reached":51,"language":"JPN","playtime":2034,"items_purged":["Strike_G"],"score":777,"play_id":"d62a2b4a-e628-4a8a-b012-7175685bff34","local_time":"20210115220104","is_ascension_mode":true,"campfire_choices":[{"data":"Noxious Fumes","floor":7,"key":"SMITH"},{"data":"Sucker Punch","floor":11,"key":"SMITH"},{"floor":15,"key":"REST"},{"data":"Noxious Fumes","floor":23,"key":"SMITH"},{"floor":29,"key":"REST"},{"data":"Footwork","floor":32,"key":"SMITH"},{"data":"Apotheosis","floor":40,"key":"SMITH"},{"data":"Malaise","floor":45,"key":"SMITH"},{"floor":49,"key":"RECALL"}],"circlet_count":0,"master_deck":["Strike_G","Strike_G","Strike_G","Defend_G","Defend_G","Defend_G+1","Defend_G+1","Defend_G","Survivor","Neutralize+1","Dagger Spray","Masterful Stab","Backflip","Noxious Fumes+1","Poisoned Stab","Dagger Spray","Malaise+1","Sucker Punch+1","Blur","Noxious Fumes+1","Deadly Poison","Adrenaline","Cloak And Dagger+1","Calculated Gamble","Footwork+1","Deadly Poison","Deadly Poison","Doppelganger","Apotheosis+1","Bouncing Flask+1"],"relics":["Ring of the Snake","War Paint","Ninja Scroll","Bag of Preparation","Paper Crane","PreservedInsect","WristBlade","Incense Burner","Frozen Egg 2","Ancient Tea Set","Shuriken","Bronze Scales","Philosopher\u0027s Stone","TwistedFunnel","White Beast Statue"],"acts_visited":["Exordium","TheCity","TheBeyond"],"potions_floor_usage":[6,19,47,47,50,50],"damage_taken":[{"damage":0,"enemies":"Small Slimes","floor":1,"turns":5},{"damage":1,"enemies":"Cultist","floor":2,"turns":4},{"damage":0,"enemies":"Jaw Worm","floor":4,"turns":3},{"damage":22,"enemies":"Lagavulin","floor":6,"turns":6},{"damage":18,"enemies":"3 Sentries","floor":8,"turns":5},{"damage":0,"enemies":"Lots of Slimes","floor":10,"turns":2},{"damage":15,"enemies":"Gremlin Nob","floor":12,"turns":4},{"damage":4,"enemies":"The Guardian","floor":16,"turns":8},{"damage":2,"enemies":"Chosen","floor":18,"turns":4},{"damage":11,"enemies":"Shell Parasite","floor":19,"turns":6},{"damage":7,"enemies":"Slavers","floor":24,"turns":5},{"damage":17,"enemies":"Sentry and Sphere","floor":25,"turns":5},{"damage":5,"enemies":"Book of Stabbing","floor":27,"turns":5},{"damage":4,"enemies":"Gremlin Leader","floor":30,"turns":5},{"damage":11,"enemies":"Champ","floor":33,"turns":12},{"damage":0,"enemies":"3 Darklings","floor":35,"turns":4},{"damage":7,"enemies":"3 Shapes","floor":42,"turns":4},{"damage":0,"enemies":"Sphere and 2 Shapes","floor":46,"turns":4},{"damage":1,"enemies":"3 Darklings","floor":47,"turns":5},{"damage":9,"enemies":"Jaw Worm Horde","floor":48,"turns":3},{"damage":29,"enemies":"Donu and Deca","floor":50,"turns":8}],"seed_played":"-6380911117904600101","potions_obtained":[{"floor":2,"key":"GhostInAJar"},{"floor":8,"key":"GamblersBrew"},{"floor":12,"key":"Block Potion"},{"floor":16,"key":"SkillPotion"},{"floor":30,"key":"EssenceOfSteel"},{"floor":33,"key":"Fire Potion"},{"floor":47,"key":"AttackPotion"},{"floor":48,"key":"PowerPotion"}],"is_trial":false,"path_per_floor":["M","M","?","M","$","E","R","E","T","M","R","E","$","?","R","B",null,"M","M","?","$","?","R","E","M","T","E","?","R","E","?","R","B",null,"M","?","$","?","T","R","?","M","T","?","R","M","M","M","R","B",null],"character_chosen":"THE_SILENT","items_purchased":["Noxious Fumes","Poisoned Stab","Noxious Fumes","Deadly Poison","Calculated Gamble","TwistedFunnel"],"campfire_rested":2,"item_purchase_floors":[5,5,13,13,21,37],"current_hp_per_floor":[70,69,69,69,69,47,47,29,29,29,29,14,14,14,35,31,70,68,57,57,57,70,70,63,46,46,41,41,62,58,58,58,47,70,70,66,66,56,56,56,56,49,49,49,49,49,48,39,39,10],"gold":118,"neow_bonus":"RANDOM_COMMON_RELIC","is_daily":false,"chose_seed":false,"campfire_upgraded":6,"win_rate":0.0,"timestamp":1610715664,"path_taken":["M","M","?","?","$","E","R","E","T","?","R","E","$","?","R","BOSS","M","M","?","$","?","R","E","?","T","E","?","R","E","?","R","BOSS","M","?","$","?","?","R","?","?","T","?","R","M","M","M","R","BOSS"],"items_purchased_type":["Card","Card","Card","Card","Card","Relic"],"build_version":"2020-12-22","purchased_purges":1,"victory":true,"max_hp_per_floor":[70,70,70,70,70,70,70,70,70,70,70,70,70,70,70,70,70,70,70,70,70,70,70,70,70,70,70,70,70,70,70,70,70,70,70,66,66,66,66,66,66,66,66,66,66,66,66,66,66,66],"relic_stats":{"counters":[21,107],"Shuriken":[18],"Bronze Scales":[84],"PreservedInsect":127,"Bag of Preparation":[0],"War Paint":["Defend_G","Defend_G"],"obtain_stats":[{"TwistedFunnel":37,"PreservedInsect":12,"Bag of Preparation":8,"Incense Burner":24,"War Paint":0,"Paper Crane":9,"Frozen Egg 2":26,"Ancient Tea Set":27,"White Beast Statue":43,"WristBlade":17,"Ninja Scroll":6,"Shuriken":30,"Bronze Scales":31,"Philosopher\u0027s Stone":34,"Ring of the Snake":0},{"TwistedFunnel":16,"PreservedInsect":7,"Bag of Preparation":5,"Incense Burner":11,"War Paint":0,"Paper Crane":5,"Frozen Egg 2":12,"Ancient Tea Set":13,"White Beast Statue":17,"WristBlade":8,"Ninja Scroll":4,"Shuriken":14,"Bronze Scales":14,"Philosopher\u0027s Stone":15,"Ring of the Snake":0},{"TwistedFunnel":83,"PreservedInsect":29,"Bag of Preparation":23,"Incense Burner":52,"War Paint":0,"Paper Crane":23,"Frozen Egg 2":57,"Ancient Tea Set":62,"White Beast Statue":87,"WristBlade":37,"Ninja Scroll":18,"Shuriken":67,"Bronze Scales":67,"Philosopher\u0027s Stone":79,"Ring of the Snake":0}],"Ring of the Snake":[42]},"card_choices":[{"not_picked":["Cloak And Dagger","PiercingWail"],"picked":"Dagger Spray","floor":1},{"not_picked":["Finisher","Acrobatics"],"picked":"Masterful Stab","floor":2},{"not_picked":["Eviscerate","Calculated Gamble"],"picked":"Backflip","floor":4},{"not_picked":["Choke","Quick Slash"],"picked":"Dagger Spray","floor":6},{"not_picked":["Expertise","Reflex"],"picked":"Malaise","floor":8},{"not_picked":["Acrobatics","Dodge and Roll"],"picked":"Sucker Punch","floor":10},{"not_picked":["Poisoned Stab","Finisher"],"picked":"Blur","floor":12},{"not_picked":["Glass Knife","A Thousand Cuts"],"picked":"Adrenaline","floor":16},{"not_picked":["Finisher","Eviscerate","Quick Slash"],"picked":"SKIP","floor":18},{"not_picked":["Backflip","Dodge and Roll"],"picked":"Cloak And Dagger+1","floor":19},{"not_picked":["Deflect","Slice"],"picked":"Footwork","floor":24},{"not_picked":["Tactician","Phantasmal Killer"],"picked":"Deadly Poison","floor":25},{"not_picked":["Flechettes","Skewer","Acrobatics"],"picked":"SKIP","floor":27},{"not_picked":["Outmaneuver","Flying Knee"],"picked":"Deadly Poison","floor":30},{"not_picked":["Glass Knife","Die Die Die"],"picked":"Doppelganger","floor":33},{"not_picked":["Predator","Prepared","Deflect+1"],"picked":"SKIP","floor":35},{"not_picked":["PanicButton","Metamorphosis"],"picked":"Apotheosis","floor":38},{"not_picked":["Deflect+1","All Out Attack","Reflex"],"picked":"SKIP","floor":42},{"not_picked":["Acrobatics+1","Prepared","Poisoned Stab"],"picked":"SKIP","floor":46},{"not_picked":["Sucker Punch","Dagger Spray+1"],"picked":"Bouncing Flask+1","floor":47},{"not_picked":["Underhanded Strike","Backstab+1","Flying Knee"],"picked":"SKIP","floor":48}],"player_experience":683585,"relics_obtained":[{"floor":6,"key":"Ninja Scroll"},{"floor":8,"key":"Bag of Preparation"},{"floor":9,"key":"Paper Crane"},{"floor":12,"key":"PreservedInsect"},{"floor":24,"key":"Incense Burner"},{"floor":26,"key":"Frozen Egg 2"},{"floor":27,"key":"Ancient Tea Set"},{"floor":30,"key":"Shuriken"},{"floor":43,"key":"White Beast Statue"}],"event_choices":[{"damage_healed":0,"gold_gain":0,"player_choice":"Upgraded","damage_taken":0,"max_hp_gain":0,"max_hp_loss":0,"event_name":"Upgrade Shrine","floor":3,"gold_loss":0,"cards_upgraded":["Neutralize"]},{"damage_healed":0,"gold_gain":0,"player_choice":"0 cards matched","damage_taken":0,"max_hp_gain":0,"max_hp_loss":0,"event_name":"Match and Keep!","floor":14,"gold_loss":0,"cards_obtained":[]},{"damage_healed":0,"gold_gain":0,"player_choice":"Ignored","damage_taken":0,"max_hp_gain":0,"max_hp_loss":0,"event_name":"Vampires","floor":20,"gold_loss":0},{"damage_healed":13,"gold_gain":0,"player_choice":"Full Heal","damage_taken":0,"max_hp_gain":0,"max_hp_loss":0,"event_name":"Wheel of Change","floor":22,"gold_loss":0},{"damage_healed":0,"gold_gain":0,"player_choice":"Ignored","damage_taken":0,"max_hp_gain":0,"max_hp_loss":0,"event_name":"Cursed Tome","floor":28,"gold_loss":0},{"damage_healed":0,"gold_gain":0,"player_choice":"Opened","damage_taken":0,"relics_obtained":["Bronze Scales"],"max_hp_gain":0,"max_hp_loss":0,"event_name":"The Mausoleum","floor":31,"gold_loss":0},{"damage_healed":0,"gold_gain":0,"player_choice":"Max HP","damage_taken":0,"max_hp_gain":0,"max_hp_loss":4,"event_name":"Winding Halls","floor":36,"gold_loss":0},{"damage_healed":0,"gold_gain":0,"player_choice":"Memory 3","damage_taken":10,"max_hp_gain":0,"max_hp_loss":0,"event_name":"SensoryStone","floor":38,"gold_loss":0},{"cards_removed":["Strike_G"],"damage_healed":0,"gold_gain":0,"player_choice":"Removed Attack","damage_taken":0,"max_hp_gain":0,"max_hp_loss":0,"event_name":"Falling","floor":41,"gold_loss":0},{"damage_healed":0,"gold_gain":0,"player_choice":"Ignored","damage_taken":0,"max_hp_gain":0,"max_hp_loss":0,"event_name":"Mysterious Sphere","floor":44,"gold_loss":0}],"is_beta":false,"boss_relics":[{"not_picked":["Busted Crown","Tiny House"],"picked":"WristBlade"},{"not_picked":["HoveringKite","Velvet Choker"],"picked":"Philosopher\u0027s Stone"}],"items_purged_floors":[21],"is_endless":false,"potions_floor_spawned":[2,8,12,16,30,33,46,47,48],"ascension_level":1}}