{"host":"5ffrjkuvgrxgllwx","time":1610685318,"event":{"mods":["AchievementEnabler","BaseMod","Colored Map","Colored Powertips","Conspire","Hubris","Minty Spire (QoL Compilation)","Quick Restart","Rare Cards Sparkle","Replay The Spire","StSLib","everything is the same but u backflip on backflip"],"gold_per_floor":[117,133,133,133,58,91,91,118,170,135,167,167,178,191,256,333,333,350,350,34,47,47,47],"floor_reached":22,"language":"ENG","playtime":686,"items_purged":["Strike_R"],"score":420,"play_id":"eaaba71f-b1e7-4a73-9487-9c462c5f6be5","local_time":"20210114233518","is_ascension_mode":true,"campfire_choices":[{"data":"Thunderclap","floor":7,"key":"SMITH"}],"circlet_count":0,"master_deck":["AscendersBane","Strike_R","Strike_R","Strike_R","Strike_R","Defend_R","Defend_R","Defend_R","Defend_R","Run Through","Armaments+1","Eruption","Thunderclap+1","Hemogenesis","BowlingBash","Barricade","Replay:Many Hands","Run Through+1","ReplayTheSpireMod:Stacked+1"],"relics":["NeowsBlessing","Replay:M_SmolderingBlood","Calipers","ReplayTheSpireMod:Lightbulb","Anchor","Turnip","Runic Cube","ReplayTheSpireMod:Ring of Collecting","Ring of Misfortune","Prayer Wheel"],"acts_visited":["Exordium","TheCity"],"potions_floor_usage":[8,14,21],"damage_taken":[{"damage":0,"enemies":"2 Louse","floor":1,"turns":1},{"damage":0,"enemies":"Jaw Worm","floor":2,"turns":1},{"damage":0,"enemies":"Lagavulin","floor":6,"turns":1},{"damage":39,"enemies":"Gremlin Nob","floor":8,"turns":5},{"damage":14,"enemies":"3 Sentries","floor":11,"turns":7},{"damage":5,"enemies":"Small Slimes","floor":13,"turns":4},{"damage":3,"enemies":"Blue Slaver","floor":14,"turns":5},{"damage":44,"enemies":"Slime Boss","floor":16,"turns":9},{"damage":17,"enemies":"Spheric Guardian","floor":18,"turns":4},{"damage":44,"enemies":"Shell Parasite","floor":21,"turns":9},{"damage":16,"enemies":"Snake Plant","floor":22,"turns":3}],"seed_played":"5795815264386796012","potions_obtained":[{"floor":2,"key":"Explosive Potion"},{"floor":11,"key":"Block Potion"},{"floor":13,"key":"Fruit Juice"},{"floor":21,"key":"CultistPotion"}],"is_trial":false,"path_per_floor":["M","M","?","?","$","E","R","E","T","?","E","$","M","M","R_BF","B",null,"M","?","$","M","M"],"character_chosen":"IRONCLAD","items_purchased":["Prayer Wheel"],"campfire_rested":0,"item_purchase_floors":[20],"current_hp_per_floor":[74,75,75,75,75,75,75,36,36,54,40,40,40,44,44,5,58,41,41,41,9,0,0],"gold":47,"neow_bonus":"THREE_ENEMY_KILL","is_daily":false,"chose_seed":false,"campfire_upgraded":1,"win_rate":0.0,"timestamp":1610685318,"path_taken":["M","M","?","?","$","E","R","E","T","?","E","$","M","M","R_BF","BOSS","M","?","$","M","M"],"items_purchased_type":["Relic"],"build_version":"2020-12-22","purchased_purges":1,"victory":false,"max_hp_per_floor":[75,75,75,75,75,75,75,75,75,75,75,75,75,75,75,75,75,75,75,75,80,80,80],"card_choices":[{"not_picked":["Shrug It Off","Clash"],"picked":"Run Through","floor":1},{"not_picked":["Pommel Strike","Wild Strike"],"picked":"Armaments","floor":2},{"not_picked":["Blood for Blood","Evolve"],"picked":"Thunderclap","floor":6},{"not_picked":["Twin Strike","Rupture","Heavy Blade"],"picked":"SKIP","floor":8},{"not_picked":["Pommel Strike","Combust"],"picked":"Hemogenesis","floor":11},{"not_picked":["Sword Boomerang","Pommel Strike"],"picked":"BowlingBash","floor":13},{"not_picked":["Warcry","FlyingSleeves"],"picked":"Barricade","floor":14},{"not_picked":["Offering","Demonic Infusion"],"picked":"Replay:Many Hands","floor":16},{"not_picked":["Twin Strike","Disarm","Perfected Strike"],"picked":"SKIP","floor":18},{"not_picked":["hubris:ReadiedAction","Havoc"],"picked":"Run Through+1","floor":21},{"not_picked":["Pommel Strike","Clothesline"],"picked":"ReplayTheSpireMod:Stacked+1","floor":21}],"player_experience":1390192,"relics_obtained":[{"floor":6,"key":"Calipers"},{"floor":8,"key":"ReplayTheSpireMod:Lightbulb"},{"floor":9,"key":"Anchor"},{"floor":11,"key":"Turnip"},{"floor":19,"key":"ReplayTheSpireMod:Ring of Collecting"},{"floor":19,"key":"Ring of Misfortune"}],"event_choices":[{"damage_healed":18,"gold_gain":0,"player_choice":"Healed","damage_taken":0,"max_hp_gain":0,"max_hp_loss":0,"event_name":"The Cleric","floor":10,"gold_loss":35}],"is_beta":false,"boss_relics":[{"not_picked":["Replay:Ancient Bell","hubris:HollowSoul"],"picked":"Runic Cube"}],"items_purged_floors":[5],"is_endless":false,"potions_floor_spawned":[2,11,13,21],"killed_by":"Snake Plant","ascension_level":17}}