{"host":"04hh9gplt9wkfmr1","time":1610734138,"event":{"mods":["AchievementEnabler","BaseMod","Colored Map","KOR Keyword Fix","Minty Spire (QoL Compilation)","Rare Cards Sparkle","SuperFastMode"],"gold_per_floor":[116,126,137,156,175,175,194,523,523,552,552,562,590,601,601,703,703,714,524,524,536,551,578,578,578,578,598,633,732,732,747,747,845,845,858,643,698,709,723,723,723,723,791,174,174,174,174],"floor_reached":46,"language":"KOR","playtime":1939,"items_purged":["Strike_B","Strike_B+1"],"score":687,"play_id":"0ff7ae89-2cac-4458-9545-e5dc977e45da","local_time":"20210116030858","is_ascension_mode":true,"campfire_choices":[{"data":"Dualcast","floor":6.0,"key":"SMITH"},{"floor":11.0,"key":"REST"},{"floor":15.0,"key":"REST"},{"floor":25.0,"key":"REST"},{"floor":30.0,"key":"REST"},{"data":"Defragment","floor":32.0,"key":"SMITH"},{"data":"Echo Form","floor":40.0,"key":"SMITH"},{"data":"Consume","floor":42.0,"key":"SMITH"}],"circlet_count":0,"master_deck":["Strike_B+1","Strike_B+1","Defend_B+1","Defend_B+1","Defend_B+1","Defend_B+1","Zap","Dualcast+1","Aggregate","Chill","Chill","Melter","White Noise","Defragment+1","Loop+1","Cold Snap","Capacitor","Genetic Algorithm","Stack","Electrodynamics","Cold Snap+1","Consume+1","Storm","Consume+1","Self Repair+1","Stack","Hologram","Chill","Echo Form+1","Hologram+1","Capacitor","Defragment+1","Static Discharge+1","Madness","Madness","Capacitor","Ball Lightning","Leap+1","Skim+1"],"relics":["Cracked Core","Old Coin","FossilizedHelix","Ornamental Fan","Calipers","SacredBark","Du-Vu Doll","Bag of Marbles","Regal Pillow","SlaversCollar","Blood Vial","Torii","Toxic Egg 2","Ancient Tea Set","HandDrill"],"acts_visited":["Exordium","TheCity","TheBeyond"],"potions_floor_usage":[46,46,46],"damage_taken":[{"damage":0.0,"enemies":"2 Louse","floor":1.0,"turns":1.0},{"damage":0.0,"enemies":"Cultist","floor":2.0,"turns":4.0},{"damage":7.0,"enemies":"Jaw Worm","floor":3.0,"turns":2.0},{"damage":6.0,"enemies":"2 Fungi Beasts","floor":4.0,"turns":4.0},{"damage":8.0,"enemies":"Blue Slaver","floor":5.0,"turns":4.0},{"damage":4.0,"enemies":"Looter","floor":7.0,"turns":4.0},{"damage":7.0,"enemies":"Lagavulin","floor":8.0,"turns":7.0},{"damage":14.0,"enemies":"3 Sentries","floor":10.0,"turns":11.0},{"damage":0.0,"enemies":"Red Slaver","floor":12.0,"turns":3.0},{"damage":17.0,"enemies":"Gremlin Nob","floor":13.0,"turns":4.0},{"damage":5.0,"enemies":"Large Slime","floor":14.0,"turns":8.0},{"damage":0.0,"enemies":"The Guardian","floor":16.0,"turns":16.0},{"damage":2.0,"enemies":"2 Thieves","floor":18.0,"turns":4.0},{"damage":21.0,"enemies":"3 Byrds","floor":21.0,"turns":4.0},{"damage":19.0,"enemies":"Shelled Parasite and Fungi","floor":22.0,"turns":8.0},{"damage":38.0,"enemies":"Slavers","floor":23.0,"turns":6.0},{"damage":17.0,"enemies":"Snecko","floor":27.0,"turns":5.0},{"damage":35.0,"enemies":"Gremlin Leader","floor":28.0,"turns":7.0},{"damage":6.0,"enemies":"Cultist and Chosen","floor":31.0,"turns":12.0},{"damage":62.0,"enemies":"Champ","floor":33.0,"turns":10.0},{"damage":0.0,"enemies":"Orb Walker","floor":35.0,"turns":6.0},{"damage":68.0,"enemies":"2 Orb Walkers","floor":37.0,"turns":5.0},{"damage":9.0,"enemies":"3 Shapes","floor":38.0,"turns":5.0},{"damage":0.0,"enemies":"Maw","floor":39.0,"turns":8.0},{"damage":102,"enemies":"Transient","floor":46,"turns":5}],"seed_played":"1392182515608756478","potions_obtained":[{"floor":1.0,"key":"Dexterity Potion"},{"floor":3.0,"key":"EssenceOfSteel"},{"floor":10.0,"key":"EssenceOfSteel"},{"floor":12.0,"key":"DuplicationPotion"},{"floor":13.0,"key":"PowerPotion"},{"floor":18.0,"key":"GamblersBrew"},{"floor":20.0,"key":"Fruit Juice"},{"floor":20.0,"key":"PotionOfCapacity"},{"floor":20.0,"key":"SteroidPotion"},{"floor":23.0,"key":"ColorlessPotion"},{"floor":28.0,"key":"SkillPotion"},{"floor":33.0,"key":"Swift Potion"},{"floor":35.0,"key":"LiquidBronze"},{"floor":39.0,"key":"Regen Potion"}],"is_trial":false,"path_per_floor":["M","M","M","M","M","R","M","E","T","E","R","M","E","M","R","B",null,"M","$","?","M","M","E","?","R","T","M","E","?","R","M","R","B",null,"M","$","?","M","M","R","?","R","T","$","?","M"],"character_chosen":"DEFECT","items_purchased":["Consume","Storm","Capacitor","Blood Vial","Capacitor","Ball Lightning","Leap+1","Skim+1","Ancient Tea Set","HandDrill"],"campfire_rested":4,"item_purchase_floors":[19,19,36,36,44,44,44,44,44,44],"current_hp_per_floor":[68,68,61,55,47,47,43,36,36,22,48,48,31,26,52,52,89,87,87,97,76,57,29,29,58,58,51,26,26,70,74,74,22,99,99,99,41,44,66,66,54,54,54,54,54,0,0],"gold":174,"neow_bonus":"TWENTY_PERCENT_HP_BONUS","is_daily":false,"chose_seed":false,"campfire_upgraded":4,"win_rate":0.0,"timestamp":1610734138,"path_taken":["M","M","M","M","M","R","M","E","T","E","R","M","E","M","R","BOSS","M","$","?","M","?","E","?","R","T","M","E","?","R","M","R","BOSS","M","$","?","M","M","R","?","R","T","$","?","M"],"items_purchased_type":["Card","Card","Card","Relic","Card","Card","Card","Card","Relic","Relic"],"build_version":"2020-12-22","purchased_purges":2,"victory":false,"max_hp_per_floor":[89,89,89,89,89,89,89,89,89,89,89,89,89,89,89,89,89,89,89,99,99,99,99,99,99,99,99,99,99,99,99,99,99,99,99,99,99,99,99,99,99,99,99,99,99,99,99],"card_choices":[{"not_picked":["Go for the Eyes","Streamline"],"picked":"Aggregate","floor":1.0},{"not_picked":["Streamline","Turbo"],"picked":"Chill","floor":2.0},{"not_picked":["Sweeping Beam","Rebound"],"picked":"Chill","floor":3.0},{"not_picked":["Gash","Compile Driver"],"picked":"Melter","floor":4.0},{"not_picked":["Lockon","Steam"],"picked":"White Noise","floor":5.0},{"not_picked":["Stack","Compile Driver"],"picked":"Defragment","floor":7.0},{"not_picked":["Multi-Cast","Auto Shields"],"picked":"Loop","floor":8.0},{"not_picked":["Compile Driver","Go for the Eyes"],"picked":"Cold Snap","floor":10.0},{"not_picked":["Loop","Beam Cell"],"picked":"Capacitor","floor":12.0},{"not_picked":["Creative AI","Rebound"],"picked":"Genetic Algorithm","floor":13.0},{"not_picked":["Stack","Reprogram","Redo"],"picked":"SKIP","floor":14.0},{"not_picked":["Reprogram","Redo"],"picked":"Stack","floor":14.0},{"not_picked":["Multi-Cast","Rainbow"],"picked":"Electrodynamics","floor":16.0},{"not_picked":["Coolheaded","Conserve Battery"],"picked":"Cold Snap+1","floor":18.0},{"not_picked":["Coolheaded","Force Field+1"],"picked":"Consume+1","floor":21.0},{"not_picked":["Darkness","Lockon"],"picked":"Self Repair+1","floor":22.0},{"not_picked":["Barrage","Cold Snap"],"picked":"Stack","floor":23.0},{"not_picked":["Rebound+1","Hologram","Sweeping Beam"],"picked":"SKIP","floor":27.0},{"not_picked":["Rebound+1","Sweeping Beam"],"picked":"Hologram","floor":27.0},{"not_picked":["Lockon","Hologram","FTL+1"],"picked":"SKIP","floor":28.0},{"not_picked":["Barrage+1","Gash"],"picked":"Chill","floor":31.0},{"not_picked":["Electrodynamics","Biased Cognition"],"picked":"Echo Form","floor":33.0},{"not_picked":["Ball Lightning","Rebound+1"],"picked":"Hologram+1","floor":35.0},{"not_picked":["Beam Cell+1","Force Field"],"picked":"Defragment+1","floor":38.0},{"not_picked":["Rip and Tear","Beam Cell"],"picked":"Static Discharge+1","floor":39.0}],"player_experience":35158,"relics_obtained":[{"floor":8.0,"key":"Old Coin"},{"floor":9.0,"key":"FossilizedHelix"},{"floor":10.0,"key":"Ornamental Fan"},{"floor":13.0,"key":"Calipers"},{"floor":23.0,"key":"Du-Vu Doll"},{"floor":26.0,"key":"Bag of Marbles"},{"floor":28.0,"key":"Regal Pillow"},{"floor":37.0,"key":"Torii"},{"floor":43.0,"key":"Toxic Egg 2"}],"event_choices":[{"damage_healed":0.0,"max_hp_gain":0.0,"max_hp_loss":0.0,"gold_gain":0.0,"event_name":"Lab","player_choice":"Got Potions","floor":20.0,"gold_loss":0.0,"damage_taken":0.0},{"damage_healed":0.0,"max_hp_gain":0.0,"max_hp_loss":0.0,"gold_gain":0.0,"event_name":"Back to Basics","player_choice":"Simplicity","floor":24.0,"gold_loss":0.0,"damage_taken":0.0,"cards_upgraded":["Strike_B","Strike_B","Strike_B","Defend_B","Defend_B","Defend_B","Defend_B"]},{"damage_healed":0.0,"max_hp_gain":0.0,"max_hp_loss":0.0,"gold_gain":99.0,"event_name":"Nest","player_choice":"Stole From Cult","floor":29.0,"gold_loss":0.0,"damage_taken":0.0},{"damage_healed":0.0,"max_hp_gain":0.0,"max_hp_loss":0.0,"gold_gain":0.0,"event_name":"Mysterious Sphere","player_choice":"Fight","floor":37.0,"gold_loss":0.0,"damage_taken":0.0},{"damage_healed":0.0,"max_hp_gain":0.0,"max_hp_loss":0.0,"gold_gain":0.0,"event_name":"Winding Halls","player_choice":"Embrace Madness","floor":41.0,"gold_loss":0.0,"damage_taken":12.0,"cards_obtained":["Madness","Madness"]},{"damage_healed":0.0,"max_hp_gain":0.0,"max_hp_loss":0.0,"gold_gain":0.0,"event_name":"Upgrade Shrine","player_choice":"Upgraded","floor":45.0,"gold_loss":0.0,"damage_taken":0.0,"cards_upgraded":["Loop"]}],"is_beta":false,"boss_relics":[{"not_picked":["Runic Dome","Astrolabe"],"picked":"SacredBark"},{"not_picked":["Fusion Hammer","Snecko Eye"],"picked":"SlaversCollar"}],"items_purged_floors":[19,44],"is_endless":false,"potions_floor_spawned":[1,3,10,12,13,18,23,28,33,35,39],"killed_by":"Transient","ascension_level":3}}