{"host":"kvh5342rl0c7vxi5","time":1610742999,"event":{"mods":["BaseMod","Downfall","Hermit","Jorbs\u0027s Wanderer Trilogy","Minty Spire (QoL Compilation)","Quick Restart","StSLib","SuperFastMode","The Poker Player"],"gold_per_floor":[211,211,37,37,212,212,243,261,261,286,286,302,302,577,577,703,703,718,817,742,758,422,422,422],"floor_reached":23,"language":"ENG","playtime":640,"items_purged":["hermit:Strike_Hermit","hermit:Strike_Hermit"],"score":252,"play_id":"6692bdc9-2e15-4157-a1ae-ca1b5b44c296","local_time":"20210115153639","is_ascension_mode":true,"campfire_choices":[{"data":"hermit:Roulette","floor":6,"key":"SMITH"},{"data":"hermit:CursedWeapon","floor":11,"key":"SMITH"},{"data":"hermit:Brawl","floor":13,"key":"SMITH"},{"data":"hermit:Snipe","floor":15,"key":"SMITH"}],"circlet_count":0,"master_deck":["hermit:Defend_Hermit","hermit:Defend_Hermit","hermit:Defend_Hermit","hermit:Defend_Hermit","hermit:Snapshot","hermit:Covet","hermit:Desperado","hermit:Roulette+1","hermit:Snipe+1","hermit:GhostlyPresence","hermit:CursedWeapon+1","hermit:Brawl+1","hermit:Reprieve","hermit:GhostlyPresence","hermit:Spite+1","hermit:Determination"],"relics":["hermit:Momento","Golden Idol","Vajra","StoneCalendar","Empty Cage","ClockworkSouvenir"],"acts_visited":["Exordium","TheCity"],"potions_floor_usage":[16,18,23,23],"damage_taken":[{"damage":0,"enemies":"2 Louse","floor":1,"turns":4},{"damage":18,"enemies":"Gremlin Nob","floor":7,"turns":3},{"damage":0,"enemies":"Jaw Worm","floor":8,"turns":2},{"damage":2,"enemies":"Small Slimes","floor":10,"turns":2},{"damage":8,"enemies":"Red Slaver","floor":12,"turns":3},{"damage":21,"enemies":"The Guardian","floor":16,"turns":11},{"damage":21,"enemies":"Spheric Guardian","floor":18,"turns":4},{"damage":8,"enemies":"Chosen","floor":21,"turns":5},{"damage":41,"enemies":"Book of Stabbing","floor":23,"turns":4}],"seed_played":"-6936165953483668325","potions_obtained":[{"floor":7,"key":"Fruit Juice"},{"floor":8,"key":"SkillPotion"},{"floor":10,"key":"hermit:Tonic"},{"floor":21,"key":"Dexterity Potion"}],"is_trial":false,"path_per_floor":["M","?","$","?","?","R","E","M","T","M","R","M","R","?","R","B",null,"M","?","?","M","$","E"],"character_chosen":"HERMIT","items_purchased":["hermit:Roulette","hermit:Snipe","hermit:Determination","ClockworkSouvenir"],"campfire_rested":0,"item_purchase_floors":[3,3,22,22],"current_hp_per_floor":[68,68,68,61,61,61,43,43,43,41,41,33,33,33,33,12,55,38,38,38,34,34,0,0],"gold":422,"neow_bonus":"HUNDRED_GOLD","is_daily":false,"chose_seed":false,"campfire_upgraded":4,"win_rate":0.0,"timestamp":1610742999,"path_taken":["M","?","$","?","?","R","E","M","T","?","R","M","R","?","R","BOSS","M","?","?","M","$","E"],"items_purchased_type":["Card","Card","Card","Relic"],"build_version":"2020-12-22","purchased_purges":2,"victory":false,"max_hp_per_floor":[75,69,69,69,69,69,69,69,69,69,69,69,69,69,69,69,69,69,69,69,69,69,74,74],"card_choices":[{"not_picked":["hermit:CalledShot","hermit:TrackingShot"],"picked":"hermit:Desperado","floor":1},{"not_picked":["hermit:TakeCover","hermit:NoHoldsBarred"],"picked":"hermit:GhostlyPresence","floor":7},{"not_picked":["hermit:Midnight","hermit:BodyArmor"],"picked":"hermit:CursedWeapon","floor":8},{"not_picked":["hermit:Roulette","hermit:Glare","hermit:LuckOfTheDraw"],"picked":"SKIP","floor":10},{"not_picked":["hermit:LowProfile","hermit:TrackingShot"],"picked":"hermit:Brawl","floor":12},{"not_picked":["hermit:OverwhelmingPower","hermit:Magnum"],"picked":"hermit:Reprieve","floor":16},{"not_picked":["hermit:Shortfuse","hermit:Quickdraw"],"picked":"hermit:GhostlyPresence","floor":18},{"not_picked":["hermit:Cheat","hermit:Roulette"],"picked":"hermit:Spite+1","floor":21}],"player_experience":523891,"relics_obtained":[{"floor":7,"key":"Vajra"},{"floor":9,"key":"StoneCalendar"}],"event_choices":[{"damage_healed":0,"gold_gain":0,"player_choice":"Lose Max HP","damage_taken":0,"relics_obtained":["Golden Idol"],"max_hp_gain":0,"max_hp_loss":6,"event_name":"Golden Idol","floor":2,"gold_loss":0},{"cards_removed":["hermit:Strike_Hermit"],"damage_healed":0,"gold_gain":0,"player_choice":"Card Removal","damage_taken":7,"max_hp_gain":0,"max_hp_loss":0,"event_name":"Golden Wing","floor":4,"gold_loss":0},{"damage_healed":0,"gold_gain":175,"player_choice":"AGREE","damage_taken":0,"max_hp_gain":0,"max_hp_loss":0,"event_name":"Liars Game","floor":5,"gold_loss":0,"cards_obtained":["Doubt"]},{"damage_healed":0,"gold_gain":275,"player_choice":"Desecrate","damage_taken":0,"max_hp_gain":0,"max_hp_loss":0,"event_name":"Golden Shrine","floor":14,"gold_loss":0,"cards_obtained":["Regret"]},{"damage_healed":0,"gold_gain":99,"player_choice":"Stole From Cult","damage_taken":0,"max_hp_gain":0,"max_hp_loss":0,"event_name":"Nest","floor":19,"gold_loss":0},{"cards_removed":["hermit:Strike_Hermit"],"damage_healed":0,"gold_gain":0,"player_choice":"Gave Gold","damage_taken":0,"max_hp_gain":0,"max_hp_loss":0,"event_name":"Beggar","floor":20,"gold_loss":75}],"is_beta":false,"boss_relics":[{"not_picked":["Ectoplasm","Tiny House"],"picked":"Empty Cage"}],"items_purged_floors":[3,22],"is_endless":false,"potions_floor_spawned":[7,8,10,21],"killed_by":"Book of Stabbing","ascension_level":7}}