{"host":"z9mq1tf06lkrncmk","time":1610730580,"event":{"mods":["BaseMod","Downfall","Minty Spire (QoL Compilation)","StSLib"],"gold_per_floor":[99,117,217,367,22,34,57,57,157,176,201,262,79,159,171,272,272,272,288,338,388,506,521,548,567,567,258,258,324,334,384,402,402,402,402],"floor_reached":33,"language":"ENG","playtime":2868,"items_purged":["Slimebound:Icky"],"score":309,"play_id":"ac1428d9-299f-4093-964e-912134677990","local_time":"20210115120940","is_ascension_mode":true,"campfire_choices":[{"data":"champ:Taunt","floor":1,"key":"SMITH"},{"data":"champ:Riposte","floor":8,"key":"SMITH"},{"data":"champ:Improvising","floor":18,"key":"SMITH"},{"data":"champ:Lariat","floor":26,"key":"SMITH"},{"floor":28,"key":"REST"}],"circlet_count":0,"master_deck":["champ:Strike","champ:Strike","champ:Strike","champ:Strike","champ:Defend","champ:Defend+1","champ:Defend+1","champ:Defend","champ:Execute","champ:Taunt+1","champ:Circumvent","champ:Riposte+1","champ:FlashCut","champ:BringItOn","champ:GladiatorsShout","champ:SkillfulDodge","champ:SkillfulDodge","champ:RisingSlash","champ:RecklessLeap","champ:TornadoPunch","champ:Lariat+1","champ:Improvising+1","champ:IronFortress+1"],"relics":["champ:ChampionCrownUpgraded","Happy Flower","downfall:CloakOfManyFaces","CultistMask","FaceOfCleric","NlothsMask","GremlinMask","SsserpentHead","MealTicket","War Paint","Art of War","Calipers","MutagenicStrength"],"acts_visited":["Exordium","TheCity"],"potions_floor_usage":[11,13,16,25,32,33,33,33],"damage_taken":[{"damage":14,"enemies":"2 Louse","floor":2,"turns":3},{"damage":5,"enemies":"downfall:FleeingMerchant","floor":5,"turns":4},{"damage":0,"enemies":"Jaw Worm","floor":6,"turns":3},{"damage":19,"enemies":"downfall:FaceTrader","floor":9,"turns":11},{"damage":5,"enemies":"Cultist","floor":10,"turns":3},{"damage":32,"enemies":"Gremlin Nob","floor":11,"turns":5},{"damage":5,"enemies":"Large Slime","floor":12,"turns":4},{"damage":5,"enemies":"downfall:FleeingMerchant","floor":13,"turns":4},{"damage":23,"enemies":"Blue Slaver","floor":15,"turns":3},{"damage":36,"enemies":"downfall:Watcher","floor":16,"turns":13},{"damage":13,"enemies":"3 Byrds","floor":19,"turns":5},{"damage":0,"enemies":"Chosen","floor":23,"turns":5},{"damage":30,"enemies":"3 Cultists","floor":25,"turns":8},{"damage":12,"enemies":"downfall:FleeingMerchant","floor":27,"turns":4},{"damage":29,"enemies":"Snake Plant","floor":29,"turns":4},{"damage":28,"enemies":"Snecko","floor":30,"turns":5},{"damage":40,"enemies":"Cultist and Chosen","floor":32,"turns":6},{"damage":65,"enemies":"downfall:Silent","floor":33,"turns":9}],"seed_played":"279646729579543676","potions_obtained":[{"floor":2,"key":"Dexterity Potion"},{"floor":6,"key":"champ:OpenerPotion"},{"floor":12,"key":"champ:OpenerPotion"},{"floor":15,"key":"GamblersBrew"},{"floor":16,"key":"Block Potion"},{"floor":21,"key":"CultistPotion"},{"floor":25,"key":"Guardian:BlockOnCardUsePotion"},{"floor":32,"key":"PowerPotion"}],"is_trial":false,"path_per_floor":["R","M","?","?","$","M","T","R","?","M","E","M","$","?","M","B",null,"R","M","?","?","T","M","T","M","R","$","R","M","M","?","M","B"],"character_chosen":"THE_CHAMP","items_purchased":["champ:Riposte","champ:FlashCut","champ:BringItOn","Regen Potion","champ:TornadoPunch","War Paint","Calipers"],"campfire_rested":1,"item_purchase_floors":[5,5,5,5,13,13,27],"current_hp_per_floor":[99,90,90,90,90,90,90,90,76,77,56,57,87,87,80,60,105,105,96,96,96,96,97,97,68,68,84,109,93,83,83,65,0,0,0],"gold":402,"neow_bonus":"TEN_PERCENT_HP_BONUS","is_daily":false,"chose_seed":false,"campfire_upgraded":4,"win_rate":0.0,"timestamp":1610730580,"path_taken":["R","M","?","?","?","M","T","R","?","M","E","?","$","?","M","BOSS","R","M","?","?","?","M","T","M","R","$","R","?","M","?","M","BOSS"],"items_purchased_type":["Card","Card","Card","Potion","Card","Relic","Relic"],"build_version":"2020-12-22","purchased_purges":1,"victory":false,"max_hp_per_floor":[99,99,99,99,99,99,99,99,99,100,101,102,103,103,104,105,105,105,106,106,106,106,107,107,108,108,109,109,110,111,111,112,112,112,112],"card_choices":[{"not_picked":["champ:StanceDance","champ:FaceSlap"],"picked":"champ:Circumvent","floor":2},{"not_picked":["champ:GladiatorsShout","champ:GutPunch","champ:FanOfKnives"],"picked":"SKIP","floor":5},{"not_picked":["champ:EnragedBash","champ:EndlessRage","champ:BerserkersShout"],"picked":"SKIP","floor":6},{"not_picked":["champ:Circumvent","champ:HeartStrike"],"picked":"champ:GladiatorsShout","floor":9},{"not_picked":["champ:BerserkersShout","champ:StanceDance"],"picked":"champ:SkillfulDodge","floor":10},{"not_picked":["champ:DeathBlow","champ:Duel"],"picked":"champ:SkillfulDodge","floor":11},{"not_picked":["champ:GladiatorsShout","champ:EnragedBash"],"picked":"champ:RisingSlash","floor":12},{"not_picked":["champ:Aggression","champ:BerserkersShout"],"picked":"champ:RecklessLeap","floor":13},{"not_picked":["champ:RecklessLeap","champ:BerserkerStyle"],"picked":"champ:Lariat","floor":15},{"not_picked":["champ:SteelEdge","champ:HeavySlash"],"picked":"champ:Improvising","floor":16},{"not_picked":["champ:FanOfKnives","champ:Circumvent","champ:Backstep"],"picked":"SKIP","floor":19},{"not_picked":["champ:RisingSlash","champ:Haymaker","champ:RapidStrikes"],"picked":"SKIP","floor":23},{"not_picked":["champ:PerfectedStrike","champ:Shatter","champ:FlashCut"],"picked":"SKIP","floor":25},{"not_picked":["champ:AdrenalArmor","champ:StrikeOfGenius"],"picked":"champ:IronFortress+1","floor":27},{"not_picked":["champ:FocusedDefense+1","champ:TornadoPunch+1","champ:RisingSlash"],"picked":"SKIP","floor":29},{"not_picked":["champ:FaceSlap","champ:HeartStrike+1","champ:GutPunch+1"],"picked":"SKIP","floor":30},{"not_picked":["champ:BladeFlurry","champ:MurderStrike","champ:AdrenalArmor"],"picked":"SKIP","floor":32}],"player_experience":360638,"relics_obtained":[{"floor":7,"key":"Happy Flower"},{"floor":9,"key":"downfall:CloakOfManyFaces"},{"floor":11,"key":"MealTicket"},{"floor":24,"key":"Art of War"}],"event_choices":[{"damage_healed":0,"gold_gain":0,"player_choice":"Ignored","damage_taken":0,"max_hp_gain":0,"max_hp_loss":0,"event_name":"Vampires","floor":20,"gold_loss":0},{"damage_healed":0,"gold_gain":0,"player_choice":"Inject Mutagens","damage_taken":0,"relics_obtained":["MutagenicStrength"],"max_hp_gain":0,"max_hp_loss":0,"event_name":"Drug Dealer","floor":31,"gold_loss":0}],"is_beta":false,"boss_relics":[{"not_picked":["Tiny House","Runic Dome"],"picked":"champ:ChampionCrownUpgraded"}],"items_purged_floors":[5],"is_endless":false,"potions_floor_spawned":[2,6,9,12,15,16,23,25,29,30,32],"killed_by":"downfall:Silent","ascension_level":1}}