{"host":"p5axfb00mxhraew6","time":1610721687,"event":{"mods":["Abigail Mod","Act Like it!","BaseMod","CapriCore","Friendly Minions","GifTheSpireLib","Jedi Mod","KomeijiMod","Lobotomy","MarisaÅiñ∂âJÅ@ñÇóùçπÅj","Minty Spire (QoL Compilation)","Prisma Mod","ReimuÅiîé??öÎÅj","RemiliaÅiÂQïƒ‰ª?Åj","SOSÅiézîb?îVéqÅj","StSLib","Td1madao Mod","The Alterego","The Immortal","The Problem Sleuth","Yakumo Yukari mod"],"gold_per_floor":[120,85,85,6,6,6,6,45,69,83,83,97,133,152,152,276,276,301,13,36,0,18,57,57,97,120,120,159,159,159,159,159,279,279,302,302,318,50,50,50,68,107,107,107,125,125,138,138,138,138,138,138,138,38,82,82],"floor_reached":57,"language":"ENG","playtime":2142,"items_purged":["BigBird","QueenOfHatred"],"score":1993,"play_id":"09386c0f-4f12-42df-9481-4a88e065b474","local_time":"20210115234127","is_ascension_mode":true,"campfire_choices":[{"floor":44.0,"key":"RECALL"},{"data":"Twilight","floor":48.0,"key":"SMITH"},{"data":"Twilight","floor":49.0,"key":"SMITH"},{"data":"Twilight","floor":53.0,"key":"SMITH"}],"circlet_count":0,"master_deck":["SpecialBullet","SpecialBullet","SpecialBullet","SpecialBullet","SpecialBullet","SpecialBullet","SpecialBullet","SpecialBullet","InformationCode","SecurityCode","ExtractionCode","TheSmile+1","VoidDream","Harvest","Heaven+1","Moonlight","OldLady","Mimicry","BlackSwan_ego","BlueScar+1","Bloodbath","Hypocrisy","Twilight+1","RapturousDream","Twilight+1","GoldRush","ShyLook","Wingbeat","Regret_ego","Lantern","Heaven","Lantern","MHz","Diffraction","Spore","CentralCode","UniverseFragment","ScreamingWedge","TrainingCode","DaCapo+1","Twilight+1","Regret_ego","Ecstasy","WristCuter","Moonlight+1","InTheNameOfLoveAndHate","RapturousDream","SwordSharpenedByTears+1","Soda+1","SpecialBullet","SpecialBullet"],"relics":["CogitoBucket","RabbitCall","Golden Idol","Strawberry","jedi:arcanewood","Boot","Philosopher\u0027s Stone","Thread and Needle","Ice Cream","FossilizedHelix","Omamori","Calling Bell","Lantern","Blue Candle","Torii","War Paint","StrikeDummy","Akabeko","StoneCalendar"],"acts_visited":["Exordium","TheCity","TheBeyond","TheEnding"],"potions_floor_usage":[56,56],"damage_taken":[{"damage":15.0,"enemies":"2 Louse","floor":1.0,"turns":2.0},{"damage":32.0,"enemies":"3 Sentries","floor":8.0,"turns":6.0},{"damage":0.0,"enemies":"Small Slimes","floor":10.0,"turns":2.0},{"damage":12.0,"enemies":"Jaw Worm","floor":12.0,"turns":3.0},{"damage":32.0,"enemies":"Lagavulin","floor":13.0,"turns":7.0},{"damage":0.0,"enemies":"Looter","floor":14.0,"turns":3.0},{"damage":0.0,"enemies":"Slime Boss","floor":16.0,"turns":6.0},{"damage":0.0,"enemies":"2 Thieves","floor":18.0,"turns":2.0},{"damage":3.0,"enemies":"3 Byrds","floor":20.0,"turns":4.0},{"damage":3.0,"enemies":"Cultist and Chosen","floor":22.0,"turns":4.0},{"damage":0.0,"enemies":"Book of Stabbing","floor":23.0,"turns":2.0},{"damage":0.0,"enemies":"Gremlin Leader","floor":25.0,"turns":5.0},{"damage":21.0,"enemies":"Book of Stabbing","floor":28.0,"turns":5.0},{"damage":17.0,"enemies":"Collector","floor":33.0,"turns":15.0},{"damage":0.0,"enemies":"Orb Walker","floor":35.0,"turns":3.0},{"damage":0.0,"enemies":"3 Shapes","floor":37.0,"turns":4.0},{"damage":0.0,"enemies":"Sphere and 2 Shapes","floor":41.0,"turns":3.0},{"damage":8.0,"enemies":"Nemesis","floor":42.0,"turns":5.0},{"damage":0.0,"enemies":"3 Darklings","floor":45.0,"turns":2.0},{"damage":0.0,"enemies":"Transient","floor":47.0,"turns":5.0},{"damage":16.0,"enemies":"Time Eater","floor":50.0,"turns":12.0},{"damage":16,"enemies":"Shield and Spear","floor":55,"turns":4},{"damage":21,"enemies":"The Heart","floor":56,"turns":8}],"seed_played":"-1350179311741774815","potions_obtained":[{"floor":1.0,"key":"CalmPotion"},{"floor":12.0,"key":"Fire Potion"},{"floor":14.0,"key":"Explosive Potion"},{"floor":16.0,"key":"jedi:StrikingPotion"},{"floor":18.0,"key":"ColorlessPotion"},{"floor":22.0,"key":"EntropicBrew"},{"floor":23.0,"key":"Swift Potion"},{"floor":41.0,"key":"Dexterity Potion"}],"is_trial":false,"path_per_floor":["M","?","?","$","?","R","$","E","T","M","R","M","E","M","R","B",null,"M","$","M","$","M","E","R","E","T","R","E","R","R","?","R","B",null,"M","?","M","$","?","R","M","E","T","R","M","R","M","R","R","B",null,null,"R","$","E","B",null],"character_chosen":"Angela","items_purchased":["Heaven","Thread and Needle","Heaven","War Paint","WristCuter"],"campfire_rested":0,"item_purchase_floors":[4,19,21,38,38],"current_hp_per_floor":[56,70,65,65,52,52,52,35,35,43,43,43,24,33,33,39,73,88,88,87,87,88,92,92,92,92,92,93,96,96,96,96,96,96,96,96,96,96,96,96,96,96,96,96,96,96,96,96,96,96,96,96,96,96,93,96],"gold":82,"neow_bonus":"ONE_RANDOM_RARE_CARD","is_daily":false,"chose_seed":false,"campfire_upgraded":3,"win_rate":0.0,"timestamp":1610721687,"path_taken":["M","?","?","$","?","R","?","E","T","?","R","M","E","M","R","BOSS","M","$","M","$","M","E","R","E","T","R","E","?","R","?","R","BOSS","M","?","?","$","?","R","M","E","T","R","M","R","?","?","R","BOSS","R","$","E","BOSS"],"items_purchased_type":["Card","Relic","Card","Relic","Card"],"build_version":"2020-12-22","purchased_purges":2,"victory":true,"max_hp_per_floor":[70,70,65,65,65,65,65,72,72,72,72,76,80,80,80,84,84,88,88,88,88,88,92,92,92,92,92,96,96,96,96,96,96,96,96,96,96,96,96,96,96,96,96,96,96,96,96,96,96,96,96,96,96,96,96,96],"card_choices":[{"not_picked":["Alriune","MHz"],"picked":"VoidDream","floor":1.0},{"not_picked":["Penitence"],"picked":"Harvest","floor":1.0},{"not_picked":["GreenStem"],"picked":"Moonlight","floor":8.0},{"not_picked":["Porccubus","DespairKnight"],"picked":"OldLady","floor":8.0},{"not_picked":["RedEyes"],"picked":"Mimicry","floor":8.0},{"not_picked":["Tough"],"picked":"BlackSwan_ego","floor":10.0},{"not_picked":["Heaven"],"picked":"BlueScar","floor":12.0},{"not_picked":["Wellcheers","SingingMachine"],"picked":"Bloodbath","floor":12.0},{"not_picked":["Beak"],"picked":"Hypocrisy","floor":12.0},{"not_picked":["Reverberation"],"picked":"Twilight","floor":13.0},{"not_picked":["FieryBird","Scorched"],"picked":"BigBird","floor":13.0},{"not_picked":["Reverberation"],"picked":"RapturousDream","floor":13.0},{"not_picked":["Beak","CherryBlossom"],"picked":"SKIP","floor":14.0},{"not_picked":["Pinks"],"picked":"Twilight","floor":16.0},{"not_picked":["Porccubus","MeatLantern"],"picked":"QueenOfHatred","floor":16.0},{"not_picked":["SoundOfStar"],"picked":"GoldRush","floor":16.0},{"not_picked":["Scarecrow","Variant"],"picked":"ShyLook","floor":18.0},{"not_picked":["Beak"],"picked":"Wingbeat","floor":18.0},{"not_picked":["TodaysExpression"],"picked":"Regret_ego","floor":20.0},{"not_picked":["SomewhereSpear"],"picked":"Lantern","floor":20.0},{"not_picked":["Horn"],"picked":"Lantern","floor":22.0},{"not_picked":["NothingThere","GalaxyChild"],"picked":"MHz","floor":23.0},{"not_picked":["SolemnVow"],"picked":"Diffraction","floor":23.0},{"not_picked":["Mimicry"],"picked":"Spore","floor":25.0},{"not_picked":["Tough","Horn"],"picked":"SKIP","floor":25.0},{"not_picked":["WhitesApple","PunishingBird"],"picked":"UniverseFragment","floor":28.0},{"not_picked":["Hypocrisy+1"],"picked":"ScreamingWedge","floor":28.0},{"not_picked":["Soda","SomewhereSpear"],"picked":"SKIP","floor":28.0},{"not_picked":["SoundOfStar"],"picked":"DaCapo","floor":33.0},{"not_picked":["Pinks"],"picked":"Twilight","floor":33.0},{"not_picked":["CherryBlossom+1"],"picked":"Regret_ego","floor":35.0},{"not_picked":["SomewhereSpear+1","CrimsonScar"],"picked":"SKIP","floor":35.0},{"not_picked":["SolemnVow+1"],"picked":"Ecstasy","floor":37.0},{"not_picked":["Noise"],"picked":"Moonlight+1","floor":41.0},{"not_picked":["Wingbeat"],"picked":"InTheNameOfLoveAndHate","floor":42.0},{"not_picked":["Soda"],"picked":"RapturousDream","floor":45.0},{"not_picked":["WristCuter"],"picked":"SwordSharpenedByTears+1","floor":47.0},{"not_picked":["Pleasure"],"picked":"Soda+1","floor":47.0},{"not_picked":["Soda","Discord"],"picked":"SKIP","floor":55}],"player_experience":1243804,"relics_obtained":[{"floor":8.0,"key":"Strawberry"},{"floor":9.0,"key":"jedi:arcanewood"},{"floor":13.0,"key":"Boot"},{"floor":23.0,"key":"Ice Cream"},{"floor":25.0,"key":"FossilizedHelix"},{"floor":28.0,"key":"Omamori"},{"floor":34.0,"key":"Lantern"},{"floor":34.0,"key":"Blue Candle"},{"floor":34.0,"key":"Torii"},{"floor":42.0,"key":"StrikeDummy"},{"floor":43.0,"key":"Akabeko"},{"floor":55,"key":"StoneCalendar"}],"event_choices":[{"damage_healed":17.0,"max_hp_gain":0.0,"max_hp_loss":0.0,"gold_gain":0.0,"event_name":"The Cleric","player_choice":"Healed","floor":2.0,"gold_loss":35.0,"damage_taken":0.0},{"damage_healed":0.0,"max_hp_gain":0.0,"max_hp_loss":5.0,"gold_gain":0.0,"event_name":"Golden Idol","player_choice":"Lose Max HP","floor":3.0,"gold_loss":0.0,"damage_taken":0.0,"relics_obtained":["Golden Idol"]},{"damage_healed":0.0,"max_hp_gain":0.0,"max_hp_loss":0.0,"gold_gain":0.0,"event_name":"Shining Light","player_choice":"Entered Light","floor":5.0,"gold_loss":0.0,"damage_taken":13.0,"cards_upgraded":["TheSmile","Heaven"]},{"damage_healed":0.0,"max_hp_gain":0.0,"max_hp_loss":0.0,"gold_gain":0.0,"event_name":"OrinTheCat","player_choice":"Ignored","floor":36.0,"gold_loss":0.0,"damage_taken":0.0},{"damage_healed":0.0,"max_hp_gain":0.0,"max_hp_loss":0.0,"gold_gain":0.0,"event_name":"Transmorgrifier","player_choice":"Ignored","floor":39.0,"gold_loss":0.0,"damage_taken":0.0}],"is_beta":false,"boss_relics":[{"not_picked":["Runic Dome","SacredBark"],"picked":"Philosopher\u0027s Stone"},{"not_picked":["Black Star","Empty Cage"],"picked":"Calling Bell"}],"items_purged_floors":[38,54],"is_endless":false,"potions_floor_spawned":[1,12,14,16,18,22,23,41,55],"ascension_level":11}}