{"host":"8gp6t7ud4bifk0zs","time":1610733623,"event":{"mods":["AchievementEnabler","BaseMod","Minty Spire (QoL Compilation)","StSLib","everything is the same but u backflip on backflip"],"gold_per_floor":[115,131,143,93,18,18,47,0,0,13,88,123,123,133,133,231,231,231,231,231,78,78,78,78,78,78,78,78,78,78,78,78,78,78,78,78,23,23,23,23,23,23,23,23,23,23,23,23,23,23],"floor_reached":51,"language":"KOR","playtime":2422,"items_purged":["Defend_B"],"score":922,"play_id":"46cf508b-f552-46e0-a086-d1cb35d53de9","local_time":"20210116030023","is_ascension_mode":true,"campfire_choices":[{"data":"Creative AI","floor":6.0,"key":"SMITH"},{"data":"Rainbow","floor":13.0,"key":"SMITH"},{"data":"Darkness","floor":15.0,"key":"SMITH"},{"floor":28.0,"key":"REST"},{"data":"Defragment","floor":30.0,"key":"SMITH"},{"data":"Force Field","floor":32.0,"key":"SMITH"},{"data":"Amplify","floor":40.0,"key":"SMITH"},{"floor":42.0,"key":"REST"},{"data":"Skim","floor":49,"key":"SMITH"}],"circlet_count":0,"master_deck":["Strike_B","Strike_B","Defend_B","Defend_B","Zap","Dualcast","Creative AI+1","BootSequence","Rainbow+1","Force Field+1","Cold Snap","Skim+1","Darkness+1","Amplify+1","Defragment+1","Ball Lightning","Chaos","Coolheaded+1","Turbo","Capacitor","Cold Snap+1"],"relics":["Cracked Core","Mummified Hand","Bird Faced Urn","InkBottle","Blood Vial","Kunai","Ectoplasm","Runic Capacitor","Unceasing Top","Smiling Mask","The Courier","Black Star","Bottled Tornado","Question Card","Mercury Hourglass","CaptainsWheel","Centennial Puzzle","Bottled Flame","Mango","TungstenRod","PreservedInsect","Darkstone Periapt"],"acts_visited":["Exordium","TheCity","TheBeyond"],"potions_floor_usage":[50],"damage_taken":[{"damage":6.0,"enemies":"2 Louse","floor":1.0,"turns":2.0},{"damage":2.0,"enemies":"Jaw Worm","floor":2.0,"turns":3.0},{"damage":0.0,"enemies":"Small Slimes","floor":3.0,"turns":3.0},{"damage":8.0,"enemies":"Lagavulin","floor":7.0,"turns":6.0},{"damage":6.0,"enemies":"Exordium Wildlife","floor":10.0,"turns":5.0},{"damage":28.0,"enemies":"3 Sentries","floor":12.0,"turns":7.0},{"damage":9.0,"enemies":"Red Slaver","floor":14.0,"turns":3.0},{"damage":27.0,"enemies":"Slime Boss","floor":16.0,"turns":9.0},{"damage":12.0,"enemies":"Chosen","floor":18.0,"turns":5.0},{"damage":14.0,"enemies":"Spheric Guardian","floor":19.0,"turns":4.0},{"damage":43.0,"enemies":"Slavers","floor":23.0,"turns":5.0},{"damage":13.0,"enemies":"Snecko","floor":24.0,"turns":5.0},{"damage":16.0,"enemies":"Shelled Parasite and Fungi","floor":25.0,"turns":4.0},{"damage":8.0,"enemies":"Centurion and Healer","floor":27.0,"turns":4.0},{"damage":9.0,"enemies":"Gremlin Leader","floor":29.0,"turns":6.0},{"damage":25.0,"enemies":"Snake Plant","floor":31.0,"turns":4.0},{"damage":41.0,"enemies":"Automaton","floor":33.0,"turns":8.0},{"damage":26.0,"enemies":"3 Darklings","floor":35.0,"turns":4.0},{"damage":26.0,"enemies":"Orb Walker","floor":39.0,"turns":5.0},{"damage":46.0,"enemies":"Nemesis","floor":41.0,"turns":5.0},{"damage":13.0,"enemies":"Giant Head","floor":44.0,"turns":7.0},{"damage":21.0,"enemies":"2 Orb Walkers","floor":45.0,"turns":5.0},{"damage":6,"enemies":"3 Darklings","floor":46,"turns":5},{"damage":0,"enemies":"Mind Bloom Boss Battle","floor":47,"turns":7},{"damage":0,"enemies":"Nemesis","floor":48,"turns":7},{"damage":33,"enemies":"Awakened One","floor":50,"turns":11}],"seed_played":"1926104541230965946","potions_obtained":[{"floor":3.0,"key":"Block Potion"},{"floor":7.0,"key":"BlessingOfTheForge"},{"floor":12.0,"key":"SpeedPotion"},{"floor":16.0,"key":"FocusPotion"},{"floor":23.0,"key":"Regen Potion"},{"floor":27.0,"key":"Explosive Potion"},{"floor":29.0,"key":"FocusPotion"},{"floor":31.0,"key":"SkillPotion"},{"floor":39.0,"key":"SpeedPotion"},{"floor":44.0,"key":"Explosive Potion"},{"floor":48,"key":"SteroidPotion"}],"is_trial":true,"path_per_floor":["M","M","M","?","$","R","E","$","T","M","?","E","R","M","R","B",null,"M","M","?","$","?","E","M","M","T","M","R","E","R","M","R","B",null,"M","?","$","?","M","R","E","R","T","E","?","M","?","E","R","B",null],"character_chosen":"DEFECT","items_purchased":["Cold Snap","Runic Capacitor","Capacitor"],"campfire_rested":2,"item_purchase_floors":[8,21,37],"current_hp_per_floor":[71,75,75,75,75,75,71,71,71,73,62,52,52,49,49,40,75,63,55,55,55,55,26,41,33,33,29,51,54,54,39,39,18,75,49,49,49,75,53,53,17,39,39,52,71,85,89,89,89,83],"gold":23,"neow_bonus":"","is_daily":false,"chose_seed":false,"campfire_upgraded":7,"win_rate":0.0,"timestamp":1610733623,"path_taken":["M","M","M","?","$","R","E","$","T","M","?","E","R","M","R","BOSS","M","M","?","$","?","E","M","M","T","M","R","E","R","M","R","BOSS","M","?","$","?","?","R","E","R","T","E","?","M","?","E","R","BOSS"],"items_purchased_type":["Card","Relic","Card"],"build_version":"2020-12-22","purchased_purges":1,"victory":true,"max_hp_per_floor":[75,75,75,75,75,75,75,75,75,75,75,75,75,75,75,75,75,75,75,75,75,75,75,75,75,75,75,75,75,75,75,75,75,75,75,75,75,75,75,75,75,75,75,75,89,89,89,89,89,89],"card_choices":[{"not_picked":["Steam","Beam Cell"],"picked":"BootSequence","floor":1.0},{"not_picked":["Steam","FTL","Reinforced Body"],"picked":"SKIP","floor":2.0},{"not_picked":["Fusion","Glacier"],"picked":"Rainbow","floor":3.0},{"not_picked":["Fusion","Auto Shields"],"picked":"Force Field","floor":7.0},{"not_picked":["Recycle","Hello World"],"picked":"Skim","floor":10.0},{"not_picked":["Rebound","Beam Cell"],"picked":"Darkness","floor":12.0},{"not_picked":["Redo","Reinforced Body","Rebound"],"picked":"SKIP","floor":14.0},{"not_picked":["Buffer","Meteor Strike"],"picked":"Amplify","floor":16.0},{"not_picked":["FTL+1","Gash","Rebound+1"],"picked":"SKIP","floor":18.0},{"not_picked":["Static Discharge","Sweeping Beam"],"picked":"Melter","floor":19.0},{"not_picked":["Darkness","Coolheaded","Rebound+1"],"picked":"SKIP","floor":23.0},{"not_picked":["Cold Snap","Beam Cell","Steam+1"],"picked":"SKIP","floor":24.0},{"not_picked":["Meteor Strike","Darkness","Barrage"],"picked":"SKIP","floor":25.0},{"not_picked":["Gash","Sweeping Beam","Barrage"],"picked":"SKIP","floor":27.0},{"not_picked":["Steam Power+1","Barrage","Ball Lightning"],"picked":"SKIP","floor":29.0},{"not_picked":["Redo+1","Recycle"],"picked":"Coolheaded+1","floor":31.0},{"not_picked":["Recycle","Hologram+1"],"picked":"Turbo","floor":35.0},{"not_picked":["Barrage","Doom and Gloom+1","Cold Snap"],"picked":"SKIP","floor":39.0},{"not_picked":["Storm+1","Leap","Double Energy"],"picked":"SKIP","floor":41.0},{"not_picked":["Beam Cell","Stack+1","Turbo"],"picked":"Cold Snap+1","floor":44.0},{"not_picked":["Reinforced Body+1","Undo+1","Go for the Eyes","Hologram"],"picked":"SKIP","floor":46},{"not_picked":["Ball Lightning","Barrage","Lockon","Static Discharge"],"picked":"SKIP","floor":48}],"player_experience":224042,"relics_obtained":[{"floor":7.0,"key":"InkBottle"},{"floor":9.0,"key":"Blood Vial"},{"floor":12.0,"key":"Kunai"},{"floor":23.0,"key":"Unceasing Top"},{"floor":26.0,"key":"Smiling Mask"},{"floor":29.0,"key":"The Courier"},{"floor":41.0,"key":"Question Card"},{"floor":41.0,"key":"Mercury Hourglass"},{"floor":43.0,"key":"CaptainsWheel"},{"floor":44.0,"key":"Centennial Puzzle"},{"floor":44.0,"key":"Bottled Flame"},{"floor":45.0,"key":"Mango"},{"floor":47,"key":"TungstenRod"},{"floor":48,"key":"PreservedInsect"},{"floor":48,"key":"Darkstone Periapt"}],"event_choices":[{"cards_removed":["Strike_B"],"damage_healed":0.0,"max_hp_gain":0.0,"max_hp_loss":0.0,"gold_gain":0.0,"event_name":"The Cleric","player_choice":"Card Removal","floor":4.0,"gold_loss":50.0,"damage_taken":0.0},{"damage_healed":0.0,"max_hp_gain":0.0,"max_hp_loss":0.0,"gold_gain":75.0,"event_name":"World of Goop","player_choice":"Gather Gold","floor":11.0,"gold_loss":0.0,"damage_taken":11.0},{"damage_healed":0.0,"max_hp_gain":0.0,"max_hp_loss":0.0,"gold_gain":0.0,"event_name":"The Library","player_choice":"Read","floor":20.0,"gold_loss":0.0,"damage_taken":0.0,"cards_obtained":["Defragment"]},{"damage_healed":0.0,"max_hp_gain":0.0,"max_hp_loss":0.0,"gold_gain":0.0,"cards_transformed":["Strike_B","Defend_B"],"event_name":"Drug Dealer","player_choice":"Became Test Subject","floor":22.0,"gold_loss":0.0,"damage_taken":0.0,"cards_obtained":["Ball Lightning","Chaos"]},{"damage_healed":0.0,"max_hp_gain":0.0,"max_hp_loss":0.0,"gold_gain":0.0,"event_name":"Tomb of Lord Red Mask","player_choice":"Ignored","floor":36.0,"gold_loss":0.0,"damage_taken":0.0},{"cards_removed":["Melter"],"damage_healed":26.0,"max_hp_gain":0.0,"max_hp_loss":0.0,"gold_gain":0.0,"event_name":"Bonfire Elementals","player_choice":"Offered Uncommon","floor":38.0,"gold_loss":0.0,"damage_taken":0.0},{"damage_healed":0.0,"max_hp_gain":0.0,"max_hp_loss":0.0,"gold_gain":0.0,"event_name":"Mysterious Sphere","player_choice":"Fight","floor":45.0,"gold_loss":0.0,"damage_taken":0.0},{"damage_healed":0,"gold_gain":0,"player_choice":"Fight","damage_taken":0,"max_hp_gain":0,"max_hp_loss":0,"event_name":"MindBloom","floor":47,"gold_loss":0}],"is_beta":false,"boss_relics":[{"not_picked":["Runic Dome","Velvet Choker"],"picked":"Ectoplasm"},{"not_picked":["Tiny House","Sozu"],"picked":"Black Star"}],"items_purged_floors":[5],"is_endless":false,"potions_floor_spawned":[3,7,12,16,23,27,29,31,39,44,48],"ascension_level":3}}