{"host":"95i1gxnztdrdyvhi","time":1610737146,"event":{"mods":["100% Spire Juice","AchievementEnabler","Act Like it!","BaseMod","Minty Spire (QoL Compilation)","Quick Restart","StSLib"],"gold_per_floor":[119,119,119,139,139,171,171,183,183,193,48,64,64,78,78,174,174,154,171,190,219,219,244,260,271,297,309,336,123,157,256,256,256,256],"floor_reached":33,"language":"ENG","playtime":1978,"items_purged":["Moonworks:Strike"],"score":364,"play_id":"098f2901-0dfd-4c0a-abaf-8288c4962990","local_time":"20210115185906","is_ascension_mode":false,"campfire_choices":[{"data":"Moonworks:CrystalBarrier","floor":7,"key":"SMITH"},{"data":"Moonworks:Ambush","floor":13,"key":"SMITH"},{"data":"Moonworks:AwakeningOfTalent","floor":15,"key":"SMITH"},{"data":"Moonworks:Accelerator","floor":27,"key":"SMITH"},{"data":"Moonworks:EvilSpyWorkPreparation","floor":32,"key":"SMITH"}],"circlet_count":0,"master_deck":["Moonworks:Strike","Moonworks:Defend","Moonworks:Defend","Moonworks:Defend","Moonworks:Ambush+1","Moonworks:LongDistanceShot","Moonworks:StiffCrystal","Moonworks:DevilHand","Moonworks:AwakeningOfTalent+1","Moonworks:CrystalBarrier+1","Moonworks:Accelerator+1","Moonworks:NicePresent+1","Moonworks:EvilSpyWorkPreparation+1","Moonworks:Bloodlust+1"],"relics":["Moonworks:SBBomb","Moonworks:Homemark","Sundial","Singing Bowl","Anchor","Medical Kit","Red Mask","StrikeDummy","MawBank","PreservedInsect","Letter Opener"],"acts_visited":["Exordium","TheCity"],"potions_floor_usage":[6,19,21,21,23],"damage_taken":[{"damage":1,"enemies":"Jaw Worm","floor":1,"turns":3},{"damage":2,"enemies":"Small Slimes","floor":4,"turns":3},{"damage":14,"enemies":"Gremlin Nob","floor":6,"turns":5},{"damage":5,"enemies":"2 Louse","floor":8,"turns":3},{"damage":0,"enemies":"Blue Slaver","floor":10,"turns":4},{"damage":0,"enemies":"Lots of Slimes","floor":12,"turns":5},{"damage":0,"enemies":"Exordium Wildlife","floor":14,"turns":5},{"damage":0,"enemies":"Hexaghost","floor":16,"turns":13},{"damage":4,"enemies":"2 Thieves","floor":18,"turns":4},{"damage":0,"enemies":"3 Byrds","floor":19,"turns":5},{"damage":10,"enemies":"3 Cultists","floor":20,"turns":4},{"damage":21,"enemies":"Masked Bandits","floor":21,"turns":3},{"damage":17,"enemies":"Gremlin Leader","floor":23,"turns":8},{"damage":4,"enemies":"Sentry and Sphere","floor":24,"turns":5},{"damage":23,"enemies":"Shelled Parasite and Fungi","floor":25,"turns":4},{"damage":34,"enemies":"Centurion and Healer","floor":28,"turns":4},{"damage":36,"enemies":"Slavers","floor":30,"turns":5},{"damage":4,"enemies":"Automaton","floor":33,"turns":2}],"seed_played":"-2997725731825667387","potions_obtained":[{"floor":1,"key":"Dexterity Potion"},{"floor":8,"key":"Dexterity Potion"},{"floor":12,"key":"AttackPotion"},{"floor":14,"key":"Dexterity Potion"},{"floor":16,"key":"FairyPotion"},{"floor":20,"key":"BlessingOfTheForge"},{"floor":21,"key":"AttackPotion"},{"floor":22,"key":"LiquidBronze"},{"floor":24,"key":"EntropicBrew"},{"floor":28,"key":"Dexterity Potion"}],"is_trial":false,"path_per_floor":["M","?","?","M","?","E","R","M","T","M","$","M","R","M","R","B",null,"M","M","M","?","?","E","M","M","T","R","M","$","E","?","R","B"],"character_chosen":"THE_STARBREAKER","items_purchased":["Medical Kit","PreservedInsect"],"campfire_rested":0,"item_purchase_floors":[11,29],"current_hp_per_floor":[41,41,41,39,32,18,18,15,15,17,17,19,19,21,21,21,68,64,64,56,37,37,22,18,5,5,5,26,26,12,12,12,14,14],"gold":256,"neow_bonus":"REMOVE_TWO","is_daily":false,"chose_seed":false,"campfire_upgraded":5,"win_rate":0.0,"timestamp":1610737146,"path_taken":["M","?","?","M","?","E","R","M","T","M","$","M","R","M","R","BOSS","M","M","M","?","?","E","?","M","T","R","M","$","E","?","R","BOSS"],"items_purchased_type":["Relic","Relic"],"build_version":"2020-12-22","purchased_purges":1,"victory":false,"max_hp_per_floor":[60,60,60,60,60,60,60,62,62,64,64,66,66,68,68,68,68,68,68,70,72,72,74,74,76,76,76,78,78,80,80,80,80,80],"card_choices":[{"not_picked":["Moonworks:BigBangBell","Moonworks:SweetBattle"],"picked":"Moonworks:StiffCrystal","floor":1},{"not_picked":["Moonworks:DeployBits","Moonworks:ImOnFire"],"picked":"Moonworks:AwakeningOfTalent","floor":4},{"not_picked":["Moonworks:SakisCookie","Moonworks:RagingMadness"],"picked":"Moonworks:CrystalBarrier","floor":6},{"not_picked":["Moonworks:BindingChains","Moonworks:BigMagnum","Moonworks:ScrambledEve"],"picked":"Singing Bowl","floor":8},{"not_picked":["Moonworks:IntelligenceOfficer","Moonworks:EvilSpyWorkPreparation","Moonworks:Assault"],"picked":"Singing Bowl","floor":10},{"not_picked":["Moonworks:JonathanRush","Moonworks:BigMagnum","Moonworks:IndiscriminateFireSupport"],"picked":"Singing Bowl","floor":12},{"not_picked":["Moonworks:BigMagnum","Moonworks:Assault","Moonworks:SealedMemories"],"picked":"Singing Bowl","floor":14},{"not_picked":["Moonworks:MeltingMemories","Moonworks:Gamble"],"picked":"Moonworks:Accelerator","floor":16},{"not_picked":["Moonworks:BigBangBell+1","Moonworks:DeployBits"],"picked":"Moonworks:NicePresent+1","floor":18},{"not_picked":["Moonworks:Poppoformation","Moonworks:IndiscriminateFireSupport"],"picked":"Moonworks:EvilSpyWorkPreparation","floor":19},{"not_picked":["Moonworks:CloudOfSeagulls","Moonworks:IntelligenceOfficer","Moonworks:RedAndBlue"],"picked":"Singing Bowl","floor":20},{"not_picked":["Moonworks:ReproductionOfRecords+1","Moonworks:Poppoformation","Moonworks:AngelHand+1"],"picked":"Singing Bowl","floor":21},{"not_picked":["Moonworks:x16BigRocket+1","Moonworks:IndiscriminateFireSupport","Moonworks:EvilSpyWorkPreparation+1"],"picked":"Singing Bowl","floor":23},{"not_picked":["Moonworks:Assault","Moonworks:UnpaidWork"],"picked":"Moonworks:Bloodlust+1","floor":24},{"not_picked":["Moonworks:BigMagnum","Moonworks:FullSpeedAlicianrone","Moonworks:CloudOfSeagulls"],"picked":"Singing Bowl","floor":25},{"not_picked":["Moonworks:BigMagnum+1","Moonworks:Assault","Moonworks:Heat300Percent"],"picked":"Singing Bowl","floor":28},{"not_picked":["Moonworks:IndiscriminateFireSupport","Moonworks:CompletionReward+1","Moonworks:ExtendedPhotonRifle"],"picked":"Singing Bowl","floor":30}],"player_experience":653377,"relics_obtained":[{"floor":6,"key":"Singing Bowl"},{"floor":9,"key":"Anchor"},{"floor":21,"key":"Red Mask"},{"floor":23,"key":"StrikeDummy"},{"floor":26,"key":"MawBank"},{"floor":30,"key":"Letter Opener"}],"event_choices":[{"damage_healed":0,"gold_gain":0,"cards_transformed":["Moonworks:Defend"],"player_choice":"Change","damage_taken":0,"max_hp_gain":0,"max_hp_loss":0,"event_name":"Living Wall","floor":2,"gold_loss":0,"cards_obtained":["Moonworks:DevilHand"]},{"damage_healed":0,"gold_gain":0,"player_choice":"Ignored","damage_taken":0,"max_hp_gain":0,"max_hp_loss":0,"event_name":"Liars Game","floor":3,"gold_loss":0},{"damage_healed":0,"gold_gain":0,"player_choice":"Success","damage_taken":7,"relics_obtained":["Sundial"],"max_hp_gain":0,"max_hp_loss":0,"event_name":"Scrap Ooze","floor":5,"gold_loss":0},{"damage_healed":0,"gold_gain":0,"player_choice":"Fought Bandits","damage_taken":0,"max_hp_gain":0,"max_hp_loss":0,"event_name":"Masked Bandits","floor":21,"gold_loss":0},{"damage_healed":0,"gold_gain":0,"player_choice":"Got Potions","damage_taken":0,"max_hp_gain":0,"max_hp_loss":0,"event_name":"Lab","floor":22,"gold_loss":0},{"damage_healed":0,"gold_gain":99,"player_choice":"Stole From Cult","damage_taken":0,"max_hp_gain":0,"max_hp_loss":0,"event_name":"Nest","floor":31,"gold_loss":0}],"is_beta":false,"boss_relics":[{"not_picked":["Philosopher\u0027s Stone","Astrolabe"],"picked":"Moonworks:SBBomb"}],"items_purged_floors":[29],"is_endless":false,"potions_floor_spawned":[1,8,12,14,16,20,21,24,28],"killed_by":"Automaton","ascension_level":0}}