{"host":"z4nt7tdd4gjrinn7","time":1610729054,"event":{"mods":["100% Spire Juice","BaseMod","Minty Spire (QoL Compilation)","StSLib"],"gold_per_floor":[118,118,118,142,142,142,162,205,205,226,226,250,250,264,264,393,393,297,297,313,327,327,327,343,343,343,36,36,59,34,34,34,34,34],"floor_reached":33,"language":"ENG","playtime":1888,"items_purged":[],"score":247,"play_id":"44745e28-4caa-4734-9542-1e04ae047437","local_time":"20210115114414","is_ascension_mode":false,"campfire_choices":[{"floor":6,"key":"REST"},{"floor":11,"key":"REST"},{"floor":13,"key":"REST"},{"floor":15,"key":"REST"},{"floor":23,"key":"REST"},{"floor":32,"key":"REST"}],"circlet_count":0,"master_deck":["Moonworks:Strike","Moonworks:Strike","Moonworks:Strike","Moonworks:Strike","Moonworks:Defend","Moonworks:Defend","Moonworks:Defend","Moonworks:Defend","Moonworks:Ambush","Moonworks:LongDistanceShot","Moonworks:ImOnFire","Moonworks:EvilSpyWorkPreparation","Moonworks:JonathanRush+1","Moonworks:AccelHyper","Moonworks:IndiscriminateFireSupport+1","Moonworks:DeployBits","Moonworks:TacticalRetreat","Moonworks:ShieldCounter","CurseOfTheBell","Moonworks:BackdoorTrade+1","Moonworks:IndiscriminateFireSupport+1","Moonworks:SakisCookie","Moonworks:LuckyCharm+1","Moonworks:TreasureThief+1","Moonworks:EvilSpyWorkPreparation","Moonworks:IndiscriminateFireSupport+1"],"relics":["Moonworks:BrokenBomb","Moonworks:Homemark","Bloody Idol","Molten Egg 2","Shovel","Lantern","Calling Bell","Juzu Bracelet","Kunai","Girya","MutagenicStrength","Toy Ornithopter","Vajra","Dream Catcher","Bag of Marbles","Meat on the Bone"],"acts_visited":["Exordium","TheCity"],"potions_floor_usage":[20,24,24,33],"damage_taken":[{"damage":5,"enemies":"Small Slimes","floor":1,"turns":3},{"damage":6,"enemies":"Jaw Worm","floor":4,"turns":3},{"damage":0,"enemies":"2 Louse","floor":7,"turns":2},{"damage":35,"enemies":"3 Sentries","floor":8,"turns":6},{"damage":0,"enemies":"Looter","floor":10,"turns":2},{"damage":13,"enemies":"Lots of Slimes","floor":12,"turns":3},{"damage":2,"enemies":"Exordium Wildlife","floor":14,"turns":2},{"damage":65,"enemies":"Slime Boss","floor":16,"turns":12},{"damage":28,"enemies":"Shell Parasite","floor":18,"turns":7},{"damage":0,"enemies":"Chosen","floor":20,"turns":4},{"damage":22,"enemies":"Shelled Parasite and Fungi","floor":21,"turns":3},{"damage":16,"enemies":"Cultist and Chosen","floor":24,"turns":5},{"damage":0,"enemies":"Snecko","floor":29,"turns":1},{"damage":50,"enemies":"Collector","floor":33,"turns":5}],"seed_played":"8575038235007251803","potions_obtained":[{"floor":0,"key":"SmokeBomb"},{"floor":0,"key":"EssenceOfSteel"},{"floor":0,"key":"SpeedPotion"},{"floor":1,"key":"LiquidMemories"},{"floor":12,"key":"FairyPotion"},{"floor":18,"key":"Energy Potion"},{"floor":20,"key":"GamblersBrew"},{"floor":24,"key":"PowerPotion"}],"is_trial":false,"path_per_floor":["M","?","?","M","T","R","M","E","T","M","R","M","R","M","R","B",null,"M","?","M","M","?","R","M","?","T","$","?","M","$","?","R","B"],"character_chosen":"THE_STARBREAKER","items_purchased":["Dream Catcher","Bag of Marbles","Moonworks:EvilSpyWorkPreparation"],"campfire_rested":6,"item_purchase_floors":[27,27,30],"current_hp_per_floor":[55,40,40,34,34,52,52,17,17,17,35,22,40,38,56,9,60,32,32,32,10,10,28,12,12,12,12,12,24,24,24,42,0,0],"gold":34,"neow_bonus":"THREE_SMALL_POTIONS","is_daily":false,"chose_seed":false,"campfire_upgraded":0,"win_rate":0.0,"timestamp":1610729054,"path_taken":["M","?","?","M","?","R","M","E","T","M","R","M","R","?","R","BOSS","M","?","M","M","?","R","M","?","T","$","?","M","$","?","R","BOSS"],"items_purchased_type":["Relic","Relic","Card"],"build_version":"2020-12-22","purchased_purges":0,"victory":false,"max_hp_per_floor":[60,60,60,60,60,60,60,60,60,60,60,60,60,60,60,60,60,60,60,60,60,60,60,60,60,60,60,60,60,60,60,60,60,60],"card_choices":[{"not_picked":["Moonworks:ScrambledEve","Moonworks:Dash"],"picked":"Moonworks:ImOnFire","floor":1},{"not_picked":["Moonworks:TacticalRetreat","Moonworks:NicePresent"],"picked":"Moonworks:EvilSpyWorkPreparation","floor":4},{"not_picked":["Moonworks:ImOnFire","Moonworks:EvilSpyWorkPreparation"],"picked":"Moonworks:JonathanRush+1","floor":7},{"not_picked":["Moonworks:WindyEnchantment","Moonworks:IntelligenceOfficer"],"picked":"Moonworks:AccelHyper","floor":8},{"not_picked":["Moonworks:JonathanRush+1","Moonworks:BackdoorTrade"],"picked":"Moonworks:IndiscriminateFireSupport+1","floor":10},{"not_picked":["Moonworks:FullSpeedAlicianrone+1","Moonworks:NicePresent"],"picked":"Moonworks:DeployBits","floor":12},{"not_picked":["Moonworks:BigMagnum","Moonworks:CloudOfSeagulls+1"],"picked":"Moonworks:TacticalRetreat","floor":14},{"not_picked":["Moonworks:SinkOrSwim","Moonworks:SubspaceTunnel"],"picked":"Moonworks:ShieldCounter","floor":16},{"not_picked":["Moonworks:MixPhenomenon","Moonworks:BigMagnum"],"picked":"Moonworks:BackdoorTrade+1","floor":18},{"not_picked":["Moonworks:BigMagnum","Moonworks:FinalSurgery+1"],"picked":"Moonworks:IndiscriminateFireSupport+1","floor":20},{"not_picked":["Moonworks:EvilSpyWorkPreparation","Moonworks:UnpaidWork"],"picked":"Moonworks:SakisCookie","floor":21},{"not_picked":["Moonworks:ScrambledEve","Moonworks:LulusLuckyEgg"],"picked":"Moonworks:LuckyCharm+1","floor":24},{"not_picked":["Moonworks:NicePresent","Moonworks:ImOnFire"],"picked":"Moonworks:TreasureThief+1","floor":29},{"not_picked":["Moonworks:Assault+1","Moonworks:JonathanRush+1"],"picked":"Moonworks:IndiscriminateFireSupport+1","floor":32}],"player_experience":62720,"relics_obtained":[{"floor":5,"key":"Molten Egg 2"},{"floor":8,"key":"Shovel"},{"floor":9,"key":"Lantern"},{"floor":17,"key":"Juzu Bracelet"},{"floor":17,"key":"Kunai"},{"floor":17,"key":"Girya"},{"floor":25,"key":"Toy Ornithopter"},{"floor":26,"key":"Vajra"}],"event_choices":[{"damage_healed":0,"gold_gain":0,"player_choice":"Take Damage","damage_taken":15,"relics_obtained":["Golden Idol"],"max_hp_gain":0,"max_hp_loss":0,"event_name":"Golden Idol","floor":2,"gold_loss":0},{"damage_healed":0,"gold_gain":0,"player_choice":"Ignored","damage_taken":0,"max_hp_gain":0,"max_hp_loss":0,"event_name":"Shining Light","floor":3,"gold_loss":0},{"damage_healed":0,"gold_gain":0,"player_choice":"Inject Mutagens","damage_taken":0,"relics_obtained":["MutagenicStrength"],"max_hp_gain":0,"max_hp_loss":0,"event_name":"Drug Dealer","floor":19,"gold_loss":0},{"damage_healed":0,"gold_gain":0,"player_choice":"Ignored","damage_taken":0,"max_hp_gain":0,"max_hp_loss":0,"event_name":"Beggar","floor":22,"gold_loss":0},{"damage_healed":0,"gold_gain":0,"player_choice":"Relic","damage_taken":0,"max_hp_gain":0,"max_hp_loss":0,"event_name":"Wheel of Change","floor":25,"gold_loss":0},{"damage_healed":0,"gold_gain":0,"player_choice":"Opened","damage_taken":0,"relics_obtained":["Meat on the Bone"],"max_hp_gain":0,"max_hp_loss":0,"event_name":"The Mausoleum","floor":28,"gold_loss":0},{"damage_healed":0,"gold_gain":0,"player_choice":"Gave Idol","damage_taken":0,"relics_obtained":["Bloody Idol"],"max_hp_gain":0,"max_hp_loss":0,"event_name":"Forgotten Altar","floor":31,"relics_lost":["Golden Idol"],"gold_loss":0}],"is_beta":false,"boss_relics":[{"not_picked":["Runic Dome","Ectoplasm"],"picked":"Calling Bell"}],"items_purged_floors":[],"is_endless":false,"potions_floor_spawned":[1,8,12,18,20,24],"killed_by":"Collector","ascension_level":0}}