{"host":"ydg0vn0pu4pubmdt","time":1610744441,"event":{"mods":["AchievementEnabler","BaseMod","Colored Map","Gold Saver","Minty Spire (QoL Compilation)","Quick Restart","SuperFastMode"],"gold_per_floor":[457,105,105,116,116,116,147,147,174,174,245,271,371,394,394,507,507,532,521,379,401,415,415,431,431,431,431,431],"floor_reached":27,"language":"KOR","playtime":650,"items_purged":["Strike_B","Strike_B"],"score":298,"play_id":"35a3ec0d-94f5-4c17-ac0b-45f16ba96f54","local_time":"20210116060041","is_ascension_mode":true,"campfire_choices":[{"data":"Darkness","floor":6.0,"key":"SMITH"},{"data":"Redo","floor":8.0,"key":"SMITH"},{"data":"Fusion","floor":15.0,"key":"SMITH"},{"data":"Coolheaded","floor":23.0,"key":"SMITH"},{"floor":25,"key":"REST"}],"circlet_count":0,"master_deck":["Strike_B+1","Strike_B","Defend_B","Defend_B","Defend_B","Zap","Dualcast","Doom and Gloom+1","Coolheaded","Darkness+1","Redo+1","Genetic Algorithm","Coolheaded+1","Fusion+1","Meteor Strike","Chaos+1","Conserve Battery+1","Turbo","Compile Driver"],"relics":["Cracked Core","NeowsBlessing","Sundial","MealTicket","Whetstone","CeramicFish","Happy Flower","Inserter","Mercury Hourglass"],"acts_visited":["Exordium","TheCity"],"potions_floor_usage":[24,24,24],"damage_taken":[{"damage":0.0,"enemies":"Cultist","floor":1.0,"turns":1.0},{"damage":0.0,"enemies":"2 Louse","floor":4.0,"turns":1.0},{"damage":0.0,"enemies":"Lagavulin","floor":7.0,"turns":1.0},{"damage":19.0,"enemies":"3 Sentries","floor":11.0,"turns":5.0},{"damage":1.0,"enemies":"Jaw Worm","floor":12.0,"turns":3.0},{"damage":0.0,"enemies":"2 Fungi Beasts","floor":14.0,"turns":3.0},{"damage":21.0,"enemies":"Slime Boss","floor":16.0,"turns":9.0},{"damage":0.0,"enemies":"Chosen","floor":18.0,"turns":4.0},{"damage":29.0,"enemies":"2 Thieves","floor":19.0,"turns":4.0},{"damage":4.0,"enemies":"Cultist and Chosen","floor":21.0,"turns":5.0},{"damage":22.0,"enemies":"Centurion and Healer","floor":22.0,"turns":7.0},{"damage":18,"enemies":"Shelled Parasite and Fungi","floor":24,"turns":6},{"damage":34,"enemies":"Slavers","floor":27,"turns":2}],"seed_played":"1648799427701884775","potions_obtained":[{"floor":1.0,"key":"SpeedPotion"},{"floor":14.0,"key":"Explosive Potion"},{"floor":16.0,"key":"PowerPotion"},{"floor":24,"key":"Weak Potion"}],"is_trial":false,"path_per_floor":["M","$","?","M","?","R","E","R","T","T","?","M","?","M","R","B",null,"M","M","$","M","M","R","M","R","T","E"],"character_chosen":"DEFECT","items_purchased":["Sundial","Coolheaded","Turbo"],"campfire_rested":1,"item_purchase_floors":[2,2,20],"current_hp_per_floor":[75,75,75,75,68,68,68,68,68,68,49,48,48,48,48,27,63,63,34,49,45,23,23,5,27,27,0,0],"gold":431,"neow_bonus":"THREE_ENEMY_KILL","is_daily":false,"chose_seed":false,"campfire_upgraded":4,"win_rate":0.0,"timestamp":1610744441,"path_taken":["M","$","?","M","?","R","E","R","T","?","?","?","?","?","R","BOSS","M","M","$","M","M","R","M","R","T","E"],"items_purchased_type":["Relic","Card","Card"],"build_version":"2020-12-22","purchased_purges":2,"victory":false,"max_hp_per_floor":[75,75,75,75,75,75,75,75,75,75,75,75,75,75,75,75,75,75,75,75,75,75,75,75,75,75,75,75],"card_choices":[{"not_picked":["FTL","Sweeping Beam"],"picked":"Doom and Gloom","floor":1.0},{"not_picked":["Go for the Eyes","Coolheaded"],"picked":"Darkness","floor":4.0},{"not_picked":["Sunder","Coolheaded"],"picked":"Redo","floor":7.0},{"not_picked":["Cold Snap","Defragment"],"picked":"Genetic Algorithm","floor":11.0},{"not_picked":["Compile Driver","Conserve Battery"],"picked":"Coolheaded","floor":12.0},{"not_picked":["Cold Snap","Ball Lightning"],"picked":"Fusion","floor":14.0},{"not_picked":["Biased Cognition","Fission"],"picked":"Meteor Strike","floor":16.0},{"not_picked":["Rebound","Beam Cell+1"],"picked":"Chaos+1","floor":18.0},{"not_picked":["Darkness","Melter"],"picked":"Conserve Battery+1","floor":19.0},{"not_picked":["Go for the Eyes","Aggregate+1"],"picked":"Compile Driver","floor":21.0},{"not_picked":["Chaos","Tempest","Turbo"],"picked":"SKIP","floor":22.0},{"not_picked":["Streamline","Beam Cell","Storm+1"],"picked":"SKIP","floor":24}],"player_experience":375718,"relics_obtained":[{"floor":7.0,"key":"MealTicket"},{"floor":9.0,"key":"Whetstone"},{"floor":10.0,"key":"CeramicFish"},{"floor":11.0,"key":"Happy Flower"},{"floor":26,"key":"Mercury Hourglass"}],"event_choices":[{"damage_healed":0.0,"max_hp_gain":0.0,"max_hp_loss":0.0,"gold_gain":0.0,"event_name":"Liars Game","player_choice":"Ignored","floor":3.0,"gold_loss":0.0,"damage_taken":0.0},{"cards_removed":["Defend_B"],"damage_healed":0.0,"max_hp_gain":0.0,"max_hp_loss":0.0,"gold_gain":0.0,"event_name":"Golden Wing","player_choice":"Card Removal","floor":5.0,"gold_loss":0.0,"damage_taken":7.0},{"damage_healed":0.0,"max_hp_gain":0.0,"max_hp_loss":0.0,"gold_gain":0.0,"event_name":"Dead Adventurer","player_choice":"Searched \u00272\u0027 times","floor":11.0,"gold_loss":0.0,"damage_taken":0.0},{"damage_healed":0.0,"max_hp_gain":0.0,"max_hp_loss":0.0,"gold_gain":100.0,"event_name":"Golden Shrine","player_choice":"Pray","floor":13.0,"gold_loss":0.0,"damage_taken":0.0}],"is_beta":false,"boss_relics":[{"not_picked":["Ectoplasm","Cursed Key"],"picked":"Inserter"}],"items_purged_floors":[2,20],"is_endless":false,"potions_floor_spawned":[1,14,16,24],"killed_by":"Slavers","ascension_level":5}}