{"host":"bq4pt811tk9yrmjl","time":1610747293,"event":{"mods":["AchievementEnabler","BaseMod","Colored Map","Colored Powertips","Defuse TimeMaze Blight","Hermit","Minty Spire (QoL Compilation)","StSLib","SuperFastMode"],"gold_per_floor":[109,109,119,119,194,194,219,219,219,232,243,243,243,258,258,358,358,369,73,73,0,0,0,0,0,24,35,35,67,67,85,85,85,85],"floor_reached":33,"language":"ENG","playtime":585,"items_purged":[],"score":300,"play_id":"d791e027-062b-4861-8a67-196015ea133a","local_time":"20210115194813","is_ascension_mode":true,"campfire_choices":[{"data":"Streamline","floor":6.0,"key":"SMITH"},{"data":"Zap","floor":13.0,"key":"SMITH"},{"data":"White Noise","floor":15.0,"key":"SMITH"},{"data":"Sunder","floor":23.0,"key":"SMITH"},{"floor":28.0,"key":"REST"},{"floor":30.0,"key":"RECALL"},{"data":"Defragment","floor":32.0,"key":"SMITH"}],"circlet_count":0,"master_deck":["Strike_B+1","Strike_B+1","Strike_B+1","Strike_B+1","Defend_B+1","Defend_B+1","Defend_B+1","Defend_B+1","Zap+1","Dualcast","Streamline+1","White Noise+1","Sunder+1","Defragment+1"],"relics":["Cracked Core","NeowsBlessing","Regal Pillow","Inserter","Ancient Tea Set","Oddly Smooth Stone","Enchiridion","CeramicFish","Orichalcum"],"acts_visited":["Exordium","TheCity"],"potions_floor_usage":[33,33],"damage_taken":[{"damage":0.0,"enemies":"Small Slimes","floor":1.0,"turns":1.0},{"damage":0.0,"enemies":"Jaw Worm","floor":3.0,"turns":1.0},{"damage":0.0,"enemies":"Lagavulin","floor":7.0,"turns":1.0},{"damage":0.0,"enemies":"2 Louse","floor":10.0,"turns":3.0},{"damage":0.0,"enemies":"Large Slime","floor":11.0,"turns":4.0},{"damage":16.0,"enemies":"2 Fungi Beasts","floor":14.0,"turns":3.0},{"damage":34.0,"enemies":"The Guardian","floor":16.0,"turns":11.0},{"damage":14.0,"enemies":"Chosen","floor":18.0,"turns":5.0},{"damage":10.0,"enemies":"Spheric Guardian","floor":27.0,"turns":3.0},{"damage":27.0,"enemies":"Gremlin Leader","floor":29.0,"turns":5.0},{"damage":12.0,"enemies":"Snake Plant","floor":31.0,"turns":4.0},{"damage":43,"enemies":"Automaton","floor":33,"turns":8}],"seed_played":"1021226189032899713","potions_obtained":[{"floor":3.0,"key":"Strength Potion"},{"floor":7.0,"key":"Weak Potion"},{"floor":11.0,"key":"SneckoOil"},{"floor":16.0,"key":"Regen Potion"},{"floor":31.0,"key":"Swift Potion"}],"is_trial":false,"path_per_floor":["M","$","M","?","?","R","E","$","T","M","M","?","R","M","R","B",null,"M","$","?","?","$","R","?","?","T","M","R","E","R","M","R","B"],"character_chosen":"DEFECT","items_purchased":["Ancient Tea Set","Oddly Smooth Stone"],"campfire_rested":1,"item_purchase_floors":[19,19],"current_hp_per_floor":[75,75,75,80,69,69,69,69,69,69,69,69,69,53,53,19,80,66,66,66,66,66,66,50,44,44,34,73,46,46,46,46,3,3],"gold":85,"neow_bonus":"THREE_ENEMY_KILL","is_daily":false,"chose_seed":false,"campfire_upgraded":5,"win_rate":0.0,"timestamp":1610747293,"path_taken":["M","$","M","?","?","R","E","$","T","?","M","?","R","M","R","BOSS","M","$","?","?","?","R","?","?","T","?","R","E","R","M","R","BOSS"],"items_purchased_type":["Relic","Relic"],"build_version":"2020-12-22","purchased_purges":0,"victory":false,"max_hp_per_floor":[75,75,75,80,80,80,80,80,80,80,80,80,80,80,80,80,80,80,80,80,80,80,80,80,80,80,80,80,80,80,80,80,80,80],"card_choices":[{"not_picked":["Cold Snap","Leap"],"picked":"Streamline","floor":1.0},{"not_picked":["Consume","Redo","Rebound"],"picked":"SKIP","floor":3.0},{"not_picked":["Aggregate","Skim","Hologram"],"picked":"SKIP","floor":7.0},{"not_picked":["Sweeping Beam","Glacier","Rebound"],"picked":"SKIP","floor":10.0},{"not_picked":["Consume","Hologram"],"picked":"White Noise","floor":11.0},{"not_picked":["Beam Cell","Coolheaded"],"picked":"Sunder","floor":14.0},{"not_picked":["Stack","Ball Lightning"],"picked":"Defragment","floor":18.0},{"not_picked":["Leap","Coolheaded+1","Streamline+1"],"picked":"SKIP","floor":27.0},{"not_picked":["Beam Cell","Stack","Gash"],"picked":"SKIP","floor":29.0},{"not_picked":["Leap","Go for the Eyes","Hello World"],"picked":"SKIP","floor":31.0}],"player_experience":165350,"relics_obtained":[{"floor":7.0,"key":"Regal Pillow"},{"floor":24.0,"key":"Enchiridion"},{"floor":26.0,"key":"CeramicFish"},{"floor":29.0,"key":"Orichalcum"}],"event_choices":[{"damage_healed":0.0,"max_hp_gain":5.0,"max_hp_loss":0.0,"gold_gain":0.0,"event_name":"Big Fish","player_choice":"Donut","floor":4.0,"gold_loss":0.0,"damage_taken":0.0},{"damage_healed":0.0,"max_hp_gain":0.0,"max_hp_loss":0.0,"gold_gain":75.0,"event_name":"World of Goop","player_choice":"Gather Gold","floor":5.0,"gold_loss":0.0,"damage_taken":11.0},{"damage_healed":0.0,"max_hp_gain":0.0,"max_hp_loss":0.0,"gold_gain":0.0,"event_name":"The Cleric","player_choice":"Leave","floor":12.0,"gold_loss":0.0,"damage_taken":0.0},{"damage_healed":0.0,"max_hp_gain":0.0,"max_hp_loss":0.0,"gold_gain":0.0,"event_name":"Back to Basics","player_choice":"Simplicity","floor":20.0,"gold_loss":0.0,"damage_taken":0.0,"cards_upgraded":["Strike_B","Strike_B","Strike_B","Strike_B","Defend_B","Defend_B","Defend_B","Defend_B"]},{"damage_healed":0.0,"max_hp_gain":0.0,"max_hp_loss":0.0,"gold_gain":0.0,"event_name":"Masked Bandits","player_choice":"Paid Fearfully","floor":21.0,"gold_loss":73.0,"damage_taken":0.0},{"damage_healed":0.0,"max_hp_gain":0.0,"max_hp_loss":0.0,"gold_gain":0.0,"event_name":"Cursed Tome","player_choice":"Obtained Book","floor":24.0,"gold_loss":0.0,"damage_taken":16.0},{"damage_healed":0.0,"max_hp_gain":0.0,"max_hp_loss":0.0,"gold_gain":0.0,"event_name":"Knowing Skull","player_choice":"","floor":25.0,"potions_obtained":[],"gold_loss":0.0,"damage_taken":6.0,"cards_obtained":[]}],"is_beta":false,"boss_relics":[{"not_picked":["Coffee Dripper","Pandora\u0027s Box"],"picked":"Inserter"}],"items_purged_floors":[],"is_endless":false,"potions_floor_spawned":[3,7,11,16,31],"killed_by":"Automaton","ascension_level":1}}