{"host":"c2zlmc1hlq0427cl","time":1610736027,"event":{"mods":["100% Spire Juice","BaseMod","Googly Eyes","Hermit","Minty Spire (QoL Compilation)","Replay The Spire","StSLib","The Hayseed","The Senshi"],"gold_per_floor":[109,123,141,141,162,162,195,195,195,219,254,326,13,37,37,165,165,179,179,105,180,105,126,126,147,147,165,165,209,209,209,209,312,312,331,347,347,77,104,104,130,130,154,154,154,167,167,11,11,11],"floor_reached":51,"language":"ENG","playtime":4998,"items_purged":["theSenshi:SailorKick","Delirium","Replay:Hysterical Blindness"],"score":866,"play_id":"c65f8791-eab7-4e7d-afc8-a6d4a1ce8f88","local_time":"20210115124027","is_ascension_mode":false,"campfire_choices":[{"data":"theSenshi:CrisisMakeUp","floor":6,"key":"SMITH"},{"data":"theSenshi:SaturnsMystery","floor":8,"key":"SMITH"},{"data":"theSenshi:SilverMoonCrystalPowerKiss","floor":15,"key":"SMITH"},{"data":"theSenshi:MoonGorgeousMeditation","floor":24,"key":"SMITH"},{"floor":28,"key":"REST"},{"data":"theSenshi:MoonPrismPowerMakeUp","floor":30,"key":"SMITH"},{"floor":32,"key":"REST"},{"data":"theSenshi:CrisisMakeUp","floor":40,"key":"SMITH"},{"floor":42,"key":"REST"},{"floor":44,"key":"REST"},{"floor":47,"key":"REST"},{"data":"theSenshi:WarriorOfTheMoon","floor":49,"key":"SMITH"}],"circlet_count":0,"master_deck":["theSenshi:SailorBlock","theSenshi:SailorBlock","theSenshi:SailorBlock","theSenshi:RoseThrow","theSenshi:MoonPrismPowerMakeUp+1","theSenshi:TuxedoSmokingBomber","theSenshi:LunasBite","theSenshi:SaturnsMystery+1","theSenshi:CrisisMakeUp+1","theSenshi:MoonPunch","theSenshi:InTheNickOfTime","theSenshi:SilverMoonCrystalPowerKiss+1","theSenshi:MoonGorgeousMeditation+1","theSenshi:SteeledNerves","theSenshi:MoonPunch","theSenshi:StudyParty","Clumsy","Doubt","theSenshi:SailorMarsAssists+1","theSenshi:CrisisMakeUp+1","theSenshi:TallSilhouette","theSenshi:SailorPlanetPower+1","theSenshi:SailorV+1","theSenshi:WarriorOfTheMoon+1","theSenshi:FatedKiss+1","theSenshi:TallSilhouette+1","theSenshi:SilverMoonCrystalPowerKiss+1","theSenshi:MoonPower+1","theSenshi:SailorStarHealerAssists","theSenshi:TallSilhouette+1","theSenshi:MoonPunch+1"],"relics":["theSenshi:TransformationBroochRelic","Tiny Chest","Bloody Idol","Odd Mushroom","ReplayTheSpireMod:Shallot","Toy Ornithopter","ReplayTheSpireMod:Ninjato","Replay:Ancient Bell","PreservedInsect","Meat on the Bone","StoneCalendar","Nilry\u0027s Codex","ReplayTheSpireMod:CursedCoin","Letter Opener","Pear","Oddly Smooth Stone","Astrolabe","theSenshi:TiaraRelic","Replay:Baseball","Prayer Wheel","Lantern","ReplayTheSpireMod:Ring of Exchange","OrangePellets"],"acts_visited":["Exordium","TheCity","TheBeyond"],"potions_floor_usage":[11,16,25,33,33,41],"damage_taken":[{"damage":0,"enemies":"Cultist","floor":1,"turns":4},{"damage":0,"enemies":"Small Slimes","floor":2,"turns":3},{"damage":0,"enemies":"2 Louse","floor":3,"turns":3},{"damage":4,"enemies":"Blue Slaver","floor":5,"turns":6},{"damage":26,"enemies":"The Mushroom Lair","floor":7,"turns":7},{"damage":15,"enemies":"Large Slime","floor":10,"turns":5},{"damage":17,"enemies":"3 Sentries","floor":11,"turns":5},{"damage":9,"enemies":"Exordium Thugs","floor":14,"turns":5},{"damage":66,"enemies":"Slime Boss","floor":16,"turns":9},{"damage":23,"enemies":"3 Byrds","floor":18,"turns":6},{"damage":17,"enemies":"2 Thieves","floor":22,"turns":5},{"damage":37,"enemies":"Cultist and Chosen","floor":23,"turns":7},{"damage":43,"enemies":"3 Cultists","floor":25,"turns":6},{"damage":14,"enemies":"Snake Plant","floor":27,"turns":4},{"damage":39,"enemies":"Book of Stabbing","floor":29,"turns":7},{"damage":54,"enemies":"Pondfish","floor":33,"turns":12},{"damage":49,"enemies":"3 Darklings","floor":35,"turns":7},{"damage":25,"enemies":"Orb Walker","floor":36,"turns":6},{"damage":77,"enemies":"Reptomancer","floor":41,"turns":6},{"damage":51,"enemies":"3 Darklings","floor":46,"turns":7},{"damage":52,"enemies":"Time Eater","floor":50,"turns":10}],"seed_played":"4546071492782859175","potions_obtained":[{"floor":2,"key":"Ancient Potion"},{"floor":7,"key":"Adrenaline Potion"},{"floor":14,"key":"Swift Potion"},{"floor":23,"key":"BlessingOfTheForge"},{"floor":29,"key":"SteroidPotion"},{"floor":33,"key":"Strength Potion"}],"is_trial":false,"path_per_floor":["M","M","M","?","M","R","?","R","T","M","E","T","$","M","R","B",null,"M","?","$","T","M","M","R","M","T","M","R","E","R","?","R","B",null,"M","M","?","$","T","R","E","R","T","R","?","M","R","$","R","B",null],"character_chosen":"THE_SENSHI","items_purchased":["theSenshi:MoonGorgeousMeditation","theSenshi:SteeledNerves","ReplayTheSpireMod:CursedCoin","theSenshi:CrisisMakeUp","theSenshi:TallSilhouette","theSenshi:TiaraRelic","OrangePellets"],"campfire_rested":5,"item_purchase_floors":[13,13,20,20,20,38,48],"current_hp_per_floor":[75,75,75,57,57,57,41,41,41,42,47,47,47,53,53,7,75,60,44,44,44,48,43,43,29,39,44,69,49,49,49,74,57,85,57,59,59,59,64,64,24,49,54,79,79,48,73,73,73,38],"gold":11,"neow_bonus":"RANDOM_COMMON_RELIC","is_daily":false,"chose_seed":false,"campfire_upgraded":7,"win_rate":0.0,"timestamp":1610736027,"path_taken":["M","M","?","?","M","R","?","R","T","M","E","?","?","M","R","BOSS","M","?","?","?","?","M","R","M","T","M","R","E","R","?","R","BOSS","M","M","?","$","?","R","E","R","T","R","?","M","R","$","R","BOSS"],"items_purchased_type":["Card","Card","Relic","Card","Card","Relic","Relic"],"build_version":"2020-12-22","purchased_purges":3,"victory":true,"max_hp_per_floor":[75,75,75,75,75,75,75,75,75,75,75,75,75,75,75,75,75,75,75,75,75,75,75,75,75,85,85,85,85,85,85,85,85,85,85,85,85,85,85,85,85,85,85,85,85,85,85,85,85,85],"card_choices":[{"not_picked":["theSenshi:LateForSchool","theSenshi:MoonPower"],"picked":"theSenshi:TuxedoSmokingBomber","floor":1},{"not_picked":["theSenshi:Sidestep","theSenshi:TuxedoSmokingBomber"],"picked":"theSenshi:LunasBite","floor":2},{"not_picked":["theSenshi:SailorMercuryAssists","theSenshi:MoonPower"],"picked":"theSenshi:SaturnsMystery","floor":3},{"not_picked":["theSenshi:EncouragingSpeech","theSenshi:SailorChibiMoonAssists"],"picked":"theSenshi:CrisisMakeUp","floor":5},{"not_picked":["theSenshi:CrisisMakeUp","theSenshi:OdangoHead"],"picked":"theSenshi:MoonPunch","floor":7},{"not_picked":["theSenshi:MoonCrisisMakeUp","theSenshi:Sidestep"],"picked":"theSenshi:InTheNickOfTime","floor":10},{"not_picked":["theSenshi:RainbowMoonHeartAche","theSenshi:MoonPrincessHalation"],"picked":"theSenshi:SilverMoonCrystalPowerKiss","floor":11},{"not_picked":["theSenshi:MoonlightKnight","theSenshi:MoonPower"],"picked":"theSenshi:MoonPunch","floor":14},{"not_picked":["theSenshi:FatedKiss","theSenshi:SailorPlutoAssists"],"picked":"theSenshi:StudyParty","floor":16},{"not_picked":["TheSimpletonMod:Gnats","CurseOfTheBell"],"picked":"Replay:Hysterical Blindness","floor":17},{"not_picked":["Spreading Infection","CurseOfTheBell"],"picked":"Clumsy","floor":17},{"not_picked":["Looming Evil","Normality"],"picked":"Doubt","floor":17},{"not_picked":["theSenshi:SailorPlutoAssists","theSenshi:MoonTiaraMagic+1"],"picked":"theSenshi:SailorMarsAssists+1","floor":18},{"not_picked":["theSenshi:TuxedoSmokingBomber","theSenshi:MoonPower","theSenshi:SailorNeptuneAssists"],"picked":"SKIP","floor":22},{"not_picked":["theSenshi:CrisisMakeUp","theSenshi:MoonTwilightFlash","theSenshi:Sidestep+1"],"picked":"SKIP","floor":23},{"not_picked":["theSenshi:Overload","theSenshi:LateForSchool"],"picked":"theSenshi:SailorPlanetPower+1","floor":25},{"not_picked":["theSenshi:MoonPower+1","theSenshi:SupersonicWaves","theSenshi:PlutosSolemnity"],"picked":"SKIP","floor":27},{"not_picked":["theSenshi:TuxedoSmokingBomber+1","theSenshi:LunasBite+1"],"picked":"theSenshi:SailorV+1","floor":29},{"not_picked":["theSenshi:FatedKiss","theSenshi:SailorCosmosAssists"],"picked":"theSenshi:WarriorOfTheMoon","floor":33},{"not_picked":["theSenshi:MoonCrisisMakeUp","theSenshi:SchoolBag"],"picked":"theSenshi:MoonPower+1","floor":35},{"not_picked":["theSenshi:HesSoDreamy+1","theSenshi:CrisisMakeUp","theSenshi:SailorMarsAssists+1"],"picked":"SKIP","floor":36},{"not_picked":["theSenshi:MoonKick","theSenshi:MoonlightKnight"],"picked":"theSenshi:SailorStarHealerAssists","floor":41},{"not_picked":["theSenshi:SailorNeptuneAssists+1","theSenshi:MoonSpiralHeartAttack+1"],"picked":"theSenshi:TallSilhouette+1","floor":46},{"not_picked":["theSenshi:NeptunesGrace+1","theSenshi:LunasBite+1"],"picked":"theSenshi:MoonPunch+1","floor":46}],"player_experience":54328,"relics_obtained":[{"floor":7,"key":"Odd Mushroom"},{"floor":9,"key":"ReplayTheSpireMod:Shallot"},{"floor":11,"key":"Toy Ornithopter"},{"floor":12,"key":"ReplayTheSpireMod:Ninjato"},{"floor":19,"key":"Nilry\u0027s Codex"},{"floor":21,"key":"Letter Opener"},{"floor":26,"key":"Pear"},{"floor":29,"key":"Oddly Smooth Stone"},{"floor":39,"key":"Replay:Baseball"},{"floor":41,"key":"Prayer Wheel"},{"floor":43,"key":"Lantern"},{"floor":45,"key":"ReplayTheSpireMod:Ring of Exchange"}],"event_choices":[{"damage_healed":0,"gold_gain":0,"player_choice":"Take Damage","damage_taken":18,"relics_obtained":["Golden Idol"],"max_hp_gain":0,"max_hp_loss":0,"event_name":"Golden Idol","floor":4,"gold_loss":0},{"damage_healed":0,"gold_gain":0,"player_choice":"Fought Mushrooms","damage_taken":0,"max_hp_gain":0,"max_hp_loss":0,"event_name":"Mushrooms","floor":7,"gold_loss":0},{"damage_healed":0,"gold_gain":0,"player_choice":"Obtained Book","damage_taken":16,"max_hp_gain":0,"max_hp_loss":0,"event_name":"Cursed Tome","floor":19,"gold_loss":0},{"damage_healed":0,"gold_gain":0,"player_choice":"Gave Idol","damage_taken":0,"relics_obtained":["Bloody Idol"],"max_hp_gain":0,"max_hp_loss":0,"event_name":"Forgotten Altar","floor":31,"relics_lost":["Golden Idol"],"gold_loss":0},{"cards_removed":["theSenshi:SailorBlock"],"damage_healed":0,"gold_gain":0,"player_choice":"Removed Skill","damage_taken":0,"max_hp_gain":0,"max_hp_loss":0,"event_name":"Falling","floor":37,"gold_loss":0}],"is_beta":false,"boss_relics":[{"not_picked":["ChewingGum","ReplayTheSpireMod:DimensionalGlitch"],"picked":"Replay:Ancient Bell"},{"not_picked":["Replay:Rubber Ducky","Juzu Bracelet"],"picked":"PreservedInsect"},{"not_picked":["Frozen Egg 2","Sundial"],"picked":"Meat on the Bone"},{"not_picked":["WingedGreaves","Du-Vu Doll"],"picked":"StoneCalendar"},{"not_picked":["Replay:Wanted Poster","SacredBark"],"picked":"Astrolabe"}],"items_purged_floors":[13,20,38],"is_endless":false,"potions_floor_spawned":[2,7,14,23,29,33],"ascension_level":0}}