{"host":"y193d0agu1dp5x1y","time":1610682765,"event":{"mods":["AchievementEnabler","BaseMod","Googly Eyes","Minty Spire (QoL Compilation)"],"gold_per_floor":[118,138,138,138,151,151,167,167,167,167,194,70,70,70,70,166,166,183,183,183,196,214,247,247,274,297,297,297,311,326,344,344,447,447,464,509,97,97,109,127,145,145,145,145,159,159,159,169,169,169],"floor_reached":51,"language":"ENG","playtime":1801,"items_purged":["Strike_R","Fiend Fire"],"score":712,"play_id":"b1ed61a8-b410-42aa-b2ea-3361da8f959b","local_time":"20210114215245","is_ascension_mode":false,"campfire_choices":[{"data":"Wild Strike","floor":6,"key":"SMITH"},{"data":"Fire Breathing","floor":8,"key":"SMITH"},{"data":"Armaments","floor":10,"key":"SMITH"},{"data":"1","floor":15,"key":"LIFT"},{"data":"2","floor":24,"key":"LIFT"},{"data":"3","floor":28,"key":"LIFT"},{"data":"Flex","floor":32,"key":"SMITH"},{"floor":42,"key":"REST"},{"data":"Reckless Charge","floor":46,"key":"SMITH"},{"data":"Wild Strike","floor":49,"key":"SMITH"}],"circlet_count":0,"master_deck":["Strike_R","Defend_R","Defend_R","Defend_R","Defend_R+1","Bash+1","Intimidate","Wild Strike+1","Armaments+1","Fire Breathing+1","Necronomicurse","Warcry","Intimidate","Juggernaut+1","Wild Strike+1","Flex+1","Shrug It Off","Reckless Charge+1","Strike_R","Havoc+1","Writhe","Body Slam+1","Jack Of All Trades","Reckless Charge"],"relics":["Burning Blood","NeowsBlessing","TungstenRod","Mercury Hourglass","Frozen Egg 2","Girya","Velvet Choker","Necronomicon","StoneCalendar","Self Forming Clay","Happy Flower","SacredBark","FossilizedHelix","Pear","Dream Catcher"],"acts_visited":["Exordium","TheCity","TheBeyond"],"potions_floor_usage":[15,18,30,30,30,33,40,45,50],"damage_taken":[{"damage":0,"enemies":"Cultist","floor":1,"turns":1},{"damage":0,"enemies":"2 Louse","floor":2,"turns":1},{"damage":0,"enemies":"Jaw Worm","floor":5,"turns":1},{"damage":4,"enemies":"Looter","floor":7,"turns":3},{"damage":27,"enemies":"Gremlin Nob","floor":11,"turns":4},{"damage":18,"enemies":"Hexaghost","floor":16,"turns":9},{"damage":0,"enemies":"3 Byrds","floor":18,"turns":4},{"damage":0,"enemies":"Chosen","floor":21,"turns":2},{"damage":34,"enemies":"Shelled Parasite and Fungi","floor":22,"turns":4},{"damage":0,"enemies":"Gremlin Leader","floor":23,"turns":5},{"damage":24,"enemies":"Book of Stabbing","floor":25,"turns":4},{"damage":0,"enemies":"Chosen and Byrds","floor":29,"turns":3},{"damage":10,"enemies":"Snecko","floor":30,"turns":3},{"damage":9,"enemies":"Shelled Parasite and Fungi","floor":31,"turns":4},{"damage":19,"enemies":"Collector","floor":33,"turns":6},{"damage":1,"enemies":"Orb Walker","floor":35,"turns":3},{"damage":75,"enemies":"2 Orb Walkers","floor":36,"turns":6},{"damage":6,"enemies":"3 Shapes","floor":39,"turns":4},{"damage":12,"enemies":"Sphere and 2 Shapes","floor":40,"turns":4},{"damage":10,"enemies":"3 Darklings","floor":41,"turns":3},{"damage":19,"enemies":"Transient","floor":45,"turns":5},{"damage":29,"enemies":"Spire Growth","floor":48,"turns":4},{"damage":87,"enemies":"Donu and Deca","floor":50,"turns":8}],"seed_played":"-8393098985650150089","potions_obtained":[{"floor":5,"key":"BloodPotion"},{"floor":11,"key":"SkillPotion"},{"floor":16,"key":"Regen Potion"},{"floor":18,"key":"Strength Potion"},{"floor":31,"key":"DuplicationPotion"},{"floor":36,"key":"Fire Potion"},{"floor":45,"key":"BloodPotion"},{"floor":48,"key":"Regen Potion"}],"is_trial":false,"path_per_floor":["M","M","$","?","M","R","M","R","T","R","E","$","?","?","R","B",null,"M","?","?","M","M","E","R","E","T","?","R","M","M","M","R","B",null,"M","?","$","?","M","M","M","R","T","?","M","R","?","M","R","B",null],"character_chosen":"IRONCLAD","items_purchased":["Swift Potion","Reckless Charge","Pear"],"campfire_rested":1,"item_purchase_floors":[12,37,37],"current_hp_per_floor":[80,80,80,80,80,80,80,80,80,80,59,59,44,42,58,46,80,80,68,68,74,46,52,52,34,34,60,60,66,62,59,59,46,80,80,11,21,21,21,15,11,38,38,61,84,84,84,61,61,29],"gold":169,"neow_bonus":"THREE_ENEMY_KILL","is_daily":false,"chose_seed":false,"campfire_upgraded":6,"win_rate":0.0,"timestamp":1610682765,"path_taken":["M","M","?","?","?","R","M","R","T","R","E","$","?","?","R","BOSS","M","?","?","M","M","E","R","E","T","?","R","?","M","M","R","BOSS","M","?","$","?","M","M","?","R","T","?","M","R","?","M","R","BOSS"],"items_purchased_type":["Potion","Card","Relic"],"build_version":"2020-12-22","purchased_purges":2,"victory":true,"max_hp_per_floor":[80,80,80,80,80,80,80,80,80,80,80,80,80,80,80,80,80,80,80,80,80,80,80,80,80,80,80,80,80,80,80,80,80,80,80,80,90,90,90,90,90,90,90,90,90,90,90,90,90,90],"card_choices":[{"not_picked":["Twin Strike","Clash"],"picked":"Intimidate","floor":1},{"not_picked":["Havoc","Evolve"],"picked":"Wild Strike","floor":2},{"not_picked":["Flex","Body Slam"],"picked":"Armaments","floor":5},{"not_picked":["Ghostly Armor","Sword Boomerang"],"picked":"Fire Breathing","floor":7},{"not_picked":["Entrench","Armaments","Havoc"],"picked":"SKIP","floor":11},{"not_picked":["Rampage","Armaments","Heavy Blade+1"],"picked":"SKIP","floor":18},{"not_picked":["Thunderclap","Twin Strike+1","Cleave"],"picked":"SKIP","floor":21},{"not_picked":["Body Slam","Warcry"],"picked":"Intimidate","floor":22},{"not_picked":["Pommel Strike","Thunderclap"],"picked":"Juggernaut+1","floor":23},{"not_picked":["Headbutt","Reaper"],"picked":"Wild Strike","floor":25},{"not_picked":["Sword Boomerang+1","True Grit","Perfected Strike"],"picked":"SKIP","floor":29},{"not_picked":["Dropkick+1","Combust+1"],"picked":"Flex","floor":30},{"not_picked":["Rampage+1","Clothesline"],"picked":"Shrug It Off","floor":31},{"not_picked":["Havoc","True Grit+1","Heavy Blade+1"],"picked":"SKIP","floor":35},{"not_picked":["Ghostly Armor","Blood for Blood","Headbutt"],"picked":"SKIP","floor":39},{"not_picked":["Twin Strike","Entrench"],"picked":"Havoc+1","floor":40},{"not_picked":["Armaments+1","Shrug It Off+1","Clash+1"],"picked":"SKIP","floor":41},{"not_picked":["Sword Boomerang+1","Shockwave"],"picked":"Body Slam+1","floor":45},{"not_picked":["Disarm+1","Pommel Strike"],"picked":"Reckless Charge","floor":48}],"player_experience":90729,"relics_obtained":[{"floor":4,"key":"TungstenRod"},{"floor":9,"key":"Mercury Hourglass"},{"floor":11,"key":"Frozen Egg 2"},{"floor":19,"key":"Necronomicon"},{"floor":23,"key":"StoneCalendar"},{"floor":25,"key":"Self Forming Clay"},{"floor":26,"key":"Happy Flower"},{"floor":36,"key":"FossilizedHelix"},{"floor":43,"key":"Dream Catcher"}],"event_choices":[{"damage_healed":0,"gold_gain":0,"player_choice":"Relic","damage_taken":0,"max_hp_gain":0,"max_hp_loss":0,"event_name":"Wheel of Change","floor":4,"gold_loss":0},{"damage_healed":0,"gold_gain":0,"player_choice":"Entered Light","damage_taken":16,"max_hp_gain":0,"max_hp_loss":0,"event_name":"Shining Light","floor":13,"gold_loss":0,"cards_upgraded":["Bash","Defend_R"]},{"damage_healed":0,"gold_gain":0,"player_choice":"Success","damage_taken":3,"relics_obtained":["Girya"],"max_hp_gain":0,"max_hp_loss":0,"event_name":"Scrap Ooze","floor":14,"gold_loss":0},{"damage_healed":0,"gold_gain":0,"player_choice":"Obtained Book","damage_taken":16,"max_hp_gain":0,"max_hp_loss":0,"event_name":"Cursed Tome","floor":19,"gold_loss":0},{"damage_healed":0,"gold_gain":0,"cards_transformed":["Strike_R","Strike_R"],"player_choice":"Became Test Subject","damage_taken":0,"max_hp_gain":0,"max_hp_loss":0,"event_name":"Drug Dealer","floor":20,"gold_loss":0,"cards_obtained":["Warcry","Fiend Fire"]},{"damage_healed":26,"gold_gain":0,"player_choice":"Heal","damage_taken":0,"max_hp_gain":0,"max_hp_loss":0,"event_name":"The Library","floor":27,"gold_loss":0},{"damage_healed":0,"gold_gain":0,"player_choice":"Fight","damage_taken":0,"max_hp_gain":0,"max_hp_loss":0,"event_name":"Mysterious Sphere","floor":36,"gold_loss":0},{"cards_removed":["Strike_R"],"damage_healed":0,"gold_gain":0,"player_choice":"Took Card","damage_taken":0,"max_hp_gain":0,"max_hp_loss":0,"event_name":"NoteForYourself","floor":38,"gold_loss":0,"cards_obtained":["Strike_R"]},{"damage_healed":23,"gold_gain":0,"player_choice":"Writhe","damage_taken":0,"max_hp_gain":0,"max_hp_loss":0,"event_name":"Winding Halls","floor":44,"gold_loss":0,"cards_obtained":["Writhe"]},{"damage_healed":0,"gold_gain":0,"player_choice":"1 cards matched","damage_taken":0,"max_hp_gain":0,"max_hp_loss":0,"event_name":"Match and Keep!","floor":47,"gold_loss":0,"cards_obtained":["Jack Of All Trades"]}],"is_beta":false,"boss_relics":[{"not_picked":["Coffee Dripper","Sozu"],"picked":"Velvet Choker"},{"not_picked":["Black Star","Pandora\u0027s Box"],"picked":"SacredBark"}],"items_purged_floors":[12,37],"is_endless":false,"potions_floor_spawned":[5,11,16,18,25,31,36,45,48],"ascension_level":0}}