{"host":"mdbnki27vzqujy5q","time":1610690593,"event":{"mods":["BaseMod","Better Note","Better Skull","Colored Map","Colored Powertips","DeckTracker","Highlight Path","Minty Spire (QoL Compilation)","Quick Restart","Rare Cards Sparkle","StSLib"],"gold_per_floor":[114,39,39,0,18,18,66,66,91,121,131,131,31,360,360,457,457,474,492,14,25,43,68,45,57,57,57,88,88,20,349,349,446,446,459,475,218,268,268,268,303,303,355,383,394,411,458,458,458,458],"floor_reached":51,"language":"ENG","playtime":2296,"items_purged":["Strike_B","Pain","Strike_B","Heatsinks"],"score":913,"play_id":"0acbe2aa-beee-4aba-aa9d-1a9f549a96c9","local_time":"20210114220313","is_ascension_mode":true,"campfire_choices":[{"data":"White Noise","floor":6.0,"key":"SMITH"},{"data":"Streamline","floor":8.0,"key":"SMITH"},{"floor":12.0,"key":"REST"},{"floor":15.0,"key":"REST"},{"floor":29.0,"key":"REST"},{"floor":32.0,"key":"REST"},{"data":"Defragment","floor":40.0,"key":"SMITH"},{"data":"Defragment","floor":42.0,"key":"SMITH"},{"floor":49,"key":"REST"}],"circlet_count":0,"master_deck":["Zap","Dualcast","White Noise+1","Streamline+1","White Noise","Electrodynamics","Beam Cell","White Noise","Coolheaded","Coolheaded","Redo+1","Compile Driver+1","Defragment+1","Barrage","Electrodynamics","Sunder","Steam+1","Creative AI","Leap+1","Rebound+1","Force Field+1","Doom and Gloom","Conserve Battery","Defragment+1","Melter+1","Loop","Sweeping Beam+1"],"relics":["Cracked Core","WarpedTongs","Happy Flower","Orichalcum","Smiling Mask","Busted Crown","Membership Card","Matryoshka","CaptainsWheel","Dream Catcher","Bag of Preparation","Prayer Wheel","Akabeko","Pen Nib","Pandora\u0027s Box","Regal Pillow","Lee\u0027s Waffle","Peace Pipe","War Paint","Vajra","MealTicket","Blue Candle","Toy Ornithopter"],"acts_visited":["Exordium","TheCity","TheBeyond"],"potions_floor_usage":[],"damage_taken":[{"damage":7.0,"enemies":"Jaw Worm","floor":1.0,"turns":3.0},{"damage":10.0,"enemies":"Cultist","floor":5.0,"turns":4.0},{"damage":23.0,"enemies":"3 Sentries","floor":10.0,"turns":6.0},{"damage":13.0,"enemies":"Small Slimes","floor":11.0,"turns":2.0},{"damage":0.0,"enemies":"Slime Boss","floor":16.0,"turns":7.0},{"damage":14.0,"enemies":"2 Thieves","floor":18.0,"turns":2.0},{"damage":8.0,"enemies":"Shell Parasite","floor":19.0,"turns":2.0},{"damage":0.0,"enemies":"Sentry and Sphere","floor":21.0,"turns":3.0},{"damage":1.0,"enemies":"Centurion and Healer","floor":22.0,"turns":3.0},{"damage":14.0,"enemies":"Gremlin Leader","floor":23.0,"turns":5.0},{"damage":4.0,"enemies":"3 Cultists","floor":25.0,"turns":3.0},{"damage":10.0,"enemies":"Book of Stabbing","floor":28.0,"turns":5.0},{"damage":3.0,"enemies":"Automaton","floor":33.0,"turns":4.0},{"damage":16.0,"enemies":"3 Shapes","floor":35.0,"turns":2.0},{"damage":9.0,"enemies":"Orb Walker","floor":36.0,"turns":3.0},{"damage":12.0,"enemies":"Mind Bloom Boss Battle","floor":38.0,"turns":4.0},{"damage":20.0,"enemies":"Nemesis","floor":41.0,"turns":7.0},{"damage":22.0,"enemies":"Giant Head","floor":44.0,"turns":8.0},{"damage":0.0,"enemies":"Maw","floor":45.0,"turns":6.0},{"damage":16.0,"enemies":"Jaw Worm Horde","floor":46.0,"turns":4.0},{"damage":20,"enemies":"Donu and Deca","floor":50,"turns":8}],"seed_played":"-6966858795341847854","potions_obtained":[{"floor":1.0,"key":"Dexterity Potion"},{"floor":16.0,"key":"BlessingOfTheForge"},{"floor":19.0,"key":"LiquidBronze"},{"floor":23.0,"key":"FocusPotion"},{"floor":28.0,"key":"DistilledChaos"},{"floor":33.0,"key":"Block Potion"},{"floor":36.0,"key":"LiquidBronze"},{"floor":45.0,"key":"DuplicationPotion"}],"is_trial":false,"path_per_floor":["M","$","?","$","M","R","T","R","T","E","M","R","$","?","R","B",null,"M","M","$","M","M","E","$","M","T","?","E","R","$","?","R","B",null,"M","M","$","?","?","R","E","R","T","E","M","M","T","?","R","B",null],"character_chosen":"DEFECT","items_purchased":["Heatsinks","Membership Card","Matryoshka","CaptainsWheel","White Noise","Redo","Defragment","Regal Pillow","Lee\u0027s Waffle","Doom and Gloom","Conserve Battery"],"campfire_rested":5,"item_purchase_floors":[4,20,20,20,20,24,30,37,37,37,37],"current_hp_per_floor":[68,68,68,68,58,58,58,58,58,35,22,44,44,4,26,26,75,61,53,53,53,52,38,38,34,34,34,24,46,46,7,29,26,75,59,50,82,70,70,70,50,50,50,28,28,12,12,12,51,31],"gold":458,"neow_bonus":"REMOVE_CARD","is_daily":false,"chose_seed":false,"campfire_upgraded":4,"win_rate":0.0,"timestamp":1610690593,"path_taken":["M","$","?","?","?","R","?","R","T","E","M","R","?","?","R","BOSS","M","M","$","M","M","E","?","M","T","?","E","R","?","?","R","BOSS","M","M","$","?","?","R","E","R","T","E","?","M","?","?","R","BOSS"],"items_purchased_type":["Card","Relic","Relic","Relic","Card","Card","Card","Relic","Relic","Card","Card"],"build_version":"2020-12-22","purchased_purges":4,"victory":true,"max_hp_per_floor":[75,75,75,75,75,75,75,75,75,75,75,75,75,75,75,75,75,75,75,75,75,75,75,75,75,75,75,75,75,75,75,75,75,75,75,75,82,82,82,82,82,82,82,82,82,82,82,82,82,82],"card_choices":[{"not_picked":["Barrage","Aggregate"],"picked":"White Noise","floor":1.0},{"not_picked":["Recycle","Rebound"],"picked":"Streamline","floor":5.0},{"not_picked":["Sweeping Beam","Rebound"],"picked":"White Noise","floor":10.0},{"not_picked":["Double Energy","Meteor Strike","Steam Power"],"picked":"SKIP","floor":11.0},{"not_picked":["Machine Learning","Biased Cognition"],"picked":"Electrodynamics","floor":16.0},{"not_picked":["Steam"],"picked":"SKIP","floor":18.0},{"not_picked":[],"picked":"Beam Cell","floor":19.0},{"not_picked":[],"picked":"Coolheaded","floor":21.0},{"not_picked":[],"picked":"Coolheaded","floor":22.0},{"not_picked":["Turbo"],"picked":"SKIP","floor":23.0},{"not_picked":[],"picked":"Compile Driver+1","floor":25.0},{"not_picked":["Turbo"],"picked":"SKIP","floor":28.0},{"not_picked":[],"picked":"Barrage","floor":32.0},{"not_picked":[],"picked":"Leap+1","floor":35.0},{"not_picked":[],"picked":"Rebound+1","floor":35.0},{"not_picked":[],"picked":"Force Field+1","floor":36.0},{"not_picked":["Double Energy"],"picked":"SKIP","floor":36.0},{"not_picked":[],"picked":"Melter+1","floor":41.0},{"not_picked":[],"picked":"Loop","floor":44.0},{"not_picked":[],"picked":"Sweeping Beam+1","floor":45.0},{"not_picked":["Consume+1"],"picked":"SKIP","floor":45.0},{"not_picked":["Steam"],"picked":"SKIP","floor":46.0},{"not_picked":["Stack+1"],"picked":"SKIP","floor":46.0}],"player_experience":84214,"relics_obtained":[{"floor":9.0,"key":"Happy Flower"},{"floor":10.0,"key":"Orichalcum"},{"floor":23.0,"key":"Dream Catcher"},{"floor":26.0,"key":"Bag of Preparation"},{"floor":26.0,"key":"Prayer Wheel"},{"floor":28.0,"key":"Akabeko"},{"floor":38.0,"key":"Peace Pipe"},{"floor":41.0,"key":"War Paint"},{"floor":43.0,"key":"Vajra"},{"floor":43.0,"key":"MealTicket"},{"floor":44.0,"key":"Blue Candle"},{"floor":47.0,"key":"Toy Ornithopter"}],"event_choices":[{"damage_healed":0.0,"max_hp_gain":0.0,"max_hp_loss":0.0,"gold_gain":0.0,"event_name":"Accursed Blacksmith","player_choice":"Rummage","floor":3.0,"gold_loss":0.0,"damage_taken":0.0,"relics_obtained":["WarpedTongs"],"cards_obtained":["Pain"]},{"damage_healed":0.0,"max_hp_gain":0.0,"max_hp_loss":0.0,"gold_gain":329.0,"event_name":"betterSkull:BetterSkull","player_choice":"RE GO GO GO ","floor":14.0,"gold_loss":0.0,"damage_taken":45.0,"cards_upgraded":[],"relics_obtained":["Smiling Mask"]},{"cards_removed":["Defend_B"],"damage_healed":0.0,"max_hp_gain":0.0,"max_hp_loss":0.0,"gold_gain":0.0,"event_name":"Wheel of Change","player_choice":"Card Removal","floor":27.0,"gold_loss":0.0,"damage_taken":0.0},{"damage_healed":0.0,"max_hp_gain":0.0,"max_hp_loss":0.0,"gold_gain":329.0,"event_name":"betterSkull:BetterSkull","player_choice":"RE GO GO GO ","floor":31.0,"gold_loss":0.0,"damage_taken":44.0,"cards_upgraded":[],"relics_obtained":["Pen Nib"]},{"damage_healed":0.0,"max_hp_gain":0.0,"max_hp_loss":0.0,"gold_gain":0.0,"event_name":"MindBloom","player_choice":"Fight","floor":38.0,"gold_loss":0.0,"damage_taken":0.0},{"damage_healed":0.0,"max_hp_gain":0.0,"max_hp_loss":0.0,"gold_gain":0.0,"event_name":"Duplicator","player_choice":"Copied","floor":39.0,"gold_loss":0.0,"damage_taken":0.0,"cards_obtained":["Defragment"]},{"damage_healed":0,"gold_gain":0,"player_choice":"Ignored","damage_taken":0,"max_hp_gain":0,"max_hp_loss":0,"event_name":"Mysterious Sphere","floor":48,"gold_loss":0}],"is_beta":false,"boss_relics":[{"not_picked":["Velvet Choker","SacredBark"],"picked":"Busted Crown"},{"not_picked":["Sozu","Runic Dome"],"picked":"Pandora\u0027s Box"}],"items_purged_floors":[2,13,30,37],"is_endless":false,"potions_floor_spawned":[1,16,19,23,28,33,36,45],"ascension_level":2}}