{"host":"x21cvmfdo17nyhii","time":1610746883,"event":{"mods":["AchievementEnabler","BaseMod","Colored Map","Colored Powertips","DeckTracker","Highlight Path","Minty Spire (QoL Compilation)","Quick Restart","Rare Cards Sparkle","SuperFastMode"],"gold_per_floor":[19,19,39,63,16,16,31,61,84,101,101,117,133,159,159,256,256,272,272,27,39,39,39,52,63,111,111,137,154,154,165,165,264,264,280,280,297,297,312,312,332,332,332,342,352,372,384,400,400,400,400],"floor_reached":50,"language":"ENG","playtime":4185,"items_purged":[],"score":633,"play_id":"aafb8e8f-e093-4a07-9380-c37846afc176","local_time":"20210115134123","is_ascension_mode":true,"campfire_choices":[{"data":"CrushJoints","floor":6.0,"key":"SMITH"},{"data":"WindmillStrike","floor":11.0,"key":"SMITH"},{"floor":15.0,"key":"REST"},{"data":"Establishment","floor":23.0,"key":"SMITH"},{"data":"Study","floor":27.0,"key":"SMITH"},{"data":"Scrawl","floor":30.0,"key":"SMITH"},{"floor":32.0,"key":"REST"},{"floor":40.0,"key":"REST"},{"floor":42.0,"key":"REST"},{"floor":49.0,"key":"REST"}],"circlet_count":0,"master_deck":["Eruption+1","Vigilance","Establishment+1","Evaluate","Consecrate","CrushJoints+1","WindmillStrike+1","Consecrate","BowlingBash+1","ClearTheMind","Wish","SpiritShield","BattleHymn","CarveReality+1","Study+1","SpiritShield","SignatureMove+1","Sanctity","EmptyMind","Swivel","FlurryOfBlows+1","RitualDagger+1","WindmillStrike+1","EmptyBody","EmptyFist+1","Indignation+1","Scrawl+1","TalkToTheHand+1","Judgement","FollowUp+1","DeusExMachina","Worship+1","Swift Strike+1","InnerPeace","WindmillStrike+1","DevaForm","Perseverance","Parasite","Wallop+1","Perseverance"],"relics":["PureWater","Strawberry","Matryoshka","Molten Egg 2","Vajra","PreservedInsect","Pandora\u0027s Box","Lantern","Toy Ornithopter","Ornamental Fan","Pen Nib","Bag of Marbles","VioletLotus"],"acts_visited":["Exordium","TheCity","TheBeyond"],"potions_floor_usage":[],"damage_taken":[{"damage":0.0,"enemies":"Jaw Worm","floor":1.0,"turns":4.0},{"damage":3.0,"enemies":"Cultist","floor":3.0,"turns":6.0},{"damage":0.0,"enemies":"Small Slimes","floor":7.0,"turns":3.0},{"damage":19.0,"enemies":"Lagavulin","floor":8.0,"turns":7.0},{"damage":0.0,"enemies":"Exordium Wildlife","floor":10.0,"turns":2.0},{"damage":0.0,"enemies":"Large Slime","floor":12.0,"turns":2.0},{"damage":0.0,"enemies":"2 Fungi Beasts","floor":13.0,"turns":2.0},{"damage":18.0,"enemies":"Gremlin Nob","floor":14.0,"turns":4.0},{"damage":24.0,"enemies":"The Guardian","floor":16.0,"turns":10.0},{"damage":16.0,"enemies":"Chosen","floor":18.0,"turns":5.0},{"damage":0.0,"enemies":"2 Thieves","floor":21.0,"turns":3.0},{"damage":0.0,"enemies":"Sentry and Sphere","floor":24.0,"turns":3.0},{"damage":8.0,"enemies":"Centurion and Healer","floor":25.0,"turns":2.0},{"damage":0.0,"enemies":"Book of Stabbing","floor":28.0,"turns":2.0},{"damage":0.0,"enemies":"3 Cultists","floor":29.0,"turns":1.0},{"damage":18.0,"enemies":"Snake Plant","floor":31.0,"turns":3.0},{"damage":21.0,"enemies":"Automaton","floor":33.0,"turns":6.0},{"damage":0.0,"enemies":"3 Darklings","floor":35.0,"turns":2.0},{"damage":27.0,"enemies":"3 Shapes","floor":37.0,"turns":3.0},{"damage":13.0,"enemies":"3 Darklings","floor":39.0,"turns":3.0},{"damage":9.0,"enemies":"Writhing Mass","floor":41.0,"turns":4.0},{"damage":24.0,"enemies":"Spire Growth","floor":44.0,"turns":5.0},{"damage":21.0,"enemies":"Jaw Worm Horde","floor":45.0,"turns":4.0},{"damage":3.0,"enemies":"Transient","floor":46.0,"turns":5.0},{"damage":0.0,"enemies":"Sphere and 2 Shapes","floor":47.0,"turns":1.0},{"damage":13.0,"enemies":"Jaw Worm Horde","floor":48.0,"turns":2.0},{"damage":57,"enemies":"Donu and Deca","floor":50,"turns":4}],"seed_played":"7377451351634954874","potions_obtained":[{"floor":3.0,"key":"Swift Potion"},{"floor":7.0,"key":"BlessingOfTheForge"},{"floor":10.0,"key":"DistilledChaos"},{"floor":13.0,"key":"StancePotion"},{"floor":16.0,"key":"Energy Potion"},{"floor":25.0,"key":"Weak Potion"},{"floor":29.0,"key":"Explosive Potion"},{"floor":33.0,"key":"Dexterity Potion"},{"floor":44.0,"key":"StancePotion"},{"floor":45.0,"key":"DistilledChaos"}],"is_trial":false,"path_per_floor":["M","?","M","T","$","R","M","E","T","M","R","M","M","E","R","B",null,"M","?","$","M","T","R","M","M","T","R","E","M","R","M","R","B",null,"M","?","M","?","M","R","M","R","T","M","M","M","M","M","R","B"],"character_chosen":"WATCHER","items_purchased":["CrushJoints","Lantern","WindmillStrike+1","EmptyBody"],"campfire_rested":5,"item_purchase_floors":[5,20,20,20],"current_hp_per_floor":[72,72,69,76,76,76,76,57,57,57,57,57,57,39,62,38,79,63,57,57,57,57,57,57,54,54,54,54,59,59,46,69,48,79,79,79,52,52,39,62,53,76,76,52,31,33,33,25,48,0,0],"gold":400,"neow_bonus":"THREE_RARE_CARDS","is_daily":false,"chose_seed":false,"campfire_upgraded":5,"win_rate":0.0,"timestamp":1610746883,"path_taken":["M","?","M","?","$","R","M","E","T","M","R","?","M","E","R","BOSS","M","?","$","M","?","R","M","M","T","R","E","M","R","M","R","BOSS","M","?","M","?","M","R","M","R","T","?","M","?","M","M","R","BOSS"],"items_purchased_type":["Card","Relic","Card","Card"],"build_version":"2020-12-22","purchased_purges":0,"victory":false,"max_hp_per_floor":[72,72,72,79,79,79,79,79,79,79,79,79,79,79,79,79,79,79,79,79,79,79,79,79,79,79,79,79,79,79,79,79,79,79,79,79,79,79,79,79,79,79,79,79,79,79,79,79,79,79,79],"card_choices":[{"not_picked":["LessonLearned","Vault"],"picked":"Establishment","floor":0.0},{"not_picked":["PathToVictory","SignatureMove"],"picked":"Evaluate","floor":1.0},{"not_picked":["Study","PathToVictory"],"picked":"Consecrate","floor":3.0},{"not_picked":["FlyingSleeves","TalkToTheHand"],"picked":"WindmillStrike","floor":7.0},{"not_picked":["CutThroughFate","BowlingBash"],"picked":"Consecrate","floor":8.0},{"not_picked":["Consecrate+1","SignatureMove+1"],"picked":"BowlingBash+1","floor":10.0},{"not_picked":["Worship","FearNoEvil+1"],"picked":"ClearTheMind","floor":12.0},{"not_picked":["ClearTheMind","CrushJoints+1","ForeignInfluence"],"picked":"SKIP","floor":13.0},{"not_picked":["Swivel","LikeWater"],"picked":"Wish","floor":14.0},{"not_picked":["Blasphemy","Wish"],"picked":"SpiritShield","floor":16.0},{"not_picked":["ThirdEye","ClearTheMind"],"picked":"FlurryOfBlows+1","floor":18.0},{"not_picked":["SandsOfTime+1","CrushJoints+1"],"picked":"EmptyFist+1","floor":21.0},{"not_picked":["Sanctity+1","ClearTheMind"],"picked":"Indignation+1","floor":24.0},{"not_picked":["ClearTheMind","SignatureMove+1"],"picked":"Scrawl","floor":25.0},{"not_picked":["EmptyBody","Halt"],"picked":"TalkToTheHand+1","floor":28.0},{"not_picked":["FlyingSleeves+1","InnerPeace"],"picked":"Judgement","floor":29.0},{"not_picked":["FlyingSleeves+1","Evaluate"],"picked":"FollowUp+1","floor":31.0},{"not_picked":["Devotion","Scrawl"],"picked":"DeusExMachina","floor":33.0},{"not_picked":["Pray+1","SashWhip+1"],"picked":"Worship+1","floor":35.0},{"not_picked":["PanicButton","Trip"],"picked":"Swift Strike+1","floor":36.0},{"not_picked":["FollowUp+1","ClearTheMind"],"picked":"InnerPeace","floor":37.0},{"not_picked":["Fasting2","Worship"],"picked":"Perseverance","floor":39.0},{"not_picked":["ThirdEye+1","Collect"],"picked":"Wallop+1","floor":41.0},{"not_picked":["SandsOfTime+1","EmptyBody"],"picked":"Perseverance","floor":44.0},{"not_picked":["Wallop+1","PathToVictory","CrushJoints+1"],"picked":"SKIP","floor":45.0},{"not_picked":["Collect","Halt","Worship"],"picked":"SKIP","floor":46.0},{"not_picked":["Establishment","LikeWater","Evaluate"],"picked":"SKIP","floor":47.0},{"not_picked":["SashWhip+1","Halt","Wallop+1"],"picked":"SKIP","floor":48.0}],"player_experience":406311,"relics_obtained":[{"floor":4.0,"key":"Strawberry"},{"floor":8.0,"key":"Matryoshka"},{"floor":9.0,"key":"Molten Egg 2"},{"floor":9.0,"key":"Vajra"},{"floor":14.0,"key":"PreservedInsect"},{"floor":22.0,"key":"Toy Ornithopter"},{"floor":22.0,"key":"Ornamental Fan"},{"floor":26.0,"key":"Pen Nib"},{"floor":28.0,"key":"Bag of Marbles"}],"event_choices":[{"damage_healed":0.0,"max_hp_gain":0.0,"max_hp_loss":0.0,"gold_gain":0.0,"event_name":"Living Wall","player_choice":"Grow","floor":2.0,"gold_loss":0.0,"damage_taken":0.0,"cards_upgraded":["Eruption"]},{"damage_healed":0.0,"max_hp_gain":0.0,"max_hp_loss":0.0,"gold_gain":0.0,"event_name":"Nest","player_choice":"Joined the Cult","floor":19.0,"gold_loss":0.0,"damage_taken":6.0,"cards_obtained":["RitualDagger"]},{"damage_healed":0.0,"max_hp_gain":0.0,"max_hp_loss":0.0,"gold_gain":0.0,"event_name":"SensoryStone","player_choice":"Memory 1","floor":36.0,"gold_loss":0.0,"damage_taken":0.0},{"damage_healed":0.0,"max_hp_gain":0.0,"max_hp_loss":0.0,"gold_gain":0.0,"event_name":"Match and Keep!","player_choice":"2 cards matched","floor":38.0,"gold_loss":0.0,"damage_taken":0.0,"cards_obtained":["WindmillStrike","DevaForm"]}],"is_beta":false,"boss_relics":[{"not_picked":["Cursed Key","Empty Cage"],"picked":"Pandora\u0027s Box"},{"not_picked":["Runic Dome","Velvet Choker"],"picked":"VioletLotus"}],"items_purged_floors":[],"is_endless":false,"potions_floor_spawned":[3,7,10,13,16,21,24,25,29,33,39,44,45],"killed_by":"Donu and Deca","ascension_level":4}}