{"host":"tqat8h9oealf2qov","time":1610723606,"event":{"mods":["Aspiration","BaseMod","Downfall","Hermit","Minty Spire (QoL Compilation)","Quick Restart","READ ME - Guardian Mod","Remilia£®¿Ÿ√◊¿Ú—«£©","Replay The Spire","StSLib","The Cursed","Youmu£®ªÍ∆«—˝√Œ£©"],"gold_per_floor":[99,111,122,137,150,150,150,178,178,188,98,112,112,112,125,125,125,125],"floor_reached":16,"language":"ZHS","playtime":728,"items_purged":["Slimebound:Strike_Slimebound"],"score":104,"play_id":"ef5e9dde-73ae-46c2-9c76-4944895e28a8","local_time":"20210115231326","is_ascension_mode":false,"campfire_choices":[{"data":"Slimebound:LeechEnergy","floor":9,"key":"SMITH"},{"data":"Slimebound:FinishingTackle","floor":13,"key":"SMITH"}],"circlet_count":0,"master_deck":["Slimebound:Strike_Slimebound","Slimebound:Strike_Slimebound","Slimebound:Tackle","Slimebound:Defend_Slimebound","Slimebound:Defend_Slimebound","Slimebound:Split","Slimebound:CorrosiveSpit","Slimebound:OozeBath","Slimebound:SlimeTap","Slimebound:Chomp","Slimebound:RollThrough","Slimebound:LeechEnergy+1","Slimebound:SlimeSpikes","Slimebound:FinishingTackle+1","Slimebound:Equalize+1"],"relics":["Slimebound:AbsorbEndCombat","Unceasing Top","Gambling Chip"],"acts_visited":["Exordium"],"potions_floor_usage":[],"damage_taken":[{"damage":8,"enemies":"Jaw Worm","floor":2,"turns":3},{"damage":7,"enemies":"2 Louse","floor":3,"turns":2},{"damage":7,"enemies":"Small Slimes","floor":4,"turns":3},{"damage":18,"enemies":"Blue Slaver","floor":5,"turns":3},{"damage":39,"enemies":"Gremlin Nob","floor":8,"turns":4},{"damage":17,"enemies":"3 Louse","floor":10,"turns":2},{"damage":4,"enemies":"downfall:FleeingMerchant","floor":11,"turns":4},{"damage":12,"enemies":"2 Fungi Beasts","floor":12,"turns":3},{"damage":14,"enemies":"Exordium Thugs","floor":15,"turns":2},{"damage":97,"enemies":"downfall:Silent","floor":16,"turns":8}],"seed_played":"-5701963406984040677","potions_obtained":[{"floor":2,"key":"Doom Potion"},{"floor":5,"key":"Adrenaline Potion"},{"floor":12,"key":"Guardian:BlockOnCardUsePotion"}],"is_trial":false,"path_per_floor":["R","M","M","M","M","?","T","E","R","M","$","M","R","?","M","B"],"character_chosen":"SLIMEBOUND","items_purchased":[],"campfire_rested":0,"item_purchase_floors":[],"current_hp_per_floor":[60,60,60,60,52,58,58,40,40,31,47,47,47,47,49,0,0,0],"gold":125,"neow_bonus":"ONE_RANDOM_RARE_CARD","is_daily":false,"chose_seed":false,"campfire_upgraded":2,"win_rate":0.0,"timestamp":1610723606,"path_taken":["R","M","M","M","M","?","T","E","R","M","$","M","R","?","M","BOSS"],"items_purchased_type":[],"build_version":"2020-12-22","purchased_purges":1,"victory":false,"max_hp_per_floor":[60,60,60,60,60,60,60,60,60,60,60,60,60,60,60,60,60,60],"card_choices":[{"not_picked":["Slimebound:Schlurp","Slimebound:LeechingTouch"],"picked":"Slimebound:Chomp","floor":2},{"not_picked":["Slimebound:SamplingLick","Slimebound:ViciousTackle"],"picked":"Slimebound:RollThrough","floor":3},{"not_picked":["Slimebound:DivideAndConquer","Slimebound:GrowthPunch"],"picked":"Slimebound:LeechEnergy","floor":4},{"not_picked":["Slimebound:TongueLash","Slimebound:SplitMire","Slimebound:Teamwork"],"picked":"SKIP","floor":5},{"not_picked":["Slimebound:ServeAndProtect","Slimebound:MassRepurpose","Slimebound:SlimeBarrage"],"picked":"SKIP","floor":8},{"not_picked":["Slimebound:SplitLeeching","Slimebound:LevelUp"],"picked":"Slimebound:SlimeSpikes","floor":10},{"not_picked":["Slimebound:Overexert","Slimebound:SplitAcid","Slimebound:ForwardTackle"],"picked":"SKIP","floor":11},{"not_picked":["Slimebound:Prepare","Slimebound:GoopSpray"],"picked":"Slimebound:FinishingTackle","floor":12},{"not_picked":["Slimebound:GoopSpray","Slimebound:Schlurp","Slimebound:Equalize"],"picked":"SKIP","floor":15}],"player_experience":318954,"relics_obtained":[{"floor":7,"key":"Unceasing Top"},{"floor":8,"key":"Gambling Chip"}],"event_choices":[],"is_beta":false,"boss_relics":[],"items_purged_floors":[11],"is_endless":false,"potions_floor_spawned":[2,5,12],"killed_by":"downfall:Silent","ascension_level":0}}