{"host":"ydg0vn0pu4pubmdt","time":1610694424,"event":{"mods":["AchievementEnabler","BaseMod","Colored Map","Gold Saver","Minty Spire (QoL Compilation)","Quick Restart","SuperFastMode"],"gold_per_floor":[116,130,130,130,143,143,177,177,177,197,211,239,239,304,304,400,400,418,429,241,258,258,258,287,386,386,401,401,401,312,347,347,443,443,460,506,525,539,552,552,571,353,399,399,399,415,448,448,448,448],"floor_reached":51,"language":"KOR","playtime":9819,"items_purged":["Defend_B","Strike_B","Strike_B"],"score":859,"play_id":"7e9cd553-5ec1-4f81-86bd-6dd7e15ec379","local_time":"20210115160704","is_ascension_mode":true,"campfire_choices":[{"data":"Dualcast","floor":6.0,"key":"SMITH"},{"data":"Zap","floor":8.0,"key":"SMITH"},{"data":"Loop","floor":15.0,"key":"SMITH"},{"data":"Turbo","floor":23.0,"key":"SMITH"},{"floor":29.0,"key":"REST"},{"data":"White Noise","floor":32.0,"key":"SMITH"},{"data":"Rainbow","floor":45.0,"key":"SMITH"},{"data":"Capacitor","floor":49.0,"key":"SMITH"}],"circlet_count":0,"master_deck":["Defend_B","Defend_B","Defend_B","Zap+1","Dualcast+1","Cold Snap","Sweeping Beam","Core Surge","Loop+1","White Noise+1","Coolheaded","Turbo+1","Seek","Electrodynamics","Auto Shields","Redo+1","Compile Driver","Glacier","FTL","Capacitor+1","Rainbow+1","BootSequence+1","Ball Lightning+1","Steam Power+1","Skim+1","Self Repair+1","Conserve Battery+1","Hologram+1"],"relics":["Cracked Core","Oddly Smooth Stone","Bag of Preparation","Mercury Hourglass","Odd Mushroom","Ornamental Fan","SacredBark","Membership Card","Happy Flower","Anchor","Frozen Egg 2","Nuclear Battery","FossilizedHelix","Pantograph","Potion Belt","Orichalcum"],"acts_visited":["Exordium","TheCity","TheBeyond"],"potions_floor_usage":[50],"damage_taken":[{"damage":1.0,"enemies":"2 Louse","floor":1.0,"turns":3.0},{"damage":0.0,"enemies":"Small Slimes","floor":2.0,"turns":2.0},{"damage":4.0,"enemies":"Jaw Worm","floor":5.0,"turns":4.0},{"damage":12.0,"enemies":"3 Sentries","floor":7.0,"turns":7.0},{"damage":9.0,"enemies":"3 Louse","floor":10.0,"turns":2.0},{"damage":3.0,"enemies":"Looter","floor":11.0,"turns":2.0},{"damage":12.0,"enemies":"The Mushroom Lair","floor":12.0,"turns":3.0},{"damage":0.0,"enemies":"Gremlin Nob","floor":14.0,"turns":3.0},{"damage":7.0,"enemies":"Hexaghost","floor":16.0,"turns":11.0},{"damage":16.0,"enemies":"2 Thieves","floor":18.0,"turns":2.0},{"damage":4.0,"enemies":"Chosen","floor":19.0,"turns":5.0},{"damage":14.0,"enemies":"Snake Plant","floor":21.0,"turns":4.0},{"damage":22.0,"enemies":"Slavers","floor":24.0,"turns":3.0},{"damage":9.0,"enemies":"Centurion and Healer","floor":27.0,"turns":5.0},{"damage":9.0,"enemies":"Book of Stabbing","floor":31.0,"turns":5.0},{"damage":25.0,"enemies":"Collector","floor":33.0,"turns":11.0},{"damage":7.0,"enemies":"Orb Walker","floor":35.0,"turns":3.0},{"damage":35.0,"enemies":"2 Orb Walkers","floor":36.0,"turns":6.0},{"damage":0.0,"enemies":"3 Darklings","floor":37.0,"turns":3.0},{"damage":48.0,"enemies":"Writhing Mass","floor":38.0,"turns":5.0},{"damage":0.0,"enemies":"Spire Growth","floor":39.0,"turns":4.0},{"damage":7.0,"enemies":"Transient","floor":41.0,"turns":5.0},{"damage":28.0,"enemies":"Maw","floor":46.0,"turns":9.0},{"damage":0.0,"enemies":"Reptomancer","floor":47.0,"turns":6.0},{"damage":110,"enemies":"Awakened One","floor":50,"turns":20}],"seed_played":"-2859890221960707634","potions_obtained":[{"floor":5.0,"key":"FairyPotion"},{"floor":10.0,"key":"PowerPotion"},{"floor":14.0,"key":"Ancient Potion"},{"floor":18.0,"key":"SteroidPotion"},{"floor":21.0,"key":"FairyPotion"},{"floor":38.0,"key":"LiquidMemories"},{"floor":46.0,"key":"Energy Potion"}],"is_trial":false,"path_per_floor":["M","M","?","?","M","R","E","R","T","M","M","?","?","?","R","B",null,"M","M","$","M","?","R","E","?","T","M","?","R","$","E","R","B",null,"M","?","M","M","M","?","M","$","T","?","R","M","E","?","R","B",null],"character_chosen":"DEFECT","items_purchased":["Membership Card","Capacitor","Self Repair+1","Pantograph"],"campfire_rested":1,"item_purchase_floors":[20,30,42,42],"current_hp_per_floor":[81,81,63,68,64,64,52,52,52,43,40,28,21,21,21,14,87,71,67,67,53,53,53,31,31,31,22,22,48,48,39,39,14,87,80,45,45,52,52,52,45,45,45,45,45,27,37,73,73,19],"gold":448,"neow_bonus":"TEN_PERCENT_HP_BONUS","is_daily":false,"chose_seed":false,"campfire_upgraded":7,"win_rate":0.0,"timestamp":1610694424,"path_taken":["M","M","?","?","M","R","E","R","T","M","M","?","?","?","R","BOSS","M","M","$","M","?","R","E","?","T","M","?","R","$","E","R","BOSS","M","?","M","M","M","?","M","$","T","?","R","?","E","?","R","BOSS"],"items_purchased_type":["Relic","Card","Card","Relic"],"build_version":"2020-12-22","purchased_purges":3,"victory":true,"max_hp_per_floor":[82,82,82,87,87,87,87,87,87,87,87,87,87,87,87,87,87,87,87,87,87,87,87,87,87,87,87,87,87,87,87,87,87,87,87,87,87,87,87,83,83,83,83,83,83,83,83,73,73,73],"card_choices":[{"not_picked":["Self Repair","Coolheaded"],"picked":"Cold Snap","floor":1.0},{"not_picked":["Beam Cell","Barrage"],"picked":"Sweeping Beam","floor":2.0},{"not_picked":["Coolheaded","Melter"],"picked":"Core Surge","floor":5.0},{"not_picked":["Ball Lightning","Leap"],"picked":"Loop","floor":7.0},{"not_picked":["Coolheaded","Reprogram"],"picked":"White Noise","floor":10.0},{"not_picked":["Recycle","Ball Lightning"],"picked":"Coolheaded","floor":11.0},{"not_picked":["Loop","Hologram"],"picked":"Turbo","floor":12.0},{"not_picked":["Cold Snap","Heatsinks"],"picked":"Seek","floor":14.0},{"not_picked":["Core Surge","Multi-Cast"],"picked":"Electrodynamics","floor":16.0},{"not_picked":["Doom and Gloom","Steam"],"picked":"Auto Shields","floor":18.0},{"not_picked":["Consume","Loop"],"picked":"Redo+1","floor":19.0},{"not_picked":["Beam Cell+1","Ball Lightning"],"picked":"Compile Driver","floor":21.0},{"not_picked":["Compile Driver","FTL"],"picked":"Glacier","floor":24.0},{"not_picked":["Darkness","Rebound"],"picked":"FTL","floor":27.0},{"not_picked":["Streamline+1","Leap","Beam Cell"],"picked":"SKIP","floor":31.0},{"not_picked":["Hyperbeam","Multi-Cast"],"picked":"Rainbow","floor":33.0},{"not_picked":["Beam Cell","Recycle+1"],"picked":"BootSequence+1","floor":35.0},{"not_picked":["Redo+1","Cold Snap+1"],"picked":"Ball Lightning+1","floor":36.0},{"not_picked":["Streamline","Blizzard","Redo+1"],"picked":"SKIP","floor":37.0},{"not_picked":["Aggregate+1","Rebound","Cold Snap"],"picked":"SKIP","floor":38.0},{"not_picked":["Leap+1","Rip and Tear"],"picked":"Steam Power+1","floor":39.0},{"not_picked":["Sunder+1","Streamline+1"],"picked":"Skim+1","floor":41.0},{"not_picked":["Hologram+1","Darkness+1"],"picked":"Conserve Battery+1","floor":46.0},{"not_picked":["Steam","BootSequence"],"picked":"Hologram+1","floor":47.0}],"player_experience":341189,"relics_obtained":[{"floor":7.0,"key":"Bag of Preparation"},{"floor":9.0,"key":"Mercury Hourglass"},{"floor":12.0,"key":"Odd Mushroom"},{"floor":14.0,"key":"Ornamental Fan"},{"floor":24.0,"key":"Happy Flower"},{"floor":26.0,"key":"Anchor"},{"floor":31.0,"key":"Frozen Egg 2"},{"floor":36.0,"key":"FossilizedHelix"},{"floor":43.0,"key":"Potion Belt"},{"floor":47.0,"key":"Orichalcum"}],"event_choices":[{"damage_healed":0.0,"max_hp_gain":0.0,"max_hp_loss":0.0,"gold_gain":0.0,"event_name":"Scrap Ooze","player_choice":"Success","floor":3.0,"gold_loss":0.0,"damage_taken":18.0,"relics_obtained":["Oddly Smooth Stone"]},{"damage_healed":0.0,"max_hp_gain":5.0,"max_hp_loss":0.0,"gold_gain":0.0,"event_name":"Big Fish","player_choice":"Donut","floor":4.0,"gold_loss":0.0,"damage_taken":0.0},{"damage_healed":0.0,"max_hp_gain":0.0,"max_hp_loss":0.0,"gold_gain":0.0,"event_name":"Mushrooms","player_choice":"Fought Mushrooms","floor":12.0,"gold_loss":0.0,"damage_taken":0.0},{"cards_removed":["Strike_B"],"damage_healed":0.0,"max_hp_gain":0.0,"max_hp_loss":0.0,"gold_gain":0.0,"event_name":"Golden Wing","player_choice":"Card Removal","floor":13.0,"gold_loss":0.0,"damage_taken":7.0},{"damage_healed":0.0,"max_hp_gain":0.0,"max_hp_loss":0.0,"gold_gain":0.0,"event_name":"Dead Adventurer","player_choice":"Searched \u00271\u0027 times","floor":14.0,"gold_loss":0.0,"damage_taken":0.0},{"damage_healed":0.0,"max_hp_gain":0.0,"max_hp_loss":0.0,"gold_gain":0.0,"event_name":"Vampires","player_choice":"Ignored","floor":22.0,"gold_loss":0.0,"damage_taken":0.0},{"damage_healed":0.0,"max_hp_gain":0.0,"max_hp_loss":0.0,"gold_gain":99.0,"event_name":"Nest","player_choice":"Stole From Cult","floor":25.0,"gold_loss":0.0,"damage_taken":0.0},{"cards_removed":["Strike_B"],"damage_healed":0.0,"max_hp_gain":0.0,"max_hp_loss":0.0,"gold_gain":0.0,"event_name":"Back to Basics","player_choice":"Elegance","floor":28.0,"gold_loss":0.0,"damage_taken":0.0},{"damage_healed":0.0,"max_hp_gain":0.0,"max_hp_loss":0.0,"gold_gain":0.0,"event_name":"Mysterious Sphere","player_choice":"Fight","floor":36.0,"gold_loss":0.0,"damage_taken":0.0},{"damage_healed":0.0,"max_hp_gain":0.0,"max_hp_loss":4.0,"gold_gain":0.0,"event_name":"Winding Halls","player_choice":"Max HP","floor":40.0,"gold_loss":0.0,"damage_taken":0.0},{"damage_healed":0.0,"max_hp_gain":0.0,"max_hp_loss":0.0,"gold_gain":0.0,"event_name":"SecretPortal","player_choice":"Ignored","floor":44.0,"gold_loss":0.0,"damage_taken":0.0},{"damage_healed":73.0,"max_hp_gain":0.0,"max_hp_loss":10.0,"gold_gain":0.0,"event_name":"The Moai Head","player_choice":"Heal","floor":48.0,"gold_loss":0.0,"damage_taken":0.0}],"is_beta":false,"boss_relics":[{"not_picked":["Busted Crown","Velvet Choker"],"picked":"SacredBark"},{"not_picked":["SlaversCollar","FrozenCore"],"picked":"Nuclear Battery"}],"items_purged_floors":[20,30,42],"is_endless":false,"potions_floor_spawned":[5,10,14,18,19,21,33,37,38,39,41,46],"ascension_level":2}}