{"host":"k010f1crm27ngy21","time":1610683559,"event":{"mods":["Aspiration","Bard","BaseMod","Colored Powertips","Downfall","Minty Spire (QoL Compilation)","Red Circlet Mod","Relic Stats","Replay The Spire","Shop Mod","Spicy Shops","StSLib","The Cursed","The Hierophant","The Runesmith","The Servant 0.9.4","vexMod","≤–¡Ù÷ÆŒÔ"],"gold_per_floor":[173,273,370,370,2,2,2,96,121,254,353,48,214,467,467,815,815,885,287,400,400,315,423,233,185,185,288,288,248,248,277,277,552,552,642,642,642,592,476,476,551,554,629,777,901,1413,1611,1690,1690,1962,1962,2120,2120,2288,1880,1880,1880,1880,1880,1880],"floor_reached":59,"language":"ZHS","playtime":3182,"items_purged":["hierophant:RustyCrate","Amnesia","expansioncontent:DarkVoid"],"score":1635,"play_id":"e02597b4-c6eb-40e1-9e26-8c492d5d7d2b","local_time":"20210115120559","daily_mods":["SealedDeck","Heirloom","Flight","Midas"],"is_ascension_mode":false,"campfire_choices":[{"floor":6,"key":"REST"},{"floor":7,"key":"REST"},{"floor":28,"key":"REST"},{"floor":30,"key":"REST"},{"floor":32,"key":"REST"},{"floor":40,"key":"REST"},{"floor":57,"key":"REST"}],"circlet_count":0,"master_deck":["hierophant:CoinFling","hierophant:Remorse+1","hierophant:Doubloon+1","hierophant:Remorse+1","hierophant:Remorse+1","hierophant:ConvertCurrency+1","hierophant:Refuge","hierophant:Charity","hierophant:Community+1","hierophant:Doubloon","hierophant:Doubloon","hierophant:Doubloon+1","hierophant:Doubloon+1","hierophant:Doubloon","hierophant:Doubloon","hierophant:Doubloon","hierophant:Doubloon","hierophant:Doubloon","hierophant:Doubloon+1","hierophant:Refuge+1","hierophant:Doubloon","hierophant:Refuge","hierophant:Charity","hierophant:Doubloon","hierophant:Doubloon","hierophant:Doubloon+1","hierophant:RepressedViolence+1","Offering","hierophant:Patience+1","hierophant:Cornucopia+1","hierophant:Doubloon","hierophant:RecallFunds+1","Secret Technique+1","hierophant:Doubloon","hierophant:Generosity","hierophant:Cornucopia+1"],"relics":["hierophant:PropheticMaskRelic","Ring of Chaos","vexMod:RetaliationKit","MerchantsRug","Gremlin Food","Bag of Preparation","Blood Vial","Replay:Rubber Ducky","Guardian:PocketSentry","Chameleon Ring","Blue Doll","Philosopher\u0027s Stone","Membership Card","Centennial Puzzle","Snack Pack","ClockworkSouvenir","Omamori","aspiration:Stabinomicon","aspiration:HiddenCompartment","vexMod:MemoryStick","Happy Flower","Garlic","Quantum Egg","Ancient Tea Set","aspiration:Lifesprig","aspiration:StickyExplosives_weak","Thread and Needle","Bottled Lightning","Bag of Marbles","Meat on the Bone","vexMod:TanglingVine","PrismaticShard","DollysMirror","Onion Ring","PreservedInsect","TheAbacus","Singing Bowl"],"acts_visited":["Exordium","TheCity","TheBeyond","Exordium"],"potions_floor_usage":[47],"damage_taken":[{"damage":3,"enemies":"Small Slimes","floor":1,"turns":3},{"damage":0,"enemies":"Cultist","floor":3,"turns":2},{"damage":11,"enemies":"Jaw Worm","floor":8,"turns":2},{"damage":0,"enemies":"3 Sentries","floor":10,"turns":4},{"damage":0,"enemies":"Exordium Thugs","floor":11,"turns":4},{"damage":3,"enemies":"Gremlin Nob","floor":13,"turns":3},{"damage":0,"enemies":"Gremlin Nob","floor":14,"turns":4},{"damage":0,"enemies":"Fading Forest","floor":16,"turns":11},{"damage":6,"enemies":"Shell Parasite","floor":18,"turns":4},{"damage":0,"enemies":"Chosen","floor":20,"turns":3},{"damage":6,"enemies":"Book of Stabbing","floor":23,"turns":2},{"damage":6,"enemies":"Slavers","floor":27,"turns":2},{"damage":6,"enemies":"Snecko","floor":31,"turns":2},{"damage":6,"enemies":"Collector","floor":33,"turns":2},{"damage":0,"enemies":"3 Shapes","floor":35,"turns":2},{"damage":6,"enemies":"3 Darklings","floor":44,"turns":1},{"damage":6,"enemies":"Nemesis","floor":45,"turns":3},{"damage":6,"enemies":"2 Orb Walkers","floor":46,"turns":1},{"damage":6,"enemies":"Mind Bloom Boss Battle","floor":47,"turns":1},{"damage":6,"enemies":"Reptomancer","floor":48,"turns":2},{"damage":6,"enemies":"Replay:Hell Engine","floor":50,"turns":2},{"damage":6,"enemies":"Small Slimes","floor":52,"turns":1},{"damage":0,"enemies":"2 Louse","floor":59,"turns":1}],"seed_played":"2506391607426707210","potions_obtained":[{"floor":3,"key":"Flashbang"},{"floor":10,"key":"Explosive Potion"},{"floor":13,"key":"SpeedPotion"},{"floor":27,"key":"Adrenaline Potion"},{"floor":33,"key":"Energy Potion"},{"floor":41,"key":"Block Potion"},{"floor":41,"key":"DistilledChaos"},{"floor":41,"key":"Reflective Coating"},{"floor":46,"key":"Adrenaline Potion"},{"floor":47,"key":"DuplicationPotion"},{"floor":48,"key":"Explosive Potion"}],"is_trial":true,"path_per_floor":["M","?","M","?","$","R","R","M","T","E","M","$","E","?","R","B",null,"M","$","M","?","?","E","$","$","T","E","R","?","R","M","R","B",null,"M","?","?","$","$","R","?","$","T","M","E","?","?","E","R","B",null,"M","?","$","$","?","R","?","M"],"character_chosen":"HIEROPHANT","items_purchased":["MerchantsRug","Gremlin Food","hierophant:Charity","Replay:Rubber Ducky","Guardian:PocketSentry","Membership Card","Centennial Puzzle","Counterbalance","Snack Pack","ClockworkSouvenir","aspiration:HiddenCompartment","vexMod:MemoryStick","Happy Flower","Garlic","War Paint","aspiration:Lifesprig","Guide Book","aspiration:Nostalgia","aspiration:StickyExplosives_weak","Thread and Needle","Bottled Lightning","PrismaticShard","DollysMirror","Onion Ring","PreservedInsect","TheAbacus","Singing Bowl"],"campfire_rested":7,"item_purchase_floors":[5,5,5,12,12,19,19,19,19,19,24,24,24,25,38,38,38,38,39,39,42,54,54,55,55,55,55],"current_hp_per_floor":[72,72,72,65,65,75,75,64,64,64,66,66,65,67,67,75,75,69,69,73,73,73,71,71,71,71,67,75,75,75,71,75,71,105,105,95,105,105,105,105,79,79,89,85,81,77,73,69,69,67,115,109,97,97,97,74,108,108,108,108],"gold":1880,"neow_bonus":"","is_daily":false,"chose_seed":false,"campfire_upgraded":0,"win_rate":0.0,"timestamp":1610683559,"path_taken":["M","?","?","?","?","R","R","M","T","E","M","$","E","?","R","BOSS","M","$","?","?","?","E","$","$","T","E","R","?","R","?","R","BOSS","M","?","?","$","$","R","?","$","T","?","E","?","?","E","R","BOSS","M","?","$","$","?","R","?","?"],"items_purchased_type":["Relic","Relic","Card","Relic","Relic","Relic","Relic","Relic","Relic","Relic","Relic","Relic","Relic","Relic","Relic","Relic","Relic","Relic","Relic","Relic","Relic","Relic","Relic","Relic","Relic","Relic","Relic"],"build_version":"2020-12-22","purchased_purges":3,"victory":false,"max_hp_per_floor":[75,75,75,75,75,75,75,75,75,75,75,75,75,75,75,75,75,75,75,75,75,75,75,75,75,75,75,75,75,75,75,75,75,105,105,105,105,105,105,105,105,105,115,115,115,115,115,115,115,115,115,115,115,115,115,115,115,115,115,115],"relic_stats":{"Blood Vial":26,"Centennial Puzzle":[33],"TheAbacus":[0],"Happy Flower":[6],"Singing Bowl":0,"counters":[23,61],"PreservedInsect":0,"Bag of Preparation":[38],"obtain_stats":[{"vexMod:MemoryStick":24,"aspiration:Lifesprig":38,"Singing Bowl":55,"hierophant:PropheticMaskRelic":0,"Blue Doll":14,"Bag of Preparation":9,"aspiration:Stabinomicon":23,"vexMod:TanglingVine":51,"PrismaticShard":15,"Ancient Tea Set":27,"Replay:Rubber Ducky":12,"ClockworkSouvenir":19,"aspiration:StickyExplosives_weak":39,"Old Coin":46,"Blood Vial":10,"Centennial Puzzle":19,"Chameleon Ring":13,"TheAbacus":55,"DollysMirror":54,"Philosopher\u0027s Stone":17,"vexMod:RetaliationKit":0,"Gremlin Food":5,"MerchantsRug":5,"TheCursedMod:BlackMagic101":38,"Pear":43,"Happy Flower":24,"aspiration:Nostalgia":38,"Counterbalance":19,"Quantum Egg":26,"Guide Book":38,"Guardian:GemstoneGun":47,"Thread and Needle":39,"Ring of Chaos":0,"PreservedInsect":55,"Guardian:PocketSentry":12,"Omamori":22,"War Paint":38,"aspiration:HiddenCompartment":24,"Replay:Baseball":53,"Onion Ring":55,"Snack Pack":19,"Garlic":25,"Bag of Marbles":45,"Membership Card":19,"Bottled Lightning":42,"vexMod:BigBerry":34,"Meat on the Bone":48},{"vexMod:MemoryStick":11,"aspiration:Lifesprig":15,"Singing Bowl":22,"hierophant:PropheticMaskRelic":0,"Blue Doll":7,"Bag of Preparation":3,"aspiration:Stabinomicon":11,"vexMod:TanglingVine":21,"PrismaticShard":7,"Ancient Tea Set":12,"Replay:Rubber Ducky":5,"ClockworkSouvenir":9,"aspiration:StickyExplosives_weak":15,"Old Coin":18,"Blood Vial":4,"Centennial Puzzle":9,"Chameleon Ring":6,"TheAbacus":22,"DollysMirror":22,"Philosopher\u0027s Stone":8,"vexMod:RetaliationKit":0,"Gremlin Food":2,"MerchantsRug":2,"TheCursedMod:BlackMagic101":15,"Pear":15,"Happy Flower":11,"aspiration:Nostalgia":15,"Counterbalance":9,"Quantum Egg":11,"Guide Book":15,"Guardian:GemstoneGun":19,"Thread and Needle":15,"Ring of Chaos":0,"PreservedInsect":22,"Guardian:PocketSentry":5,"Omamori":10,"War Paint":15,"aspiration:HiddenCompartment":11,"Replay:Baseball":22,"Onion Ring":22,"Snack Pack":9,"Garlic":11,"Bag of Marbles":17,"Membership Card":9,"Bottled Lightning":15,"vexMod:BigBerry":14,"Meat on the Bone":20},{"vexMod:MemoryStick":42,"aspiration:Lifesprig":50,"Singing Bowl":61,"hierophant:PropheticMaskRelic":0,"Blue Doll":22,"Bag of Preparation":7,"aspiration:Stabinomicon":42,"vexMod:TanglingVine":60,"PrismaticShard":22,"Ancient Tea Set":44,"Replay:Rubber Ducky":15,"ClockworkSouvenir":37,"aspiration:StickyExplosives_weak":50,"Old Coin":55,"Blood Vial":11,"Centennial Puzzle":37,"Chameleon Ring":18,"TheAbacus":61,"DollysMirror":61,"Philosopher\u0027s Stone":33,"vexMod:RetaliationKit":0,"Gremlin Food":5,"MerchantsRug":5,"TheCursedMod:BlackMagic101":50,"Pear":50,"Happy Flower":42,"aspiration:Nostalgia":50,"Counterbalance":37,"Quantum Egg":42,"Guide Book":50,"Guardian:GemstoneGun":56,"Thread and Needle":50,"Ring of Chaos":0,"PreservedInsect":61,"Guardian:PocketSentry":15,"Omamori":40,"War Paint":50,"aspiration:HiddenCompartment":42,"Replay:Baseball":61,"Onion Ring":61,"Snack Pack":37,"Garlic":42,"Bag of Marbles":54,"Membership Card":37,"Bottled Lightning":50,"vexMod:BigBerry":48,"Meat on the Bone":58}],"Meat on the Bone":0},"card_choices":[{"not_picked":["hierophant:Sermon","hierophant:Blessing"],"picked":"hierophant:Refuge","floor":1},{"not_picked":["hierophant:DisplayOfPower","hierophant:FlamingChariot"],"picked":"hierophant:Refuge","floor":3},{"not_picked":["hierophant:Upheaval","hierophant:Smite"],"picked":"hierophant:RustyCrate","floor":8},{"not_picked":["hierophant:Remorse","hierophant:DivineIntervention"],"picked":"hierophant:OrnateBuckler","floor":10},{"not_picked":["hierophant:CoinFling","hierophant:OrnateBuckler","hierophant:EyeForCoin"],"picked":"SKIP","floor":11},{"not_picked":["hierophant:Flagellation","hierophant:Smite","hierophant:Patience"],"picked":"SKIP","floor":13},{"not_picked":["hierophant:AuricShield","hierophant:RustyCrate"],"picked":"hierophant:RepressedViolence","floor":14},{"not_picked":["Slimebound:RallyTheTroops","Mirror Shield"],"picked":"Offering","floor":16},{"not_picked":["Flame Barrier","Consecrate+1","champ:FlashCut"],"picked":"SKIP","floor":18},{"not_picked":["hierophant:Zeal","hierophant:MorningPrayer","hierophant:HammerAndAnvil+1"],"picked":"SKIP","floor":20},{"not_picked":["hierophant:FlamingChariot","hierophant:Blessing"],"picked":"hierophant:Patience","floor":23},{"not_picked":["hierophant:LocustPlague","hierophant:Sermon","hierophant:Zeal"],"picked":"SKIP","floor":27},{"not_picked":["hierophant:Sermon","hierophant:FieryStrike+1","hierophant:PassingBell+1"],"picked":"SKIP","floor":31},{"not_picked":["hierophant:Kindle","hierophant:LocustPlague"],"picked":"hierophant:Cornucopia","floor":33},{"not_picked":["hierophant:Empathy+1","hierophant:RustyCrate+1"],"picked":"hierophant:RecallFunds+1","floor":35},{"not_picked":["ReplayUltimateDefense","expansioncontent:HyperBeam"],"picked":"expansioncontent:DarkVoid","floor":36},{"not_picked":["Replay:BasicMightCard","expansioncontent:Torchfire"],"picked":"Secret Technique","floor":36},{"not_picked":["hierophant:FieryStrike","hierophant:Rebuild","hierophant:Remorse"],"picked":"SKIP","floor":44},{"not_picked":["hierophant:Blessing","hierophant:Remorse+1","hierophant:FieryStrike"],"picked":"SKIP","floor":45},{"not_picked":["hierophant:AuricShield","hierophant:MorningPrayer+1","hierophant:Zeal"],"picked":"SKIP","floor":48},{"not_picked":["hierophant:Invocation","hierophant:DivineIntervention"],"picked":"hierophant:Generosity","floor":50},{"not_picked":["hierophant:Charity","hierophant:OrnateJavelin","hierophant:Empathy"],"picked":"SKIP","floor":52}],"player_experience":143885,"relics_obtained":[{"floor":9,"key":"Bag of Preparation"},{"floor":10,"key":"Blood Vial"},{"floor":13,"key":"Chameleon Ring"},{"floor":14,"key":"Blue Doll"},{"floor":23,"key":"aspiration:Stabinomicon"},{"floor":26,"key":"Quantum Egg"},{"floor":27,"key":"Ancient Tea Set"},{"floor":43,"key":"Pear"},{"floor":45,"key":"Bag of Marbles"},{"floor":46,"key":"Old Coin"},{"floor":47,"key":"Guardian:GemstoneGun"},{"floor":48,"key":"Meat on the Bone"}],"event_choices":[{"damage_healed":0,"gold_gain":100,"player_choice":"Pray","damage_taken":0,"max_hp_gain":0,"max_hp_loss":0,"event_name":"Golden Shrine","floor":2,"gold_loss":0},{"cards_removed":["hierophant:RustyCrate"],"damage_healed":0,"gold_gain":0,"player_choice":"Card Removal","damage_taken":7,"max_hp_gain":0,"max_hp_loss":0,"event_name":"Golden Wing","floor":4,"gold_loss":0},{"damage_healed":0,"gold_gain":0,"player_choice":"Searched \u00272\u0027 times","damage_taken":0,"max_hp_gain":0,"max_hp_loss":0,"event_name":"Dead Adventurer","floor":14,"gold_loss":0},{"cards_removed":["hierophant:OrnateBuckler"],"damage_healed":0,"gold_gain":0,"player_choice":"Elegance","damage_taken":0,"max_hp_gain":0,"max_hp_loss":0,"event_name":"Back to Basics","floor":21,"gold_loss":0},{"damage_healed":0,"gold_gain":0,"player_choice":"Obtained Relic","damage_taken":0,"relics_obtained":["Omamori"],"max_hp_gain":0,"max_hp_loss":0,"event_name":"Addict","floor":22,"gold_loss":85},{"damage_healed":0,"gold_gain":0,"player_choice":"Upgraded Two","damage_taken":0,"max_hp_gain":0,"max_hp_loss":0,"event_name":"Designer","floor":29,"gold_loss":40,"cards_upgraded":["hierophant:Doubloon","hierophant:Remorse"]},{"damage_healed":0,"gold_gain":0,"player_choice":"Memory 3","damage_taken":10,"max_hp_gain":0,"max_hp_loss":0,"event_name":"SensoryStone","floor":36,"gold_loss":0},{"damage_healed":0,"gold_gain":0,"player_choice":"Fight","damage_taken":0,"max_hp_gain":0,"max_hp_loss":0,"event_name":"Mysterious Sphere","floor":46,"gold_loss":0},{"damage_healed":0,"gold_gain":0,"player_choice":"Fight","damage_taken":0,"max_hp_gain":0,"max_hp_loss":0,"event_name":"MindBloom","floor":47,"gold_loss":0},{"damage_healed":0,"gold_gain":0,"player_choice":"Ignored","damage_taken":0,"max_hp_gain":0,"max_hp_loss":0,"event_name":"Tomb of Lord Red Mask","floor":49,"gold_loss":0},{"damage_healed":0,"gold_gain":0,"player_choice":"Success","damage_taken":12,"relics_obtained":["Replay:Baseball"],"max_hp_gain":0,"max_hp_loss":0,"event_name":"Scrap Ooze","floor":53,"gold_loss":0},{"damage_healed":0,"gold_gain":0,"player_choice":"Entered Light","damage_taken":23,"max_hp_gain":0,"max_hp_loss":0,"event_name":"Shining Light","floor":56,"gold_loss":0,"cards_upgraded":["hierophant:Refuge","hierophant:ConvertCurrency"]},{"damage_healed":0,"gold_gain":0,"player_choice":"Ignored","damage_taken":0,"max_hp_gain":0,"max_hp_loss":0,"event_name":"Transmorgrifier","floor":58,"gold_loss":0}],"is_beta":false,"boss_relics":[{"not_picked":["vexMod:RockOfEvil","aspiration:IroncladSkillbook"],"picked":"Philosopher\u0027s Stone"},{"not_picked":["vexMod:EndlessSickness","Replay:Drink Me"],"picked":"vexMod:BigBerry"},{"not_picked":["Cursed Key","Honey Jar"],"picked":"vexMod:TanglingVine"}],"items_purged_floors":[19,19,38],"is_endless":true,"potions_floor_spawned":[3,10,13,27,33,35,46,47,48],"killed_by":"2 Louse","ascension_level":0}}