{"host":"moon9xuhyn08cqjw","time":1610718147,"event":{"mods":["2.2 Compatiblity","AchievementEnabler","BaseMod","Better Third Choice","Downfall","GungeonMod","Hubris","Infinite Spire","Jedi Mod","Lobotomy","LobotomyExtend","Marisa????????","Minty Spire (QoL Compilation)","Robot Space Explorer","StSLib","Td1madao Mod","The Blackbeard","The Forsaken","The Hierophant","The Necromancer","The Runesmith","The Saiyan","The Senshi","TheBandit","Transform Curses","[IsaacMod]????"],"gold_per_floor":[117,127,141,62,82,82,132,160,185,185,205,205,217,229,229,333,333,343,185,198,216,234,234,149,149,202,217,59,77,93,143,143,143,143],"floor_reached":33,"language":"RUS","playtime":2676,"items_purged":[],"score":253,"play_id":"ffed2a17-c9c8-42f1-bd89-414069934a53","local_time":"20210115214227","is_ascension_mode":false,"campfire_choices":[{"data":"RobotSpaceExplorer:MakeshiftVolley","floor":6.0,"key":"SMITH"},{"floor":12.0,"key":"REST"},{"floor":15.0,"key":"REST"},{"floor":23,"key":"REST"},{"floor":32,"key":"REST"}],"circlet_count":0,"master_deck":["RobotSpaceExplorer:Strike","RobotSpaceExplorer:Strike","RobotSpaceExplorer:Strike","RobotSpaceExplorer:Strike","RobotSpaceExplorer:Defend","RobotSpaceExplorer:Defend","RobotSpaceExplorer:Defend","RobotSpaceExplorer:Defend","RobotSpaceExplorer:Scan","RobotSpaceExplorer:MiniLasers","BloodyBrimstone","RobotSpaceExplorer:FrostMissile","RobotSpaceExplorer:SelfCleaning","RobotSpaceExplorer:MakeshiftVolley+1","RobotSpaceExplorer:ScrapToss","RobotSpaceExplorer:ImprovisedAttack","RobotSpaceExplorer:StunGrenade","RobotSpaceExplorer:Asteroid","RobotSpaceExplorer:ScrapMissile","RobotSpaceExplorer:Accelerator","RobotSpaceExplorer:Electropulse","RobotSpaceExplorer:ShockMissile","RobotSpaceExplorer:Counterblock","RobotSpaceExplorer:DroneSwarm","RobotSpaceExplorer:IronShell","RobotSpaceExplorer:SlimeMissile+1","RobotSpaceExplorer:Jetpack+1","RobotSpaceExplorer:ToxicBomb","RobotSpaceExplorer:StarDust","RobotSpaceExplorer:Calculate+1","RobotSpaceExplorer:PowerCollector+1","RobotSpaceExplorer:Fix"],"relics":["RobotSpaceExplorer:RoboCore","HushsDoor","Smiling Mask","GuppysHead","LetterFromLob","infinitespire:Bottled Soul","Blood Vial","Mummified Hand","DemoMod:LamentConfigurum","hubris:ScarierMask","theForsaken:ScaryMask","Bag of Preparation","AnarchistCookbook","Matryoshka","jedi:crownofsimplicity"],"acts_visited":["Exordium","TheCity"],"potions_floor_usage":[33,33,33],"damage_taken":[{"damage":0.0,"enemies":"2 Louse","floor":1.0,"turns":3.0},{"damage":0.0,"enemies":"Cultist","floor":2.0,"turns":4.0},{"damage":0.0,"enemies":"Small Slimes","floor":3.0,"turns":3.0},{"damage":0.0,"enemies":"2 Fungi Beasts","floor":5.0,"turns":1.0},{"damage":19.0,"enemies":"Hiden Room Battle","floor":7.0,"turns":3.0},{"damage":34.0,"enemies":"3 Sentries","floor":8.0,"turns":12.0},{"damage":0.0,"enemies":"Blue Slaver","floor":11.0,"turns":1.0},{"damage":23.0,"enemies":"Exordium Thugs","floor":13.0,"turns":5.0},{"damage":0.0,"enemies":"2 Fungi Beasts","floor":14.0,"turns":2.0},{"damage":17.0,"enemies":"Hexaghost","floor":16.0,"turns":7.0},{"damage":20.0,"enemies":"Chosen","floor":18.0,"turns":6.0},{"damage":13,"enemies":"3 Byrds","floor":20,"turns":5},{"damage":24,"enemies":"Snake Plant","floor":21,"turns":5},{"damage":0,"enemies":"Sentry and Sphere","floor":22,"turns":2},{"damage":0,"enemies":"3 Cultists","floor":27,"turns":3},{"damage":6,"enemies":"Centurion and Healer","floor":29,"turns":3},{"damage":0,"enemies":"Chosen and Byrds","floor":30,"turns":6},{"damage":0,"enemies":"Hiden Room Battle","floor":31,"turns":2},{"damage":50,"enemies":"Automaton","floor":33,"turns":8}],"seed_played":"5653464277736804534","potions_obtained":[{"floor":1.0,"key":"champ:CounterPotion"},{"floor":7.0,"key":"DuplicationPotion"},{"floor":8.0,"key":"Explosive Potion"},{"floor":13.0,"key":"DuplicationPotion"},{"floor":21,"key":"Strength Potion"},{"floor":22,"key":"Swift Potion"}],"is_trial":false,"path_per_floor":["M","M","M","$","M","R","?","E","T","?","M","R","M","M","R","B",null,"M","$","M","M","M","R","?","?","T","M","$","M","M","?","R","B"],"character_chosen":"RobotSpaceExplorer","items_purchased":["RobotSpaceExplorer:MakeshiftVolley","RobotSpaceExplorer:Electropulse","RobotSpaceExplorer:ShockMissile","RobotSpaceExplorer:DroneSwarm","Bomb","RobotSpaceExplorer:StarDust"],"campfire_rested":4,"item_purchase_floors":[4,17,17,19,28,28],"current_hp_per_floor":[75,75,75,75,75,75,53,21,21,21,23,44,23,25,45,30,59,39,39,28,6,8,25,25,25,25,27,27,23,25,27,44,0,0],"gold":143,"neow_bonus":"RANDOM_COMMON_RELIC","is_daily":false,"chose_seed":false,"campfire_upgraded":1,"win_rate":0.0,"timestamp":1610718147,"path_taken":["M","M","M","$","M","R","?","E","T","?","M","R","M","M","R","BOSS","M","$","M","M","M","R","?","?","T","M","?","M","M","?","R","BOSS"],"items_purchased_type":["Card","Card","Card","Card","Card","Card"],"build_version":"2020-12-22","purchased_purges":0,"victory":false,"max_hp_per_floor":[75,75,75,75,75,75,72,72,72,72,72,72,69,69,69,66,59,59,59,59,59,59,59,59,59,59,59,59,59,59,59,59,59,59],"card_choices":[{"not_picked":[],"picked":"BloodyBrimstone","floor":0.0},{"not_picked":["RobotSpaceExplorer:GlueShot","RobotSpaceExplorer:LaserBurst"],"picked":"Bomb","floor":1.0},{"not_picked":["RobotSpaceExplorer:Counterblock","RobotSpaceExplorer:FranticSearch"],"picked":"RobotSpaceExplorer:FrostMissile","floor":2.0},{"not_picked":["RobotSpaceExplorer:MiniDrones","RobotSpaceExplorer:MetalStrike"],"picked":"RobotSpaceExplorer:SelfCleaning","floor":3.0},{"not_picked":["RobotSpaceExplorer:Ammunition","RobotSpaceExplorer:GlueSpray"],"picked":"Bomb","floor":5.0},{"not_picked":["RobotSpaceExplorer:SelfCleaning","RobotSpaceExplorer:ScrapMissile"],"picked":"RobotSpaceExplorer:ScrapToss","floor":7.0},{"not_picked":["RobotSpaceExplorer:GlueSpray","RobotSpaceExplorer:FranticSearch"],"picked":"RobotSpaceExplorer:ImprovisedAttack","floor":8.0},{"not_picked":["RobotSpaceExplorer:Electroshield","RobotSpaceExplorer:SurgingShield"],"picked":"RobotSpaceExplorer:StunGrenade","floor":11.0},{"not_picked":["RobotSpaceExplorer:MetalStrike","RobotSpaceExplorer:StunGrenade"],"picked":"RobotSpaceExplorer:Asteroid","floor":13.0},{"not_picked":["RobotSpaceExplorer:SurgingStrike","RobotSpaceExplorer:Ammunition"],"picked":"RobotSpaceExplorer:ScrapMissile","floor":14.0},{"not_picked":["RobotSpaceExplorer:Autoloader","RobotSpaceExplorer:Arsenal"],"picked":"RobotSpaceExplorer:Accelerator","floor":16.0},{"not_picked":["RobotSpaceExplorer:FranticSearch","RobotSpaceExplorer:GlueShot"],"picked":"RobotSpaceExplorer:Counterblock","floor":18.0},{"not_picked":["RobotSpaceExplorer:Calculate","RobotSpaceExplorer:BigMissile"],"picked":"RobotSpaceExplorer:IronShell","floor":20},{"not_picked":["RobotSpaceExplorer:Probe","RobotSpaceExplorer:GearShield+1"],"picked":"RobotSpaceExplorer:SlimeMissile+1","floor":21},{"not_picked":["RobotSpaceExplorer:SurgingStrike","RobotSpaceExplorer:StunGrenade"],"picked":"RobotSpaceExplorer:Jetpack+1","floor":22},{"not_picked":["RobotSpaceExplorer:FranticSearch+1","RobotSpaceExplorer:StunGrenade"],"picked":"RobotSpaceExplorer:ToxicBomb","floor":27},{"not_picked":["RobotSpaceExplorer:Wormhole","RobotSpaceExplorer:SwiftStep"],"picked":"RobotSpaceExplorer:Calculate+1","floor":29},{"not_picked":["RobotSpaceExplorer:GlueSpray","RobotSpaceExplorer:Counterblock"],"picked":"RobotSpaceExplorer:PowerCollector+1","floor":30},{"not_picked":["RobotSpaceExplorer:TurboDodge","RobotSpaceExplorer:ShovelStrike"],"picked":"RobotSpaceExplorer:Fix","floor":31}],"player_experience":1175776,"relics_obtained":[{"floor":1.0,"key":"LetterFromLob"},{"floor":7.0,"key":"infinitespire:Bottled Soul"},{"floor":7.0,"key":"Blood Vial"},{"floor":8.0,"key":"Mummified Hand"},{"floor":9.0,"key":"DemoMod:LamentConfigurum"},{"floor":25,"key":"Bag of Preparation"},{"floor":26,"key":"AnarchistCookbook"},{"floor":31,"key":"Matryoshka"},{"floor":31,"key":"jedi:crownofsimplicity"}],"event_choices":[{"damage_healed":0.0,"max_hp_gain":0.0,"max_hp_loss":0.0,"gold_gain":0.0,"event_name":"HidenRoomEvent","player_choice":"Fight","floor":7.0,"gold_loss":0.0,"damage_taken":0.0},{"damage_healed":0,"gold_gain":0,"player_choice":"Obtained Relic","damage_taken":0,"relics_obtained":["theForsaken:ScaryMask"],"max_hp_gain":0,"max_hp_loss":0,"event_name":"Addict","floor":24,"gold_loss":85},{"damage_healed":0,"gold_gain":0,"player_choice":"Fight","damage_taken":0,"max_hp_gain":0,"max_hp_loss":0,"event_name":"HidenRoomEvent","floor":31,"gold_loss":0}],"is_beta":false,"boss_relics":[{"not_picked":["RobotSpaceExplorer:Reprocessor","Black Star"],"picked":"hubris:ScarierMask"},{"not_picked":[]}],"items_purged_floors":[],"is_endless":false,"potions_floor_spawned":[1,7,8,13,14,21,22,30,31],"killed_by":"Automaton","ascension_level":0}}