{"host":"ow66nzv2xecjoor3","time":1610680988,"event":{"mods":["BaseMod","Bestiary","Block Reminder","Colored Powertips","Curses Come First","Highlight Path","Keyboard Shortcuts","Minty Spire (QoL Compilation)","Permanent Neow","Relic Stats","StSLib","UnlockEverythingMod"],"gold_per_floor":[114,114,129,10,30,58,71,71,142,176,188,188,201,201,201,297,297,310,310,153,177,21,21,21,21,46,85,106,106,106],"floor_reached":29,"language":"ENG","playtime":1228,"items_purged":["Strike_G","Strike_G"],"score":606,"play_id":"6e50469d-5c64-42ed-9d6c-b6dd78d15ca6","local_time":"20210114212308","is_ascension_mode":true,"campfire_choices":[{"data":"Noxious Fumes","floor":8,"key":"SMITH"},{"floor":15,"key":"REST"},{"floor":23,"key":"REST"},{"data":"Wraith Form v2","floor":25,"key":"SMITH"}],"circlet_count":0,"master_deck":["AscendersBane","Strike_G","Strike_G","Strike_G","Defend_G","Defend_G","Defend_G","Defend_G","Defend_G","Survivor","Neutralize","Poisoned Stab+1","Skewer","Noxious Fumes+1","Crippling Poison","Dagger Spray","Dodge and Roll","Wraith Form v2+1","Predator","Burst","Endless Agony","RitualDagger","Footwork","Corpse Explosion","Escape Plan","Outmaneuver+1","Bouncing Flask","PiercingWail","Catalyst"],"relics":["Ring of the Snake","Omamori","WingedGreaves","Mercury Hourglass","Anchor","Golden Idol","SlaversCollar","Orrery","Bag of Preparation","Snake Skull"],"acts_visited":["Exordium","TheCity"],"potions_floor_usage":[6,6,10,16,27,29],"damage_taken":[{"damage":2,"enemies":"2 Louse","floor":1,"turns":3},{"damage":0,"enemies":"Cultist","floor":3,"turns":3},{"damage":0,"enemies":"Small Slimes","floor":5,"turns":3},{"damage":6,"enemies":"Gremlin Nob","floor":6,"turns":3},{"damage":9,"enemies":"3 Louse","floor":7,"turns":3},{"damage":23,"enemies":"Lagavulin","floor":10,"turns":8},{"damage":7,"enemies":"2 Fungi Beasts","floor":11,"turns":3},{"damage":5,"enemies":"Exordium Wildlife","floor":13,"turns":3},{"damage":19,"enemies":"Hexaghost","floor":16,"turns":9},{"damage":34,"enemies":"Shell Parasite","floor":18,"turns":10},{"damage":0,"enemies":"Chosen","floor":21,"turns":5},{"damage":0,"enemies":"Slavers","floor":27,"turns":4},{"damage":21,"enemies":"Centurion and Healer","floor":28,"turns":10},{"damage":9,"enemies":"Cultist and Chosen","floor":29,"turns":5}],"seed_played":"4985475352325715215","potions_obtained":[{"floor":1,"key":"CunningPotion"},{"floor":3,"key":"FearPotion"},{"floor":7,"key":"Weak Potion"},{"floor":11,"key":"Poison Potion"},{"floor":27,"key":"LiquidBronze"},{"floor":28,"key":"Swift Potion"}],"is_trial":false,"path_per_floor":["M","?","M","$","M","E","M","R","T","E","M","?","M","?","R","B",null,"M","?","$","M","$","R","?","R","T","E","M","M"],"character_chosen":"THE_SILENT","items_purchased":["Noxious Fumes","Orrery","Energy Potion"],"campfire_rested":2,"item_purchase_floors":[4,20,22],"current_hp_per_floor":[57,57,57,57,57,51,42,42,42,19,12,12,7,7,26,7,51,17,11,11,11,11,30,30,30,30,30,9,0,0],"gold":106,"neow_bonus":"RANDOM_COMMON_RELIC","is_daily":false,"chose_seed":false,"campfire_upgraded":2,"win_rate":0.0,"timestamp":1610680988,"path_taken":["M","?","M","$","?","E","M","R","T","E","M","?","M","?","R","BOSS","M","?","$","M","$","R","?","R","T","E","M","M"],"items_purchased_type":["Card","Relic","Potion"],"build_version":"2020-12-22","purchased_purges":2,"victory":false,"max_hp_per_floor":[66,66,66,66,66,66,66,66,66,66,66,66,66,66,66,66,66,66,66,66,66,66,66,66,66,66,66,66,66,66],"relic_stats":{"counters":[14,72],"Golden Idol":42,"Snake Skull":[19],"Bag of Preparation":[6],"obtain_stats":[{"SlaversCollar":17,"Anchor":10,"Golden Idol":12,"Orrery":20,"WingedGreaves":6,"Snake Skull":27,"Omamori":0,"Bag of Preparation":26,"Ring of the Snake":0,"Mercury Hourglass":9},{"SlaversCollar":9,"Anchor":6,"Golden Idol":7,"Orrery":10,"WingedGreaves":4,"Snake Skull":12,"Omamori":0,"Bag of Preparation":11,"Ring of the Snake":0,"Mercury Hourglass":5},{"SlaversCollar":38,"Anchor":23,"Golden Idol":26,"Orrery":48,"WingedGreaves":12,"Snake Skull":57,"Omamori":0,"Bag of Preparation":53,"Ring of the Snake":0,"Mercury Hourglass":15}],"Ring of the Snake":[28],"Mercury Hourglass":[189]},"card_choices":[{"not_picked":["Masterful Stab","Deflect"],"picked":"Poisoned Stab","floor":1},{"not_picked":["Reflex","Tactician"],"picked":"Skewer","floor":3},{"not_picked":["Underhanded Strike","Outmaneuver"],"picked":"Crippling Poison","floor":5},{"not_picked":["Deadly Poison","Setup"],"picked":"Dagger Spray","floor":6},{"not_picked":["Heel Hook","Dagger Spray"],"picked":"Dodge and Roll","floor":7},{"not_picked":["Deadly Poison","Quick Slash"],"picked":"Wraith Form v2","floor":10},{"not_picked":["Bane","Distraction"],"picked":"Predator","floor":11},{"not_picked":["Dash","Sucker Punch","Finisher"],"picked":"SKIP","floor":13},{"not_picked":["Glass Knife","Envenom"],"picked":"Burst","floor":16},{"not_picked":["Dagger Throw","Underhanded Strike"],"picked":"Endless Agony","floor":18},{"not_picked":["Dagger Throw","Dagger Spray"],"picked":"Footwork","floor":20},{"not_picked":["Caltrops","Deflect"],"picked":"Corpse Explosion","floor":20},{"not_picked":["Deflect","Riddle With Holes"],"picked":"Escape Plan","floor":20},{"not_picked":["Concentrate+1","Riddle With Holes"],"picked":"Outmaneuver+1","floor":20},{"not_picked":["Prepared","Distraction"],"picked":"Bouncing Flask","floor":20},{"not_picked":["Dagger Throw","Dagger Spray"],"picked":"PiercingWail","floor":21},{"not_picked":["Eviscerate","Poisoned Stab","Deadly Poison"],"picked":"SKIP","floor":27},{"not_picked":["Infinite Blades","Quick Slash"],"picked":"Catalyst","floor":28}],"player_experience":2711954,"relics_obtained":[{"floor":6,"key":"WingedGreaves"},{"floor":9,"key":"Mercury Hourglass"},{"floor":10,"key":"Anchor"},{"floor":26,"key":"Bag of Preparation"},{"floor":27,"key":"Snake Skull"}],"event_choices":[{"damage_healed":0,"gold_gain":0,"player_choice":"Upgraded","damage_taken":0,"max_hp_gain":0,"max_hp_loss":0,"event_name":"Upgrade Shrine","floor":2,"gold_loss":0,"cards_upgraded":["Poisoned Stab"]},{"damage_healed":0,"gold_gain":0,"player_choice":"Take Wound","damage_taken":0,"relics_obtained":["Golden Idol"],"max_hp_gain":0,"max_hp_loss":0,"event_name":"Golden Idol","floor":12,"gold_loss":0,"cards_obtained":["Injury"]},{"damage_healed":0,"gold_gain":0,"player_choice":"Ignored","damage_taken":0,"max_hp_gain":0,"max_hp_loss":0,"event_name":"Shining Light","floor":14,"gold_loss":0},{"damage_healed":0,"gold_gain":0,"player_choice":"Joined the Cult","damage_taken":6,"max_hp_gain":0,"max_hp_loss":0,"event_name":"Nest","floor":19,"gold_loss":0,"cards_obtained":["RitualDagger"]},{"damage_healed":0,"gold_gain":0,"player_choice":"Ignored","damage_taken":0,"max_hp_gain":0,"max_hp_loss":0,"event_name":"Vampires","floor":24,"gold_loss":0}],"is_beta":false,"boss_relics":[{"not_picked":["Coffee Dripper","SacredBark"],"picked":"SlaversCollar"}],"items_purged_floors":[4,22],"is_endless":false,"potions_floor_spawned":[1,3,7,11,27,28],"killed_by":"Cultist and Chosen","ascension_level":20}}