{"host":"dvdvdvm357cut69v","time":1610728218,"event":{"mods":["BaseMod","Downfall","Minty Spire (QoL Compilation)","StSLib"],"gold_per_floor":[0,57,57,69,21,31,82,82,100,36,62,62,79,96,111,208,208,133,146,146,146,27,127,200,232,332,344,354,365,290,24,42,42,42,42],"floor_reached":33,"language":"ENG","playtime":1747,"items_purged":["Guardian:Strike_Guardian"],"score":280,"play_id":"f6af398c-498a-4857-a3a4-14a85ad1e575","local_time":"20210115193018","is_ascension_mode":true,"campfire_choices":[{"data":"Guardian:Harden","floor":1,"key":"SMITH"},{"data":"Guardian:DonusPower","floor":8,"key":"SMITH"},{"floor":12,"key":"REST"},{"floor":18,"key":"RECALL"},{"floor":30,"key":"REST"}],"circlet_count":0,"master_deck":["Guardian:Strike_Guardian+1","Guardian:Defend_Guardian","Guardian:CurlUp","Guardian:TwinSlam+1","Guardian:Harden+1","Guardian:ArmoredProtocol","Guardian:Recover","Guardian:TemporalStrike","Guardian:Reroute","Guardian:DonusPower+1","Guardian:DecasProtection","Guardian:FastForward","Guardian:FloatingOrbs","Guardian:TemporalShield+1","Guardian:Preprogram","Guardian:RevengeProtocol","Guardian:DecasProtection+1","Guardian:ShieldCharger","Guardian:SphericShield","J.A.X.+1","Guardian:AncientConstruct","Guardian:BronzeOrb","Guardian:WalkerClaw","Guardian:TemporalStrike","Guardian:RevengeProtocol","Guardian:Incinerate","Guardian:PolyBeam"],"relics":["Guardian:ModeShifter","Boot","Tiny Chest","Bronze Scales","Shuriken","Empty Cage","downfall:HeartBlessingGreen","Whetstone","MutagenicStrength","Kunai","Bag of Marbles","downfall:HeartBlessingRed","War Paint"],"acts_visited":["Exordium","TheCity"],"potions_floor_usage":[13,16,16,16,23,25,33,33],"damage_taken":[{"damage":16,"enemies":"3 Sentries","floor":2,"turns":12},{"damage":4,"enemies":"Cultist","floor":4,"turns":4},{"damage":5,"enemies":"downfall:FleeingMerchant","floor":5,"turns":4},{"damage":5,"enemies":"Jaw Worm","floor":6,"turns":4},{"damage":0,"enemies":"2 Louse","floor":9,"turns":2},{"damage":3,"enemies":"downfall:FleeingMerchant","floor":10,"turns":4},{"damage":15,"enemies":"Lagavulin","floor":11,"turns":7},{"damage":8,"enemies":"Exordium Thugs","floor":13,"turns":3},{"damage":5,"enemies":"2 Fungi Beasts","floor":14,"turns":3},{"damage":3,"enemies":"Large Slime","floor":15,"turns":4},{"damage":37,"enemies":"downfall:Defect","floor":16,"turns":7},{"damage":3,"enemies":"Shell Parasite","floor":19,"turns":4},{"damage":1,"enemies":"downfall:FleeingMerchant","floor":22,"turns":4},{"damage":16,"enemies":"downfall:Augmenter","floor":23,"turns":8},{"damage":10,"enemies":"Slavers","floor":25,"turns":5},{"damage":11,"enemies":"Cultist and Chosen","floor":27,"turns":4},{"damage":17,"enemies":"3 Cultists","floor":28,"turns":6},{"damage":5,"enemies":"Shelled Parasite and Fungi","floor":29,"turns":4},{"damage":0,"enemies":"downfall:FleeingMerchant","floor":31,"turns":4},{"damage":30,"enemies":"Centurion and Healer","floor":32,"turns":5},{"damage":17,"enemies":"downfall:Watcher","floor":33,"turns":4}],"seed_played":"9212505074479835574","potions_obtained":[{"floor":9,"key":"Fire Potion"},{"floor":11,"key":"SteroidPotion"},{"floor":13,"key":"CultistPotion"},{"floor":14,"key":"SteroidPotion"},{"floor":19,"key":"Guardian:DefensiveModePotion"},{"floor":28,"key":"sneckomod:MuddlingPotion"},{"floor":32,"key":"LiquidMemories"}],"is_trial":false,"path_per_floor":["R","?","?","M","$","M","T","R","M","$","E","R","M","M","M","B",null,"R","M","?","T","$","?","T","E","?","M","M","M","R","$","M","B"],"character_chosen":"GUARDIAN","items_purchased":["Guardian:Gem_Purple","Guardian:Gem_Red","Guardian:Gem_Red","AttackPotion","War Paint","Guardian:Incinerate"],"campfire_rested":2,"item_purchase_floors":[5,10,22,22,31,31],"current_hp_per_floor":[80,64,64,60,55,50,50,50,50,47,32,56,48,43,40,3,80,80,77,77,77,76,60,60,50,50,39,22,17,41,41,11,0,0,0],"gold":42,"neow_bonus":"TRANSFORM_TWO_CARDS","is_daily":false,"chose_seed":false,"campfire_upgraded":2,"win_rate":0.0,"timestamp":1610728218,"path_taken":["R","?","?","?","$","M","T","R","M","?","E","R","M","M","M","BOSS","R","M","?","?","$","?","T","E","?","M","M","M","R","$","M","BOSS"],"items_purchased_type":["Card","Card","Card","Potion","Relic","Card"],"build_version":"2020-12-13","purchased_purges":1,"victory":false,"max_hp_per_floor":[80,80,80,80,80,80,80,80,80,80,80,80,80,80,80,80,80,80,80,80,80,80,80,80,80,80,80,80,80,80,80,80,80,80,80],"card_choices":[{"not_picked":["Guardian:PrimingBeam","Guardian:VentSteam"],"picked":"Guardian:Recover","floor":2},{"not_picked":["Guardian:PrimingBeam","Guardian:WalkerClaw"],"picked":"Guardian:TemporalStrike","floor":4},{"not_picked":["Guardian:RefractedBeam","Guardian:TemporalShield"],"picked":"Guardian:Reroute","floor":5},{"not_picked":["Guardian:RefractedBeam","Guardian:Suspension"],"picked":"Guardian:DonusPower","floor":6},{"not_picked":["Guardian:Gem_Purple","Guardian:BronzeArmor"],"picked":"Guardian:DecasProtection","floor":9},{"not_picked":["Guardian:RollAttack","Guardian:Gem_Fragmented"],"picked":"Guardian:FastForward","floor":10},{"not_picked":["Guardian:VentSteam","Guardian:SpikerProtocol"],"picked":"Guardian:FloatingOrbs","floor":11},{"not_picked":["Guardian:PrimingBeam","Guardian:CrystalBeam"],"picked":"Guardian:TemporalShield","floor":13},{"not_picked":["Guardian:Repulse","Guardian:TemporalStrike"],"picked":"Guardian:Preprogram","floor":14},{"not_picked":["Guardian:Emergency","Guardian:TimeBomb","Guardian:PrimingBeam"],"picked":"SKIP","floor":15},{"not_picked":["Guardian:ExploitGems","Guardian:ConstructionForm"],"picked":"Guardian:RevengeProtocol","floor":16},{"not_picked":["Guardian:Incinerate+1","Guardian:VentSteam"],"picked":"Guardian:DecasProtection+1","floor":19},{"not_picked":["Guardian:Preprogram","Guardian:TemporalStrike+1"],"picked":"Guardian:ShieldCharger","floor":22},{"not_picked":[],"picked":"J.A.X.","floor":23},{"not_picked":["Guardian:PolyBeam","Guardian:PrismaticBarrier"],"picked":"Guardian:AncientConstruct","floor":23},{"not_picked":["Guardian:Orbwalk","Guardian:TimeCapacitor","Guardian:TemporalShield"],"picked":"SKIP","floor":25},{"not_picked":["Guardian:Harden","Guardian:WalkerClaw"],"picked":"Guardian:BronzeOrb","floor":27},{"not_picked":["Guardian:ShieldCharger+1","Guardian:ChargeUp"],"picked":"Guardian:WalkerClaw","floor":28},{"not_picked":["Guardian:BronzeOrb","Guardian:Planning"],"picked":"Guardian:TemporalStrike","floor":29},{"not_picked":["Guardian:ChargeCore+1","Guardian:Reroute"],"picked":"Guardian:RevengeProtocol","floor":31},{"not_picked":["Guardian:Gem_Cyan","Guardian:WalkerClaw"],"picked":"Guardian:PolyBeam","floor":32}],"player_experience":71096,"relics_obtained":[{"floor":2,"key":"Boot"},{"floor":7,"key":"Bronze Scales"},{"floor":11,"key":"Shuriken"},{"floor":21,"key":"Whetstone"},{"floor":23,"key":"MutagenicStrength"},{"floor":24,"key":"Kunai"},{"floor":25,"key":"Bag of Marbles"}],"event_choices":[{"damage_healed":0,"gold_gain":0,"player_choice":"Box","damage_taken":0,"relics_obtained":["Tiny Chest"],"max_hp_gain":0,"max_hp_loss":0,"event_name":"Big Fish","floor":3,"gold_loss":0,"cards_obtained":["Regret"]}],"is_beta":false,"boss_relics":[{"not_picked":["downfall:Hecktoplasm","Philosopher\u0027s Stone"],"picked":"Empty Cage"}],"items_purged_floors":[31],"is_endless":false,"potions_floor_spawned":[9,11,13,14,19,28,32],"killed_by":"downfall:Watcher","ascension_level":1}}