{"host":"s3s7xsmblwiz356v","time":1610752348,"event":{"mods":["AchievementEnabler","BaseMod","Block Reminder","Colored Map","Colored Powertips","Minty Spire (QoL Compilation)"],"gold_per_floor":[113,125,125,125,139,174,174,83,156,220,261,282,318,336,336,432,432,416,416,83,32,45,86,36,50,75,88,111,111,151,164,164,255,255,278,278,278,278,278],"floor_reached":38,"language":"ENG","playtime":4307,"items_purged":["Strike_G"],"score":760,"play_id":"2cada37b-cdd5-4e97-81ad-c4600d33eac0","local_time":"20210115181228","is_ascension_mode":true,"campfire_choices":[{"data":"Crippling Poison","floor":7.0,"key":"SMITH"},{"floor":15.0,"key":"REST"},{"floor":32.0,"key":"REST"}],"circlet_count":0,"master_deck":["AscendersBane","Strike_G","Strike_G","Strike_G","Strike_G+1","Defend_G","Defend_G","Defend_G","Defend_G","Defend_G+1","Survivor","Neutralize","Underhanded Strike","Crippling Poison+1","Backflip","Leg Sweep","Flechettes","Dagger Spray","Dagger Throw","After Image","Tools of the Trade","Acrobatics","Footwork","PiercingWail","Malaise","Trip","Blade Dance","Blade Dance","Heel Hook","Ghostly","Ghostly","Ghostly","Glass Knife","Wraith Form v2"],"relics":["Ring of the Snake","Lizard Tail","Golden Idol","Strawberry","White Beast Statue","Pen Nib","Oddly Smooth Stone","HoveringKite","Omamori","Anchor","Incense Burner","Busted Crown"],"acts_visited":["Exordium","TheCity","TheBeyond"],"potions_floor_usage":[],"damage_taken":[{"damage":6.0,"enemies":"Jaw Worm","floor":1.0,"turns":4.0},{"damage":2.0,"enemies":"Small Slimes","floor":2.0,"turns":5.0},{"damage":0.0,"enemies":"2 Louse","floor":5.0,"turns":4.0},{"damage":19.0,"enemies":"3 Sentries","floor":6.0,"turns":12.0},{"damage":12.0,"enemies":"Gremlin Nob","floor":11.0,"turns":3.0},{"damage":0.0,"enemies":"Looter","floor":12.0,"turns":5.0},{"damage":7.0,"enemies":"Lagavulin","floor":13.0,"turns":6.0},{"damage":0.0,"enemies":"Large Slime","floor":14.0,"turns":3.0},{"damage":14.0,"enemies":"Slime Boss","floor":16.0,"turns":13.0},{"damage":2.0,"enemies":"2 Thieves","floor":18.0,"turns":4.0},{"damage":0.0,"enemies":"Spheric Guardian","floor":22.0,"turns":6.0},{"damage":22.0,"enemies":"Slavers","floor":23.0,"turns":8.0},{"damage":20.0,"enemies":"Centurion and Healer","floor":25.0,"turns":8.0},{"damage":23.0,"enemies":"Cultist and Chosen","floor":27.0,"turns":7.0},{"damage":2.0,"enemies":"Snecko","floor":28.0,"turns":7.0},{"damage":23.0,"enemies":"Book of Stabbing","floor":30.0,"turns":9.0},{"damage":0.0,"enemies":"Shelled Parasite and Fungi","floor":31.0,"turns":8.0},{"damage":21.0,"enemies":"Collector","floor":33.0,"turns":14.0},{"damage":0.0,"enemies":"3 Shapes","floor":35.0,"turns":8.0},{"damage":31,"enemies":"Donu and Deca","floor":38,"turns":8}],"seed_played":"5564086729088753522","potions_obtained":[{"floor":1.0,"key":"PowerPotion"},{"floor":6.0,"key":"ColorlessPotion"},{"floor":11.0,"key":"FearPotion"},{"floor":12.0,"key":"Strength Potion"},{"floor":13.0,"key":"Dexterity Potion"},{"floor":14.0,"key":"Swift Potion"},{"floor":16.0,"key":"AttackPotion"},{"floor":18.0,"key":"GhostInAJar"},{"floor":23.0,"key":"Regen Potion"},{"floor":25.0,"key":"Weak Potion"},{"floor":27.0,"key":"Explosive Potion"},{"floor":28.0,"key":"Regen Potion"},{"floor":30.0,"key":"Explosive Potion"},{"floor":33.0,"key":"SteroidPotion"},{"floor":35.0,"key":"Fire Potion"}],"is_trial":false,"path_per_floor":["M","M","?","?","M","E","R","$","T","?","E","M","E","M","R","B",null,"M","?","$","?","M","E","?","M","T","M","M","?","E","M","R","B",null,"M","?","?","B"],"character_chosen":"THE_SILENT","items_purchased":["Flechettes","FearPotion","PiercingWail","Malaise","Trip","Explosive Potion"],"campfire_rested":2,"item_purchase_floors":[8,8,20,20,20,20],"current_hp_per_floor":[53,51,33,33,33,21,21,21,21,21,9,9,2,2,20,6,47,45,45,45,45,45,23,23,18,18,30,28,28,19,19,28,7,24,24,24,24,0,0],"gold":278,"neow_bonus":"ONE_RARE_RELIC","is_daily":false,"chose_seed":false,"campfire_upgraded":1,"win_rate":0.0,"timestamp":1610752348,"path_taken":["M","M","?","?","M","E","R","$","T","?","E","M","E","M","R","BOSS","M","?","$","?","?","E","?","?","T","M","M","?","E","M","R","BOSS","M","?","?","BOSS"],"items_purchased_type":["Card","Potion","Card","Card","Card","Potion"],"build_version":"2020-12-22","purchased_purges":1,"victory":false,"max_hp_per_floor":[60,60,60,54,54,61,61,61,61,61,61,61,61,61,61,61,61,61,61,61,61,61,61,61,61,61,61,61,30,30,30,30,30,30,30,28,28,28,28],"card_choices":[{"not_picked":["Bouncing Flask","Flying Knee"],"picked":"Underhanded Strike","floor":1.0},{"not_picked":["Expertise","Cloak And Dagger"],"picked":"Crippling Poison","floor":2.0},{"not_picked":["Prepared","Skewer"],"picked":"Backflip","floor":5.0},{"not_picked":["Expertise","Infinite Blades"],"picked":"Leg Sweep","floor":6.0},{"not_picked":["Backflip","Poisoned Stab"],"picked":"Dagger Spray","floor":11.0},{"not_picked":["Concentrate","Poisoned Stab"],"picked":"Dagger Throw","floor":12.0},{"not_picked":["All Out Attack","Poisoned Stab","Acrobatics"],"picked":"SKIP","floor":13.0},{"not_picked":["Backflip","Distraction"],"picked":"After Image","floor":14.0},{"not_picked":["Night Terror","Phantasmal Killer"],"picked":"Tools of the Trade","floor":16.0},{"not_picked":["Deflect","Cloak And Dagger"],"picked":"Acrobatics","floor":18.0},{"not_picked":["Quick Slash","Bane","Flying Knee"],"picked":"SKIP","floor":22.0},{"not_picked":["Bane","A Thousand Cuts","Catalyst"],"picked":"SKIP","floor":23.0},{"not_picked":["Acrobatics","Flechettes"],"picked":"Blade Dance","floor":25.0},{"not_picked":["Riddle With Holes","Underhanded Strike"],"picked":"Blade Dance","floor":27.0},{"not_picked":["Catalyst","Bane"],"picked":"Heel Hook","floor":28.0},{"not_picked":["Bouncing Flask","Crippling Poison","Caltrops"],"picked":"SKIP","floor":30.0},{"not_picked":["Quick Slash","Crippling Poison"],"picked":"Glass Knife","floor":31.0},{"not_picked":["Grand Finale","Night Terror"],"picked":"Wraith Form v2","floor":33.0},{"not_picked":["Underhanded Strike"],"picked":"SKIP","floor":35.0}],"player_experience":424896,"relics_obtained":[{"floor":6.0,"key":"Strawberry"},{"floor":9.0,"key":"White Beast Statue"},{"floor":11.0,"key":"Pen Nib"},{"floor":13.0,"key":"Oddly Smooth Stone"},{"floor":23.0,"key":"Anchor"},{"floor":30.0,"key":"Incense Burner"}],"event_choices":[{"damage_healed":0.0,"max_hp_gain":0.0,"max_hp_loss":0.0,"gold_gain":0.0,"event_name":"Shining Light","player_choice":"Entered Light","floor":3.0,"gold_loss":0.0,"damage_taken":18.0,"cards_upgraded":["Defend_G","Strike_G"]},{"damage_healed":0.0,"max_hp_gain":0.0,"max_hp_loss":6.0,"gold_gain":0.0,"event_name":"Golden Idol","player_choice":"Lose Max HP","floor":4.0,"gold_loss":0.0,"damage_taken":0.0,"relics_obtained":["Golden Idol"]},{"damage_healed":0.0,"max_hp_gain":0.0,"max_hp_loss":0.0,"gold_gain":64.0,"event_name":"Golden Wing","player_choice":"Gained Gold","floor":10.0,"gold_loss":0.0,"damage_taken":0.0},{"damage_healed":0.0,"max_hp_gain":0.0,"max_hp_loss":0.0,"gold_gain":0.0,"event_name":"The Library","player_choice":"Read","floor":19.0,"gold_loss":0.0,"damage_taken":0.0,"cards_obtained":["Footwork"]},{"damage_healed":0.0,"max_hp_gain":0.0,"max_hp_loss":0.0,"gold_gain":0.0,"event_name":"WeMeetAgain","player_choice":"Paid Gold","floor":21.0,"gold_loss":51.0,"damage_taken":0.0,"relics_obtained":["Omamori"]},{"damage_healed":0.0,"max_hp_gain":0.0,"max_hp_loss":0.0,"gold_gain":0.0,"event_name":"The Joust","player_choice":"Bet on Murderer","floor":24.0,"gold_loss":50.0,"damage_taken":0.0},{"damage_healed":0.0,"max_hp_gain":0.0,"max_hp_loss":31.0,"gold_gain":0.0,"event_name":"Ghosts","player_choice":"Became a Ghost","floor":29.0,"gold_loss":0.0,"damage_taken":0.0,"cards_obtained":["Ghostly","Ghostly","Ghostly"]},{"damage_healed":0.0,"max_hp_gain":0.0,"max_hp_loss":2.0,"gold_gain":0.0,"event_name":"Winding Halls","player_choice":"Max HP","floor":36.0,"gold_loss":0.0,"damage_taken":0.0},{"damage_healed":0.0,"max_hp_gain":0.0,"max_hp_loss":0.0,"gold_gain":0.0,"event_name":"SecretPortal","player_choice":"Took Portal","floor":37.0,"gold_loss":0.0,"damage_taken":0.0}],"is_beta":false,"boss_relics":[{"not_picked":["Fusion Hammer","SlaversCollar"],"picked":"HoveringKite"},{"not_picked":["Black Star","WristBlade"],"picked":"Busted Crown"}],"items_purged_floors":[20],"is_endless":false,"potions_floor_spawned":[1,6,11,12,13,14,16,18,22,23,25,27,28,30,31,33,35],"killed_by":"Donu and Deca","ascension_level":15}}