{"host":"0m7uut7ws4kj19nt","time":1610723380,"event":{"mods":["AchievementEnabler","BaseMod","Downfall","Minty Spire (QoL Compilation)","Replay The Spire","StSLib"],"gold_per_floor":[99,111,122,179,196,228,228,228,239,258,358,370,389,13,25,124,124,124,138,157,257,67,87,87,87,104,118,133,133,133,162,182,278,278,203,214,295,309,97,116,194,210,60,94,110,142,142,152,166,166],"floor_reached":51,"language":"ENG","playtime":3948,"items_purged":["Guardian:Defend_Guardian","Guardian:Strike_Guardian"],"score":739,"play_id":"0448e9a9-e8c8-4cc6-9e20-12c68ff1848b","local_time":"20210115220940","is_ascension_mode":false,"campfire_choices":[{"data":"Guardian:TwinSlam","floor":1.0,"key":"SMITH"},{"data":"Guardian:Harden","floor":8.0,"key":"SMITH"},{"floor":18.0,"key":"DIG"},{"data":"Guardian:Orbwalk","floor":29.0,"key":"SMITH"},{"floor":35.0,"key":"RECALL"},{"data":"Guardian:BaubleBeam","floor":43.0,"key":"SMITH"},{"floor":47.0,"key":"REST"}],"circlet_count":0,"master_deck":["Guardian:Strike_Guardian+1","Guardian:Strike_Guardian","Guardian:Strike_Guardian","Guardian:Defend_Guardian+1","Guardian:CurlUp","Guardian:TwinSlam+1","Guardian:SpikerProtocol","Guardian:Harden+1","Guardian:Incinerate","Guardian:Suspension","Guardian:RollAttack","Guardian:DecasProtection","Guardian:Emergency","Guardian:Clone","Guardian:PrismaticBeam","Guardian:RevengeProtocol","Guardian:SpikerProtocol+1","Guardian:PiercingHide","Guardian:RollAttack","Guardian:PrismaticBeam","Guardian:EvasiveProtocol+1","Guardian:Orbwalk+1","Guardian:CrystalBeam+1","Guardian:MultiBeam+1","Guardian:Reroute","Guardian:BaubleBeam","AbeCurse","Guardian:Reroute+1","Guardian:ShieldSpikes","Guardian:BaubleBeam+1","champ:VampiricStrike","Discovery"],"relics":["Guardian:ModeShifter","HornCleat","Guardian:SackOfGems","Centennial Puzzle","Ice Cream","Philosopher\u0027s Stone","Bottled Tornado","Toy Ornithopter","Replay:WaspNest","Regal Pillow","Abe\u0027s Treasure","downfall:HeartBlessingGreen","ReplayTheSpireMod:Lightbulb","PrismaticShard","downfall:HeartBlessingBlue","downfall:HeartBlessingRed","Guardian:PickAxe","Simple Rune"],"acts_visited":["Exordium","TheCity","TheBeyond"],"potions_floor_usage":[50],"damage_taken":[{"damage":2.0,"enemies":"Small Slimes","floor":2.0,"turns":4.0},{"damage":0.0,"enemies":"2 Louse","floor":3.0,"turns":2.0},{"damage":24.0,"enemies":"3 Sentries","floor":4.0,"turns":8.0},{"damage":0.0,"enemies":"Cultist","floor":5.0,"turns":4.0},{"damage":15.0,"enemies":"3 Sentries","floor":6.0,"turns":10.0},{"damage":6.0,"enemies":"Red Slaver","floor":9.0,"turns":3.0},{"damage":0.0,"enemies":"Blue Slaver","floor":10.0,"turns":3.0},{"damage":1.0,"enemies":"3 Louse","floor":12.0,"turns":3.0},{"damage":1.0,"enemies":"2 Fungi Beasts","floor":13.0,"turns":4.0},{"damage":0.0,"enemies":"downfall:FleeingMerchant","floor":14.0,"turns":4.0},{"damage":3.0,"enemies":"Blue Slaver","floor":15.0,"turns":2.0},{"damage":9.0,"enemies":"downfall:Watcher","floor":16.0,"turns":10.0},{"damage":0.0,"enemies":"Shell Parasite","floor":19.0,"turns":4.0},{"damage":4.0,"enemies":"3 Cultists","floor":20.0,"turns":5.0},{"damage":5.0,"enemies":"downfall:LadyInBlue","floor":21.0,"turns":9.0},{"damage":0.0,"enemies":"downfall:FleeingMerchant","floor":22.0,"turns":4.0},{"damage":10.0,"enemies":"Centurion and Healer","floor":23.0,"turns":5.0},{"damage":7.0,"enemies":"Cultist and Chosen","floor":26.0,"turns":5.0},{"damage":10.0,"enemies":"Shelled Parasite and Fungi","floor":27.0,"turns":4.0},{"damage":11.0,"enemies":"Snake Plant","floor":28.0,"turns":2.0},{"damage":10.0,"enemies":"Gremlin Leader","floor":31.0,"turns":6.0},{"damage":6.0,"enemies":"Chosen and Byrds","floor":32.0,"turns":3.0},{"damage":12.0,"enemies":"downfall:Defect","floor":33.0,"turns":7.0},{"damage":4.0,"enemies":"3 Darklings","floor":36.0,"turns":2.0},{"damage":14.0,"enemies":"3 Shapes","floor":38.0,"turns":2.0},{"damage":0.0,"enemies":"downfall:FleeingMerchant","floor":39.0,"turns":4.0},{"damage":9.0,"enemies":"Maw","floor":40.0,"turns":8.0},{"damage":9.0,"enemies":"Spire Growth","floor":42.0,"turns":4.0},{"damage":36.0,"enemies":"Nemesis","floor":44.0,"turns":6.0},{"damage":6.0,"enemies":"4 Shapes","floor":45.0,"turns":2.0},{"damage":3.0,"enemies":"Reptomancer","floor":46.0,"turns":5.0},{"damage":27.0,"enemies":"Transient","floor":48.0,"turns":5.0},{"damage":15,"enemies":"Jaw Worm Horde","floor":49,"turns":4},{"damage":27,"enemies":"downfall:Ironclad","floor":50,"turns":12}],"seed_played":"-4620246978661429967","potions_obtained":[{"floor":2.0,"key":"Ancient Potion"},{"floor":3.0,"key":"Block Potion"},{"floor":6.0,"key":"ColorlessPotion"},{"floor":15.0,"key":"Regen Potion"},{"floor":16.0,"key":"CultistPotion"},{"floor":20.0,"key":"ColorlessPotion"},{"floor":21.0,"key":"Fire Potion"},{"floor":21.0,"key":"champ:CounterPotion"},{"floor":27.0,"key":"PowerPotion"},{"floor":28.0,"key":"DuplicationPotion"},{"floor":31.0,"key":"BlessingOfTheForge"},{"floor":32.0,"key":"Weak Potion"},{"floor":38.0,"key":"Adrenaline Potion"},{"floor":44.0,"key":"LiquidMemories"},{"floor":46.0,"key":"Strength Potion"},{"floor":48.0,"key":"SkillPotion"}],"is_trial":false,"path_per_floor":["R","M","M","?","M","E","T","R","M","M","?","M","M","$","M","B",null,"R","M","M","?","$","M","T","?","M","M","M","R","?","E","M","B",null,"R","M","?","M","$","M","T","M","R","E","M","E","R","M","M","B",null],"character_chosen":"GUARDIAN","items_purchased":["Ice Cream","Guardian:Gem_Crimson","Guardian:Gem_Lightblue","PrismaticShard"],"campfire_rested":1,"item_purchase_floors":[14,22,39,39],"current_hp_per_floor":[88,86,86,62,62,47,47,47,41,41,41,40,39,39,36,42,88,88,88,84,79,79,74,74,74,67,62,56,56,56,51,45,38,88,88,84,84,70,70,61,61,57,67,31,25,27,71,61,46,24],"gold":166,"neow_bonus":"TEN_PERCENT_HP_BONUS","is_daily":false,"chose_seed":false,"campfire_upgraded":4,"win_rate":0.0,"timestamp":1610723380,"path_taken":["R","M","M","?","M","E","T","R","M","M","?","M","M","$","M","BOSS","R","M","M","?","$","?","T","?","M","M","M","R","?","E","M","BOSS","R","M","?","M","$","M","T","M","R","E","M","E","R","M","M","BOSS"],"items_purchased_type":["Relic","Card","Card","Relic"],"build_version":"2020-12-22","purchased_purges":2,"victory":true,"max_hp_per_floor":[88,88,88,88,88,88,88,88,88,88,88,88,88,88,88,88,88,88,88,88,88,88,88,88,88,88,88,88,88,88,88,88,88,88,88,88,88,88,88,88,88,88,98,98,98,98,98,98,98,98],"card_choices":[{"not_picked":["Guardian:Gem_Lightblue","Guardian:Clone"],"picked":"Guardian:SpikerProtocol","floor":2.0},{"not_picked":["Guardian:TemporalStrike","Guardian:Preprogram"],"picked":"Guardian:Harden","floor":3.0},{"not_picked":["Guardian:PrimingBeam","Guardian:DonusPower"],"picked":"Guardian:Gem_Cyan","floor":4.0},{"not_picked":["Guardian:Harden","Guardian:Suspension","Guardian:BronzeOrb"],"picked":"SKIP","floor":5.0},{"not_picked":["Guardian:PiercingHide","Guardian:WalkerClaw"],"picked":"Guardian:Incinerate","floor":6.0},{"not_picked":["Guardian:Gem_Lightblue","Guardian:Gem_Red"],"picked":"Guardian:Suspension","floor":9.0},{"not_picked":["Guardian:Incinerate","Guardian:GatlingBeam"],"picked":"Guardian:RollAttack","floor":10.0},{"not_picked":["Guardian:RefractedBeam","Guardian:PrimingBeam"],"picked":"Guardian:DecasProtection","floor":12.0},{"not_picked":["Guardian:PrimingBeam","Guardian:ChargeUp"],"picked":"Guardian:Emergency","floor":13.0},{"not_picked":["Guardian:Gem_Blue","Guardian:WalkerClaw"],"picked":"Guardian:Clone","floor":14.0},{"not_picked":["Guardian:TemporalShield","Guardian:DecasProtection"],"picked":"Guardian:PrismaticBeam","floor":15.0},{"not_picked":["Guardian:AncientConstruct","Guardian:TimeSifter"],"picked":"Guardian:RevengeProtocol","floor":16.0},{"not_picked":["Guardian:Gem_Cyan","Guardian:RefractedBeam+1"],"picked":"Guardian:SpikerProtocol+1","floor":19.0},{"not_picked":["Guardian:VentSteam","Guardian:CrystalBeam"],"picked":"Guardian:PiercingHide","floor":20.0},{"not_picked":["Guardian:ChargeCore+1","Guardian:Gem_Cyan"],"picked":"Guardian:Gem_Red","floor":21.0},{"not_picked":["Guardian:Incinerate","Guardian:TemporalShield"],"picked":"Guardian:RollAttack","floor":22.0},{"not_picked":["Guardian:VentSteam","Guardian:ArmoredProtocol"],"picked":"Guardian:PrismaticBeam","floor":23.0},{"not_picked":["Guardian:SphericShield","Guardian:DecasProtection"],"picked":"Guardian:EvasiveProtocol+1","floor":26.0},{"not_picked":["Guardian:Gem_Lightblue","Guardian:TemporalStrike+1"],"picked":"Guardian:Orbwalk","floor":27.0},{"not_picked":["Guardian:Preprogram","Guardian:Gem_Cyan"],"picked":"Guardian:CrystalBeam+1","floor":28.0},{"not_picked":["Guardian:ConstructionForm","Guardian:Incinerate"],"picked":"Guardian:MultiBeam+1","floor":31.0},{"not_picked":["Guardian:TemporalShield","Guardian:DecasProtection"],"picked":"Guardian:Reroute","floor":32.0},{"not_picked":["Guardian:SphericShield","Guardian:FierceBash"],"picked":"Guardian:BaubleBeam","floor":33.0},{"not_picked":["Guardian:Planning","Guardian:PrismaticBarrier+1"],"picked":"Guardian:Reroute+1","floor":36.0},{"not_picked":["Guardian:Reroute","Guardian:ChargeCore"],"picked":"Guardian:Gem_Cyan","floor":37.0},{"not_picked":["Guardian:PrimingBeam","Guardian:Reroute"],"picked":"Guardian:ShieldSpikes","floor":38.0},{"not_picked":["Guardian:Reroute","Guardian:Suspension+1"],"picked":"Guardian:BaubleBeam","floor":39.0},{"not_picked":["hexamod:SpectersWail","FTL+1"],"picked":"Guardian:Gem_Cyan","floor":40.0},{"not_picked":["Clothesline+1","Slimebound:ComboTackle+1","Flex"],"picked":"SKIP","floor":42.0},{"not_picked":["Slimebound:SplitMire+1","Tactician+1"],"picked":"champ:VampiricStrike","floor":44.0},{"not_picked":["expansioncontent:Sear","sneckomod:UnknownVulnerable+1","ReplayTheSpireMod:Limb From Limb+1"],"picked":"SKIP","floor":45.0},{"not_picked":["Finisher","ReplayTheSpireMod:LeadingStrike+1"],"picked":"Discovery","floor":46.0},{"not_picked":["Slimebound:SlimeTap","Deadly Poison+1","champ:CrookedStrike+1"],"picked":"SKIP","floor":48.0},{"not_picked":["Blade Dance","Deadly Poison+1","Body Slam"],"picked":"SKIP","floor":49}],"player_experience":132862,"relics_obtained":[{"floor":4.0,"key":"HornCleat"},{"floor":6.0,"key":"Guardian:SackOfGems"},{"floor":7.0,"key":"Centennial Puzzle"},{"floor":18.0,"key":"Bottled Tornado"},{"floor":21.0,"key":"Toy Ornithopter"},{"floor":24.0,"key":"Replay:WaspNest"},{"floor":31.0,"key":"Regal Pillow"},{"floor":37.0,"key":"ReplayTheSpireMod:Lightbulb"},{"floor":44.0,"key":"Guardian:PickAxe"},{"floor":46.0,"key":"Simple Rune"}],"event_choices":[],"is_beta":false,"boss_relics":[{"not_picked":["Snecko Heart","SacredBark"],"picked":"Philosopher\u0027s Stone"},{"not_picked":["Ring of Chaos","ReplayTheSpireMod:DimensionalGlitch"],"picked":"Abe\u0027s Treasure"}],"items_purged_floors":[14,22],"is_endless":false,"potions_floor_spawned":[2,3,6,9,10,15,16,20,27,28,31,32,38,40,44,46,48,49],"ascension_level":0}}