{"host":"s7f8yj5urueb7fy1","time":1610691960,"event":{"mods":["Act Like it!","Bard","BaseMod","Better Third Choice","Conspire","Downfall","Hallownest","Minty Spire (QoL Compilation)","Replay The Spire","Shop Mod","Somnambulant","StSLib","The Bug Knight","The Cursed","The Factory","The Hierophant","The Jungle","TheFirefly","Wandering Minibosses"],"gold_per_floor":[99,99,134,134,134,134,134,176,195,195,195,219,219,46,68,176,176,176,203,203,203,229,263,288,288,138,1,14,14,14,82,132,230,230,155,171,171,271,327,83,83,173,173,190,207,207,207,225,237,237,237,269,12,12,12],"floor_reached":56,"language":"ENG","playtime":6975,"items_purged":["conspire:Blindness","Shame"],"score":1406,"play_id":"a5b0d792-2f5a-4f19-ac90-5106f78a551b","local_time":"20210114222600","is_ascension_mode":false,"campfire_choices":[{"floor":1,"key":"DIG"},{"data":"hexamod:StepThrough","floor":10,"key":"SMITH"},{"data":"hexamod:GhostflameInferno","floor":13,"key":"SMITH"},{"data":"hexamod:SkipABeat","floor":18,"key":"SMITH"},{"floor":26,"key":"RECALL"},{"data":"expansioncontent:StudyTheSpire","floor":29,"key":"SMITH"},{"data":"hexamod:HexaLevel","floor":35,"key":"SMITH"},{"data":"hexamod:HexaLevel","floor":43,"key":"SMITH"},{"data":"hexamod:ParanormalForm","floor":47,"key":"SMITH"},{"data":"hexamod:EmpoweringStance","floor":54,"key":"SMITH"}],"circlet_count":0,"master_deck":["hexamod:Strike","hexamod:Strike","hexamod:Strike","hexamod:Defend","hexamod:Defend","hexamod:Defend","hexamod:Defend+1","hexamod:Sear","hexamod:Float","hexamod:WildfireWeapon","hexamod:StepThrough+1","hexamod:ShieldOfDarkness","hexamod:AdvancingGuard","hexamod:GhostflameInferno+1","hexamod:EmpoweredFlame","hexamod:EmpoweredFlame+1","hexamod:Again","hexamod:InspiringFlames","hexamod:Hexaguard","hexamod:SkipABeat+1","hexamod:HexaLevel+1","hexamod:WildfireWeapon","hexamod:ShieldOfDarkness","hexamod:EmpoweringStance+1","hexamod:AdvancingGuard+1","hexamod:SwordOfDarkness","hexamod:TimeWarp","hexamod:FastForward+1","expansioncontent:StudyTheSpire+1","hexamod:EmpoweredFlame","hexamod:FastForward+1","hexamod:GhostLash+1","wanderingMiniBosses:FinaleOfPromise","hexamod:HexaLevel+1","hexamod:RainOfEmbers+1","hexamod:NightmareStrike","hexamod:ParanormalForm+1","hexamod:PhantomFireball","hexamod:GhostShield","hexamod:Sear","expansioncontent:GuardianWhirl","hexamod:ExtraCrispy+1","hexamod:Hexaguard+1","hexamod:PhantomCloak","hexamod:RainOfEmbers","hexamod:ShieldOfDarkness","hexamod:HauntingEcho+1","hexamod:StepThrough","hexamod:HauntingEcho","hexamod:GhostOfSpireFuture+1","hexamod:HauntingEcho+1"],"relics":["hexamod:SpiritBrand","downfall:HeartsMalice","hexamod:MatchstickCase","Replay:Wax Seal","Ring of Fury","ReplayTheSpireMod:Ring of Sloth","Iron Hammer","Art of War","ChewingGum","Pen Nib","Blood Vial","hexamod:TheBrokenSeal","Garlic","downfall:KnowingSkull","downfall:HeartBlessingGreen","downfall:HeartBlessingBlue","Lantern","wanderingMiniBosses:Blackblade","SlaversCollar","downfall:HeartBlessingRed","Quantum Egg","downfall:GremlinSack","HollowMod:JonisBlessing","Bottled Lightning","Frozen Egg 2","Replay:Baseball","Toy Ornithopter","Replay:Rubber Ducky"],"acts_visited":["Exordium","TheCity","TheBeyond","TheEnding"],"potions_floor_usage":[22,33,55,55],"damage_taken":[{"damage":0,"enemies":"Jaw Worm","floor":2,"turns":1},{"damage":0,"enemies":"conspire:MimicChest","floor":3,"turns":1},{"damage":0,"enemies":"Small Slimes","floor":6,"turns":1},{"damage":11,"enemies":"Gremlin Nob","floor":8,"turns":4},{"damage":0,"enemies":"2 Louse","floor":9,"turns":2},{"damage":5,"enemies":"2 Fungi Beasts","floor":12,"turns":7},{"damage":0,"enemies":"downfall:FleeingMerchant","floor":14,"turns":4},{"damage":0,"enemies":"3 Louse","floor":15,"turns":3},{"damage":8,"enemies":"downfall:Watcher","floor":16,"turns":8},{"damage":15,"enemies":"3 Byrds","floor":19,"turns":5},{"damage":8,"enemies":"Shell Parasite","floor":22,"turns":6},{"damage":24,"enemies":"HollowMod:Nosk","floor":23,"turns":7},{"damage":3,"enemies":"downfall:FleeingMerchant","floor":27,"turns":4},{"damage":1,"enemies":"Cultist and Chosen","floor":28,"turns":5},{"damage":22,"enemies":"Gremlin Leader","floor":31,"turns":6},{"damage":23,"enemies":"Centurion and Healer","floor":32,"turns":8},{"damage":10,"enemies":"downfall:Ironclad","floor":33,"turns":5},{"damage":2,"enemies":"Orb Walker","floor":36,"turns":3},{"damage":1,"enemies":"Orb Walker","floor":38,"turns":2},{"damage":3,"enemies":"3 Shapes","floor":39,"turns":3},{"damage":3,"enemies":"downfall:FleeingMerchant","floor":40,"turns":2},{"damage":0,"enemies":"Maw","floor":44,"turns":5},{"damage":0,"enemies":"Writhing Mass","floor":45,"turns":4},{"damage":0,"enemies":"Jaw Worm Horde","floor":48,"turns":2},{"damage":0,"enemies":"Spire Growth","floor":49,"turns":3},{"damage":0,"enemies":"downfall:Silent","floor":50,"turns":5},{"damage":2,"enemies":"downfall:CharBossMerchant","floor":52,"turns":7},{"damage":0,"enemies":"downfall:NeowBoss","floor":55,"turns":23}],"seed_played":"-5915278020927950079","potions_obtained":[{"floor":9,"key":"ColorlessPotion"},{"floor":12,"key":"SteroidPotion"},{"floor":16,"key":"BlessingOfTheForge"},{"floor":19,"key":"sneckomod:MuddlingPotion"},{"floor":22,"key":"FairyPotion"},{"floor":28,"key":"Flashbang"},{"floor":31,"key":"Strength Potion"},{"floor":39,"key":"Venom Potion"},{"floor":44,"key":"Fire Potion"},{"floor":46,"key":"Guardian:BlockOnCardUsePotion"}],"is_trial":false,"path_per_floor":["R","M","?","?","?","M","T","E","M","R","?","M","R","$","M","B",null,"R","M","?","?","M","E","T","?","R","$","M","R","?","E","M","B",null,"R","M","?","?","M","$","T","?","R","M","M","?","R","M","M","B",null,"E","$","R","B",null],"character_chosen":"THE_SPIRIT","items_purchased":["hexamod:EmpoweredFlame","hexamod:Again","hexamod:InspiringFlames","expansioncontent:StudyTheSpire","hexamod:PhantomCloak","hexamod:RainOfEmbers","hexamod:ShieldOfDarkness","HollowMod:JonisBlessing","Bottled Lightning","Replay:Rubber Ducky"],"campfire_rested":0,"item_purchase_floors":[14,14,14,27,40,40,40,40,40,53],"current_hp_per_floor":[70,70,70,70,70,70,70,59,59,59,59,54,54,54,54,46,70,70,55,55,55,49,80,80,73,83,82,83,83,83,63,42,34,90,90,88,88,89,87,86,86,64,64,64,64,64,64,64,64,64,94,92,92,92,92],"gold":12,"neow_bonus":"THREE_ENEMY_KILL","is_daily":false,"chose_seed":false,"campfire_upgraded":8,"win_rate":0.0,"timestamp":1610691960,"path_taken":["R","M","?","?","?","M","T","E","M","R","?","M","R","$","M","BOSS","R","M","?","?","M","E","T","?","R","$","?","R","?","E","M","BOSS","R","M","?","?","?","$","T","?","R","?","M","?","R","M","M","BOSS","E","$","R","BOSS"],"items_purchased_type":["Card","Card","Card","Card","Card","Card","Card","Relic","Relic","Relic"],"build_version":"2020-12-22","purchased_purges":2,"victory":true,"max_hp_per_floor":[70,70,70,70,70,70,70,70,70,70,70,70,70,70,70,70,70,70,70,70,70,70,80,80,80,90,90,90,90,90,90,90,90,90,90,90,90,90,90,90,90,90,90,92,92,92,92,92,92,94,94,94,94,94,96],"card_choices":[{"not_picked":["hexamod:AdvancingGuard","hexamod:SkipABeat"],"picked":"hexamod:SecondSeal","floor":2},{"not_picked":["hexamod:StepThrough","hexamod:BurningTouch"],"picked":"hexamod:FastForward","floor":3},{"not_picked":["hexamod:SpectersWail","hexamod:GhostflameBarrier"],"picked":"hexamod:WildfireWeapon","floor":6},{"not_picked":["hexamod:GhostOfSpirePresent","hexamod:HeatShield"],"picked":"hexamod:StepThrough","floor":8},{"not_picked":["hexamod:Hexaguard","hexamod:GhostLash"],"picked":"hexamod:ShieldOfDarkness","floor":9},{"not_picked":["hexamod:NightmareStrike","hexamod:BurningTouch"],"picked":"hexamod:AdvancingGuard","floor":12},{"not_picked":["hexamod:GhostShield","hexamod:InspiringFlames"],"picked":"hexamod:GhostflameInferno","floor":12},{"not_picked":["hexamod:GhostLash","hexamod:RadiantFlame"],"picked":"hexamod:EmpoweredFlame","floor":14},{"not_picked":["hexamod:Again","hexamod:InspiringFlames"],"picked":"hexamod:FifthSeal","floor":14},{"not_picked":["hexamod:ExtraCrispy","hexamod:DynamicBlow"],"picked":"hexamod:Hexaguard","floor":15},{"not_picked":["hexamod:HauntingEcho","hexamod:RetreatToShadows"],"picked":"hexamod:SkipABeat","floor":15},{"not_picked":["hexamod:FourthSeal","hexamod:ThirdSeal"],"picked":"hexamod:SixthSeal","floor":16},{"not_picked":["hexamod:VolcanoVisage","hexamod:CrushingStance"],"picked":"hexamod:HexaLevel","floor":16},{"not_picked":["hexamod:TurnItUp","hexamod:FifthSeal"],"picked":"hexamod:WildfireWeapon","floor":16},{"not_picked":["hexamod:Again","hexamod:NightmareGuise"],"picked":"hexamod:ShieldOfDarkness","floor":19},{"not_picked":["hexamod:FirstSeal","hexamod:SixthSeal"],"picked":"hexamod:FourthSeal","floor":19},{"not_picked":["hexamod:FastForward","hexamod:HauntingEcho"],"picked":"hexamod:EmpoweringStance","floor":19},{"not_picked":["hexamod:ThirdSeal","hexamod:SecondSeal"],"picked":"hexamod:FirstSeal","floor":22},{"not_picked":["hexamod:SkipABeat+1","hexamod:FirstSeal"],"picked":"hexamod:AdvancingGuard","floor":22},{"not_picked":["hexamod:AdvancingGuard","hexamod:DynamicBlow"],"picked":"hexamod:SwordOfDarkness","floor":22},{"not_picked":["hexamod:ThermalTransfer","hexamod:InspiringFlames"],"picked":"hexamod:TimeWarp","floor":23},{"not_picked":["hexamod:Firestarter","hexamod:GhostOfSpirePast"],"picked":"hexamod:FastForward+1","floor":27},{"not_picked":["hexamod:ExtraCrispy","hexamod:ShieldOfDarkness"],"picked":"hexamod:EmpoweredFlame","floor":28},{"not_picked":["hexamod:StepThrough","hexamod:NightmareGuise"],"picked":"hexamod:FastForward+1","floor":31},{"not_picked":["hexamod:ThermalTransfer","hexamod:FastForward"],"picked":"hexamod:GhostLash+1","floor":32},{"not_picked":[],"picked":"wanderingMiniBosses:FinaleOfPromise","floor":32},{"not_picked":["hexamod:WildfireWeapon","hexamod:UnleashSpirits"],"picked":"hexamod:HexaLevel","floor":33},{"not_picked":["hexamod:ThermalTransfer+1","hexamod:Firestarter"],"picked":"hexamod:RainOfEmbers+1","floor":36},{"not_picked":["hexamod:ExtraCrispy","hexamod:RetreatToShadows+1"],"picked":"hexamod:NightmareStrike","floor":38},{"not_picked":["hexamod:SkipABeat+1","hexamod:NecessarySacrifice"],"picked":"hexamod:ExtraCrispy+1","floor":39},{"not_picked":["hexamod:BacktrackSmack+1","hexamod:GhostflameInferno"],"picked":"hexamod:Hexaguard+1","floor":40},{"not_picked":["hexamod:FastForward","hexamod:BurningTouch+1"],"picked":"hexamod:HauntingEcho+1","floor":42},{"not_picked":["hexamod:BurningTouch","hexamod:RetreatToShadows","hexamod:SpectralAdrenaline"],"picked":"SKIP","floor":44},{"not_picked":["hexamod:BurningTouch+1","hexamod:NightmareGuise+1"],"picked":"hexamod:StepThrough","floor":45},{"not_picked":["hexamod:InspiringFlames","hexamod:GhostShield"],"picked":"hexamod:HauntingEcho","floor":48},{"not_picked":["hexamod:FirstSeal","hexamod:ShieldOfDarkness+1"],"picked":"hexamod:GhostOfSpireFuture+1","floor":49},{"not_picked":["hexamod:BurningTouch","hexamod:RainOfEmbers+1"],"picked":"hexamod:HauntingEcho+1","floor":52}],"player_experience":397064,"relics_obtained":[{"floor":1,"key":"hexamod:MatchstickCase"},{"floor":3,"key":"Replay:Wax Seal"},{"floor":5,"key":"Ring of Fury"},{"floor":5,"key":"ReplayTheSpireMod:Ring of Sloth"},{"floor":7,"key":"Iron Hammer"},{"floor":8,"key":"Art of War"},{"floor":23,"key":"Garlic"},{"floor":31,"key":"Lantern"},{"floor":32,"key":"wanderingMiniBosses:Blackblade"},{"floor":37,"key":"Quantum Egg"},{"floor":38,"key":"downfall:GremlinSack"},{"floor":41,"key":"Frozen Egg 2"},{"floor":42,"key":"Replay:Baseball"},{"floor":52,"key":"Toy Ornithopter"}],"event_choices":[{"damage_healed":0,"gold_gain":0,"player_choice":"Stole Relic","damage_taken":0,"relics_obtained":["Blood Vial"],"max_hp_gain":0,"max_hp_loss":0,"event_name":"Addict","floor":21,"gold_loss":0,"cards_obtained":["Shame"]},{"damage_healed":0,"gold_gain":0,"player_choice":"Leave","damage_taken":0,"max_hp_gain":0,"max_hp_loss":0,"event_name":"conspire:Investor","floor":30,"gold_loss":0},{"damage_healed":0,"gold_gain":0,"player_choice":"Got Potions","damage_taken":0,"max_hp_gain":0,"max_hp_loss":0,"event_name":"Lab","floor":46,"gold_loss":0}],"is_beta":false,"boss_relics":[{"not_picked":["Replay:Ancient Bell","conspire:SpecialSausage"],"picked":"ChewingGum"},{"not_picked":["Snecko Eye","Black Star"],"picked":"SlaversCollar"}],"items_purged_floors":[40,53],"is_endless":false,"potions_floor_spawned":[9,12,16,19,28,31,32,39,44,45,49],"ascension_level":0}}