{"host":"ibonnlq6s1c814xj","time":1610704346,"event":{"mods":["BaseMod","BetterRewards","Good Game Mod","Minty Spire (QoL Compilation)","Shop Mod","【功能Mod】聪明的最终Boss"],"gold_per_floor":[113,125,135,210,59,85,85,98,124,142,142,155,173,191,191,295,295,307,217,227,238,102,102,134,134,187,207,240,340,340,340,340,436,486,504,504,504,101,111,111,111,28,28,55,55,55,73,88,88,88,88],"floor_reached":50,"language":"ZHS","playtime":2716,"items_purged":["Infinite Blades","Wraith Form v2","Caltrops"],"score":588,"play_id":"b9ecc02d-0fba-4a89-ab74-bf95f2510c2b","local_time":"20210115175226","is_ascension_mode":true,"campfire_choices":[{"floor":7,"key":"REST"},{"data":"Infinite Blades","floor":11,"key":"SMITH"},{"floor":15,"key":"REST"},{"data":"Storm of Steel","floor":23,"key":"SMITH"},{"data":"Well Laid Plans","floor":25,"key":"SMITH"},{"data":"Infinite Blades","floor":32,"key":"SMITH"},{"data":"Phantasmal Killer","floor":40,"key":"SMITH"},{"data":"Blade Dance","floor":46,"key":"SMITH"},{"data":"Blade Dance","floor":49,"key":"SMITH"}],"circlet_count":0,"master_deck":["Survivor","Neutralize","Infinite Blades+1","Blade Dance+1","Blade Dance","Storm of Steel+1","Backflip","Infinite Blades+1","Bullet Time","Footwork+1","Endless Agony","Masterful Stab","Night Terror","Blade Dance+1","Well Laid Plans+1","Blade Dance","Acrobatics","Phantasmal Killer+1","Panache+1","Infinite Blades+1","Parasite"],"relics":["Ring of the Snake","REME:ComplimentaryCards","Ornamental Fan","PreservedInsect","Torii","Medical Kit","Bronze Scales","Boot","MerchantsRug","Nunchaku","Pen Nib","Question Card","FossilizedHelix","Ninja Scroll","Molten Egg 2","Bottled Tornado"],"acts_visited":["Exordium","TheCity","TheBeyond"],"potions_floor_usage":[24,29,29,33,50,50,50],"damage_taken":[{"damage":1,"enemies":"Cultist","floor":1,"turns":5},{"damage":1,"enemies":"Jaw Worm","floor":2,"turns":4},{"damage":0,"enemies":"Small Slimes","floor":3,"turns":4},{"damage":21,"enemies":"Gremlin Nob","floor":6,"turns":4},{"damage":7,"enemies":"3 Louse","floor":8,"turns":3},{"damage":0,"enemies":"Blue Slaver","floor":10,"turns":3},{"damage":1,"enemies":"Exordium Wildlife","floor":12,"turns":4},{"damage":0,"enemies":"3 Louse","floor":13,"turns":2},{"damage":0,"enemies":"Red Slaver","floor":14,"turns":2},{"damage":13,"enemies":"Slime Boss","floor":16,"turns":10},{"damage":0,"enemies":"3 Byrds","floor":18,"turns":2},{"damage":1,"enemies":"Chosen","floor":20,"turns":4},{"damage":24,"enemies":"Shelled Parasite and Fungi","floor":21,"turns":4},{"damage":2,"enemies":"Gremlin Leader","floor":24,"turns":4},{"damage":7,"enemies":"Chosen and Byrds","floor":27,"turns":4},{"damage":12,"enemies":"Book of Stabbing","floor":28,"turns":3},{"damage":17,"enemies":"Colosseum Slavers","floor":29,"turns":3},{"damage":1,"enemies":"Colosseum Nobs","floor":29,"turns":3},{"damage":29,"enemies":"Champ","floor":33,"turns":10},{"damage":0,"enemies":"Orb Walker","floor":35,"turns":3},{"damage":18,"enemies":"3 Shapes","floor":39,"turns":2},{"damage":14,"enemies":"Reptomancer","floor":44,"turns":3},{"damage":0,"enemies":"Maw","floor":47,"turns":5},{"damage":15,"enemies":"Writhing Mass","floor":48,"turns":4},{"damage":25,"enemies":"Donu and Deca","floor":50,"turns":3}],"seed_played":"6957665292616778015","potions_obtained":[{"floor":3,"key":"SteroidPotion"},{"floor":8,"key":"FairyPotion"},{"floor":10,"key":"Block Potion"},{"floor":28,"key":"FearPotion"},{"floor":29,"key":"Energy Potion"},{"floor":33,"key":"DistilledChaos"},{"floor":34,"key":"LiquidBronze"},{"floor":35,"key":"CunningPotion"},{"floor":47,"key":"SteroidPotion"}],"is_trial":false,"path_per_floor":["M","M","M","?","$","E","R","M","T","M","R","M","M","M","R","B",null,"M","?","M","M","$","R","E","R","T","M","E","?","?","?","R","B",null,"M","?","?","$","M","R","T","$","T","E","?","R","M","M","R","B"],"character_chosen":"THE_SILENT","items_purchased":["Ornamental Fan","Infinite Blades","PreservedInsect","Medical Kit","MerchantsRug","Panache+1","Infinite Blades+1","Ninja Scroll"],"campfire_rested":2,"item_purchase_floors":[0,0,0,5,22,38,38,42],"current_hp_per_floor":[37,36,36,29,29,8,29,22,22,22,22,21,21,21,42,29,70,70,70,69,45,45,45,43,43,43,36,24,6,6,6,6,8,75,75,71,71,71,53,53,53,53,53,39,39,39,39,24,24,0,0],"gold":88,"neow_bonus":"","is_daily":false,"chose_seed":false,"campfire_upgraded":7,"win_rate":0.0,"timestamp":1610704346,"path_taken":["M","?","M","?","$","E","R","M","T","M","R","M","?","M","R","BOSS","M","?","?","M","$","R","E","R","T","M","E","?","?","?","R","BOSS","M","?","?","?","M","R","?","$","T","E","?","R","?","M","R","BOSS"],"items_purchased_type":["Relic","Card","Relic","Relic","Relic","Card","Card","Relic"],"build_version":"2020-12-22","purchased_purges":3,"victory":false,"max_hp_per_floor":[70,70,70,70,70,70,70,70,70,70,70,70,70,70,70,70,70,70,70,70,70,70,70,70,70,70,70,70,70,70,70,70,70,75,75,71,71,71,71,71,71,71,71,71,71,71,71,71,71,71,71],"card_choices":[{"not_picked":["Slice","Cloak And Dagger","Skewer"],"picked":"SKIP","floor":1},{"not_picked":["Skewer","Prepared"],"picked":"Blade Dance","floor":2},{"not_picked":["Distraction","Bouncing Flask","Tactician"],"picked":"SKIP","floor":3},{"not_picked":["Eviscerate","Bane","Masterful Stab"],"picked":"SKIP","floor":6},{"not_picked":["Underhanded Strike","Dagger Throw"],"picked":"Blade Dance","floor":8},{"not_picked":["Caltrops","PiercingWail"],"picked":"Storm of Steel","floor":10},{"not_picked":["Skewer","Prepared","Choke"],"picked":"SKIP","floor":12},{"not_picked":["Escape Plan","Acrobatics"],"picked":"Backflip","floor":13},{"not_picked":["Escape Plan","Masterful Stab","Backflip"],"picked":"SKIP","floor":14},{"not_picked":["Dagger Spray+1","Acrobatics","Dash"],"picked":"SKIP","floor":18},{"not_picked":["Deflect","Bane"],"picked":"Blade Dance","floor":20},{"not_picked":["Cloak And Dagger","Glass Knife","Choke"],"picked":"SKIP","floor":21},{"not_picked":["All Out Attack","Deadly Poison"],"picked":"Well Laid Plans","floor":24},{"not_picked":["Dodge and Roll","Footwork+1","Underhanded Strike"],"picked":"SKIP","floor":27},{"not_picked":["Deflect","Concentrate","Acrobatics"],"picked":"SKIP","floor":28},{"not_picked":["Storm of Steel","Wraith Form v2+1","Grand Finale"],"picked":"Phantasmal Killer","floor":33},{"not_picked":["Tactician","Backflip+1","Flying Knee+1","Poisoned Stab+1"],"picked":"SKIP","floor":35},{"not_picked":["Blade Dance","Dodge and Roll","Blur","Flechettes+1"],"picked":"SKIP","floor":39},{"not_picked":["Setup","Cloak And Dagger+1","Calculated Gamble+1","Footwork+1"],"picked":"SKIP","floor":44},{"not_picked":["Leg Sweep","Poisoned Stab+1","Underhanded Strike+1","Outmaneuver+1"],"picked":"SKIP","floor":47},{"not_picked":["Endless Agony+1","Riddle With Holes+1","PiercingWail+1","Backflip"],"picked":"SKIP","floor":48}],"player_experience":221092,"relics_obtained":[{"floor":6,"key":"Bronze Scales"},{"floor":9,"key":"Boot"},{"floor":24,"key":"Nunchaku"},{"floor":26,"key":"Pen Nib"},{"floor":28,"key":"Question Card"},{"floor":29,"key":"FossilizedHelix"},{"floor":29,"key":"Frozen Egg 2"},{"floor":41,"key":"White Beast Statue"},{"floor":43,"key":"Molten Egg 2"},{"floor":44,"key":"Bottled Tornado"}],"event_choices":[{"damage_healed":0,"gold_gain":75,"player_choice":"Touch","damage_taken":7,"max_hp_gain":0,"max_hp_loss":0,"event_name":"FaceTrader","floor":4,"gold_loss":0},{"damage_healed":0,"gold_gain":0,"player_choice":"Fight","damage_taken":0,"max_hp_gain":0,"max_hp_loss":0,"event_name":"Colosseum","floor":29,"gold_loss":0},{"damage_healed":0,"gold_gain":0,"player_choice":"Fought Nobs","damage_taken":0,"max_hp_gain":0,"max_hp_loss":0,"event_name":"Colosseum","floor":29,"gold_loss":0},{"cards_removed":["Wraith Form v2"],"damage_healed":0,"gold_gain":0,"player_choice":"Elegance","damage_taken":0,"max_hp_gain":0,"max_hp_loss":0,"event_name":"Back to Basics","floor":30,"gold_loss":0},{"damage_healed":0,"gold_gain":0,"cards_transformed":["Leg Sweep","Crippling Poison"],"player_choice":"Became Test Subject","damage_taken":0,"max_hp_gain":0,"max_hp_loss":0,"event_name":"Drug Dealer","floor":31,"gold_loss":0,"cards_obtained":["Blade Dance","Acrobatics"]},{"damage_healed":0,"gold_gain":0,"player_choice":"Max HP","damage_taken":0,"max_hp_gain":0,"max_hp_loss":4,"event_name":"Winding Halls","floor":36,"gold_loss":0},{"damage_healed":0,"gold_gain":0,"player_choice":"Ignored","damage_taken":0,"max_hp_gain":0,"max_hp_loss":0,"event_name":"Tomb of Lord Red Mask","floor":37,"gold_loss":0},{"damage_healed":0,"gold_gain":0,"player_choice":"Ignored","damage_taken":0,"max_hp_gain":0,"max_hp_loss":0,"event_name":"SecretPortal","floor":45,"gold_loss":0}],"is_beta":false,"boss_relics":[{"not_picked":["Ring of the Serpent","Snecko Eye"],"picked":"Pandora\u0027s Box"},{"not_picked":["Velvet Choker","HoveringKite"],"picked":"Tiny House"}],"items_purged_floors":[0,22,38],"is_endless":false,"potions_floor_spawned":[3,8,10,13,14,18,21,28,29,33,35,47],"killed_by":"Donu and Deca","ascension_level":1}}