{"host":"htqwg582tjjtn9p7","time":1610718590,"event":{"mods":["2.2 Compatiblity","AchievementEnabler","Act Like it!","Aspiration","BaseMod","Better Third Choice","Colored Map","Conspire","Curses Come First","Displayed Cursed Tome","Energized Spire","Force Act Four","Fox Events","GifTheSpireLib","Hermit","Highlight Path","JesterMod","Mad Scientist","Minty Spire (QoL Compilation)","Pale of the Ancients","Permanent Neow","Random Character Button","Relic Stats","Replay The Spire","Robot Space Explorer","Somnambulant","Spicy Shops","Spikes Relics","StSLib","Stuff the Spire","The Blue Laboratory","The Bug Knight","The Factory","The Forsaken","The Gatherer","The Judge","The Jungle","The Marked","The Runesmith","The Servant 0.9.4","Uncapped"],"gold_per_floor":[119,134,134,134,152,181,181,206,206,236,236,247,37,53,53,125,125,138,153,5,5,18,51,61,92,92,92,124,124,124,137,137,213,213,231,231,78,78,78,78,78,113,192,221,235,235,44,70,70,70,86,103,103,151,151,163,163,17,17,17],"floor_reached":61,"language":"ENG","playtime":3081,"items_purged":["Strike_R"],"score":2559,"play_id":"40d9c7cf-c268-49d9-bfdb-75c7c7ffc281","local_time":"20210115144950","is_ascension_mode":true,"campfire_choices":[{"data":"True Grit","floor":7,"key":"SMITH"},{"floor":11,"key":"REST"},{"data":"Feel No Pain","floor":15,"key":"SMITH"},{"data":"Invigoration","floor":27,"key":"SMITH"},{"data":"StuffTheSpire:RockThrow","floor":29,"key":"SMITH"},{"data":"ReplayTheSpireMod:Strike From Hell","floor":32,"key":"SMITH"},{"data":"Juggernaut","floor":40,"key":"SMITH"},{"data":"Burning Pact","floor":46,"key":"SMITH"},{"data":"Dark Embrace","floor":49,"key":"SMITH"},{"data":"Barricade","floor":55,"key":"SMITH"},{"data":"Madness","floor":57,"key":"SMITH"}],"circlet_count":0,"master_deck":["AscendersBane","Strike_R+1","Defend_R","Defend_R","Defend_R","Defend_R","Eclipse+1","StuffTheSpire:Slingshot+1","Sentinel","ReplayTheSpireMod:Strike From Hell+1","True Grit+1","Flame Barrier","Burning Pact+1","Feel No Pain+1","Invigoration+1","Reaper","Metallicize","Feed","CommonCold","StuffTheSpire:RockThrow+1","Seeing Red+1","Juggernaut+1","Feel No Pain+1","Madness+1","Madness","Feel No Pain","StuffTheSpire:BrainWave","Metallicize","Invigoration+1","Barricade+1","Dark Embrace+1","Immolate","StuffTheSpire:RockThrow+1","Fiend Fire"],"relics":["Burning Blood","SpikesRelics:DaevaFist","ReplayFunnel","StuffTheSpire:Barrel","aspiration:HatOfInfinitePower","conspire:SeveredTorchhead","Ring of Peace","aspiration:FetidBarrel","Replay:Mystery Machine","Kunai","energizedSpire:MagnifyingGlass","Charon\u0027s Ashes","Gremlin Horn","Replay:PocketPolymizer","ShockBauble","Bottled Tornado","StuffTheSpire:Expresso","paleoftheancients:Timepiece","CultistMask","paleoftheancients:SoulOfTheIroncluck","theForsaken:Gavel","Oddly Smooth Stone"],"acts_visited":["Exordium","TheCity","TheBeyond","TheBeyond"],"potions_floor_usage":[5,10,23,23,28,33,35,44,48],"damage_taken":[{"damage":0,"enemies":"Small Slimes","floor":1,"turns":2},{"damage":9,"enemies":"2 Louse","floor":2,"turns":3},{"damage":0,"enemies":"Cultist","floor":5,"turns":4},{"damage":6,"enemies":"Replay:BlueRogue","floor":6,"turns":8},{"damage":15,"enemies":"3 Sentries","floor":8,"turns":6},{"damage":3,"enemies":"Replay:BlueRogue","floor":10,"turns":5},{"damage":0,"enemies":"3 Louse","floor":12,"turns":1},{"damage":0,"enemies":"Red Slaver","floor":14,"turns":6},{"damage":13,"enemies":"Fading Forest","floor":16,"turns":11},{"damage":11,"enemies":"2 Thieves","floor":18,"turns":4},{"damage":8,"enemies":"Shell Parasite","floor":19,"turns":7},{"damage":0,"enemies":"Snake Plant","floor":22,"turns":7},{"damage":52,"enemies":"Gremlin Leader","floor":23,"turns":9},{"damage":2,"enemies":"Snecko","floor":24,"turns":7},{"damage":0,"enemies":"conspire:Head Lice","floor":25,"turns":9},{"damage":0,"enemies":"conspire:SneckoGhost","floor":28,"turns":6},{"damage":0,"enemies":"3 Cultists","floor":31,"turns":5},{"damage":24,"enemies":"Automaton","floor":33,"turns":8},{"damage":0,"enemies":"Orb Walker","floor":35,"turns":4},{"damage":19,"enemies":"R_Hoarder","floor":42,"turns":9},{"damage":1,"enemies":"Reptomancer","floor":44,"turns":5},{"damage":0,"enemies":"3 Shapes","floor":45,"turns":4},{"damage":0,"enemies":"Nemesis","floor":48,"turns":5},{"damage":0,"enemies":"conspire:OrnateMirror","floor":50,"turns":9},{"damage":21,"enemies":"conspire:OrnateMirror","floor":51,"turns":8},{"damage":0,"enemies":"conspire:OrnateMirror","floor":52,"turns":3},{"damage":0,"enemies":"conspire:OrnateMirror","floor":56,"turns":3},{"damage":0,"enemies":"paleoftheancients:N","floor":60,"turns":3}],"seed_played":"5546651313341224579","potions_obtained":[{"floor":2,"key":"Swift Potion"},{"floor":6,"key":"PowerPotion"},{"floor":12,"key":"SpeedPotion"},{"floor":16,"key":"BloodPotion"},{"floor":23,"key":"Death Potion"},{"floor":25,"key":"blueLaboratory:FruitPunch"},{"floor":31,"key":"blueLaboratory:BottleOfRum"},{"floor":33,"key":"BlessingOfTheForge"},{"floor":42,"key":"blueLaboratory:IronCompound"},{"floor":44,"key":"Swift Potion"},{"floor":48,"key":"AttackPotion"},{"floor":51,"key":"blueLaboratory:FruitPunch"}],"is_trial":false,"path_per_floor":["M","M","?","?","M","E","R","E","T","E","R","M","$","M","R","B",null,"M","M","$","?","M","E","M","E","T","R","E","R","?","M","R","B",null,"M","?","$","?","?","R","T","E","T","E","M","R","$","E","R","B","M","M","?","T","R","M","R","$","?","B",null],"character_chosen":"IRONCLAD","items_purchased":["Feel No Pain","Feed","Feel No Pain","Charon\u0027s Ashes","Barricade","Oddly Smooth Stone"],"campfire_rested":1,"item_purchase_floors":[13,20,37,37,47,58],"current_hp_per_floor":[74,71,48,48,54,54,54,45,45,48,70,75,75,75,75,75,75,74,75,75,75,78,55,59,74,74,74,80,80,80,80,80,80,80,80,66,66,66,66,66,66,75,75,80,80,80,80,80,80,80,77,80,80,80,80,80,80,80,80,80],"gold":17,"neow_bonus":"ONE_RANDOM_RARE_CARD","is_daily":false,"chose_seed":false,"campfire_upgraded":10,"win_rate":0.0,"timestamp":1610718590,"path_taken":["M","M","?","?","M","E","R","E","T","E","R","M","$","M","R","BOSS","M","M","$","?","M","E","M","E","T","R","E","R","?","?","R","BOSS","M","?","$","?","?","R","?","E","T","E","M","R","?","E","R","BOSS","M","M","?","T","R","M","R","$","?","BOSS"],"items_purchased_type":["Card","Card","Card","Relic","Card","Relic"],"build_version":"2020-12-22","purchased_purges":1,"victory":true,"max_hp_per_floor":[75,75,75,75,75,75,75,75,75,75,75,75,75,75,75,75,75,75,75,75,75,78,78,78,78,78,78,80,80,80,80,80,80,80,80,80,80,80,80,80,80,80,80,80,80,80,80,80,80,80,80,80,80,80,80,80,80,80,80,80],"relic_stats":{"Gremlin Horn":[21,24],"counters":[28,161],"Charon\u0027s Ashes":[849],"Kunai":[61],"obtain_stats":[{"ReplayFunnel":8,"StuffTheSpire:Barrel":9,"Replay:PocketPolymizer":42,"ShockBauble":43,"Gremlin Horn":41,"aspiration:FetidBarrel":23,"StuffTheSpire:Expresso":48,"Oddly Smooth Stone":58,"Charon\u0027s Ashes":37,"Bag of Preparation":28,"Replay:Mystery Machine":25,"Bottled Tornado":44,"theForsaken:Gavel":54,"Burning Blood":0,"conspire:SeveredTorchhead":17,"paleoftheancients:Timepiece":50,"Ring of Peace":21,"CultistMask":50,"SpikesRelics:DaevaFist":6,"energizedSpire:MagnifyingGlass":34,"Kunai":26,"aspiration:HatOfInfinitePower":10,"paleoftheancients:SoulOfTheIroncluck":51},{"ReplayFunnel":5,"StuffTheSpire:Barrel":5,"Replay:PocketPolymizer":20,"ShockBauble":20,"Gremlin Horn":19,"aspiration:FetidBarrel":13,"StuffTheSpire:Expresso":23,"Oddly Smooth Stone":27,"Charon\u0027s Ashes":19,"Bag of Preparation":16,"Replay:Mystery Machine":15,"Bottled Tornado":21,"theForsaken:Gavel":26,"Burning Blood":0,"conspire:SeveredTorchhead":9,"paleoftheancients:Timepiece":24,"Ring of Peace":11,"CultistMask":24,"SpikesRelics:DaevaFist":4,"energizedSpire:MagnifyingGlass":18,"Kunai":15,"aspiration:HatOfInfinitePower":6,"paleoftheancients:SoulOfTheIroncluck":25},{"ReplayFunnel":23,"StuffTheSpire:Barrel":23,"Replay:PocketPolymizer":121,"ShockBauble":121,"Gremlin Horn":112,"aspiration:FetidBarrel":73,"StuffTheSpire:Expresso":135,"Oddly Smooth Stone":158,"Charon\u0027s Ashes":112,"Bag of Preparation":95,"Replay:Mystery Machine":89,"Bottled Tornado":126,"theForsaken:Gavel":155,"Burning Blood":0,"conspire:SeveredTorchhead":46,"paleoftheancients:Timepiece":144,"Ring of Peace":57,"CultistMask":144,"SpikesRelics:DaevaFist":17,"energizedSpire:MagnifyingGlass":108,"Kunai":89,"aspiration:HatOfInfinitePower":28,"paleoftheancients:SoulOfTheIroncluck":152}],"Burning Blood":90},"card_choices":[{"not_picked":["Run Through","Sword Boomerang"],"picked":"StuffTheSpire:Slingshot","floor":1},{"not_picked":["Twin Strike","Clothesline","Pommel Strike"],"picked":"SKIP","floor":2},{"not_picked":["Evolve","Iron Wave"],"picked":"ReplayTheSpireMod:Strike From Hell","floor":5},{"not_picked":["Pommel Strike","Heavy Blade"],"picked":"True Grit","floor":6},{"not_picked":["Run Through","Invigoration"],"picked":"Flame Barrier","floor":8},{"not_picked":["Hemokinesis","Intimidate"],"picked":"Burning Pact","floor":10},{"not_picked":["ReplayTheSpireMod:Limb From Limb","Thunderclap","Heavy Blade"],"picked":"SKIP","floor":12},{"not_picked":["Pommel Strike","Anger"],"picked":"Invigoration","floor":14},{"not_picked":["Demonic Infusion","conspire:HitWhereItHurts"],"picked":"Reaper","floor":16},{"not_picked":["Armaments","Life Link+1"],"picked":"Metallicize","floor":18},{"not_picked":["Twin Strike","Pommel Strike","Perfected Strike"],"picked":"SKIP","floor":19},{"not_picked":["Pommel Strike","Heavy Blade"],"picked":"StuffTheSpire:RockThrow","floor":22},{"not_picked":["Cleave","ReplayTheSpireMod:LeadingStrike","Clothesline"],"picked":"SKIP","floor":23},{"not_picked":["Cleave","ReplayTheSpireMod:LeadingStrike","Searing Blow"],"picked":"SKIP","floor":24},{"not_picked":["Hemokinesis","Thunderclap"],"picked":"Seeing Red+1","floor":25},{"not_picked":["Heavy Blade","StuffTheSpire:Pyroclast","Abandon"],"picked":"SKIP","floor":28},{"not_picked":["StuffTheSpire:Resist+1","Iron Wave","Flex"],"picked":"SKIP","floor":31},{"not_picked":["Berserk","Fiend Fire"],"picked":"Juggernaut","floor":33},{"not_picked":["Perfected Strike+1","Pommel Strike+1"],"picked":"Feel No Pain+1","floor":35},{"not_picked":["StuffTheSpire:Innocence","StuffTheSpire:Ambrosia"],"picked":"StuffTheSpire:BrainWave","floor":38},{"not_picked":["Sword Boomerang+1","Massacre+1"],"picked":"Metallicize","floor":42},{"not_picked":["Perfected Strike+1","Pummel","Clothesline"],"picked":"SKIP","floor":44},{"not_picked":["Perfected Strike+1","Pummel","Clothesline"],"picked":"SKIP","floor":44},{"not_picked":["Perfected Strike","Body Slam"],"picked":"Invigoration+1","floor":45},{"not_picked":["Anger","Flex"],"picked":"Dark Embrace","floor":48},{"not_picked":["Carnage","Disarm","Twin Strike"],"picked":"SKIP","floor":51},{"not_picked":["Clash+1","Fire Breathing","Flex"],"picked":"SKIP","floor":52},{"not_picked":["ReplayTheSpireMod:Strike From Hell","StuffTheSpire:RagingBull"],"picked":"StuffTheSpire:RockThrow+1","floor":56}],"player_experience":1947690,"relics_obtained":[{"floor":6,"key":"SpikesRelics:DaevaFist"},{"floor":8,"key":"ReplayFunnel"},{"floor":9,"key":"StuffTheSpire:Barrel"},{"floor":10,"key":"aspiration:HatOfInfinitePower"},{"floor":21,"key":"Ring of Peace"},{"floor":23,"key":"aspiration:FetidBarrel"},{"floor":25,"key":"Replay:Mystery Machine"},{"floor":26,"key":"Kunai"},{"floor":28,"key":"Bag of Preparation"},{"floor":41,"key":"Gremlin Horn"},{"floor":42,"key":"Replay:PocketPolymizer"},{"floor":43,"key":"ShockBauble"},{"floor":44,"key":"Bottled Tornado"},{"floor":48,"key":"StuffTheSpire:Expresso"},{"floor":51,"key":"paleoftheancients:SoulOfTheIroncluck"},{"floor":54,"key":"theForsaken:Gavel"}],"event_choices":[{"damage_healed":71,"gold_gain":0,"player_choice":"Upgrade","damage_taken":23,"max_hp_gain":0,"max_hp_loss":75,"event_name":"betterThird:BetterShining","floor":3,"gold_loss":0,"cards_upgraded":["Strike_R","Eclipse"]},{"damage_healed":0,"gold_gain":0,"cards_transformed":["Strike_R"],"player_choice":"Transformed","damage_taken":0,"max_hp_gain":0,"max_hp_loss":0,"event_name":"Transmorgrifier","floor":4,"gold_loss":0,"cards_obtained":["Sentinel"]},{"damage_healed":0,"gold_gain":0,"player_choice":"Upgraded","damage_taken":0,"max_hp_gain":0,"max_hp_loss":0,"event_name":"Upgrade Shrine","floor":30,"gold_loss":0,"cards_upgraded":["StuffTheSpire:Slingshot"]},{"damage_healed":0,"gold_gain":0,"player_choice":"Embrace Madness","damage_taken":14,"max_hp_gain":0,"max_hp_loss":0,"event_name":"Winding Halls","floor":36,"gold_loss":0,"cards_obtained":["Madness","Madness"]},{"cards_removed":["Bash"],"damage_healed":0,"gold_gain":0,"player_choice":"Removed Attack","damage_taken":0,"max_hp_gain":0,"max_hp_loss":0,"event_name":"Falling","floor":39,"gold_loss":0}],"is_beta":false,"boss_relics":[{"not_picked":["Ooze Armor","energizedSpire:SpiderWeb"],"picked":"conspire:SeveredTorchhead"},{"not_picked":["energizedSpire:DecayingSkull","Black Blood"],"picked":"energizedSpire:MagnifyingGlass"}],"items_purged_floors":[20],"is_endless":false,"potions_floor_spawned":[2,6,12,16,23,25,31,33,42,44,48,51,52],"ascension_level":15}}