{"host":"ccryllxwh68mzgdb","time":1610715523,"event":{"mods":["Act Like it!","BaseMod","Downfall","Gremlin Skip","Hallownest","HololiveMod","KinomotoSakuraMod(木之本樱)","Marisa（F雨　魔理沙）","Minty Spire (QoL Compilation)","Reimu（博丽灵梦）","Remilia（蕾米莉亚）","Replay The Spire","RumiaBox-露米娅的神秘盒子","Spicy Shops","StSLib","The Bug Knight","The Servant 0.9.4","WarShipGirlsR/战舰少女R mod","Youmu（魂魄妖梦）","Yuri Mod","[IsaacMod]以撒尖塔"],"gold_per_floor":[112,127,127,15,15,48,5,34,34,51,51,72,92,113,113,238,238,251,271,158,257,282,316,276,295,295,295,310,310,328,134,134,262,262,281,305,326,387,403,437,213,247,318,336,379,212,236,250,250,250],"floor_reached":51,"language":"ZHS","playtime":2819,"items_purged":["Regret","Strike_P","Writhe","Defend_P","Normality"],"score":1073,"play_id":"4790e9e3-82d6-4b42-b65f-f7a99cfd33fa","local_time":"20210115205843","is_ascension_mode":false,"campfire_choices":[{"data":"Eruption","floor":15.0,"key":"SMITH"},{"data":"EpicFetus","floor":27,"key":"SMITH"},{"data":"Blasphemy","floor":29,"key":"SMITH"},{"data":"ZunPunch:ReiMu","floor":32,"key":"SMITH"},{"floor":49,"key":"DIG"}],"circlet_count":0,"master_deck":["Strike_P","Strike_P","Strike_P","Defend_P","Defend_P","Defend_P","Eruption+1","Vigilance","EpicFetus+1","FearNoEvil+1","EmptyMind","CarveReality","Discovery","Replay:Battleflow","Vengeance","BowlingBash","Judgement","Blasphemy+1","Replay:ManipulateFuture+1","FlyingSleeves","FlurryOfBlows","ZunPunch:ReiMu+1","Scrawl","ClearTheMind+1","Replay:LoomingThreat","Protect","Crescendo+1","SandsOfTime","DeusExMachina","Swivel+1","Conclude+1"],"relics":["PureWater","HushsDoor","ZombieArmy","SteamSale","Kunai","Hololive_LightStick","FossilizedHelix","GuppysTail","Torii","Shovel","Golden Idol","Cursed Key","Bottled Tornado","Simple Rune","Snack Pack","GodSword4","EasyGame_NEW","CatCart","Eternal Feather","Bag of Marbles","Whetstone","Happy Flower","Darkstone Periapt","Replay:Mystery Machine","Mastiff:ReiMu","Bronze Scales"],"acts_visited":["Exordium","TheCity","TheBeyond"],"potions_floor_usage":[33,42],"damage_taken":[{"damage":3.0,"enemies":"Jaw Worm","floor":1.0,"turns":2.0},{"damage":0.0,"enemies":"2 Louse","floor":2.0,"turns":4.0},{"damage":0.0,"enemies":"Gremlin Nob","floor":6.0,"turns":3.0},{"damage":0.0,"enemies":"Lagavulin","floor":8.0,"turns":5.0},{"damage":0.0,"enemies":"Small Slimes","floor":10.0,"turns":3.0},{"damage":0.0,"enemies":"Looter","floor":12.0,"turns":2.0},{"damage":0.0,"enemies":"Exordium Thugs","floor":13.0,"turns":4.0},{"damage":1.0,"enemies":"Gremlin Gang","floor":14.0,"turns":4.0},{"damage":29.0,"enemies":"The Guardian","floor":16.0,"turns":7.0},{"damage":0.0,"enemies":"Shell Parasite","floor":18.0,"turns":2.0},{"damage":0.0,"enemies":"Spheric Guardian","floor":19.0,"turns":1.0},{"damage":0.0,"enemies":"Centurion and Healer","floor":22.0,"turns":3.0},{"damage":20,"enemies":"Slavers","floor":23,"turns":2},{"damage":7,"enemies":"Snake Plant","floor":25,"turns":4},{"damage":0,"enemies":"Cultist and Chosen","floor":28,"turns":3},{"damage":0,"enemies":"Centurion and Healer","floor":30,"turns":2},{"damage":0,"enemies":"Automaton","floor":33,"turns":3},{"damage":0,"enemies":"Orb Walker","floor":35,"turns":2},{"damage":0,"enemies":"3 Darklings","floor":36,"turns":3},{"damage":0,"enemies":"4 Shapes","floor":37,"turns":2},{"damage":8,"enemies":"Orin","floor":38,"turns":7},{"damage":0,"enemies":"Jaw Worm Horde","floor":39,"turns":2},{"damage":11,"enemies":"Giant Head","floor":40,"turns":5},{"damage":0,"enemies":"Nemesis","floor":42,"turns":3},{"damage":2,"enemies":"Maw","floor":44,"turns":5},{"damage":0,"enemies":"Giant Head","floor":45,"turns":4},{"damage":9,"enemies":"3 Darklings","floor":47,"turns":2},{"damage":0,"enemies":"Spire Growth","floor":48,"turns":3},{"damage":35,"enemies":"Awakened One","floor":50,"turns":7}],"seed_played":"-2332760731081922674","potions_obtained":[{"floor":2.0,"key":"Regen Potion"},{"floor":12.0,"key":"LiquidMemories"},{"floor":13.0,"key":"GrandPatriotsElixir:ReiMu"},{"floor":19.0,"key":"Fire Potion"},{"floor":36,"key":"Fire Potion"},{"floor":38,"key":"FairyPotion"},{"floor":42,"key":"SteroidPotion"},{"floor":47,"key":"Flashbang"}],"is_trial":false,"path_per_floor":["M","M","?","$","?","E","$","E","T","M","?","M","M","M","R","B",null,"M","M","$","?","M","E","?","M","T","R","M","R","M","$","R","B",null,"M","M","M","?","M","E","$","E","T","M","E","$","M","M","R","B",null],"character_chosen":"WATCHER","items_purchased":["Hololive_LightStick","Discovery","Bottled Tornado","GodSword4","Bag of Marbles","Whetstone","Mastiff:ReiMu"],"campfire_rested":0,"item_purchase_floors":[4,7,20,31,41,41,46],"current_hp_per_floor":[69,69,69,69,51,51,51,51,51,51,33,33,33,32,32,18,72,72,72,72,72,72,52,52,45,45,45,49,49,51,51,51,57,72,72,72,72,68,68,67,67,71,71,72,72,72,63,65,72,42],"gold":250,"neow_bonus":"RANDOM_COMMON_RELIC","is_daily":false,"chose_seed":false,"campfire_upgraded":4,"win_rate":0.0,"timestamp":1610715523,"path_taken":["M","M","?","$","?","E","$","E","T","M","?","?","M","M","R","BOSS","M","?","$","?","M","E","?","M","T","R","M","R","M","$","R","BOSS","M","M","?","?","M","E","?","E","T","M","E","$","M","M","R","BOSS"],"items_purchased_type":["Relic","Card","Relic","Relic","Relic","Relic","Relic"],"build_version":"2020-12-22","purchased_purges":5,"victory":true,"max_hp_per_floor":[72,72,72,72,72,72,72,72,72,72,72,72,72,72,72,72,72,72,72,72,72,72,72,72,72,72,72,72,72,72,72,72,72,72,72,72,72,72,72,72,72,72,72,72,72,72,72,72,72,72],"card_choices":[{"not_picked":[],"picked":"EpicFetus","floor":0.0},{"not_picked":["JustLucky","Halt"],"picked":"FearNoEvil","floor":1.0},{"not_picked":["ThirdEye","CutThroughFate"],"picked":"EmptyMind","floor":2.0},{"not_picked":["Replay:BluntJabs","Replay:Vibes"],"picked":"CarveReality","floor":6.0},{"not_picked":["Crescendo","InnerPeace"],"picked":"Replay:Battleflow","floor":8.0},{"not_picked":["Replay:AtTheReady","Study","Replay:ManipulateFuture"],"picked":"SKIP","floor":10.0},{"not_picked":["Worship","Replay:ManipulateFuture"],"picked":"Vengeance","floor":12.0},{"not_picked":["SashWhip","Replay:AtTheReady"],"picked":"BowlingBash","floor":13.0},{"not_picked":["Replay:BluntJabs","EmptyBody"],"picked":"Judgement","floor":14.0},{"not_picked":["Vault","ConjureBlade"],"picked":"Blasphemy","floor":16.0},{"not_picked":["Swivel","Evaluate"],"picked":"Replay:ManipulateFuture+1","floor":18.0},{"not_picked":["CutThroughFate","Vengeance","BattleHymn"],"picked":"SKIP","floor":19.0},{"not_picked":["Replay:ManipulateFuture","Replay:Hum"],"picked":"FlyingSleeves","floor":22},{"not_picked":["ClearTheMind","Wireheading"],"picked":"FlurryOfBlows","floor":23},{"not_picked":["WaveOfTheHand+1","BowlingBash"],"picked":"Scrawl","floor":25},{"not_picked":["WaveOfTheHand","CrushJoints","SashWhip"],"picked":"SKIP","floor":28},{"not_picked":["Weave+1","Crescendo"],"picked":"ClearTheMind+1","floor":30},{"not_picked":["LessonLearned","Judgement"],"picked":"Replay:LoomingThreat","floor":33},{"not_picked":["ClearTheMind+1","WaveOfTheHand"],"picked":"Protect","floor":35},{"not_picked":["Adaptation","WheelKick+1"],"picked":"Crescendo+1","floor":36},{"not_picked":["FlurryOfBlows","Protect+1","Worship+1"],"picked":"SKIP","floor":37},{"not_picked":["Replay:ManipulateFuture+1","Crescendo+1","Perseverance"],"picked":"SKIP","floor":39},{"not_picked":["Replay:ManipulateFuture+1","Weave"],"picked":"SandsOfTime","floor":40},{"not_picked":["Vengeance","InnerPeace"],"picked":"DeusExMachina","floor":42},{"not_picked":["EmptyMind+1","MentalFortress"],"picked":"Swivel+1","floor":44},{"not_picked":["Fasting2","Replay:ManipulateFuture+1"],"picked":"Conclude+1","floor":45},{"not_picked":["LikeWater","Replay:BluntJabs+1","DeceiveReality"],"picked":"SKIP","floor":47},{"not_picked":["FlurryOfBlows","Nirvana","MentalFortress"],"picked":"SKIP","floor":48}],"player_experience":623439,"relics_obtained":[{"floor":6.0,"key":"GuppysTail"},{"floor":8.0,"key":"Torii"},{"floor":9.0,"key":"Shovel"},{"floor":23,"key":"Simple Rune"},{"floor":26,"key":"Snack Pack"},{"floor":38,"key":"CatCart"},{"floor":40,"key":"Eternal Feather"},{"floor":42,"key":"Happy Flower"},{"floor":43,"key":"Darkstone Periapt"},{"floor":45,"key":"Replay:Mystery Machine"},{"floor":49,"key":"Bronze Scales"}],"event_choices":[{"damage_healed":0.0,"max_hp_gain":0.0,"max_hp_loss":0.0,"gold_gain":0.0,"event_name":"Big Fish","player_choice":"Box","floor":3.0,"gold_loss":0.0,"damage_taken":0.0,"relics_obtained":["Kunai"],"cards_obtained":["Regret"]},{"damage_healed":0.0,"max_hp_gain":0.0,"max_hp_loss":0.0,"gold_gain":0.0,"event_name":"Scrap Ooze","player_choice":"Success","floor":5.0,"gold_loss":0.0,"damage_taken":18.0,"relics_obtained":["FossilizedHelix"]},{"damage_healed":0.0,"max_hp_gain":0.0,"max_hp_loss":0.0,"gold_gain":0.0,"event_name":"Golden Idol","player_choice":"Take Damage","floor":11.0,"gold_loss":0.0,"damage_taken":18.0,"relics_obtained":["Golden Idol"]},{"damage_healed":0.0,"max_hp_gain":0.0,"max_hp_loss":0.0,"gold_gain":99.0,"event_name":"Nest","player_choice":"Stole From Cult","floor":21.0,"gold_loss":0.0,"damage_taken":0.0},{"damage_healed":0,"gold_gain":0,"player_choice":"交出神酒","damage_taken":0,"max_hp_gain":0,"max_hp_loss":0,"event_name":"ZunEvent","floor":24,"relics_lost":["ZunR:ReiMu"],"gold_loss":0,"cards_obtained":["ZunPunch:ReiMu"]},{"damage_healed":0,"gold_gain":0,"player_choice":"Fight","damage_taken":0,"max_hp_gain":0,"max_hp_loss":0,"event_name":"OrinTheCat","floor":38,"gold_loss":0}],"is_beta":false,"boss_relics":[{"not_picked":["Ring of Chaos","Calling Bell"],"picked":"Cursed Key"},{"not_picked":[]},{"not_picked":["Replay:Ancient Bell","Pandora\u0027s Box"],"picked":"EasyGame_NEW"},{"not_picked":[]}],"items_purged_floors":[4,20,31,41,46],"is_endless":false,"potions_floor_spawned":[2,12,13,14,19,23,30,36,38,39,42,47,48],"ascension_level":0}}