{"host":"Bilverbakes","time":1610749441,"event":{"mods":["2.2 Compatiblity","AchievementEnabler","BaseMod","Bestiary","Colored Map","Minty Spire (QoL Compilation)","Relic Stats","StSLib","ojb\u0027s Info Mod"],"gold_per_floor":[112,37,53,53,67,102,102,129,153,184,199,199,199,216,216,294,294,304,321,338,354,354,354],"floor_reached":22,"language":"ENG","playtime":1259,"items_purged":[],"score":416,"play_id":"e377981a-dea4-49ee-a73b-41a177ff86d0","local_time":"20210115162401","is_ascension_mode":true,"campfire_choices":[{"data":"Neutralize","floor":7,"key":"SMITH"},{"data":"Predator","floor":12,"key":"SMITH"},{"floor":15,"key":"REST"}],"circlet_count":0,"master_deck":["AscendersBane","Strike_G","Strike_G","Strike_G","Strike_G","Defend_G","Defend_G","Defend_G","Defend_G","Defend_G+1","Survivor+1","Neutralize+1","Quick Slash","Dash+1","Endless Agony","Venomology","Predator+1","Deadly Poison","Wraith Form v2","Caltrops","Acrobatics","Bouncing Flask"],"relics":["Ring of the Snake","NeowsBlessing","Omamori","Lantern","War Paint","Anchor","Coffee Dripper"],"acts_visited":["Exordium","TheCity"],"potions_floor_usage":[8,10,14,16,16,16,18,18,19,20,20,20,20,21,21,22],"damage_taken":[{"damage":0,"enemies":"Jaw Worm","floor":1,"turns":1},{"damage":0,"enemies":"Small Slimes","floor":3,"turns":1},{"damage":0,"enemies":"Cultist","floor":5,"turns":1},{"damage":35,"enemies":"Lagavulin","floor":6,"turns":8},{"damage":5,"enemies":"Gremlin Nob","floor":8,"turns":4},{"damage":7,"enemies":"3 Sentries","floor":10,"turns":10},{"damage":0,"enemies":"2 Fungi Beasts","floor":11,"turns":2},{"damage":3,"enemies":"Gremlin Gang","floor":14,"turns":3},{"damage":21,"enemies":"The Guardian","floor":16,"turns":12},{"damage":0,"enemies":"Chosen","floor":18,"turns":5},{"damage":0,"enemies":"Spheric Guardian","floor":19,"turns":4},{"damage":29,"enemies":"Cultist and Chosen","floor":20,"turns":7},{"damage":7,"enemies":"3 Cultists","floor":21,"turns":5},{"damage":0,"enemies":"Chosen and Byrds","floor":22,"turns":3}],"seed_played":"-1038766991219854723","potions_obtained":[{"floor":5,"key":"Energy Potion"},{"floor":6,"key":"Fire Potion"},{"floor":19,"key":"Fire Potion"},{"floor":21,"key":"Block Potion"}],"is_trial":false,"path_per_floor":["M","?","M","?","M","E","R","E","T","E","M","R","?","M","R","B",null,"M","M","M","M","M"],"character_chosen":"THE_SILENT","items_purchased":[],"campfire_rested":1,"item_purchase_floors":[],"current_hp_per_floor":[59,59,59,59,59,24,24,19,19,12,12,12,12,9,28,7,51,51,51,22,15,15,15],"gold":354,"neow_bonus":"THREE_ENEMY_KILL","is_daily":false,"chose_seed":false,"campfire_upgraded":2,"win_rate":0.0,"timestamp":1610749441,"path_taken":["M","?","M","?","?","E","R","E","T","E","M","R","?","M","R","BOSS","M","?","?","M","M"],"items_purchased_type":[],"build_version":"2020-12-18","purchased_purges":0,"victory":false,"max_hp_per_floor":[66,66,66,66,66,66,66,66,66,66,66,66,66,66,66,66,66,66,66,66,66,66,66],"relic_stats":{"counters":[14,66],"War Paint":["Survivor","Defend_G"],"obtain_stats":[{"Lantern":8,"Anchor":10,"NeowsBlessing":0,"Omamori":6,"Coffee Dripper":17,"War Paint":9,"Ring of the Snake":0},{"Lantern":5,"Anchor":6,"NeowsBlessing":0,"Omamori":4,"Coffee Dripper":9,"War Paint":5,"Ring of the Snake":0},{"Lantern":15,"Anchor":25,"NeowsBlessing":0,"Omamori":11,"Coffee Dripper":42,"War Paint":15,"Ring of the Snake":0}],"Ring of the Snake":[29]},"card_choices":[{"not_picked":["Dodge and Roll","Choke"],"picked":"Quick Slash","floor":1},{"not_picked":["Deadly Poison","Slice"],"picked":"Dash","floor":3},{"not_picked":["Expertise","Cloak And Dagger"],"picked":"Endless Agony","floor":5},{"not_picked":["Bane","Quick Slash","Masterful Stab"],"picked":"SKIP","floor":6},{"not_picked":["Dodge and Roll","Predator"],"picked":"Venomology","floor":8},{"not_picked":["Dagger Throw","Cloak And Dagger"],"picked":"Predator","floor":10},{"not_picked":["Underhanded Strike","Outmaneuver","Blade Dance"],"picked":"SKIP","floor":11},{"not_picked":["Accuracy","Acrobatics"],"picked":"Deadly Poison","floor":14},{"not_picked":["Bullet Time","Envenom"],"picked":"Wraith Form v2","floor":16},{"not_picked":["Flying Knee","Masterful Stab","Riddle With Holes"],"picked":"SKIP","floor":18},{"not_picked":["Outmaneuver","Deadly Poison"],"picked":"Caltrops","floor":19},{"not_picked":["Slice","Heel Hook"],"picked":"Acrobatics","floor":20},{"not_picked":["Heel Hook","PiercingWail"],"picked":"Bouncing Flask","floor":21}],"player_experience":691904,"relics_obtained":[{"floor":6,"key":"Omamori"},{"floor":8,"key":"Lantern"},{"floor":9,"key":"War Paint"},{"floor":10,"key":"Anchor"}],"event_choices":[{"cards_removed":["Strike_G"],"damage_healed":0,"gold_gain":0,"player_choice":"Card Removal","damage_taken":0,"max_hp_gain":0,"max_hp_loss":0,"event_name":"The Cleric","floor":2,"gold_loss":75},{"damage_healed":0,"gold_gain":0,"player_choice":"Forge","damage_taken":0,"max_hp_gain":0,"max_hp_loss":0,"event_name":"Accursed Blacksmith","floor":4,"gold_loss":0,"cards_upgraded":["Dash"]},{"damage_healed":0,"gold_gain":0,"player_choice":"Got Potions","damage_taken":0,"max_hp_gain":0,"max_hp_loss":0,"event_name":"Lab","floor":13,"gold_loss":0}],"is_beta":true,"boss_relics":[{"not_picked":["Sozu","Velvet Choker"],"picked":"Coffee Dripper"}],"items_purged_floors":[],"is_endless":false,"potions_floor_spawned":[5,6,14,19,21],"killed_by":"Chosen and Byrds","ascension_level":20}}