{"host":"it4jxgnaprwjes7d","time":1610700799,"event":{"mods":["BaseMod","Downfall","Highlight Path","Minty Spire (QoL Compilation)","Replay The Spire","StSLib"],"gold_per_floor":[116,116,126,57,76,107,107,135,135,135,149,184,184,2,2,2,2],"floor_reached":16,"language":"ENG","playtime":1030,"items_purged":[],"score":118,"play_id":"3f27be8b-f15d-47af-a9c0-c2fe43c299fd","local_time":"20210115005319","is_ascension_mode":false,"campfire_choices":[{"floor":7,"key":"REST"},{"floor":10,"key":"REST"},{"floor":15,"key":"REST"}],"circlet_count":0,"master_deck":["Strike_G","Strike_G","Strike_G","Strike_G","Defend_G","Defend_G","Defend_G","Defend_G","Defend_G","Survivor","Neutralize","ReplayTheSpireMod:Necrosis","All Out Attack","Bouncing Flask","Backflip","ReplayTheSpireMod:Speed Training","Fluid Movement","A Thousand Cuts","Deflect","Burst","Adrenaline","Prepared","Slice","Slice","Tactician","Caltrops"],"relics":["Ring of the Snake","Matryoshka","Juzu Bracelet","Ancient Tea Set","Paper Crane","Mirror","Quantum Egg"],"acts_visited":["Exordium"],"potions_floor_usage":[12],"damage_taken":[{"damage":0,"enemies":"2 Louse","floor":1,"turns":3},{"damage":0,"enemies":"Small Slimes","floor":3,"turns":2},{"damage":0,"enemies":"Cultist","floor":5,"turns":3},{"damage":12,"enemies":"Replay:BlueRogue","floor":6,"turns":6},{"damage":39,"enemies":"3 Sentries","floor":8,"turns":11},{"damage":1,"enemies":"Exordium Thugs","floor":11,"turns":4},{"damage":21,"enemies":"Gremlin Nob","floor":12,"turns":4},{"damage":41,"enemies":"Slime Boss","floor":16,"turns":5}],"seed_played":"5361092762276307233","potions_obtained":[{"floor":5,"key":"Poison Potion"},{"floor":6,"key":"Strength Potion"},{"floor":11,"key":"Ancient Potion"}],"is_trial":false,"path_per_floor":["M","?","M","?","M","E","R","E","T","R","M","E","?","$","R","B"],"character_chosen":"THE_SILENT","items_purchased":["Slice","Tactician","Caltrops"],"campfire_rested":3,"item_purchase_floors":[14,14,14],"current_hp_per_floor":[63,63,63,63,63,51,63,24,24,42,41,20,20,20,38,0,0],"gold":2,"neow_bonus":"THREE_RARE_CARDS","is_daily":false,"chose_seed":false,"campfire_upgraded":0,"win_rate":0.0,"timestamp":1610700799,"path_taken":["M","?","M","?","M","E","R","E","T","R","M","E","?","$","R","BOSS"],"items_purchased_type":["Card","Card","Card"],"build_version":"2020-12-22","purchased_purges":0,"victory":false,"max_hp_per_floor":[63,63,63,63,63,63,63,63,63,63,63,63,63,63,63,63,63],"card_choices":[{"not_picked":["Adrenaline","Malaise"],"picked":"ReplayTheSpireMod:Necrosis","floor":0},{"not_picked":["Backflip","Blur"],"picked":"All Out Attack","floor":1},{"not_picked":["Sucker Punch","Tactician"],"picked":"Backflip","floor":3},{"not_picked":["Backflip","Dodge and Roll"],"picked":"ReplayTheSpireMod:Speed Training","floor":5},{"not_picked":["Skewer","Dagger Spray"],"picked":"Fluid Movement","floor":6},{"not_picked":["Caltrops","Backflip"],"picked":"A Thousand Cuts","floor":8},{"not_picked":["Dagger Spray","Blur"],"picked":"Deflect","floor":11},{"not_picked":["Backflip","Sucker Punch"],"picked":"Burst","floor":12}],"player_experience":21952,"relics_obtained":[{"floor":6,"key":"Juzu Bracelet"},{"floor":8,"key":"Ancient Tea Set"},{"floor":9,"key":"Paper Crane"},{"floor":9,"key":"Mirror"},{"floor":12,"key":"Quantum Egg"}],"event_choices":[{"damage_healed":0,"gold_gain":0,"cards_transformed":["Strike_G"],"player_choice":"Change","damage_taken":0,"max_hp_gain":0,"max_hp_loss":0,"event_name":"Living Wall","floor":2,"gold_loss":0,"cards_obtained":["Bouncing Flask"]},{"damage_healed":0,"gold_gain":0,"player_choice":"Paid Gold","damage_taken":0,"relics_obtained":["Matryoshka"],"max_hp_gain":0,"max_hp_loss":0,"event_name":"WeMeetAgain","floor":4,"gold_loss":69},{"damage_healed":0,"gold_gain":0,"player_choice":"2 cards matched","damage_taken":0,"max_hp_gain":0,"max_hp_loss":0,"event_name":"Match and Keep!","floor":13,"gold_loss":0,"cards_obtained":["Adrenaline","Prepared"]}],"is_beta":false,"boss_relics":[],"items_purged_floors":[],"is_endless":false,"potions_floor_spawned":[5,6,11],"killed_by":"Slime Boss","ascension_level":0}}