{"host":"9ndbo4kgsfoemf7y","time":1610716958,"event":{"mods":["AchievementEnabler","BaseMod","Colored Map","DeckTracker","Keyboard Shortcuts","Minty Spire (QoL Compilation)","Permanent Neow","Quick Restart","Relic Stats","StSLib","SuperFastMode"],"gold_per_floor":[116,291,291,307,317,317,352,352,352,367,393,353,363,382,382,478,478,497,513,513,528,269,269,122,122,122],"floor_reached":25,"language":"KOR","playtime":563,"items_purged":["Strike_B"],"score":277,"play_id":"5d9d6c06-6938-4e55-ab03-4fc7580f7c52","local_time":"20210115222238","is_ascension_mode":true,"campfire_choices":[{"data":"Lockon","floor":6.0,"key":"SMITH"},{"floor":8.0,"key":"REST"},{"floor":15.0,"key":"REST"},{"data":"Zap","floor":23,"key":"SMITH"}],"circlet_count":0,"master_deck":["Strike_B","Strike_B","Strike_B","Defend_B","Defend_B","Defend_B+1","Defend_B","Zap+1","Dualcast+1","Electrodynamics","BootSequence","Doubt","Conserve Battery","Lockon+1","Ball Lightning","Genetic Algorithm","Doom and Gloom","Steam Power","Chaos","All For One","Cold Snap+1","Glacier"],"relics":["Cracked Core","StoneCalendar","Vajra","Kunai","Du-Vu Doll","Cursed Key","PreservedInsect","Runic Capacitor","War Paint"],"acts_visited":["Exordium","TheCity"],"potions_floor_usage":[],"damage_taken":[{"damage":8.0,"enemies":"2 Louse","floor":1.0,"turns":2.0},{"damage":0.0,"enemies":"Jaw Worm","floor":4.0,"turns":3.0},{"damage":1.0,"enemies":"Cultist","floor":5.0,"turns":3.0},{"damage":31.0,"enemies":"Gremlin Nob","floor":7.0,"turns":4.0},{"damage":0.0,"enemies":"Large Slime","floor":10.0,"turns":3.0},{"damage":30.0,"enemies":"Lagavulin","floor":11.0,"turns":6.0},{"damage":6.0,"enemies":"Looter","floor":13.0,"turns":3.0},{"damage":2.0,"enemies":"2 Fungi Beasts","floor":14.0,"turns":2.0},{"damage":13,"enemies":"Slime Boss","floor":16,"turns":6},{"damage":27,"enemies":"Shell Parasite","floor":18,"turns":4},{"damage":2,"enemies":"Chosen","floor":19,"turns":3},{"damage":16,"enemies":"Centurion and Healer","floor":21,"turns":5},{"damage":23,"enemies":"Slavers","floor":25,"turns":3}],"seed_played":"-115050558027220261","potions_obtained":[{"floor":1.0,"key":"FearPotion"},{"floor":5.0,"key":"Fruit Juice"},{"floor":12.0,"key":"PotionOfCapacity"},{"floor":12.0,"key":"Weak Potion"},{"floor":16,"key":"FocusPotion"}],"is_trial":false,"path_per_floor":["M","?","?","M","M","R","E","R","T","M","E","?","M","M","R","B",null,"M","M","?","M","$","R","$","E"],"character_chosen":"DEFECT","items_purchased":["Glacier","Runic Capacitor","War Paint"],"campfire_rested":2,"item_purchase_floors":[22,22,24],"current_hp_per_floor":[60,60,42,42,41,41,15,39,39,39,9,9,3,1,25,12,63,36,34,34,18,18,18,18,0,0],"gold":122,"neow_bonus":"ONE_RANDOM_RARE_CARD","is_daily":false,"chose_seed":false,"campfire_upgraded":2,"win_rate":0.0,"timestamp":1610716958,"path_taken":["M","?","?","M","M","R","E","R","T","M","E","?","M","?","R","BOSS","M","M","?","M","$","R","$","E"],"items_purchased_type":["Card","Relic","Relic"],"build_version":"2020-12-22","purchased_purges":1,"victory":false,"max_hp_per_floor":[75,75,75,75,75,75,80,80,80,80,80,80,80,80,80,80,80,80,80,80,80,80,80,80,80,80],"relic_stats":{"counters":[13,47],"StoneCalendar":[0],"PreservedInsect":41,"Kunai":[2],"War Paint":["Defend_B","Dualcast"],"Cursed Key":0,"obtain_stats":[{"Du-Vu Doll":11,"Vajra":7,"StoneCalendar":3,"PreservedInsect":20,"Runic Capacitor":22,"Kunai":9,"War Paint":24,"Cracked Core":0,"Cursed Key":17},{"Du-Vu Doll":6,"Vajra":4,"StoneCalendar":1,"PreservedInsect":11,"Runic Capacitor":12,"Kunai":4,"War Paint":12,"Cracked Core":0,"Cursed Key":9},{"Du-Vu Doll":21,"Vajra":12,"StoneCalendar":2,"PreservedInsect":39,"Runic Capacitor":44,"Kunai":12,"War Paint":44,"Cracked Core":0,"Cursed Key":32}]},"card_choices":[{"not_picked":["Recycle","Turbo"],"picked":"BootSequence","floor":1.0},{"not_picked":["Coolheaded","Barrage"],"picked":"Conserve Battery","floor":4.0},{"not_picked":["Barrage","Ball Lightning"],"picked":"Lockon","floor":5.0},{"not_picked":["Go for the Eyes","Streamline"],"picked":"Ball Lightning","floor":7.0},{"not_picked":["Leap","Gash"],"picked":"Genetic Algorithm","floor":10.0},{"not_picked":["Scrape","Redo"],"picked":"Doom and Gloom","floor":11.0},{"not_picked":["Static Discharge","Beam Cell"],"picked":"Steam Power","floor":13.0},{"not_picked":["Multi-Cast","Streamline"],"picked":"Chaos","floor":14.0},{"not_picked":["Machine Learning","Electrodynamics"],"picked":"All For One","floor":16},{"not_picked":["Force Field","Tempest","Heatsinks+1"],"picked":"SKIP","floor":18},{"not_picked":["Gash+1","Leap"],"picked":"Cold Snap+1","floor":19},{"not_picked":["Steam+1","Heatsinks","Genetic Algorithm"],"picked":"SKIP","floor":21}],"player_experience":819995,"relics_obtained":[{"floor":7.0,"key":"Vajra"},{"floor":9.0,"key":"Kunai"},{"floor":11.0,"key":"Du-Vu Doll"}],"event_choices":[{"damage_healed":0.0,"max_hp_gain":0.0,"max_hp_loss":0.0,"gold_gain":175.0,"event_name":"Liars Game","player_choice":"AGREE","floor":2.0,"gold_loss":0.0,"damage_taken":0.0,"cards_obtained":["Doubt"]},{"damage_healed":0.0,"max_hp_gain":0.0,"max_hp_loss":0.0,"gold_gain":0.0,"event_name":"Scrap Ooze","player_choice":"Success","floor":3.0,"gold_loss":0.0,"damage_taken":18.0,"relics_obtained":["StoneCalendar"]},{"damage_healed":0.0,"max_hp_gain":0.0,"max_hp_loss":0.0,"gold_gain":0.0,"event_name":"The Woman in Blue","player_choice":"Bought 3 Potions","floor":12.0,"gold_loss":0.0,"damage_taken":0.0},{"damage_healed":0,"gold_gain":0,"player_choice":"Opened","damage_taken":0,"relics_obtained":["PreservedInsect"],"max_hp_gain":0,"max_hp_loss":0,"event_name":"The Mausoleum","floor":20,"gold_loss":0}],"is_beta":false,"boss_relics":[{"not_picked":["Velvet Choker","Runic Dome"],"picked":"Cursed Key"}],"items_purged_floors":[22],"is_endless":false,"potions_floor_spawned":[1,5,16,19],"killed_by":"Slavers","ascension_level":6}}