{"host":"9tzam4717zt8ei1o","time":1610720772,"event":{"mods":["BaseMod","Colored Map","Keyboard Shortcuts","Minty Spire (QoL Compilation)","Quick Restart","StSLib","SuperFastMode"],"gold_per_floor":[115,190,56,66,66,100,0,28,28,28,43,43,71,20,20,98,98,116,206,206,218,236,236,236,236,236,236,246,108,108,158,158,158,158],"floor_reached":33,"language":"KOR","playtime":733,"items_purged":["Strike_G","Strike_G","Defend_G"],"score":568,"play_id":"7736db9f-7cac-45d5-830a-e4afac85bf59","local_time":"20210115232612","is_ascension_mode":true,"campfire_choices":[{"floor":10.0,"key":"DIG"},{"floor":12.0,"key":"DIG"},{"data":"Prepared","floor":15.0,"key":"SMITH"},{"floor":23.0,"key":"DIG"},{"floor":25.0,"key":"DIG"},{"floor":27.0,"key":"REST"},{"data":"Calculated Gamble","floor":32.0,"key":"SMITH"}],"circlet_count":0,"master_deck":["AscendersBane","Defend_G","Defend_G","Defend_G","Defend_G","Survivor","Neutralize","Tactician","Dagger Throw","Flechettes+1","Adrenaline","PiercingWail","Eviscerate","Acrobatics","Prepared+1","Deadly Poison+1","Storm of Steel+1","Flying Knee+1","Calculated Gamble+1","Infinite Blades+1","Eviscerate","Wraith Form v2+1"],"relics":["Ring of the Snake","NeowsBlessing","Shovel","Frozen Egg 2","Lizard Tail","Juzu Bracelet","Toy Ornithopter","Kunai","Astrolabe","Smiling Mask","Girya","Bottled Lightning","FaceOfCleric"],"acts_visited":["Exordium","TheCity"],"potions_floor_usage":[33,33],"damage_taken":[{"damage":0.0,"enemies":"Small Slimes","floor":1.0,"turns":1.0},{"damage":0.0,"enemies":"Jaw Worm","floor":4.0,"turns":1.0},{"damage":0.0,"enemies":"Gremlin Nob","floor":6.0,"turns":1.0},{"damage":21.0,"enemies":"3 Sentries","floor":8.0,"turns":14.0},{"damage":0.0,"enemies":"Cultist","floor":11.0,"turns":3.0},{"damage":26.0,"enemies":"Lagavulin","floor":13.0,"turns":6.0},{"damage":29.0,"enemies":"Slime Boss","floor":16.0,"turns":8.0},{"damage":12.0,"enemies":"Chosen","floor":18.0,"turns":3.0},{"damage":0.0,"enemies":"Spheric Guardian","floor":21.0,"turns":3.0},{"damage":18.0,"enemies":"Snake Plant","floor":22.0,"turns":4.0},{"damage":1.0,"enemies":"Centurion and Healer","floor":28.0,"turns":4.0},{"damage":33,"enemies":"Automaton","floor":33,"turns":8}],"seed_played":"-4231539544806876166","potions_obtained":[{"floor":4.0,"key":"Strength Potion"},{"floor":8.0,"key":"PowerPotion"},{"floor":16.0,"key":"Weak Potion"},{"floor":18.0,"key":"AttackPotion"},{"floor":21.0,"key":"EssenceOfSteel"}],"is_trial":false,"path_per_floor":["M","?","$","M","?","E","$","E","T","R","M","R","E","$","R","B",null,"M","?","?","M","M","R","?","R","T","R","M","$","?","?","R","B"],"character_chosen":"THE_SILENT","items_purchased":["Dagger Throw","Prepared","Wraith Form v2+1"],"campfire_rested":1,"item_purchase_floors":[3,14,29],"current_hp_per_floor":[59,48,48,48,48,48,48,27,27,27,27,27,6,6,6,27,56,44,32,32,37,19,19,1,1,1,22,21,21,21,21,21,0,0],"gold":158,"neow_bonus":"THREE_ENEMY_KILL","is_daily":false,"chose_seed":false,"campfire_upgraded":2,"win_rate":0.0,"timestamp":1610720772,"path_taken":["M","?","$","M","?","E","$","E","T","R","M","R","E","$","R","BOSS","M","?","?","M","M","R","?","R","T","R","M","$","?","?","R","BOSS"],"items_purchased_type":["Card","Card","Card"],"build_version":"2020-12-22","purchased_purges":3,"victory":false,"max_hp_per_floor":[66,66,66,66,66,66,66,66,66,66,66,66,66,66,66,66,66,66,66,66,66,66,66,71,71,71,71,71,71,71,71,71,71,71],"card_choices":[{"not_picked":["Flying Knee","Dagger Throw"],"picked":"Tactician","floor":1.0},{"not_picked":["Backstab","Dagger Throw"],"picked":"Flechettes","floor":4.0},{"not_picked":["Dodge and Roll","Catalyst"],"picked":"Adrenaline","floor":6.0},{"not_picked":["Leg Sweep","Deflect"],"picked":"PiercingWail","floor":8.0},{"not_picked":["Deadly Poison","Backflip"],"picked":"Eviscerate","floor":11.0},{"not_picked":["Underhanded Strike","Setup"],"picked":"Acrobatics","floor":13.0},{"not_picked":["Acrobatics","Heel Hook"],"picked":"Calculated Gamble","floor":18.0},{"not_picked":["Prepared","Underhanded Strike"],"picked":"Infinite Blades+1","floor":21.0},{"not_picked":["Dodge and Roll","Leg Sweep"],"picked":"Eviscerate","floor":22.0},{"not_picked":["Finisher","Underhanded Strike","Distraction"],"picked":"SKIP","floor":28.0}],"player_experience":182088,"relics_obtained":[{"floor":6.0,"key":"Shovel"},{"floor":8.0,"key":"Frozen Egg 2"},{"floor":9.0,"key":"Lizard Tail"},{"floor":10.0,"key":"Juzu Bracelet"},{"floor":12.0,"key":"Toy Ornithopter"},{"floor":13.0,"key":"Kunai"},{"floor":23.0,"key":"Smiling Mask"},{"floor":25.0,"key":"Girya"},{"floor":26.0,"key":"Bottled Lightning"}],"event_choices":[{"damage_healed":0.0,"max_hp_gain":0.0,"max_hp_loss":0.0,"gold_gain":75.0,"event_name":"World of Goop","player_choice":"Gather Gold","floor":2.0,"gold_loss":0.0,"damage_taken":11.0},{"damage_healed":0.0,"max_hp_gain":0.0,"max_hp_loss":0.0,"gold_gain":0.0,"event_name":"Accursed Blacksmith","player_choice":"Forge","floor":5.0,"gold_loss":0.0,"damage_taken":0.0,"cards_upgraded":["Flechettes"]},{"damage_healed":0.0,"max_hp_gain":0.0,"max_hp_loss":0.0,"gold_gain":90.0,"event_name":"Knowing Skull","player_choice":"GOLD ","floor":19.0,"potions_obtained":[],"gold_loss":0.0,"damage_taken":12.0,"cards_obtained":[]},{"damage_healed":0.0,"max_hp_gain":0.0,"max_hp_loss":0.0,"gold_gain":0.0,"event_name":"The Mausoleum","player_choice":"Ignored","floor":20.0,"gold_loss":0.0,"damage_taken":0.0},{"damage_healed":0.0,"max_hp_gain":5.0,"max_hp_loss":0.0,"gold_gain":0.0,"event_name":"Forgotten Altar","player_choice":"Shed Blood","floor":24.0,"gold_loss":0.0,"damage_taken":23.0},{"damage_healed":0.0,"max_hp_gain":0.0,"max_hp_loss":0.0,"gold_gain":0.0,"event_name":"FaceTrader","player_choice":"Trade","floor":30.0,"gold_loss":0.0,"damage_taken":0.0,"relics_obtained":["FaceOfCleric"]},{"damage_healed":0.0,"max_hp_gain":0.0,"max_hp_loss":0.0,"gold_gain":50.0,"event_name":"Nest","player_choice":"Stole From Cult","floor":31.0,"gold_loss":0.0,"damage_taken":0.0}],"is_beta":false,"boss_relics":[{"not_picked":["Philosopher\u0027s Stone","Coffee Dripper"],"picked":"Astrolabe"}],"items_purged_floors":[3,7,29],"is_endless":false,"potions_floor_spawned":[4,8,16,18,21],"killed_by":"Automaton","ascension_level":20}}