{"host":"1eo5f82aifdzd7pr","time":1610745994,"event":{"mods":["AchievementEnabler","BaseMod","Colored Map","Colored Powertips","DeckTracker","Marisa????????","Minty Spire (QoL Compilation)","StSLib","SuperFastMode"],"gold_per_floor":[117,135,135,210,229,229,243,262,262,279,293,293,311,331,331,429,429,441,454,454,467,392,407,148,148,148,148,162,180,250,125,125,222,222,232,249,99,112,131,166,166,181,231,231,245,265,276,101,101,101],"floor_reached":51,"language":"ENG","playtime":3209,"items_purged":["Defend_B","Strike_B","Defend_B","Defend_B","Dualcast"],"score":756,"play_id":"df040e5c-9928-4cf4-afe1-83c7878e244d","local_time":"20210115232634","is_ascension_mode":false,"campfire_choices":[{"data":"Zap","floor":6.0,"key":"SMITH"},{"data":"1","floor":12.0,"key":"LIFT"},{"floor":15.0,"key":"REST"},{"data":"Fission","floor":25.0,"key":"SMITH"},{"floor":32.0,"key":"REST"},{"data":"2","floor":44,"key":"LIFT"},{"data":"3","floor":49,"key":"LIFT"}],"circlet_count":0,"master_deck":["Zap+1","Coolheaded+1","Glacier","Hologram","Echo Form","Thunder Strike+1","Chaos+1","Coolheaded+1","Seek","Coolheaded","Fission+1","Skim+1","Fission+1","White Noise+1"],"relics":["Cracked Core","Girya","InkBottle","Shuriken","Astrolabe","Dream Catcher","StrikeDummy","Sozu","Mercury Hourglass","War Paint"],"acts_visited":["Exordium","TheCity","TheBeyond"],"potions_floor_usage":[],"damage_taken":[{"damage":0.0,"enemies":"Small Slimes","floor":1.0,"turns":3.0},{"damage":0.0,"enemies":"Jaw Worm","floor":2.0,"turns":4.0},{"damage":0.0,"enemies":"Cultist","floor":5.0,"turns":3.0},{"damage":0.0,"enemies":"2 Fungi Beasts","floor":7.0,"turns":4.0},{"damage":8.0,"enemies":"Exordium Wildlife","floor":8.0,"turns":7.0},{"damage":0.0,"enemies":"Red Slaver","floor":10.0,"turns":4.0},{"damage":0.0,"enemies":"Blue Slaver","floor":11.0,"turns":4.0},{"damage":0.0,"enemies":"Large Slime","floor":13.0,"turns":9.0},{"damage":7.0,"enemies":"3 Louse","floor":14.0,"turns":4.0},{"damage":23.0,"enemies":"Slime Boss","floor":16.0,"turns":14.0},{"damage":1.0,"enemies":"Spheric Guardian","floor":18.0,"turns":5.0},{"damage":26.0,"enemies":"3 Byrds","floor":19.0,"turns":5.0},{"damage":12.0,"enemies":"Centurion and Healer","floor":21.0,"turns":6.0},{"damage":41.0,"enemies":"3 Cultists","floor":23.0,"turns":6.0},{"damage":2.0,"enemies":"Shelled Parasite and Fungi","floor":28.0,"turns":6.0},{"damage":0.0,"enemies":"Snecko","floor":29.0,"turns":4.0},{"damage":0.0,"enemies":"Automaton","floor":33.0,"turns":6.0},{"damage":0,"enemies":"Orb Walker","floor":35,"turns":2},{"damage":3,"enemies":"3 Darklings","floor":36,"turns":3},{"damage":0,"enemies":"Spire Growth","floor":38,"turns":3},{"damage":11,"enemies":"Sphere and 2 Shapes","floor":39,"turns":5},{"damage":0,"enemies":"Nemesis","floor":40,"turns":3},{"damage":1,"enemies":"3 Darklings","floor":42,"turns":2},{"damage":0,"enemies":"4 Shapes","floor":45,"turns":2},{"damage":0,"enemies":"Maw","floor":46,"turns":3},{"damage":0,"enemies":"Transient","floor":47,"turns":3},{"damage":18,"enemies":"Awakened One","floor":50,"turns":5}],"seed_played":"1776150184966812776","potions_obtained":[{"floor":2.0,"key":"LiquidBronze"},{"floor":8.0,"key":"Swift Potion"},{"floor":11.0,"key":"BlessingOfTheForge"},{"floor":16.0,"key":"Fruit Juice"},{"floor":21.0,"key":"FairyPotion"},{"floor":23.0,"key":"Explosive Potion"}],"is_trial":false,"path_per_floor":["M","M","?","?","M","R","M","M","T","M","M","R","M","M","R","B",null,"M","M","?","M","$","M","$","R","T","?","M","M","T","$","R","B",null,"M","M","$","M","M","E","?","M","T","R","M","M","M","$","R","B",null],"character_chosen":"DEFECT","items_purchased":["Fission"],"campfire_rested":2,"item_purchase_floors":[24],"current_hp_per_floor":[54,54,51,44,44,44,44,36,36,36,36,36,36,29,51,28,80,79,53,53,41,41,24,24,24,24,24,22,22,22,22,46,46,80,80,77,77,77,66,66,66,65,65,65,65,65,65,65,65,47],"gold":101,"neow_bonus":"ONE_RARE_RELIC","is_daily":false,"chose_seed":false,"campfire_upgraded":2,"win_rate":0.0,"timestamp":1610745994,"path_taken":["M","M","?","?","M","R","M","M","T","M","M","R","M","?","R","BOSS","M","M","?","M","$","M","$","R","T","?","?","M","?","$","R","BOSS","M","M","$","M","M","E","?","M","T","R","M","M","M","$","R","BOSS"],"items_purchased_type":["Card"],"build_version":"2020-12-22","purchased_purges":5,"victory":true,"max_hp_per_floor":[75,75,75,75,75,75,75,75,75,75,75,75,75,75,75,75,80,80,80,80,80,80,80,80,80,80,80,80,80,80,80,80,80,80,80,80,80,80,80,80,80,80,80,80,80,80,80,80,80,80],"card_choices":[{"not_picked":["Streamline","Ball Lightning"],"picked":"Coolheaded","floor":1.0},{"not_picked":["FTL","Go for the Eyes","Self Repair"],"picked":"SKIP","floor":2.0},{"not_picked":["Consume","Self Repair","Conserve Battery"],"picked":"SKIP","floor":5.0},{"not_picked":["Reprogram","Force Field"],"picked":"Glacier","floor":7.0},{"not_picked":["Gash","Barrage"],"picked":"Hologram","floor":8.0},{"not_picked":["Turbo","Steam Power","Leap"],"picked":"SKIP","floor":10.0},{"not_picked":["Go for the Eyes","Compile Driver"],"picked":"Machine Learning","floor":11.0},{"not_picked":["Streamline","Hello World","Redo"],"picked":"SKIP","floor":13.0},{"not_picked":["Heatsinks","Leap","Scrape"],"picked":"SKIP","floor":14.0},{"not_picked":["Buffer","Rainbow"],"picked":"Echo Form","floor":16.0},{"not_picked":["Beam Cell+1","White Noise","Conserve Battery"],"picked":"SKIP","floor":18.0},{"not_picked":["Barrage+1","Chaos","Ball Lightning"],"picked":"SKIP","floor":19.0},{"not_picked":["Scrape+1","Hologram"],"picked":"Coolheaded","floor":21.0},{"not_picked":["Go for the Eyes+1","Rebound","Turbo"],"picked":"SKIP","floor":23.0},{"not_picked":["Ball Lightning","Fusion","Redo"],"picked":"SKIP","floor":28.0},{"not_picked":["Conserve Battery","Fusion","Compile Driver+1"],"picked":"SKIP","floor":29.0},{"not_picked":["Double Energy","Sweeping Beam"],"picked":"Skim+1","floor":32.0},{"not_picked":["Seek","Biased Cognition"],"picked":"Fission","floor":33.0},{"not_picked":["Gash+1","Darkness","Sweeping Beam+1"],"picked":"SKIP","floor":35},{"not_picked":["Leap+1","Double Energy","Sunder"],"picked":"SKIP","floor":36},{"not_picked":["Darkness","Redo","Rebound+1"],"picked":"SKIP","floor":38},{"not_picked":["Sunder+1","Ball Lightning","Steam Power+1"],"picked":"SKIP","floor":39},{"not_picked":["Creative AI","Scrape"],"picked":"White Noise+1","floor":40},{"not_picked":["Streamline+1","Gash+1","Auto Shields+1"],"picked":"SKIP","floor":42},{"not_picked":["Gash+1","Coolheaded","Stack"],"picked":"SKIP","floor":45},{"not_picked":["Self Repair+1","Reprogram+1","Chaos"],"picked":"SKIP","floor":46},{"not_picked":["Turbo","Melter+1","Cold Snap+1"],"picked":"SKIP","floor":47}],"player_experience":812097,"relics_obtained":[{"floor":9.0,"key":"Shuriken"},{"floor":26.0,"key":"Dream Catcher"},{"floor":30.0,"key":"StrikeDummy"},{"floor":40,"key":"Mercury Hourglass"},{"floor":43,"key":"War Paint"}],"event_choices":[{"damage_healed":0.0,"max_hp_gain":0.0,"max_hp_loss":0.0,"gold_gain":0.0,"event_name":"Scrap Ooze","player_choice":"Success","floor":3.0,"gold_loss":0.0,"damage_taken":3.0,"relics_obtained":["InkBottle"]},{"damage_healed":0.0,"max_hp_gain":0.0,"max_hp_loss":0.0,"gold_gain":75.0,"event_name":"FaceTrader","player_choice":"Touch","floor":4.0,"gold_loss":0.0,"damage_taken":7.0},{"damage_healed":0.0,"max_hp_gain":0.0,"max_hp_loss":0.0,"gold_gain":0.0,"event_name":"The Library","player_choice":"Read","floor":20.0,"gold_loss":0.0,"damage_taken":0.0,"cards_obtained":["Seek"]},{"cards_removed":["Strike_B"],"damage_healed":0.0,"max_hp_gain":0.0,"max_hp_loss":0.0,"gold_gain":0.0,"event_name":"Bonfire Elementals","player_choice":"Offered Basic","floor":27.0,"gold_loss":0.0,"damage_taken":0.0},{"cards_removed":["Machine Learning"],"damage_healed":0,"gold_gain":0,"player_choice":"Removed Power","damage_taken":0,"max_hp_gain":0,"max_hp_loss":0,"event_name":"Falling","floor":41,"gold_loss":0}],"is_beta":false,"boss_relics":[{"not_picked":["Ectoplasm","Runic Dome"],"picked":"Astrolabe"},{"not_picked":["Philosopher\u0027s Stone","Velvet Choker"],"picked":"Sozu"}],"items_purged_floors":[22,24,31,37,48],"is_endless":false,"potions_floor_spawned":[2,8,11,13,14,16,21,23,35,36,42,45],"ascension_level":0}}