{"host":"oehe2dxjvdgux73m","time":1610713581,"event":{"mods":["AchievementEnabler","BaseMod","Colored Map","Colored Powertips","DeckTracker","Keyboard Shortcuts","Minty Spire (QoL Compilation)","Permanent Neow","Quick Restart","StSLib","SuperFastMode"],"gold_per_floor":[110,80,100,112,132,132,145,145,145,160,160,188,10,10,10,87,87,105,116,130,150,150,150,75,88,88,104,104,203,203,203,203],"floor_reached":31,"language":"KOR","playtime":1729,"items_purged":["Strike_G"],"score":406,"play_id":"f56bc3b3-67a2-411b-b7f3-14bea0cd7deb","local_time":"20210115212621","is_ascension_mode":true,"campfire_choices":[{"data":"Predator","floor":6.0,"key":"SMITH"},{"data":"Dagger Spray","floor":8.0,"key":"SMITH"},{"floor":11.0,"key":"REST"},{"floor":15.0,"key":"REST"},{"data":"Blade Dance","floor":23,"key":"SMITH"}],"circlet_count":0,"master_deck":["AscendersBane","Defend_G","Defend_G","Defend_G","Defend_G","Defend_G","Survivor","Neutralize","Predator+1","Prepared","Quick Slash","Dagger Spray+1","Backflip","Masterful Stab","Blade Dance+1","Malaise","Bullet Time+1","Footwork+1","Riddle With Holes+1","Noxious Fumes","Dash+1","Backflip","Blur","Decay"],"relics":["Ring of the Snake","Blood Vial","Sundial","Ornamental Fan","Astrolabe","Bronze Scales","HornCleat"],"acts_visited":["Exordium","TheCity"],"potions_floor_usage":[31,31],"damage_taken":[{"damage":16.0,"enemies":"Jaw Worm","floor":1.0,"turns":7.0},{"damage":0.0,"enemies":"Cultist","floor":3.0,"turns":4.0},{"damage":7.0,"enemies":"2 Louse","floor":4.0,"turns":3.0},{"damage":6.0,"enemies":"Looter","floor":5.0,"turns":4.0},{"damage":13.0,"enemies":"2 Fungi Beasts","floor":7.0,"turns":5.0},{"damage":14.0,"enemies":"Large Slime","floor":10.0,"turns":7.0},{"damage":20.0,"enemies":"3 Sentries","floor":12.0,"turns":4.0},{"damage":11.0,"enemies":"Slime Boss","floor":16.0,"turns":7.0},{"damage":0.0,"enemies":"3 Byrds","floor":18.0,"turns":4.0},{"damage":18.0,"enemies":"2 Thieves","floor":19.0,"turns":5.0},{"damage":18.0,"enemies":"Snake Plant","floor":20.0,"turns":6.0},{"damage":15.0,"enemies":"Chosen and Byrds","floor":21.0,"turns":6.0},{"damage":9,"enemies":"Centurion and Healer","floor":25,"turns":6},{"damage":16,"enemies":"Shelled Parasite and Fungi","floor":27,"turns":5},{"damage":22,"enemies":"Slavers","floor":31,"turns":4}],"seed_played":"-397912340610723111","potions_obtained":[{"floor":2.0,"key":"Weak Potion"},{"floor":2.0,"key":"GhostInAJar"},{"floor":7.0,"key":"PowerPotion"},{"floor":16.0,"key":"GhostInAJar"},{"floor":19.0,"key":"CultistPotion"},{"floor":27,"key":"ColorlessPotion"}],"is_trial":false,"path_per_floor":["M","?","M","M","M","R","M","R","T","M","R","E","$","?","R","B",null,"M","M","M","M","?","R","?","M","T","M","?","?","T","E"],"character_chosen":"THE_SILENT","items_purchased":["Blade Dance","Fire Potion"],"campfire_rested":2,"item_purchase_floors":[13,13],"current_hp_per_floor":[45,45,47,42,38,38,27,27,27,15,34,16,16,16,35,26,56,58,42,26,13,35,35,35,28,28,14,14,14,14,0,0],"gold":203,"neow_bonus":"RANDOM_COMMON_RELIC","is_daily":false,"chose_seed":false,"campfire_upgraded":3,"win_rate":0.0,"timestamp":1610713581,"path_taken":["M","?","M","M","M","R","?","R","T","M","R","E","$","?","R","BOSS","M","M","M","M","?","R","?","M","T","M","?","?","?","E"],"items_purchased_type":["Card","Potion"],"build_version":"2020-12-22","purchased_purges":1,"victory":false,"max_hp_per_floor":[66,66,66,66,66,66,66,66,66,66,66,66,66,66,66,66,66,66,66,66,66,66,66,66,66,66,66,66,66,66,66,66],"card_choices":[{"not_picked":["Flying Knee","Deflect"],"picked":"Predator","floor":1.0},{"not_picked":["Quick Slash","Deflect"],"picked":"Prepared","floor":3.0},{"not_picked":["Eviscerate","Acrobatics"],"picked":"Quick Slash","floor":4.0},{"not_picked":["Sucker Punch","Bane","Catalyst"],"picked":"SKIP","floor":5.0},{"not_picked":["Backflip","Concentrate"],"picked":"Dagger Spray","floor":7.0},{"not_picked":["Bane","Dagger Spray"],"picked":"Backflip","floor":10.0},{"not_picked":["Expertise","Concentrate"],"picked":"Masterful Stab","floor":12.0},{"not_picked":["Wraith Form v2","Die Die Die"],"picked":"Malaise","floor":16.0},{"not_picked":["Cloak And Dagger","Dagger Spray"],"picked":"Noxious Fumes","floor":18.0},{"not_picked":["Slice","Underhanded Strike"],"picked":"Dash+1","floor":19.0},{"not_picked":["Cloak And Dagger","Bane","Eviscerate"],"picked":"SKIP","floor":20.0},{"not_picked":["Quick Slash+1","Storm of Steel"],"picked":"Backflip","floor":21.0},{"not_picked":["Sucker Punch+1","Quick Slash","Dagger Spray"],"picked":"SKIP","floor":25},{"not_picked":["Dodge and Roll+1","Noxious Fumes"],"picked":"Blur","floor":27}],"player_experience":207423,"relics_obtained":[{"floor":9.0,"key":"Sundial"},{"floor":12.0,"key":"Ornamental Fan"},{"floor":26,"key":"Bronze Scales"},{"floor":30,"key":"HornCleat"}],"event_choices":[{"damage_healed":0.0,"max_hp_gain":0.0,"max_hp_loss":0.0,"gold_gain":0.0,"event_name":"The Woman in Blue","player_choice":"Bought 2 Potions","floor":2.0,"gold_loss":0.0,"damage_taken":0.0},{"damage_healed":0.0,"max_hp_gain":0.0,"max_hp_loss":0.0,"gold_gain":0.0,"event_name":"Golden Idol","player_choice":"Ignored","floor":14.0,"gold_loss":0.0,"damage_taken":0.0},{"damage_healed":22,"gold_gain":0,"player_choice":"Heal","damage_taken":0,"max_hp_gain":0,"max_hp_loss":0,"event_name":"The Library","floor":22,"gold_loss":0},{"cards_removed":["Strike_G"],"damage_healed":0,"gold_gain":0,"player_choice":"Gave Gold","damage_taken":0,"max_hp_gain":0,"max_hp_loss":0,"event_name":"Beggar","floor":24,"gold_loss":75},{"damage_healed":0,"gold_gain":0,"player_choice":"Smashed Altar","damage_taken":0,"max_hp_gain":0,"max_hp_loss":0,"event_name":"Forgotten Altar","floor":28,"gold_loss":0,"cards_obtained":["Decay"]},{"damage_healed":0,"gold_gain":99,"player_choice":"Stole From Cult","damage_taken":0,"max_hp_gain":0,"max_hp_loss":0,"event_name":"Nest","floor":29,"gold_loss":0}],"is_beta":false,"boss_relics":[{"not_picked":["Sozu","Busted Crown"],"picked":"Astrolabe"}],"items_purged_floors":[13],"is_endless":false,"potions_floor_spawned":[7,10,16,19,27],"killed_by":"Slavers","ascension_level":14}}