{"host":"g1wmg2w41xhsnw8g","time":1610685202,"event":{"mods":["2.2 Compatiblity","Act Like it!","BaseMod","Better Altar","Better Match","Better Note","Better Sensory Stone","Better Skull","Better Third Choice","BetterRewards","Booster Modes","CapriCore","Colored Map","Colored Powertips","Defuse TimeMaze Blight","Displayed Cursed Tome","Evolution","Fox Events","Friendly Minions","GifTheSpireLib","Good Game Mod","Googly Eyes","Infinite Spire","Minty Spire (QoL Compilation)","Red Circlet Mod","Relic Sorter","SCP261 Mod","Shade Mod","Shop Mod","Spicy Shops","Spikes Relics","StSLib","The Dragon Tamer","The Sage","Transform Curses","Wandering Minibosses","????"],"gold_per_floor":[114,114,114,129,149,179,179,193,217,73,83,96,96,51,51,148,148,158,158,1,1,1,1,1,1],"floor_reached":23,"language":"ENG","playtime":1172,"items_purged":["Burn"],"score":223,"play_id":"a2dbcef9-40c9-40a3-97e4-9f1d093d83b4","local_time":"20210114233322","daily_mods":["SealedDeck","Specialized","Heirloom","Elite Swarm"],"is_ascension_mode":true,"metric_token":2387,"campfire_choices":[{"floor":13,"key":"REST"},{"data":"DTMod:Observe","floor":15,"key":"SMITH"}],"dtmod_dragon_data":[49,56,0,-1,12,0],"circlet_count":0,"master_deck":["DTMod:DeepFocus","DTMod:DeepFocus","DTMod:DeepFocus","DTMod:DeepFocus","DTMod:DeepFocus","DTMod:RunningTactic","DTMod:MagicField","DTMod:MasterPlan","DTMod:Punisher","DTMod:HeatWave","DTMod:Training","DTMod:BreakAttack","DTMod:Feint","DTMod:Observe+1","DTMod:StarRain","DTMod:BuildUp","Meteor Strike","DTMod:Overwhelm","DTMod:ForkedFire+1","DTMod:OpeningTactic","DTMod:BalancedStrike","DTMod:CleansingStrike","DTMod:GearUp","DTMod:CleansingStrike+1"],"relics":["DTMod:PactStone","REME:ComplimentaryCards","EVO:Axolotl","FossilizedHelix","sagemod:Singing_Vial","Bag of Preparation","Chemical X","MerchantsRug","Blood Vial"],"acts_visited":["Exordium","TheCity"],"potions_floor_usage":[6,11,14,16],"damage_taken":[{"damage":0,"enemies":"Small Slimes","floor":1,"turns":3},{"damage":0,"enemies":"Cultist","floor":4,"turns":3},{"damage":11,"enemies":"2 Louse","floor":5,"turns":5},{"damage":15,"enemies":"3 Sentries","floor":6,"turns":5},{"damage":2,"enemies":"Exordium Wildlife","floor":8,"turns":5},{"damage":0,"enemies":"Exordium Thugs","floor":11,"turns":1},{"damage":0,"enemies":"Blue Slaver","floor":12,"turns":2},{"damage":12,"enemies":"Hexaghost","floor":16,"turns":4},{"damage":20,"enemies":"2 Thieves","floor":18,"turns":5},{"damage":35,"enemies":"Gremlin Leader","floor":23,"turns":3}],"seed_played":"-8029928591967425913","potions_obtained":[{"floor":4,"key":"Energy Potion"},{"floor":5,"key":"sagemod:Wine"},{"floor":8,"key":"BlessingOfTheForge"},{"floor":11,"key":"LiquidBronze"},{"floor":18,"key":"SteroidPotion"}],"is_trial":true,"path_per_floor":["M","?","?","M","M","E","?","M","T","R","M","M","R","$","R","B",null,"M","?","$","?","$","E"],"character_chosen":"THE_DT","items_purchased":["Chemical X","MerchantsRug","Blood Vial"],"campfire_rested":1,"item_purchase_floors":[10,20,20],"current_hp_per_floor":[49,49,49,49,38,23,23,21,21,21,21,21,35,35,35,23,49,29,29,29,29,29,0,0,0],"gold":1,"neow_bonus":"","is_daily":false,"chose_seed":false,"campfire_upgraded":1,"win_rate":0.0,"timestamp":1610685202,"path_taken":["M","?","?","M","M","E","?","?","T","R","M","?","R","$","R","BOSS","M","?","?","?","$","E"],"items_purchased_type":["Relic","Relic","Relic"],"build_version":"2020-12-22","purchased_purges":1,"victory":false,"max_hp_per_floor":[49,49,49,49,49,49,49,49,49,49,49,49,49,49,49,49,49,49,49,49,49,49,49,49,49],"card_choices":[{"not_picked":["DTMod:TauntingStrike","DTMod:Punisher"],"picked":"DTMod:BuildUp","floor":1},{"not_picked":["DTMod:BuildUp","DTMod:LowKick"],"picked":"DTMod:Overwhelm","floor":4},{"not_picked":["DTMod:BlueScale","DTMod:MaximumCharge"],"picked":"DTMod:ForkedFire","floor":5},{"not_picked":["DTMod:Inferno","DTMod:Multitask"],"picked":"DTMod:OpeningTactic","floor":6},{"not_picked":["DTMod:Hide","DTMod:TagTeam"],"picked":"DTMod:BalancedStrike","floor":8},{"not_picked":["DTMod:BurningEnergy","DTMod:GhostSkin","DTMod:BizarreTactic"],"picked":"SKIP","floor":11},{"not_picked":["DTMod:HeatWave","DTMod:Training"],"picked":"DTMod:CleansingStrike","floor":12},{"not_picked":["DTMod:FierySynthesis","DTMod:StunTrap"],"picked":"DTMod:GearUp","floor":16},{"not_picked":["DTMod:ComboAttack+1","DTMod:Shift","DTMod:Hide"],"picked":"SKIP","floor":18}],"player_experience":934605,"relics_obtained":[{"floor":6,"key":"sagemod:Singing_Vial"},{"floor":9,"key":"Bag of Preparation"}],"event_choices":[{"damage_healed":49,"gold_gain":0,"player_choice":"Embrace Burn","damage_taken":0,"max_hp_gain":0,"max_hp_loss":49,"event_name":"betterThird:BetterShining","floor":3,"gold_loss":0},{"damage_healed":0,"gold_gain":0,"player_choice":"Upgraded","damage_taken":0,"max_hp_gain":0,"max_hp_loss":0,"event_name":"Upgrade Shrine","floor":7,"gold_loss":0,"cards_upgraded":["DTMod:ForkedFire"]},{"cards_removed":["DTMod:ForkedFire"],"damage_healed":0,"gold_gain":0,"player_choice":"Take \u0026 Give","damage_taken":0,"max_hp_gain":0,"max_hp_loss":0,"event_name":"betterNote:BetterNote","floor":19,"gold_loss":0,"cards_obtained":["DTMod:CleansingStrike"]},{"damage_healed":0,"gold_gain":0,"player_choice":"Simplicity","damage_taken":0,"max_hp_gain":0,"max_hp_loss":0,"event_name":"betterThird:BetterWriting","floor":21,"gold_loss":0}],"is_beta":false,"boss_relics":[{"not_picked":["Cursed Key","Ectoplasm"],"picked":"Runic Pyramid"}],"items_purged_floors":[14],"is_endless":false,"potions_floor_spawned":[4,5,8,11,18],"killed_by":"Gremlin Leader","ascension_level":1}}