{"host":"cv77zuuuekizn3ic","time":1610695106,"event":{"mods":["AchievementEnabler","Act Like it!","BaseMod","Gensokyo","Marisa£®ÏF”Í°°ƒß¿Ì…≥£©","Minty Spire (QoL Compilation)","StSLib","Waifu the Spire","everything is the same but u backflip on backflip","slay the spire mod where everything is the same but ironclad has a cowboy hat"],"gold_per_floor":[117,117,117,32,32,32,46,80,107,107,116,116,29,65,65,65,65],"floor_reached":16,"language":"ZHS","playtime":501,"items_purged":[],"score":182,"play_id":"a7605a43-f54e-44e0-a123-ce44c71a7359","local_time":"20210115151826","is_ascension_mode":true,"campfire_choices":[{"data":"Eruption","floor":6.0,"key":"SMITH"},{"floor":10.0,"key":"DIG"},{"floor":15,"key":"DIG"}],"circlet_count":0,"master_deck":["AscendersBane","Strike_P","Strike_P","Strike_P","Strike_P","Defend_P","Defend_P","Defend_P","Defend_P","Eruption+1","Vigilance","CurseOfTheBell","Adaptation","ClearTheMind+1","EmptyMind+1","Pain","Crescendo+1","BowlingBash"],"relics":["Calling Bell","Bronze Scales","Toxic Egg 2","Shovel","Gensokyo:OccultBall","Question Card","Gambling Chip","Centennial Puzzle","CeramicFish","Gensokyo:LunaticRedEyes","Akabeko","Strawberry"],"acts_visited":["Exordium"],"potions_floor_usage":[16],"damage_taken":[{"damage":9.0,"enemies":"Gensokyo:Python","floor":1.0,"turns":4.0},{"damage":6.0,"enemies":"Gensokyo:3_Fairies","floor":7.0,"turns":3.0},{"damage":35.0,"enemies":"Gensokyo:Cirno","floor":8.0,"turns":6.0},{"damage":0,"enemies":"Gensokyo:Gryphon","floor":14,"turns":3},{"damage":32,"enemies":"Gensokyo:Yukari","floor":16,"turns":5}],"seed_played":"-6895112184958062186","potions_obtained":[{"floor":14,"key":"Regen Potion"}],"is_trial":false,"path_per_floor":["M","?","?","$","T","R","M","E","T","R","?","T","COS","M","R","B"],"character_chosen":"WATCHER","items_purchased":["Adaptation"],"campfire_rested":0,"item_purchase_floors":[4],"current_hp_per_floor":[52,52,52,52,52,52,46,11,11,11,11,11,11,11,18,0,0],"gold":65,"neow_bonus":"BOSS_RELIC","is_daily":false,"chose_seed":false,"campfire_upgraded":1,"win_rate":0.0,"timestamp":1610695106,"path_taken":["M","?","?","$","?","R","?","E","T","R","?","?","COS","M","R","BOSS"],"items_purchased_type":["Card"],"build_version":"2020-12-22","purchased_purges":0,"victory":false,"max_hp_per_floor":[68,68,68,68,68,68,68,68,68,68,68,68,68,68,75,75,75],"card_choices":[{"not_picked":["EmptyFist","JustLucky"],"picked":"Conclude","floor":1.0},{"not_picked":["Weave","Pray+1","PathToVictory+1"],"picked":"ClearTheMind+1","floor":7.0},{"not_picked":["Blasphemy+1","Crescendo+1","FlurryOfBlows"],"picked":"EmptyMind+1","floor":8.0},{"not_picked":["Swivel+1","SashWhip+1","Vengeance+1"],"picked":"Crescendo+1","floor":14},{"not_picked":["DeceiveReality+1","Halt+1","Protect+1"],"picked":"BowlingBash","floor":14}],"player_experience":903868,"relics_obtained":[{"floor":0.0,"key":"Bronze Scales"},{"floor":0.0,"key":"Toxic Egg 2"},{"floor":0.0,"key":"Shovel"},{"floor":5.0,"key":"Question Card"},{"floor":8.0,"key":"Gambling Chip"},{"floor":9.0,"key":"Centennial Puzzle"},{"floor":10.0,"key":"CeramicFish"},{"floor":12.0,"key":"Akabeko"},{"floor":15,"key":"Strawberry"}],"event_choices":[],"is_beta":false,"boss_relics":[],"items_purged_floors":[],"is_endless":false,"potions_floor_spawned":[14],"killed_by":"Gensokyo:Yukari","ascension_level":20}}