{"host":"ygfasg9u7olr7skw","time":1610727474,"event":{"mods":["AchievementEnabler","BaseMod","Better Note","Better Vampires","Colored Powertips","Minty Spire (QoL Compilation)","Replay The Spire","Spicy Shops","StSLib","The IronCluck"],"gold_per_floor":[109,129,54,71,71,71,89,144,171,171,171,204,76,86,86,188,188,207,132,145,220,23,23,39,39,39,39,65,83,83,101,101,202,202,219,231,250,7,21,21,0,35,62,92,92,92,119,125,125],"floor_reached":48,"language":"ENG","playtime":3329,"items_purged":["Strike_B","Strike_B","Strike_B"],"score":531,"play_id":"f38695e3-11a2-4182-ad0b-c82b94f6b8a9","local_time":"20210115111754","is_ascension_mode":true,"campfire_choices":[{"data":"Zap","floor":6,"key":"SMITH"},{"floor":11,"key":"REST"},{"floor":15,"key":"DIG"},{"data":"Fission","floor":23,"key":"SMITH"},{"data":"Dualcast","floor":25,"key":"SMITH"},{"floor":32,"key":"REST"},{"floor":40,"key":"REST"},{"floor":46,"key":"REST"}],"circlet_count":0,"master_deck":["Defend_B","Defend_B","Defend_B","Zap+1","Dualcast+1","Chaos","Ball Lightning","Undo+1","Cold Snap","Thunder Strike","Cold Snap","Fission+1","Ball Lightning","Chaos","Rainbow","Ball Lightning+1","BasicCrystalCard","Capacitor"],"relics":["Cracked Core","Smiling Mask","Vajra","Pet Ghost","MealTicket","Replay:Bottled Snecko","Nuclear Battery","DollysMirror","The Courier","ReplayTheSpireMod:Lightbulb","SacredBark","Membership Card","OrangePellets","Geode","Red Mask","Snack Pack","Replay:Bandana"],"acts_visited":["Exordium","TheCity","TheBeyond"],"potions_floor_usage":[33,33,33,44],"damage_taken":[{"damage":0,"enemies":"Small Slimes","floor":1,"turns":4},{"damage":2,"enemies":"Jaw Worm","floor":2,"turns":3},{"damage":4,"enemies":"2 Louse","floor":4,"turns":3},{"damage":5,"enemies":"2 Fungi Beasts","floor":7,"turns":3},{"damage":13,"enemies":"Lagavulin Event","floor":8,"turns":6},{"damage":24,"enemies":"Gremlin Nob","floor":12,"turns":4},{"damage":10,"enemies":"Gremlin Gang","floor":14,"turns":3},{"damage":21,"enemies":"Hexaghost","floor":16,"turns":9},{"damage":0,"enemies":"Shell Parasite","floor":18,"turns":4},{"damage":0,"enemies":"Chosen","floor":20,"turns":3},{"damage":7,"enemies":"3 Cultists","floor":24,"turns":4},{"damage":9,"enemies":"Centurion and Healer","floor":29,"turns":5},{"damage":20,"enemies":"Snake Plant","floor":31,"turns":3},{"damage":69,"enemies":"Pondfish","floor":33,"turns":13},{"damage":0,"enemies":"Orb Walker","floor":35,"turns":3},{"damage":8,"enemies":"3 Darklings","floor":36,"turns":4},{"damage":1,"enemies":"Jaw Worm Horde","floor":37,"turns":3},{"damage":22,"enemies":"Sphere and 2 Shapes","floor":39,"turns":3},{"damage":9,"enemies":"Nemesis","floor":42,"turns":7},{"damage":36,"enemies":"Transient","floor":44,"turns":5},{"damage":10,"enemies":"4 Shapes","floor":47,"turns":5},{"damage":47,"enemies":"3 Darklings","floor":48,"turns":3}],"seed_played":"-3608727268232880905","potions_obtained":[{"floor":1,"key":"Strength Potion"},{"floor":2,"key":"SteroidPotion"},{"floor":16,"key":"EssenceOfSteel"},{"floor":20,"key":"Ancient Potion"},{"floor":33,"key":"Milkshake"},{"floor":35,"key":"Dexterity Potion"},{"floor":44,"key":"Ancient Potion"}],"is_trial":false,"path_per_floor":["M","M","$","M","?","R","M","?","T","?","R","E","$","M","R","B",null,"M","?","M","?","$","R","M","R","T","?","T","M","?","M","R","B",null,"M","M","M","$","M","R","?","E","T","M","?","R","M","M"],"character_chosen":"DEFECT","items_purchased":["Thunder Strike","DollysMirror","Membership Card","Capacitor","OrangePellets","Geode"],"campfire_rested":4,"item_purchase_floors":[13,22,38,38,38,38],"current_hp_per_floor":[82,80,80,76,76,76,71,58,58,55,79,55,70,60,60,39,82,82,82,82,74,82,82,75,75,75,75,75,66,66,46,70,1,82,82,74,73,82,60,82,82,73,73,41,33,57,47,0,0],"gold":125,"neow_bonus":"TEN_PERCENT_HP_BONUS","is_daily":false,"chose_seed":false,"campfire_upgraded":3,"win_rate":0.0,"timestamp":1610727474,"path_taken":["M","M","$","M","?","R","M","?","T","?","R","E","$","M","R","BOSS","M","?","M","?","$","R","?","R","T","?","?","M","?","M","R","BOSS","M","M","M","$","M","R","?","E","T","M","?","R","?","M"],"items_purchased_type":["Card","Relic","Relic","Card","Relic","Relic"],"build_version":"2020-12-22","purchased_purges":3,"victory":false,"max_hp_per_floor":[82,82,82,82,82,82,82,82,82,82,82,82,82,82,82,82,82,82,82,82,82,82,82,82,82,82,82,82,82,82,82,82,82,82,82,82,82,82,82,82,82,82,82,82,82,82,82,82,82],"card_choices":[{"not_picked":["Rip and Tear","Beam Cell"],"picked":"Chaos","floor":1},{"not_picked":["Barrage","Stack","Panic Button"],"picked":"SKIP","floor":2},{"not_picked":["Steam","Streamline"],"picked":"Ball Lightning","floor":4},{"not_picked":["Barrage","ReplayGash","Streamline"],"picked":"SKIP","floor":7},{"not_picked":["Redo","Streamline"],"picked":"Cold Snap","floor":8},{"not_picked":["Steam Power","ReplaySolidLightProjector","Aggregate"],"picked":"SKIP","floor":12},{"not_picked":["Storm","Compile Driver"],"picked":"Cold Snap","floor":14},{"not_picked":["Core Surge","Creative AI"],"picked":"Fission","floor":16},{"not_picked":["White Noise","BootSequence","Rebound"],"picked":"SKIP","floor":18},{"not_picked":["Turbo","Stack","ReplayGash"],"picked":"SKIP","floor":20},{"not_picked":["Force Field+1","Hello World","ReplayTheSpireMod:GoodbyeWorld"],"picked":"SKIP","floor":24},{"not_picked":["Barrage+1","Doom and Gloom"],"picked":"Chaos","floor":29},{"not_picked":["Coolheaded","Compile Driver+1","Leap"],"picked":"SKIP","floor":31},{"not_picked":["Multi-Cast","Hyperbeam"],"picked":"Rainbow","floor":33},{"not_picked":["Turbo+1","Conserve Battery"],"picked":"Ball Lightning+1","floor":35},{"not_picked":["Leap+1","Gash+1","FTL+1"],"picked":"SKIP","floor":36},{"not_picked":["Beam Cell","Rebound+1"],"picked":"BasicCrystalCard","floor":37},{"not_picked":["Melter","Leap+1","Coolheaded"],"picked":"SKIP","floor":39},{"not_picked":["Ball Lightning","Beam Cell+1","Self Repair+1"],"picked":"SKIP","floor":42},{"not_picked":["Steam+1","Sweeping Beam","Streamline"],"picked":"SKIP","floor":44},{"not_picked":["Sweeping Beam","Aggregate","Gash+1"],"picked":"SKIP","floor":47}],"player_experience":290267,"relics_obtained":[{"floor":9,"key":"Vajra"},{"floor":12,"key":"MealTicket"},{"floor":15,"key":"Replay:Bottled Snecko"},{"floor":26,"key":"The Courier"},{"floor":28,"key":"ReplayTheSpireMod:Lightbulb"},{"floor":42,"key":"Snack Pack"},{"floor":43,"key":"Replay:Bandana"}],"event_choices":[{"damage_healed":0,"gold_gain":0,"player_choice":"Searched \u00272\u0027 times","damage_taken":0,"relics_obtained":["Smiling Mask"],"max_hp_gain":0,"max_hp_loss":0,"event_name":"Dead Adventurer","floor":8,"gold_loss":0},{"damage_healed":0,"gold_gain":0,"player_choice":"Success","damage_taken":3,"relics_obtained":["Pet Ghost"],"max_hp_gain":0,"max_hp_loss":0,"event_name":"Scrap Ooze","floor":10,"gold_loss":0},{"cards_removed":["Strike_B"],"damage_healed":0,"gold_gain":0,"player_choice":"Gave Gold","damage_taken":0,"max_hp_gain":0,"max_hp_loss":0,"event_name":"Beggar","floor":19,"gold_loss":75},{"damage_healed":0,"gold_gain":75,"player_choice":"Touch","damage_taken":8,"max_hp_gain":0,"max_hp_loss":0,"event_name":"FaceTrader","floor":21,"gold_loss":0},{"damage_healed":0,"gold_gain":0,"player_choice":"Ignored","damage_taken":0,"max_hp_gain":0,"max_hp_loss":0,"event_name":"Cursed Tome","floor":27,"gold_loss":0},{"damage_healed":0,"gold_gain":0,"player_choice":"Ignored","damage_taken":0,"max_hp_gain":0,"max_hp_loss":0,"event_name":"Vampires","floor":30,"gold_loss":0},{"damage_healed":0,"gold_gain":0,"player_choice":"Paid","damage_taken":0,"relics_obtained":["Red Mask"],"max_hp_gain":0,"max_hp_loss":0,"event_name":"Tomb of Lord Red Mask","floor":41,"gold_loss":21},{"damage_healed":0,"gold_gain":0,"player_choice":"Damaged","damage_taken":8,"max_hp_gain":0,"max_hp_loss":0,"event_name":"Wheel of Change","floor":45,"gold_loss":0}],"is_beta":false,"boss_relics":[{"not_picked":["Runic Pyramid","Kintsugi"],"picked":"Nuclear Battery"},{"not_picked":["Empty Cage","ReplayTheSpireMod:DimensionalGlitch"],"picked":"SacredBark"}],"items_purged_floors":[3,13,22],"is_endless":false,"potions_floor_spawned":[1,2,16,20,24,33,35,44],"killed_by":"3 Darklings","ascension_level":3}}