{"host":"uonldg9uriwfhjjx","time":1610672822,"event":{"mods":["AchievementEnabler","BaseMod","Minty Spire (QoL Compilation)","Relic Stats","StSLib","The Cursed"],"gold_per_floor":[113,113,133,133,146,175,175,188,188,188,204,204,266,294,294,398,398,408,408,408,425,425,425,120,120,146,171,171,191,224,77,77,180,180,192,202,202,218,318,318,352,370,370,400,417,62,94,105,105,105],"floor_reached":51,"language":"ENG","playtime":3923,"items_purged":["TheCursedMod:Strike_TheCursed"],"score":1025,"play_id":"6a806575-50b2-47f0-bab5-b125c31f5c22","local_time":"20210114200702","is_ascension_mode":true,"campfire_choices":[{"floor":10,"key":"REST"},{"data":"TheCursedMod:CircleOfBlood","floor":12,"key":"SMITH"},{"data":"TheCursedMod:CleanUpWorkshop","floor":15,"key":"SMITH"},{"data":"TheCursedMod:Grudge","floor":23,"key":"SMITH"},{"data":"TheCursedMod:ReleasedStrength","floor":25,"key":"SMITH"},{"data":"TheCursedMod:DoubleShield","floor":28,"key":"SMITH"},{"data":"TheCursedMod:SmokeScreen","floor":32,"key":"SMITH"},{"data":"TheCursedMod:ReleasedStrength","floor":40,"key":"SMITH"},{"data":"TheCursedMod:SpitefulPray","floor":49,"key":"SMITH"}],"circlet_count":0,"master_deck":["TheCursedMod:Strike_TheCursed","TheCursedMod:Defend_TheCursed+1","TheCursedMod:Defend_TheCursed+1","TheCursedMod:CursedWand+1","TheCursedMod:CleanUpWorkshop+1","TheCursedMod:Dregs","TheCursedMod:CircleOfCorruption","TheCursedMod:CircleOfBlood+1","TheCursedMod:CursedAmulet","TheCursedMod:CircleOfCorruption","TheCursedMod:DoubleShield+1","TheCursedMod:LuckyCharm","TheCursedMod:ReleasedStrength+1","TheCursedMod:RapidMovement","TheCursedMod:StunningStrike+1","TheCursedMod:DemonSword+1","TheCursedMod:SurpriseAttack+1","TheCursedMod:SurpriseAttack+1","Writhe","TheCursedMod:Grudge+1","TheCursedMod:SpitefulStrike","TheCursedMod:Hemoplague+1","TheCursedMod:WearCloak+1","TheCursedMod:SpitefulPray+1","TheCursedMod:SmokeScreen+1","TheCursedMod:ReleasedStrength+1","TheCursedMod:CursedBlade","TheCursedMod:CursedAmulet","TheCursedMod:CollectTribute+1","TheCursedMod:RapidMovement","TheCursedMod:TroublousMinions","TheCursedMod:HellsGateOpen+1","Panache+1","TheCursedMod:HellsGateOpen+1","TheCursedMod:CursedShiv+1"],"relics":["TheCursedMod:BlackMagicAdvanced","Bag of Marbles","Mercury Hourglass","Anchor","Matryoshka","InkBottle","Pantograph","Astrolabe","Toy Ornithopter","Frozen Egg 2","Akabeko","Bronze Scales","Centennial Puzzle","Vajra","Whetstone","Nunchaku","Lantern","Bottled Lightning","Ornamental Fan","War Paint","Orichalcum"],"acts_visited":["Exordium","TheCity","TheBeyond"],"potions_floor_usage":[13,14,30,30,30,41,50],"damage_taken":[{"damage":0,"enemies":"2 Louse","floor":1,"turns":3},{"damage":0,"enemies":"Small Slimes","floor":3,"turns":2},{"damage":0,"enemies":"Cultist","floor":5,"turns":3},{"damage":60,"enemies":"Lagavulin","floor":6,"turns":10},{"damage":0,"enemies":"Exordium Wildlife","floor":8,"turns":3},{"damage":8,"enemies":"Blue Slaver","floor":11,"turns":3},{"damage":25,"enemies":"3 Sentries","floor":13,"turns":7},{"damage":9,"enemies":"Gremlin Nob","floor":14,"turns":3},{"damage":13,"enemies":"The Guardian","floor":16,"turns":13},{"damage":7,"enemies":"Shell Parasite","floor":18,"turns":5},{"damage":6,"enemies":"Spheric Guardian","floor":21,"turns":4},{"damage":14,"enemies":"Slavers","floor":27,"turns":4},{"damage":0,"enemies":"Centurion and Healer","floor":29,"turns":3},{"damage":0,"enemies":"Gremlin Leader","floor":30,"turns":7},{"damage":47,"enemies":"Automaton","floor":33,"turns":9},{"damage":0,"enemies":"Orb Walker","floor":35,"turns":2},{"damage":6,"enemies":"3 Darklings","floor":36,"turns":5},{"damage":0,"enemies":"4 Shapes","floor":38,"turns":3},{"damage":0,"enemies":"Giant Head","floor":41,"turns":7},{"damage":1,"enemies":"Writhing Mass","floor":42,"turns":4},{"damage":0,"enemies":"Reptomancer","floor":44,"turns":4},{"damage":0,"enemies":"Maw","floor":45,"turns":6},{"damage":1,"enemies":"Giant Head","floor":47,"turns":7},{"damage":0,"enemies":"Jaw Worm Horde","floor":48,"turns":3},{"damage":2,"enemies":"Donu and Deca","floor":50,"turns":6}],"seed_played":"-2719583579557880917","potions_obtained":[{"floor":3,"key":"Regen Potion"},{"floor":8,"key":"Energy Potion"},{"floor":11,"key":"Weak Potion"},{"floor":13,"key":"Energy Potion"},{"floor":27,"key":"LiquidMemories"},{"floor":30,"key":"Fruit Juice"},{"floor":35,"key":"PowerPotion"},{"floor":36,"key":"SpeedPotion"},{"floor":41,"key":"SteroidPotion"}],"is_trial":false,"path_per_floor":["M","?","M","?","M","E","T","M","T","R","M","R","?","E","R","B",null,"M","?","?","M","T","R","$","R","T","E","R","M","E","$","R","B",null,"M","M","?","M","?","R","E","M","T","E","M","$","E","M","R","B",null],"character_chosen":"THE_CURSED","items_purchased":["TheCursedMod:Hemoplague+1","Bronze Scales","TheCursedMod:ReleasedStrength","TheCursedMod:CursedBlade","TheCursedMod:CursedAmulet","War Paint","Panache+1","TheCursedMod:HellsGateOpen+1"],"campfire_rested":1,"item_purchase_floors":[24,24,31,31,31,46,46,46],"current_hp_per_floor":[75,68,68,68,70,14,14,18,18,40,34,34,28,31,31,47,75,70,70,70,68,68,68,68,68,68,58,58,58,78,78,78,33,80,80,80,80,80,80,80,80,79,79,80,80,80,80,80,80,78],"gold":105,"neow_bonus":"RANDOM_COMMON_RELIC","is_daily":false,"chose_seed":false,"campfire_upgraded":8,"win_rate":0.0,"timestamp":1610672822,"path_taken":["M","?","M","?","?","E","?","M","T","R","M","R","?","E","R","BOSS","M","?","?","M","?","R","$","R","T","E","R","M","E","$","R","BOSS","M","M","?","M","?","R","E","M","T","E","M","$","E","M","R","BOSS"],"items_purchased_type":["Card","Relic","Card","Card","Card","Relic","Card","Card"],"build_version":"2020-12-22","purchased_purges":1,"victory":true,"max_hp_per_floor":[75,75,75,75,75,75,75,75,75,75,75,75,75,75,75,75,75,75,75,75,75,75,75,75,75,75,75,75,75,80,80,80,80,80,80,80,80,80,80,80,80,80,80,80,80,80,80,80,80,80],"relic_stats":{"counters":[25,125],"Astrolabe":["TheCursedMod:DemonSword","TheCursedMod:SurpriseAttack","TheCursedMod:SurpriseAttack"],"Whetstone":["TheCursedMod:StunningStrike","TheCursedMod:CursedWand"],"War Paint":["TheCursedMod:Defend_TheCursed","TheCursedMod:Defend_TheCursed"],"Orichalcum":[0],"Mercury Hourglass":[405],"Centennial Puzzle":[16],"Nunchaku":[11],"Ornamental Fan":[52],"Pantograph":27,"Bronze Scales":[132],"obtain_stats":[{"TheCursedMod:BlackMagic101":0,"Lantern":41,"TheCursedMod:BlackMagicAdvanced":34,"Astrolabe":17,"Vajra":26,"Whetstone":27,"Frozen Egg 2":22,"War Paint":46,"Orichalcum":47,"Akabeko":22,"Mercury Hourglass":6,"Anchor":7,"Centennial Puzzle":26,"Nunchaku":30,"Matryoshka":9,"Ornamental Fan":44,"Pantograph":14,"Bronze Scales":24,"Bag of Marbles":0,"Bottled Lightning":43,"InkBottle":13,"Toy Ornithopter":19},{"TheCursedMod:BlackMagic101":0,"Lantern":19,"TheCursedMod:BlackMagicAdvanced":15,"Astrolabe":9,"Vajra":11,"Whetstone":12,"Frozen Egg 2":11,"War Paint":22,"Orichalcum":23,"Akabeko":11,"Mercury Hourglass":4,"Anchor":4,"Centennial Puzzle":11,"Nunchaku":14,"Matryoshka":5,"Ornamental Fan":21,"Pantograph":8,"Bronze Scales":11,"Bag of Marbles":0,"Bottled Lightning":20,"InkBottle":7,"Toy Ornithopter":10},{"TheCursedMod:BlackMagic101":0,"Lantern":95,"TheCursedMod:BlackMagicAdvanced":78,"Astrolabe":46,"Vajra":55,"Whetstone":59,"Frozen Egg 2":55,"War Paint":109,"Orichalcum":116,"Akabeko":55,"Mercury Hourglass":18,"Anchor":18,"Centennial Puzzle":55,"Nunchaku":69,"Matryoshka":20,"Ornamental Fan":103,"Pantograph":33,"Bronze Scales":55,"Bag of Marbles":0,"Bottled Lightning":99,"InkBottle":30,"Toy Ornithopter":51}],"InkBottle":[41],"Toy Ornithopter":15},"card_choices":[{"not_picked":["TheCursedMod:RavingStaff","TheCursedMod:RapidMovement"],"picked":"TheCursedMod:CircleOfCorruption","floor":1},{"not_picked":["TheCursedMod:ManaBullet","TheCursedMod:VitalStrike"],"picked":"TheCursedMod:CircleOfBlood","floor":3},{"not_picked":["TheCursedMod:CircleOfCorruption","TheCursedMod:FleshFromBone"],"picked":"TheCursedMod:CursedAmulet","floor":5},{"not_picked":["TheCursedMod:Wield","TheCursedMod:Stretching"],"picked":"TheCursedMod:CircleOfCorruption","floor":6},{"not_picked":["TheCursedMod:DemonicPact","TheCursedMod:HellsGateOpen"],"picked":"TheCursedMod:DoubleShield","floor":8},{"not_picked":["TheCursedMod:Wield","TheCursedMod:FleshFromBone"],"picked":"TheCursedMod:LuckyCharm","floor":11},{"not_picked":["TheCursedMod:TacticalStrike","TheCursedMod:CursedBlade"],"picked":"TheCursedMod:ReleasedStrength","floor":13},{"not_picked":["TheCursedMod:DarkBarrier","TheCursedMod:CursedMace"],"picked":"TheCursedMod:RapidMovement","floor":14},{"not_picked":["TheCursedMod:UltimatePain","TheCursedMod:CircleOfAbyss"],"picked":"TheCursedMod:StunningStrike","floor":16},{"not_picked":["TheCursedMod:VitalStrike+1","TheCursedMod:SoulCrush","TheCursedMod:CircleOfWindfury"],"picked":"SKIP","floor":18},{"not_picked":["TheCursedMod:BloodBarrier+1","TheCursedMod:ReleasedStrength"],"picked":"TheCursedMod:SpitefulStrike","floor":21},{"not_picked":["TheCursedMod:DoubleShield","TheCursedMod:RavingStaff"],"picked":"TheCursedMod:WearCloak+1","floor":27},{"not_picked":["TheCursedMod:SoulReap","TheCursedMod:CursedBoomerang"],"picked":"TheCursedMod:SpitefulPray","floor":29},{"not_picked":["TheCursedMod:Obscuration","TheCursedMod:RavingStaff"],"picked":"TheCursedMod:SmokeScreen","floor":30},{"not_picked":["TheCursedMod:ForbiddenAlchemy","TheCursedMod:ShockAndAwe"],"picked":"TheCursedMod:CollectTribute+1","floor":33},{"not_picked":["TheCursedMod:CircleOfCorruption+1","TheCursedMod:Stretching+1"],"picked":"TheCursedMod:RapidMovement","floor":35},{"not_picked":["TheCursedMod:SpitefulPlan+1","TheCursedMod:CursedMace+1"],"picked":"TheCursedMod:TroublousMinions","floor":36},{"not_picked":["TheCursedMod:AshesToAshes","TheCursedMod:SmokeScreen+1","TheCursedMod:Torture+1"],"picked":"SKIP","floor":38},{"not_picked":["TheCursedMod:Neurasthenia","TheCursedMod:DemonicPact+1"],"picked":"TheCursedMod:HellsGateOpen+1","floor":41},{"not_picked":["TheCursedMod:Torture","TheCursedMod:CursedStaff","TheCursedMod:CursedAmulet+1"],"picked":"SKIP","floor":42},{"not_picked":["TheCursedMod:CircleOfCorruption+1","TheCursedMod:FleshFromBone","TheCursedMod:Stigma+1"],"picked":"SKIP","floor":44},{"not_picked":["TheCursedMod:CircleOfFocus+1","TheCursedMod:Torture","TheCursedMod:FleshFromBone"],"picked":"SKIP","floor":45},{"not_picked":["TheCursedMod:HellsGateOpen+1","TheCursedMod:RavingStaff","TheCursedMod:BloodBarrier+1"],"picked":"SKIP","floor":47},{"not_picked":["TheCursedMod:CursedAmulet+1","TheCursedMod:RapidMovement"],"picked":"TheCursedMod:CursedShiv+1","floor":48}],"player_experience":799665,"relics_obtained":[{"floor":6,"key":"Mercury Hourglass"},{"floor":7,"key":"Anchor"},{"floor":9,"key":"Matryoshka"},{"floor":13,"key":"InkBottle"},{"floor":14,"key":"Pantograph"},{"floor":22,"key":"Frozen Egg 2"},{"floor":22,"key":"Akabeko"},{"floor":26,"key":"Centennial Puzzle"},{"floor":26,"key":"Vajra"},{"floor":27,"key":"Whetstone"},{"floor":30,"key":"Nunchaku"},{"floor":41,"key":"Lantern"},{"floor":43,"key":"Bottled Lightning"},{"floor":44,"key":"Ornamental Fan"},{"floor":47,"key":"Orichalcum"}],"event_choices":[{"cards_removed":["TheCursedMod:Defend_TheCursed"],"damage_healed":0,"gold_gain":0,"player_choice":"Card Removal","damage_taken":7,"max_hp_gain":0,"max_hp_loss":0,"event_name":"Golden Wing","floor":2,"gold_loss":0},{"damage_healed":0,"gold_gain":0,"player_choice":"Bought 0 Potions","damage_taken":0,"max_hp_gain":0,"max_hp_loss":0,"event_name":"The Woman in Blue","floor":4,"gold_loss":0},{"damage_healed":0,"gold_gain":0,"player_choice":"Searched \u00272\u0027 times","damage_taken":0,"max_hp_gain":0,"max_hp_loss":0,"event_name":"Dead Adventurer","floor":13,"gold_loss":0},{"damage_healed":0,"gold_gain":0,"player_choice":"Opened","damage_taken":0,"relics_obtained":["Toy Ornithopter"],"max_hp_gain":0,"max_hp_loss":0,"event_name":"The Mausoleum","floor":19,"gold_loss":0,"cards_obtained":["Writhe"]},{"damage_healed":0,"gold_gain":0,"player_choice":"Read","damage_taken":0,"max_hp_gain":0,"max_hp_loss":0,"event_name":"The Library","floor":20,"gold_loss":0,"cards_obtained":["TheCursedMod:Grudge"]},{"damage_healed":0,"gold_gain":0,"player_choice":"Memory 1","damage_taken":0,"max_hp_gain":0,"max_hp_loss":0,"event_name":"SensoryStone","floor":37,"gold_loss":0},{"damage_healed":0,"gold_gain":100,"player_choice":"Pray","damage_taken":0,"max_hp_gain":0,"max_hp_loss":0,"event_name":"Golden Shrine","floor":39,"gold_loss":0}],"is_beta":false,"boss_relics":[{"not_picked":["Ectoplasm","Fusion Hammer"],"picked":"Astrolabe"},{"not_picked":["Black Star","Cursed Key"],"picked":"TheCursedMod:BlackMagicAdvanced"}],"items_purged_floors":[24],"is_endless":false,"potions_floor_spawned":[3,8,11,13,27,29,30,35,36,41,45],"ascension_level":4}}