{"host":"n605f8gctjc87d7h","time":1610679045,"event":{"mods":["Aspiration","Bard","BaseMod","Better Match","Better Note","Better Skull","Better Third Choice","Conspire","Downfall","Halation","Infinite Spire","Minty Spire (QoL Compilation)","Replay The Spire","Retaliation","Shade Mod","Spicy Shops","StSLib","The IronCluck"],"gold_per_floor":[117,77,97,70,124,158,158,158,158,191,45,120,137,137,137,235,235,249,249,259,259,259,259,289,289,315,331,356,356,99,24,24,128,128,148,148,171,20,40,40,40,40,40,50,127,0,0,19,68,86,86,86],"floor_reached":53,"language":"ENG","playtime":6780,"items_purged":[],"score":1121,"play_id":"d2ecaef1-4751-4f77-b3f2-b1cec83f7c25","local_time":"20210114185045","is_ascension_mode":true,"campfire_choices":[{"floor":7,"key":"REST"},{"floor":15,"key":"REST"},{"floor":23,"key":"REST"},{"floor":25,"key":"REST"},{"floor":29,"key":"REST"},{"data":"infinitespire:Collect","floor":32,"key":"SMITH"},{"data":"Creative AI","floor":40,"key":"SMITH"},{"data":"Ball Lightning","floor":43,"key":"SMITH"},{"data":"Defragment","floor":47,"key":"SMITH"},{"floor":51,"key":"REST"}],"circlet_count":0,"master_deck":["AscendersBane","Strike_B","Strike_B","Strike_B","Defend_B","Defend_B","Defend_B","Zap","Dualcast","expansioncontent:DecasProtection","Melter","Streamline","Genetic Algorithm+1","Conserve Battery+1","Defragment+1","Electrodynamics","FIFO Queue","infinitespire:Collect+1","Ball Lightning+1","Coolheaded+1","Sweeping Beam+1","Creative AI+1","Leap+1","Force Field+1","ReplayTheSpireMod:Splinters","Intimidate+1","BootSequence+1"],"relics":["Cracked Core","halation:PromiseList","Replay:Ringing Soul","halation:YellowSoulGem","Replay:Accelerometer","Replay:Antivirus Software","Nunchaku","Empty Cage","Raider\u0027s Mask","Darkstone Periapt","Orichalcum","PreservedInsect","Pear","aspiration:IroncladSkillbook","infinitespire:Lucky Rock","Strawberry","infinitespire:FocusingShard","Red Mask","conspire:DeflatedDodgeball"],"acts_visited":["Exordium","TheCity","TheBeyond"],"potions_floor_usage":[6,10,16,20,44,48,50,50,52],"damage_taken":[{"damage":3,"enemies":"Jaw Worm","floor":1,"turns":4},{"damage":0,"enemies":"Cultist","floor":3,"turns":3},{"damage":24,"enemies":"3 Sentries","floor":6,"turns":5},{"damage":21,"enemies":"Replay:BlueRogue","floor":10,"turns":6},{"damage":1,"enemies":"2 Louse","floor":13,"turns":2},{"damage":27,"enemies":"Hexaghost","floor":16,"turns":13},{"damage":13,"enemies":"Shell Parasite","floor":18,"turns":6},{"damage":21,"enemies":"2 Thieves","floor":20,"turns":4},{"damage":27,"enemies":"conspire:Head Lice","floor":24,"turns":6},{"damage":13,"enemies":"conspire:HollyBat","floor":27,"turns":5},{"damage":21,"enemies":"Slavers","floor":28,"turns":4},{"damage":20,"enemies":"Champ","floor":33,"turns":9},{"damage":3,"enemies":"3 Shapes","floor":35,"turns":5},{"damage":15,"enemies":"Orb Walker","floor":39,"turns":4},{"damage":13,"enemies":"4 Shapes","floor":44,"turns":6},{"damage":36,"enemies":"Transient","floor":48,"turns":5},{"damage":44,"enemies":"Spire Growth","floor":50,"turns":6},{"damage":132,"enemies":"Donu and Deca","floor":52,"turns":12}],"seed_played":"5478372323316359334","potions_obtained":[{"floor":2,"key":"FairyPotion"},{"floor":2,"key":"LifebloodPotion"},{"floor":2,"key":"PowerPotion"},{"floor":3,"key":"BlessingOfTheForge"},{"floor":6,"key":"GamblersBrew"},{"floor":10,"key":"Elixir"},{"floor":13,"key":"Energy Potion"},{"floor":28,"key":"BlessingOfTheForge"},{"floor":33,"key":"Languid Potion"},{"floor":39,"key":"EssenceOfSteel"},{"floor":44,"key":"GamblersBrew"},{"floor":49,"key":"GamblersBrew"}],"is_trial":false,"path_per_floor":["M","?","M","$","T","E","R","?","T","E","$","?","M","?","R","B",null,"M","AVR","M","?","?","R","E","R","T","M","E","R","$","?","R","B",null,"M","?","T","$","M","R","PTL","PTL","R","M","T","?","R","M","?","M","R","B",null],"character_chosen":"DEFECT","items_purchased":["Streamline","Nunchaku","Pear","Strawberry"],"campfire_rested":6,"item_purchase_floors":[4,11,30,38],"current_hp_per_floor":[65,65,65,65,65,44,67,67,67,49,49,38,40,23,48,24,71,61,64,43,43,43,70,46,74,74,64,46,76,86,86,86,69,104,108,108,108,115,107,107,107,107,107,98,98,98,98,66,75,38,80,11],"gold":86,"neow_bonus":"RANDOM_COLORLESS","is_daily":false,"chose_seed":false,"campfire_upgraded":4,"win_rate":0.0,"timestamp":1610679045,"path_taken":["M","?","?","$","?","E","R","?","T","E","$","?","M","?","R","BOSS","M","AVR","M","?","?","R","E","R","T","M","E","R","$","?","R","BOSS","M","?","?","$","M","R","PTL","PTL","R","M","T","?","R","?","?","M","R","BOSS"],"items_purchased_type":["Card","Relic","Relic","Relic"],"build_version":"2020-12-22","purchased_purges":0,"victory":true,"max_hp_per_floor":[75,75,75,75,75,78,78,78,78,81,81,81,84,84,84,87,87,90,93,93,93,93,93,96,96,96,99,102,102,112,112,112,115,115,118,118,118,125,128,128,128,128,128,128,128,128,128,128,137,140,140,140],"card_choices":[{"not_picked":["expansioncontent:PolyBeam","expansioncontent:BronzeBeam"],"picked":"expansioncontent:DecasProtection","floor":0},{"not_picked":["Beam Cell","aspiration:Polymerization","Rebound"],"picked":"SKIP","floor":1},{"not_picked":["Gash","Sweeping Beam"],"picked":"Melter","floor":3},{"not_picked":["Heatsinks","Stack"],"picked":"Genetic Algorithm","floor":6},{"not_picked":["Steam Power","Streamline"],"picked":"Conserve Battery","floor":10},{"not_picked":["Skim","Barrage"],"picked":"Defragment","floor":13},{"not_picked":["Meteor Strike","Biased Cognition"],"picked":"Electrodynamics","floor":16},{"not_picked":["Force Field","Panic Button"],"picked":"FIFO Queue","floor":18},{"not_picked":["Hologram","Sweeping Beam","Lockon"],"picked":"SKIP","floor":20},{"not_picked":["Steam","Streamline"],"picked":"Ball Lightning","floor":24},{"not_picked":["Meteor Strike","Conserve Battery"],"picked":"Coolheaded+1","floor":27},{"not_picked":["Beam Cell+1","Gash"],"picked":"Sweeping Beam+1","floor":28},{"not_picked":["Rainbow","Buffer"],"picked":"Creative AI","floor":33},{"not_picked":["Cold Snap","Sweeping Beam","Pummel+1"],"picked":"Leap+1","floor":35},{"not_picked":["Rage+1","ReplayReversal+1","Ghostly Armor"],"picked":"Force Field+1","floor":39},{"not_picked":["Dropkick","Perfected Strike","DDmod:CallousedSkill","Ball Lightning"],"picked":"SKIP","floor":44},{"not_picked":["Armaments+1","Turbo+1","Reinforced Body+1","DDmod:SpikedSkill"],"picked":"SKIP","floor":48},{"not_picked":["Rip and Tear","Clothesline","Thunder Strike"],"picked":"Intimidate+1","floor":49},{"not_picked":["Armaments","Ball Lightning","Body Slam"],"picked":"BootSequence+1","floor":50}],"player_experience":673954,"relics_obtained":[{"floor":5,"key":"halation:PromiseList"},{"floor":6,"key":"Replay:Ringing Soul"},{"floor":9,"key":"Replay:Accelerometer"},{"floor":10,"key":"Replay:Antivirus Software"},{"floor":24,"key":"Darkstone Periapt"},{"floor":26,"key":"Orichalcum"},{"floor":28,"key":"PreservedInsect"},{"floor":37,"key":"infinitespire:Lucky Rock"},{"floor":45,"key":"infinitespire:FocusingShard"},{"floor":49,"key":"conspire:DeflatedDodgeball"}],"event_choices":[{"damage_healed":0,"gold_gain":0,"player_choice":"Bought 3 Potions","damage_taken":0,"max_hp_gain":0,"max_hp_loss":0,"event_name":"The Woman in Blue","floor":2,"gold_loss":0},{"damage_healed":0,"gold_gain":75,"player_choice":"Gold","damage_taken":11,"max_hp_gain":0,"max_hp_loss":0,"event_name":"betterThird:BetterGoop","floor":12,"gold_loss":0},{"damage_healed":40,"gold_gain":0,"player_choice":"Upgrade","damage_taken":17,"max_hp_gain":0,"max_hp_loss":84,"event_name":"betterThird:BetterShining","floor":14,"gold_loss":0,"cards_upgraded":["Genetic Algorithm","Conserve Battery"]},{"damage_healed":0,"gold_gain":0,"player_choice":"Ignored","damage_taken":0,"max_hp_gain":0,"max_hp_loss":0,"event_name":"Ghosts","floor":21,"gold_loss":0},{"damage_healed":0,"gold_gain":0,"player_choice":"2","damage_taken":0,"max_hp_gain":0,"max_hp_loss":0,"event_name":"betterMatch:BetterMatch","floor":31,"gold_loss":0,"cards_obtained":[]},{"damage_healed":0,"gold_gain":0,"player_choice":"Paid","damage_taken":0,"relics_obtained":["Red Mask"],"max_hp_gain":0,"max_hp_loss":0,"event_name":"Tomb of Lord Red Mask","floor":46,"gold_loss":127}],"is_beta":false,"boss_relics":[{"not_picked":["FrozenCore","Calling Bell"],"picked":"Empty Cage"},{"not_picked":["Velvet Choker","Honey Jar"],"picked":"aspiration:IroncladSkillbook"}],"items_purged_floors":[],"is_endless":false,"potions_floor_spawned":[3,6,10,13,28,33,39,44],"ascension_level":10}}