{"host":"4axoa1rfjgnprp9l","time":1610715061,"event":{"mods":["2.2 Compatiblity","AchievementEnabler","BaseMod","Colored Map","DeckTracker","Highlight Path","Minty Spire (QoL Compilation)","Permanent Neow","StSLib","SuperFastMode"],"gold_per_floor":[113,131,143,163,174,204,204,49,49,79,79,92,92,119,119,216,216,235,235,245,262,262,262,287,287,287,287,212,137,165,165,165,266,266,279,379,391,245,256,284,284,304,304,338,338,373,51,63,63,63],"floor_reached":51,"language":"KOR","playtime":2973,"items_purged":["Defend_P+1","Strike_P+1"],"score":884,"play_id":"c867a9ec-bdc9-4ad7-872f-52af9c9eea09","local_time":"20210115215101","is_ascension_mode":true,"campfire_choices":[{"data":"Eruption","floor":7.0,"key":"SMITH"},{"data":"Halt","floor":13.0,"key":"SMITH"},{"data":"Omniscience","floor":15.0,"key":"SMITH"},{"data":"WreathOfFlame","floor":23.0,"key":"SMITH"},{"data":"Tantrum","floor":25.0,"key":"SMITH"},{"data":"Blasphemy","floor":27.0,"key":"SMITH"},{"data":"ClearTheMind","floor":32.0,"key":"SMITH"},{"data":"Vault","floor":41.0,"key":"SMITH"},{"data":"Master of Strategy","floor":49,"key":"SMITH"}],"circlet_count":0,"master_deck":["Strike_P+1","Strike_P+1","Strike_P+1","Defend_P+1","Defend_P+1","Defend_P+1","Eruption+1","Vigilance","Master of Strategy+1","CutThroughFate","SashWhip","Tantrum+1","Omniscience+1","Wireheading","MentalFortress","Halt+1","DevaForm","Judgement","ClearTheMind+1","Evaluate","FollowUp+1","WreathOfFlame+1","Blasphemy+1","Ghostly","Ghostly","Ghostly","Ghostly","Ghostly","Vault+1","ConjureBlade","Adaptation","Thinking Ahead","Impatience"],"relics":["HolyWater","Prayer Wheel","OrangePellets","White Beast Statue","Bag of Preparation","Calipers","SacredBark","Turnip","Mercury Hourglass","Eternal Feather","Boot","Frozen Eye","The Courier","Damaru","Dream Catcher","Shovel","Strange Spoon","Centennial Puzzle"],"acts_visited":["Exordium","TheCity","TheBeyond"],"potions_floor_usage":[50,50],"damage_taken":[{"damage":3.0,"enemies":"Cultist","floor":1.0,"turns":3.0},{"damage":7.0,"enemies":"Jaw Worm","floor":2.0,"turns":4.0},{"damage":0.0,"enemies":"2 Louse","floor":3.0,"turns":2.0},{"damage":6.0,"enemies":"Looter","floor":4.0,"turns":3.0},{"damage":0.0,"enemies":"2 Fungi Beasts","floor":5.0,"turns":2.0},{"damage":0.0,"enemies":"Gremlin Nob","floor":6.0,"turns":2.0},{"damage":10.0,"enemies":"Red Slaver","floor":12.0,"turns":3.0},{"damage":9.0,"enemies":"3 Sentries","floor":14.0,"turns":4.0},{"damage":18.0,"enemies":"Hexaghost","floor":16.0,"turns":9.0},{"damage":0.0,"enemies":"Spheric Guardian","floor":18.0,"turns":1.0},{"damage":19.0,"enemies":"2 Thieves","floor":20.0,"turns":3.0},{"damage":0.0,"enemies":"Snake Plant","floor":21.0,"turns":1.0},{"damage":7.0,"enemies":"Book of Stabbing","floor":24.0,"turns":5.0},{"damage":3.0,"enemies":"Slavers","floor":30.0,"turns":3.0},{"damage":1.0,"enemies":"Collector","floor":33.0,"turns":5.0},{"damage":0.0,"enemies":"3 Shapes","floor":35.0,"turns":4.0},{"damage":2.0,"enemies":"3 Darklings","floor":37.0,"turns":5.0},{"damage":1.0,"enemies":"Transient","floor":39.0,"turns":6.0},{"damage":5.0,"enemies":"Giant Head","floor":40.0,"turns":8.0},{"damage":0.0,"enemies":"4 Shapes","floor":42.0,"turns":6.0},{"damage":4.0,"enemies":"Reptomancer","floor":44.0,"turns":5.0},{"damage":1.0,"enemies":"Giant Head","floor":46.0,"turns":6.0},{"damage":0.0,"enemies":"Jaw Worm Horde","floor":48.0,"turns":4.0},{"damage":3,"enemies":"Time Eater","floor":50,"turns":10}],"seed_played":"3611759804351084292","potions_obtained":[{"floor":1.0,"key":"LiquidBronze"},{"floor":4.0,"key":"DuplicationPotion"},{"floor":6.0,"key":"GamblersBrew"},{"floor":12.0,"key":"Swift Potion"},{"floor":16.0,"key":"Regen Potion"},{"floor":18.0,"key":"SteroidPotion"},{"floor":20.0,"key":"DistilledChaos"},{"floor":21.0,"key":"BlessingOfTheForge"},{"floor":24.0,"key":"Strength Potion"},{"floor":33.0,"key":"PowerPotion"},{"floor":37.0,"key":"Swift Potion"},{"floor":40.0,"key":"Strength Potion"},{"floor":48.0,"key":"SpeedPotion"}],"is_trial":false,"path_per_floor":["M","M","M","M","M","E","R","$","T","?","?","M","R","E","R","B",null,"M","?","M","M","?","R","E","R","T","R","?","$","E","T","R","B",null,"M","?","M","$","M","E","R","M","T","E","?","E","$","M","R","B",null],"character_chosen":"WATCHER","items_purchased":["OrangePellets","Frozen Eye","Strange Spoon","Centennial Puzzle"],"campfire_rested":0,"item_purchase_floors":[8,38,47,47],"current_hp_per_floor":[69,62,62,56,56,56,56,56,56,56,56,46,46,37,37,19,72,72,72,53,53,36,36,29,29,29,29,29,29,26,26,36,35,36,36,36,34,34,33,28,36,36,36,32,22,21,21,21,36,33],"gold":63,"neow_bonus":"RANDOM_COLORLESS_2","is_daily":false,"chose_seed":false,"campfire_upgraded":9,"win_rate":0.0,"timestamp":1610715061,"path_taken":["M","M","M","M","M","E","R","$","T","?","?","M","R","E","R","BOSS","M","?","M","M","?","R","E","R","T","R","?","$","E","?","R","BOSS","M","?","M","$","?","E","R","?","T","E","?","E","$","M","R","BOSS"],"items_purchased_type":["Relic","Relic","Relic","Relic"],"build_version":"2020-12-22","purchased_purges":2,"victory":true,"max_hp_per_floor":[72,72,72,72,72,72,72,72,72,72,72,72,72,72,72,72,72,72,72,72,72,36,36,36,36,36,36,36,36,36,36,36,36,36,36,36,36,36,36,36,36,36,36,36,36,36,36,36,36,36],"card_choices":[{"not_picked":["Mayhem","Thinking Ahead"],"picked":"Master of Strategy","floor":0.0},{"not_picked":["PathToVictory","ReachHeaven"],"picked":"CutThroughFate","floor":1.0},{"not_picked":["FlurryOfBlows","Conclude"],"picked":"SashWhip","floor":2.0},{"not_picked":["BattleHymn","Evaluate"],"picked":"Tantrum","floor":3.0},{"not_picked":["Sanctity","CrushJoints"],"picked":"Omniscience","floor":4.0},{"not_picked":["Prostrate","JustLucky","EmptyBody"],"picked":"SKIP","floor":5.0},{"not_picked":["Halt","PathToVictory"],"picked":"Wireheading","floor":6.0},{"not_picked":["Collect","CrushJoints"],"picked":"MentalFortress","floor":12.0},{"not_picked":["Collect","Crescendo"],"picked":"Halt","floor":12.0},{"not_picked":["Wireheading","WheelKick"],"picked":"DevaForm","floor":14.0},{"not_picked":["Brilliance","SpiritShield"],"picked":"Judgement","floor":16.0},{"not_picked":["PathToVictory","Prostrate"],"picked":"ClearTheMind","floor":18.0},{"not_picked":["Protect","ThirdEye","JustLucky"],"picked":"SKIP","floor":18.0},{"not_picked":["BowlingBash","CrushJoints+1"],"picked":"Evaluate","floor":20.0},{"not_picked":["Vengeance","ForeignInfluence+1"],"picked":"FollowUp+1","floor":20.0},{"not_picked":["ThirdEye","InnerPeace"],"picked":"WreathOfFlame","floor":21.0},{"not_picked":["Blasphemy","FlurryOfBlows","Collect"],"picked":"SKIP","floor":21.0},{"not_picked":["FlurryOfBlows","Collect"],"picked":"Blasphemy","floor":21.0},{"not_picked":["Consecrate","FlyingSleeves","Wallop+1"],"picked":"SKIP","floor":24.0},{"not_picked":["CutThroughFate","Weave","Consecrate"],"picked":"SKIP","floor":30.0},{"not_picked":["DeusExMachina","Blasphemy"],"picked":"Vault","floor":33.0},{"not_picked":["CrushJoints+1","Prostrate+1","Protect"],"picked":"SKIP","floor":35.0},{"not_picked":["Pray+1","Crescendo","ReachHeaven"],"picked":"SKIP","floor":35.0},{"not_picked":["Halt+1","LikeWater","ThirdEye"],"picked":"SKIP","floor":37.0},{"not_picked":["FlurryOfBlows+1","Prostrate+1","Consecrate"],"picked":"SKIP","floor":37.0},{"not_picked":["Halt+1","LikeWater","ThirdEye"],"picked":"SKIP","floor":37.0},{"not_picked":["FlurryOfBlows+1","Prostrate+1","Consecrate"],"picked":"SKIP","floor":37.0},{"not_picked":["Perseverance","CrushJoints+1","Halt+1"],"picked":"SKIP","floor":39.0},{"not_picked":["CutThroughFate","CrushJoints","EmptyBody+1"],"picked":"SKIP","floor":39.0},{"not_picked":["Wallop","Consecrate+1","ConjureBlade"],"picked":"SKIP","floor":40.0},{"not_picked":["Wallop","Consecrate+1"],"picked":"ConjureBlade","floor":40.0},{"not_picked":["Collect+1","Halt+1"],"picked":"Adaptation","floor":42.0},{"not_picked":["FlurryOfBlows","Swivel+1","ClearTheMind"],"picked":"SKIP","floor":42.0},{"not_picked":["CrushJoints+1","JustLucky","Consecrate+1"],"picked":"SKIP","floor":44.0},{"not_picked":["The Bomb","HandOfGreed"],"picked":"Thinking Ahead","floor":45.0},{"not_picked":["Apotheosis","Swift Strike"],"picked":"Impatience","floor":45.0},{"not_picked":["Consecrate+1","Weave","ThirdEye+1"],"picked":"SKIP","floor":46.0},{"not_picked":["EmptyMind","CutThroughFate+1","WheelKick+1"],"picked":"SKIP","floor":48.0},{"not_picked":["Evaluate+1","ForeignInfluence","LikeWater+1"],"picked":"SKIP","floor":48.0}],"player_experience":812609,"relics_obtained":[{"floor":6.0,"key":"Prayer Wheel"},{"floor":9.0,"key":"White Beast Statue"},{"floor":14.0,"key":"Calipers"},{"floor":24.0,"key":"Turnip"},{"floor":26.0,"key":"Mercury Hourglass"},{"floor":30.0,"key":"Eternal Feather"},{"floor":31.0,"key":"Boot"},{"floor":40.0,"key":"The Courier"},{"floor":43.0,"key":"Damaru"},{"floor":44.0,"key":"Dream Catcher"},{"floor":46.0,"key":"Shovel"}],"event_choices":[{"damage_healed":0.0,"max_hp_gain":0.0,"max_hp_loss":0.0,"gold_gain":30.0,"event_name":"Dead Adventurer","player_choice":"Searched \u00273\u0027 times","floor":10.0,"gold_loss":0.0,"damage_taken":0.0,"relics_obtained":["Bag of Preparation"]},{"damage_healed":0.0,"max_hp_gain":0.0,"max_hp_loss":0.0,"gold_gain":0.0,"event_name":"The Woman in Blue","player_choice":"Bought 0 Potions","floor":11.0,"gold_loss":0.0,"damage_taken":0.0},{"damage_healed":0.0,"max_hp_gain":0.0,"max_hp_loss":0.0,"gold_gain":0.0,"event_name":"Back to Basics","player_choice":"Simplicity","floor":19.0,"gold_loss":0.0,"damage_taken":0.0,"cards_upgraded":["Strike_P","Strike_P","Strike_P","Strike_P","Defend_P","Defend_P","Defend_P","Defend_P"]},{"damage_healed":0.0,"max_hp_gain":0.0,"max_hp_loss":36.0,"gold_gain":0.0,"event_name":"Ghosts","player_choice":"Became a Ghost","floor":22.0,"gold_loss":0.0,"damage_taken":0.0,"cards_obtained":["Ghostly","Ghostly","Ghostly","Ghostly","Ghostly"]},{"cards_removed":["Shame"],"damage_healed":0.0,"max_hp_gain":0.0,"max_hp_loss":0.0,"gold_gain":0.0,"event_name":"Beggar","player_choice":"Gave Gold","floor":28.0,"gold_loss":75.0,"damage_taken":0.0},{"damage_healed":0.0,"max_hp_gain":0.0,"max_hp_loss":0.0,"gold_gain":100.0,"event_name":"Golden Shrine","player_choice":"Pray","floor":36.0,"gold_loss":0.0,"damage_taken":0.0},{"damage_healed":0.0,"max_hp_gain":0.0,"max_hp_loss":0.0,"gold_gain":0.0,"event_name":"SensoryStone","player_choice":"Memory 3","floor":45.0,"gold_loss":0.0,"damage_taken":10.0}],"is_beta":false,"boss_relics":[{"not_picked":["Tiny House","Runic Pyramid"],"picked":"SacredBark"},{"not_picked":["Runic Dome","Empty Cage"],"picked":"HolyWater"}],"items_purged_floors":[29,47],"is_endless":false,"potions_floor_spawned":[1,4,6,12,14,16,18,20,21,24,30,33,35,37,39,40,42,44,46,48],"ascension_level":2}}