{"host":"pvafbce70weqvzks","time":1610678119,"event":{"mods":["BaseMod","Gremlin Mod","Hermit","Minty Spire (QoL Compilation)","StSLib","themimic"],"gold_per_floor":[118,118,138,152,172,198,213,213,281,296,296,311,54,74,74,175,175,192,204,224,224,224,224],"floor_reached":22,"language":"ENG","playtime":984,"items_purged":[],"score":242,"play_id":"bfea5f0c-d887-41bf-a2b0-370ed72c2c96","local_time":"20210114233519","is_ascension_mode":false,"campfire_choices":[{"floor":8,"key":"REST"},{"floor":15,"key":"REST"}],"circlet_count":0,"master_deck":["Strike_P+1","Strike_P+1","Strike_P+1","Strike_P+1","Defend_P+1","Defend_P+1","Defend_P+1","Defend_P+1","Eruption+1","Vigilance+1","SandsOfTime","EmptyBody+1","WindmillStrike","FollowUp","FlurryOfBlows","Prostrate","PathToVictory","FlurryOfBlows","Consecrate","Halt","FlurryOfBlows","LessonLearned","WheelKick+1","FollowUp","SashWhip"],"relics":["Sozu","Question Card","InkBottle","War Paint","Black Star"],"acts_visited":["Exordium","TheCity"],"potions_floor_usage":[],"damage_taken":[{"damage":1,"enemies":"Jaw Worm","floor":1,"turns":5},{"damage":0,"enemies":"Small Slimes","floor":3,"turns":2},{"damage":7,"enemies":"2 Louse","floor":4,"turns":2},{"damage":12,"enemies":"Gremlin Gang","floor":5,"turns":5},{"damage":10,"enemies":"Gremlin Nob","floor":6,"turns":3},{"damage":12,"enemies":"Exordium Thugs","floor":7,"turns":4},{"damage":0,"enemies":"Looter","floor":10,"turns":3},{"damage":4,"enemies":"Red Slaver","floor":12,"turns":3},{"damage":11,"enemies":"3 Louse","floor":14,"turns":3},{"damage":0,"enemies":"Slime Boss","floor":16,"turns":4},{"damage":25,"enemies":"3 Byrds","floor":18,"turns":5},{"damage":0,"enemies":"Chosen","floor":19,"turns":3},{"damage":33,"enemies":"Snecko","floor":20,"turns":4},{"damage":16,"enemies":"Masked Bandits","floor":22,"turns":3}],"seed_played":"-1582873680412294873","potions_obtained":[],"is_trial":false,"path_per_floor":["M","?","M","M","M","E","M","R","T","M","?","M","$","M","R","B",null,"M","M","M","?","?"],"character_chosen":"WATCHER","items_purchased":["Consecrate","Halt","War Paint"],"campfire_rested":2,"item_purchase_floors":[13,13,13],"current_hp_per_floor":[71,57,57,50,38,28,16,37,37,37,37,33,33,22,43,43,72,47,47,14,14,0,0],"gold":224,"neow_bonus":"BOSS_RELIC","is_daily":false,"chose_seed":false,"campfire_upgraded":0,"win_rate":0.0,"timestamp":1610678119,"path_taken":["M","?","M","M","M","E","M","R","T","M","?","M","?","M","R","BOSS","M","M","M","?","?"],"items_purchased_type":["Card","Card","Relic"],"build_version":"2020-12-22","purchased_purges":0,"victory":false,"max_hp_per_floor":[72,72,72,72,72,72,72,72,72,72,72,72,72,72,72,72,72,72,72,72,72,72,72],"card_choices":[{"not_picked":["TalkToTheHand","DeceiveReality"],"picked":"SandsOfTime","floor":1},{"not_picked":["Weave","Protect"],"picked":"EmptyBody","floor":3},{"not_picked":["LikeWater","ThirdEye"],"picked":"WindmillStrike","floor":4},{"not_picked":["TalkToTheHand","CrushJoints"],"picked":"FollowUp","floor":5},{"not_picked":["LikeWater","WreathOfFlame"],"picked":"FlurryOfBlows","floor":6},{"not_picked":["ClearTheMind","Pray","Weave"],"picked":"Prostrate","floor":7},{"not_picked":["BowlingBash","Pray","Study"],"picked":"PathToVictory","floor":10},{"not_picked":["SashWhip","TalkToTheHand","EmptyMind"],"picked":"FlurryOfBlows","floor":12},{"not_picked":["EmptyMind","Sanctity","Collect"],"picked":"FlurryOfBlows","floor":14},{"not_picked":["DeusExMachina","Blasphemy","Vault"],"picked":"LessonLearned","floor":16},{"not_picked":["Weave+1","Crescendo","FlyingSleeves"],"picked":"WheelKick+1","floor":18},{"not_picked":["Conclude","Adaptation","ClearTheMind+1"],"picked":"FollowUp","floor":19},{"not_picked":["Protect","Evaluate+1","WreathOfFlame"],"picked":"SashWhip","floor":20}],"player_experience":93812,"relics_obtained":[{"floor":6,"key":"Question Card"},{"floor":9,"key":"InkBottle"}],"event_choices":[{"damage_healed":0,"gold_gain":0,"player_choice":"Entered Light","damage_taken":14,"max_hp_gain":0,"max_hp_loss":0,"event_name":"Shining Light","floor":2,"gold_loss":0,"cards_upgraded":["Eruption","Strike_P"]},{"damage_healed":0,"gold_gain":0,"player_choice":"Ignored","damage_taken":0,"max_hp_gain":0,"max_hp_loss":0,"event_name":"Golden Idol","floor":11,"gold_loss":0},{"damage_healed":0,"gold_gain":0,"player_choice":"Simplicity","damage_taken":0,"max_hp_gain":0,"max_hp_loss":0,"event_name":"Back to Basics","floor":21,"gold_loss":0,"cards_upgraded":["Strike_P","Strike_P","Strike_P","Defend_P","Defend_P","Defend_P"]},{"damage_healed":0,"gold_gain":0,"player_choice":"Fought Bandits","damage_taken":0,"max_hp_gain":0,"max_hp_loss":0,"event_name":"Masked Bandits","floor":22,"gold_loss":0}],"is_beta":false,"boss_relics":[{"not_picked":["Snecko Eye","Philosopher\u0027s Stone"],"picked":"Black Star"}],"items_purged_floors":[],"is_endless":false,"potions_floor_spawned":[1,3,5,7,14,19,20],"killed_by":"Masked Bandits","ascension_level":0}}