{"host":"19tvufa8xx4wr4o1","time":1610737568,"event":{"mods":["AchievementEnabler","BaseMod","Better Sensory Stone","Better Third Choice","Highlight Path","Minty Spire (QoL Compilation)","Relic Stats","StSLib"],"gold_per_floor":[119,119,119,131,143,143,158,191,217,11,11,38,38,48,48,124,124,141,158,158,158,158,158,169,169,194,194,194,194,194],"floor_reached":29,"language":"ENG","playtime":912,"items_purged":["Strike_G"],"score":404,"play_id":"586f8a63-6b98-4ebe-941c-8a3fafaca29f","local_time":"20210115130608","is_ascension_mode":true,"campfire_choices":[{"data":"Neutralize","floor":6.0,"key":"SMITH"},{"data":"Noxious Fumes","floor":11,"key":"SMITH"},{"data":"Poisoned Stab","floor":13,"key":"SMITH"},{"data":"Cloak And Dagger","floor":15,"key":"SMITH"},{"data":"Caltrops","floor":23,"key":"SMITH"},{"data":"Predator","floor":25,"key":"SMITH"}],"circlet_count":0,"master_deck":["AscendersBane","Survivor+1","Neutralize+1","Predator+1","Cloak And Dagger+1","Dagger Spray","Caltrops+1","Noxious Fumes+1","Poisoned Stab+1","Die Die Die","Corpse Explosion","Outmaneuver","Venomology+1","Deadly Poison","Backflip","Heel Hook","Poisoned Stab","All Out Attack","Decay"],"relics":["Coffee Dripper","Pen Nib","Tiny Chest","Snake Skull","Pandora\u0027s Box","War Paint","Shuriken","Matryoshka"],"acts_visited":["Exordium","TheCity"],"potions_floor_usage":[16,19,19,24,24],"damage_taken":[{"damage":1.0,"enemies":"2 Louse","floor":1.0,"turns":3.0},{"damage":0.0,"enemies":"Cultist","floor":4.0,"turns":5.0},{"damage":0.0,"enemies":"Small Slimes","floor":5.0,"turns":4.0},{"damage":0.0,"enemies":"Looter","floor":7.0,"turns":3.0},{"damage":27.0,"enemies":"Gremlin Nob","floor":8.0,"turns":4.0},{"damage":12,"enemies":"3 Sentries","floor":12,"turns":6},{"damage":8,"enemies":"Large Slime","floor":14,"turns":4},{"damage":9,"enemies":"Slime Boss","floor":16,"turns":7},{"damage":16,"enemies":"2 Thieves","floor":18,"turns":2},{"damage":0,"enemies":"3 Byrds","floor":19,"turns":3},{"damage":30,"enemies":"Snake Plant","floor":24,"turns":2},{"damage":17,"enemies":"3 Cultists","floor":29,"turns":3}],"seed_played":"2311201894063071191","potions_obtained":[{"floor":4.0,"key":"Strength Potion"},{"floor":7.0,"key":"SkillPotion"},{"floor":16,"key":"ColorlessPotion"},{"floor":18,"key":"ColorlessPotion"}],"is_trial":false,"path_per_floor":["M","?","?","M","M","R","M","E","T","$","R","E","R","M","R","B",null,"M","M","?","?","?","R","M","R","T","T","T","M"],"character_chosen":"THE_SILENT","items_purchased":["Noxious Fumes","Poisoned Stab"],"campfire_rested":0,"item_purchase_floors":[10,10],"current_hp_per_floor":[58,63,63,63,63,63,63,36,36,36,36,24,24,16,16,7,55,39,39,39,39,39,39,9,9,9,9,9,0,0],"gold":194,"neow_bonus":"BOSS_RELIC","is_daily":false,"chose_seed":false,"campfire_upgraded":6,"win_rate":0.0,"timestamp":1610737568,"path_taken":["M","?","?","M","?","R","M","E","T","$","R","E","R","M","R","BOSS","M","M","?","?","?","R","M","R","T","?","?","M"],"items_purchased_type":["Card","Card"],"build_version":"2020-12-22","purchased_purges":1,"victory":false,"max_hp_per_floor":[66,71,71,71,71,71,71,71,71,71,71,71,71,71,71,71,71,71,71,71,71,71,71,71,71,71,71,71,71,71],"relic_stats":{"counters":[12,46],"Shuriken":[0],"Tiny Chest":1,"Pandora\u0027s Box":["Outmaneuver","Venomology","Concentrate","Deadly Poison","Backflip","Heel Hook","Poisoned Stab","All Out Attack"],"Pen Nib":[6],"Snake Skull":[29],"War Paint":["Survivor","Venomology"],"obtain_stats":[{"Matryoshka":28,"Shuriken":27,"Tiny Chest":9,"Pandora\u0027s Box":17,"Pen Nib":8,"Snake Skull":12,"Coffee Dripper":0,"War Paint":26,"Ring of the Snake":0},{"Matryoshka":11,"Shuriken":11,"Tiny Chest":5,"Pandora\u0027s Box":8,"Pen Nib":5,"Snake Skull":6,"Coffee Dripper":0,"War Paint":11,"Ring of the Snake":0},{"Matryoshka":43,"Shuriken":43,"Tiny Chest":19,"Pandora\u0027s Box":36,"Pen Nib":19,"Snake Skull":25,"Coffee Dripper":0,"War Paint":43,"Ring of the Snake":0}]},"card_choices":[{"not_picked":["Deadly Poison","Masterful Stab"],"picked":"Predator","floor":1.0},{"not_picked":["Backflip","Accuracy"],"picked":"Cloak And Dagger","floor":4.0},{"not_picked":["Cloak And Dagger","Quick Slash","Well Laid Plans"],"picked":"SKIP","floor":5.0},{"not_picked":["Deadly Poison","Prepared"],"picked":"Dagger Spray","floor":7.0},{"not_picked":["Well Laid Plans","Flying Knee"],"picked":"Caltrops","floor":8.0},{"not_picked":["Dagger Spray","Prepared"],"picked":"Die Die Die","floor":12},{"not_picked":["Prepared","Reflex","Dodge and Roll"],"picked":"SKIP","floor":14},{"not_picked":["Grand Finale","A Thousand Cuts"],"picked":"Corpse Explosion","floor":16},{"not_picked":["Tactician","Bane","All Out Attack+1"],"picked":"SKIP","floor":18},{"not_picked":["Setup","Dagger Throw","Acrobatics"],"picked":"SKIP","floor":19},{"not_picked":["Flying Knee","Setup","Dagger Spray"],"picked":"SKIP","floor":24}],"player_experience":584929,"relics_obtained":[{"floor":8.0,"key":"Pen Nib"},{"floor":9.0,"key":"Tiny Chest"},{"floor":12,"key":"Snake Skull"},{"floor":26,"key":"War Paint"},{"floor":27,"key":"Shuriken"},{"floor":28,"key":"Matryoshka"}],"event_choices":[{"damage_healed":0.0,"max_hp_gain":5.0,"max_hp_loss":0.0,"gold_gain":0.0,"event_name":"Big Fish","player_choice":"Donut","floor":2.0,"gold_loss":0.0,"damage_taken":0.0},{"cards_removed":["Strike_G"],"damage_healed":0.0,"max_hp_gain":0.0,"max_hp_loss":0.0,"gold_gain":0.0,"event_name":"Purifier","player_choice":"Purged","floor":3.0,"gold_loss":0.0,"damage_taken":0.0},{"cards_removed":["Concentrate"],"damage_healed":0,"gold_gain":0,"player_choice":"Elegance","damage_taken":0,"max_hp_gain":0,"max_hp_loss":0,"event_name":"betterThird:BetterWriting","floor":20,"gold_loss":0},{"damage_healed":0,"gold_gain":0,"player_choice":"Smashed Altar","damage_taken":0,"max_hp_gain":0,"max_hp_loss":0,"event_name":"Forgotten Altar","floor":21,"gold_loss":0,"cards_obtained":["Decay"]},{"damage_healed":0,"gold_gain":0,"player_choice":"Ignored","damage_taken":0,"max_hp_gain":0,"max_hp_loss":0,"event_name":"Vampires","floor":22,"gold_loss":0}],"is_beta":false,"boss_relics":[{"not_picked":["Runic Dome","Philosopher\u0027s Stone"],"picked":"Pandora\u0027s Box"}],"items_purged_floors":[10],"is_endless":false,"potions_floor_spawned":[4,7,16,18],"killed_by":"3 Cultists","ascension_level":15}}