{"host":"sp9d6k1cwe54y95c","time":1610673209,"event":{"mods":["BaseMod","Hubris","Minty Spire (QoL Compilation)","Replay The Spire","Spicy Shops","StSLib"],"gold_per_floor":[111,111,111,121,169,198,198,43,43,55,86,106,33,49,49,153,153,172,190,190,190,18,51,51,51,51,51,70,87,103,27,27,132,132,151,169,169,179,58,93,110,110,110,145,145,145],"floor_reached":45,"language":"ENG","playtime":2015,"items_purged":[],"score":553,"play_id":"89771fa9-0ffc-4932-a3f7-1704cfed6de7","local_time":"20210114191329","is_ascension_mode":false,"campfire_choices":[{"data":"Juggernaut","floor":7,"key":"SMITH"},{"data":"1","floor":24,"key":"LIFT"},{"data":"Life Link","floor":27,"key":"SMITH"},{"floor":32,"key":"REST"},{"data":"Armaments","floor":42,"key":"SMITH"}],"circlet_count":0,"master_deck":["Strike_R","Strike_R","Strike_R+1","Strike_R","Strike_R","Defend_R+1","Defend_R","Defend_R","Defend_R","Bash","Perfected Strike","Voices","hubris:ReadiedAction","Shockwave+1","Thunderclap","Juggernaut+1","Life Link+1","Carnage","Metallicize","Dropkick","ReplayTheSpireMod:Muscle Training","Brutality","Armaments+1","Battle Trance+1","Perfected Strike","hubris:ReadiedAction","Battle Trance+1","Carnage+1","ReplayTheSpireMod:Limb From Limb","Armaments+1","DevaForm","Scrawl","Finesse","Dual Wield+1","Conserve Battery+1"],"relics":["Burning Blood","NeowsBlessing","Simple Rune","Ring of Hypnosis","Ring of Misfortune","Vajra","King of Hearts","hubris:CuriousFeather","hubris:SlimyHat","Red Skull","Girya","Potion Belt","Bottled Tornado","PrismaticShard","Mark of Pain","ReplayTheSpireMod:Lightbulb","hubris:MysteriousPyramids","Meat on the Bone"],"acts_visited":["Exordium","TheCity","TheBeyond"],"potions_floor_usage":[11,16,30,33,36,40,44,44],"damage_taken":[{"damage":0,"enemies":"Jaw Worm","floor":1,"turns":1},{"damage":0,"enemies":"Small Slimes","floor":4,"turns":1},{"damage":0,"enemies":"Gremlin Nob","floor":6,"turns":1},{"damage":0,"enemies":"Cultist","floor":10,"turns":2},{"damage":5,"enemies":"3 Sentries","floor":11,"turns":5},{"damage":26,"enemies":"Gremlin Gang","floor":12,"turns":5},{"damage":19,"enemies":"Exordium Thugs","floor":14,"turns":3},{"damage":11,"enemies":"Hexaghost","floor":16,"turns":5},{"damage":7,"enemies":"Shell Parasite","floor":18,"turns":4},{"damage":19,"enemies":"2 Thieves","floor":19,"turns":4},{"damage":34,"enemies":"Gremlin Leader","floor":23,"turns":5},{"damage":2,"enemies":"3 Cultists","floor":28,"turns":3},{"damage":1,"enemies":"Snecko","floor":29,"turns":4},{"damage":16,"enemies":"Snake Plant","floor":30,"turns":3},{"damage":21,"enemies":"Champ","floor":33,"turns":7},{"damage":1,"enemies":"Orb Walker","floor":35,"turns":2},{"damage":14,"enemies":"3 Darklings","floor":36,"turns":3},{"damage":15,"enemies":"Sphere and 2 Shapes","floor":38,"turns":3},{"damage":7,"enemies":"R_Hoarder","floor":40,"turns":6},{"damage":18,"enemies":"Spire Growth","floor":41,"turns":4},{"damage":49,"enemies":"Reptomancer","floor":44,"turns":5},{"damage":9,"enemies":"Writhing Mass","floor":45,"turns":1}],"seed_played":"-8812792948122252907","potions_obtained":[{"floor":1,"key":"FearPotion"},{"floor":5,"key":"DuplicationPotion"},{"floor":6,"key":"SmokeBomb"},{"floor":14,"key":"Adrenaline Potion"},{"floor":23,"key":"GamblersBrew"},{"floor":30,"key":"Fire Potion"},{"floor":33,"key":"Flashbang"},{"floor":35,"key":"AttackPotion"},{"floor":40,"key":"Adrenaline Potion"},{"floor":41,"key":"Weak Potion"}],"is_trial":false,"path_per_floor":["M","?","?","M","?","E","R","$","T","M","E","M","$","M","R","B",null,"M","M","?","?","$","E","R","?","T","R","M","M","M","$","R","B",null,"M","M","?","M","$","E","M","R","T","E","M"],"character_chosen":"IRONCLAD","items_purchased":["hubris:CuriousFeather","Life Link","Dropkick","Perfected Strike","hubris:ReadiedAction","Battle Trance+1","PrismaticShard","Finesse"],"campfire_rested":1,"item_purchase_floors":[8,8,13,22,22,22,31,39],"current_hp_per_floor":[80,68,68,74,74,80,80,80,80,80,80,60,60,47,71,66,80,79,66,66,66,66,38,38,38,38,38,42,47,37,37,61,46,80,80,72,72,63,63,62,50,50,50,7,0,0],"gold":145,"neow_bonus":"THREE_ENEMY_KILL","is_daily":false,"chose_seed":false,"campfire_upgraded":3,"win_rate":0.0,"timestamp":1610673209,"path_taken":["M","?","?","M","?","E","R","?","T","M","E","M","$","?","R","BOSS","M","?","?","?","$","E","R","?","T","R","M","?","M","$","R","BOSS","M","M","?","?","$","E","M","R","T","E","M"],"items_purchased_type":["Relic","Card","Card","Card","Card","Card","Relic","Card"],"build_version":"2020-12-22","purchased_purges":0,"victory":false,"max_hp_per_floor":[80,80,80,80,80,80,80,80,80,80,80,80,80,80,80,80,80,80,80,80,80,80,80,80,80,80,80,80,80,80,80,80,80,80,80,80,80,80,80,80,80,80,80,80,80,80],"card_choices":[{"not_picked":["Battle Trance","Replay:Undeath\u0027s Touch"],"picked":"Perfected Strike","floor":1},{"not_picked":["Anger","Clash"],"picked":"hubris:ReadiedAction","floor":4},{"not_picked":["Blood for Blood","Shrug It Off"],"picked":"Shockwave","floor":5},{"not_picked":["Iron Wave","ReplayTheSpireMod:Muscle Training"],"picked":"Thunderclap","floor":5},{"not_picked":["Cleave","Battle Trance"],"picked":"Juggernaut","floor":6},{"not_picked":["Battle Trance","Anger"],"picked":"Carnage","floor":10},{"not_picked":["Flex","Rampage","Seeing Red"],"picked":"SKIP","floor":11},{"not_picked":["Twin Strike","Armaments"],"picked":"Metallicize","floor":12},{"not_picked":["Sword Boomerang","True Grit"],"picked":"ReplayTheSpireMod:Muscle Training","floor":14},{"not_picked":["Offering","Replay:Many Hands"],"picked":"Brutality","floor":16},{"not_picked":["True Grit","Clash"],"picked":"Armaments+1","floor":18},{"not_picked":["Flex","ReplayTheSpireMod:Corrosion Curse+1"],"picked":"Battle Trance+1","floor":19},{"not_picked":["Thunderclap","Power Through","Armaments"],"picked":"SKIP","floor":23},{"not_picked":["Shockwave","Reckless Charge"],"picked":"Carnage+1","floor":28},{"not_picked":["Burning Pact","Battle Trance"],"picked":"ReplayTheSpireMod:Limb From Limb","floor":29},{"not_picked":["Warcry","Dropkick"],"picked":"Armaments","floor":30},{"not_picked":["hubris:DoWhile","Panache"],"picked":"DevaForm","floor":33},{"not_picked":["Rampage+1","Deadly Poison+1","Coolheaded+1"],"picked":"SKIP","floor":35},{"not_picked":["Redo","ReplayTheSpireMod:Strike From Hell+1"],"picked":"Scrawl","floor":36},{"not_picked":["Coolheaded","Impatience","EmptyFist+1"],"picked":"SKIP","floor":38},{"not_picked":["BasicCrystalCard","Force Field+1"],"picked":"Dual Wield+1","floor":40},{"not_picked":["FollowUp+1","Replay:ManipulateFuture","Consume+1"],"picked":"SKIP","floor":41},{"not_picked":["Disarm+1","Twin Strike"],"picked":"Conserve Battery+1","floor":44}],"player_experience":1400,"relics_obtained":[{"floor":3,"key":"Ring of Hypnosis"},{"floor":3,"key":"Ring of Misfortune"},{"floor":5,"key":"Vajra"},{"floor":6,"key":"King of Hearts"},{"floor":9,"key":"hubris:SlimyHat"},{"floor":11,"key":"Red Skull"},{"floor":23,"key":"Girya"},{"floor":26,"key":"Bottled Tornado"},{"floor":40,"key":"ReplayTheSpireMod:Lightbulb"},{"floor":43,"key":"hubris:MysteriousPyramids"},{"floor":44,"key":"Meat on the Bone"}],"event_choices":[{"damage_healed":0,"gold_gain":0,"player_choice":"Success","damage_taken":12,"relics_obtained":["Simple Rune"],"max_hp_gain":0,"max_hp_loss":0,"event_name":"Scrap Ooze","floor":2,"gold_loss":0},{"damage_healed":0,"gold_gain":0,"player_choice":"Ignored","damage_taken":0,"max_hp_gain":0,"max_hp_loss":0,"event_name":"Ghosts","floor":20,"gold_loss":0},{"damage_healed":0,"gold_gain":0,"player_choice":"Opened","damage_taken":0,"relics_obtained":["Potion Belt"],"max_hp_gain":0,"max_hp_loss":0,"event_name":"The Mausoleum","floor":25,"gold_loss":0},{"damage_healed":0,"gold_gain":0,"player_choice":"Ignored","damage_taken":0,"max_hp_gain":0,"max_hp_loss":0,"event_name":"NoteForYourself","floor":37,"gold_loss":0}],"is_beta":false,"boss_relics":[{"not_picked":["Abe\u0027s Treasure","Ectoplasm","Snecko Eye"]},{"not_picked":["Ooze Armor","Velvet Choker"],"picked":"Mark of Pain"}],"items_purged_floors":[],"is_endless":false,"potions_floor_spawned":[1,6,10,14,23,30,33,35,40,41],"killed_by":"Writhing Mass","ascension_level":0}}