{"host":"b995t17pt6d05w8c","time":1610714598,"event":{"mods":["AchievementEnabler","BaseMod","Colored Map","DeckTracker","Keyboard Shortcuts","Minty Spire (QoL Compilation)","Permanent Neow","SuperFastMode"],"gold_per_floor":[117,117,1,18,32,32,46,81,149,109,119,136,149,169,169,240,240,252,167,14,14,26,26,26],"floor_reached":23,"language":"KOR","playtime":676,"items_purged":["Strike_R","Strike_R"],"score":396,"play_id":"1413f8c5-e6d5-4885-bae6-98c4e68d92d9","local_time":"20210115214318","is_ascension_mode":true,"campfire_choices":[{"data":"Blood for Blood","floor":6.0,"key":"SMITH"},{"data":"Barricade","floor":15.0,"key":"SMITH"}],"circlet_count":0,"master_deck":["AscendersBane","Strike_R","Strike_R","Strike_R","Defend_R","Defend_R","Defend_R","Defend_R","Bash","Master of Strategy","Power Through","Blood for Blood+1","Dropkick","Impervious","Body Slam","Disarm","Barricade+1","Intimidate","Shrug It Off","Flame Barrier"],"relics":["Burning Blood","Mango","Tiny Chest","Gremlin Horn","Runic Pyramid","Strawberry"],"acts_visited":["TheCity"],"potions_floor_usage":[],"damage_taken":[{"damage":11.0,"enemies":"Jaw Worm","floor":1.0,"turns":5.0},{"damage":4.0,"enemies":"Small Slimes","floor":4.0,"turns":4.0},{"damage":0.0,"enemies":"2 Louse","floor":5.0,"turns":4.0},{"damage":19.0,"enemies":"Gremlin Gang","floor":7.0,"turns":7.0},{"damage":30.0,"enemies":"Lagavulin","floor":8.0,"turns":7.0},{"damage":1.0,"enemies":"Looter","floor":10.0,"turns":4.0},{"damage":0.0,"enemies":"Lots of Slimes","floor":11.0,"turns":5.0},{"damage":0.0,"enemies":"Blue Slaver","floor":12.0,"turns":2.0},{"damage":11.0,"enemies":"3 Louse","floor":13.0,"turns":3.0},{"damage":11.0,"enemies":"Exordium Wildlife","floor":14.0,"turns":4.0},{"damage":29.0,"enemies":"Slime Boss","floor":16.0,"turns":12.0},{"damage":17.0,"enemies":"Shell Parasite","floor":18.0,"turns":7.0},{"damage":26,"enemies":"3 Byrds","floor":22,"turns":9},{"damage":20,"enemies":"Slavers","floor":23,"turns":1}],"seed_played":"4697993565183683887","potions_obtained":[{"floor":4.0,"key":"EntropicBrew"},{"floor":7.0,"key":"Fruit Juice"},{"floor":11.0,"key":"SkillPotion"},{"floor":12.0,"key":"Block Potion"},{"floor":13.0,"key":"AttackPotion"}],"is_trial":false,"path_per_floor":["M","?","$","M","M","R","M","E","T","M","M","M","M","M","R","B",null,"M","?","$","?","M","E"],"character_chosen":"IRONCLAD","items_purchased":["Blood for Blood","Shrug It Off"],"campfire_rested":0,"item_purchase_floors":[3,20],"current_hp_per_floor":[45,54,54,56,62,62,49,25,25,30,36,47,42,37,37,14,74,63,70,70,40,20,0,0],"gold":26,"neow_bonus":"RANDOM_COLORLESS_2","is_daily":false,"chose_seed":false,"campfire_upgraded":2,"win_rate":0.0,"timestamp":1610714598,"path_taken":["M","?","?","M","M","R","M","E","T","M","M","M","M","M","R","BOSS","M","?","$","?","M","E"],"items_purchased_type":["Card","Card"],"build_version":"2020-12-22","purchased_purges":2,"victory":false,"max_hp_per_floor":[75,89,89,89,89,89,89,89,89,89,89,94,94,94,94,94,94,94,101,101,106,106,106,106],"card_choices":[{"not_picked":["Violence","Panache"],"picked":"Master of Strategy","floor":0.0},{"not_picked":["Armaments","Seeing Red"],"picked":"Power Through","floor":1.0},{"not_picked":["Clash","Rupture"],"picked":"Dropkick","floor":4.0},{"not_picked":["Spot Weakness","Flex","Warcry"],"picked":"SKIP","floor":5.0},{"not_picked":["Shockwave","Thunderclap","Heavy Blade"],"picked":"SKIP","floor":7.0},{"not_picked":["Pommel Strike","Clothesline"],"picked":"Impervious","floor":8.0},{"not_picked":["Sword Boomerang","Wild Strike"],"picked":"Body Slam","floor":10.0},{"not_picked":["Flex","Warcry","Thunderclap"],"picked":"SKIP","floor":11.0},{"not_picked":["Flex","Warcry","Thunderclap"],"picked":"SKIP","floor":11.0},{"not_picked":["Power Through","Rupture"],"picked":"Disarm","floor":12.0},{"not_picked":["Havoc","Perfected Strike"],"picked":"Barricade","floor":13.0},{"not_picked":["Rage","Power Through","Intimidate"],"picked":"SKIP","floor":14.0},{"not_picked":["Wild Strike","Clash"],"picked":"Intimidate","floor":18.0},{"not_picked":["Clash","Shockwave+1"],"picked":"Flame Barrier","floor":22}],"player_experience":130328,"relics_obtained":[{"floor":8.0,"key":"Tiny Chest"},{"floor":9.0,"key":"Gremlin Horn"}],"event_choices":[{"damage_healed":0.0,"max_hp_gain":0.0,"max_hp_loss":0.0,"gold_gain":0.0,"event_name":"Scrap Ooze","player_choice":"Success","floor":2.0,"gold_loss":0.0,"damage_taken":5.0,"relics_obtained":["Mango"]},{"damage_healed":0.0,"max_hp_gain":0.0,"max_hp_loss":0.0,"gold_gain":0.0,"event_name":"Addict","player_choice":"Obtained Relic","floor":19.0,"gold_loss":85.0,"damage_taken":0.0,"relics_obtained":["Strawberry"]},{"damage_healed":0.0,"max_hp_gain":5.0,"max_hp_loss":0.0,"gold_gain":0.0,"event_name":"Forgotten Altar","player_choice":"Shed Blood","floor":21.0,"gold_loss":0.0,"damage_taken":35.0}],"is_beta":false,"boss_relics":[{"not_picked":["Velvet Choker","Calling Bell"],"picked":"Runic Pyramid"}],"items_purged_floors":[3,20],"is_endless":false,"potions_floor_spawned":[4,7,11,12,13],"killed_by":"Slavers","ascension_level":18}}