{"host":"khkox7sggahain0a","time":1610673031,"event":{"mods":["Act Like it!","Arknights The Spire","BaseMod","Downfall","Gensokyo","Lobotomy","LobotomyExtend","Marisa£®ÏF”Í°°ƒß¿Ì…≥£©","Minty Spire (QoL Compilation)","Quick Restart","StSLib","The Animator","Waifu the Spire"],"gold_per_floor":[112,124,134,148,166,199,199,225,270,270,52,86,105,161,161,265,265,265,265,295,50,50,50,50,83,83,183,183,209,209,209,209,209,209],"floor_reached":33,"language":"ZHS","playtime":1433,"items_purged":["ats:Defend"],"score":347,"play_id":"92f14656-e330-48e2-98b3-064f7372cdd5","local_time":"20210115091031","is_ascension_mode":true,"campfire_choices":[{"data":"ats:Healing Strengthening","floor":7.0,"key":"SMITH"},{"data":"ats:LN2 Cannon","floor":10.0,"key":"SMITH"},{"data":"ats:Fractured Body","floor":15.0,"key":"SMITH"},{"data":"Bite","floor":23.0,"key":"SMITH"},{"data":"Bite","floor":32.0,"key":"SMITH"}],"circlet_count":0,"master_deck":["ats:Armor Crushing Shot","ats:Defend","ats:Emotion Absorption","CrumblingArmor","ats:Hammer On","Mercenary","ats:Red Shift","ats:LN2 Cannon+1","NothingThere","ats:Healing Strengthening+1","OSAHOGD","ats:Red Shift","ats:Wolf Pack+1","FieryBird","ats:Overload","ats:Consecutive Shot Auto","ats:Fractured Body+1","PunishingBird","ats:Explosion Area Strengthen","LongBird","ats:Calcification","Bite+1","Bite+1","Bite","Bite","Bite","ats:Closed Bolt Burst Fire+1","QueenOfHatred","ats:Chain Hook","ats:Closed Bolt Burst Fire","ats:Childhood Dance","ats:Spore Proliferation"],"relics":["ats:Sanity","CogitoBucket","LetterFromLob","ats:Originium","Toy Ornithopter","Whetstone","Anchor","PreservedInsect","ats:Lavender","ChangeAnything","Juzu Bracelet","ats:Tactical Delivery","LaetitiaHeart","Red Mask","ats:Industrial Water Cannon","Calipers","Oddly Smooth Stone","StoneCalendar","Eternal Feather","Smiling Mask","Bottled Flame"],"acts_visited":["Exordium","TheCity"],"potions_floor_usage":[],"damage_taken":[{"damage":15.0,"enemies":"Cultist","floor":1.0,"turns":4.0},{"damage":20.0,"enemies":"Jaw Worm","floor":2.0,"turns":4.0},{"damage":0.0,"enemies":"Small Slimes","floor":3.0,"turns":2.0},{"damage":1.0,"enemies":"3 Louse","floor":4.0,"turns":3.0},{"damage":15.0,"enemies":"Exordium Wildlife","floor":5.0,"turns":4.0},{"damage":31.0,"enemies":"Lagavulin","floor":6.0,"turns":5.0},{"damage":16.0,"enemies":"Gremlin Nob","floor":8.0,"turns":3.0},{"damage":44.0,"enemies":"3 Sentries","floor":12.0,"turns":7.0},{"damage":15.0,"enemies":"Gremlin Gang","floor":13.0,"turns":4.0},{"damage":44.0,"enemies":"Lagavulin","floor":14.0,"turns":4.0},{"damage":4.0,"enemies":"Slime Boss","floor":16.0,"turns":6.0},{"damage":4.0,"enemies":"Masked Bandits","floor":20.0,"turns":3.0},{"damage":23.0,"enemies":"Slavers","floor":25.0,"turns":4.0},{"damage":59.0,"enemies":"Colosseum Slavers","floor":27.0,"turns":6.0},{"damage":24.0,"enemies":"Colosseum Nobs","floor":27.0,"turns":4.0},{"damage":47.0,"enemies":"Book of Stabbing","floor":29.0,"turns":5.0},{"damage":117,"enemies":"Automaton","floor":33,"turns":6}],"seed_played":"-3328315902152216197","potions_obtained":[{"floor":3.0,"key":"ColorlessPotion"},{"floor":4.0,"key":"FearPotion"},{"floor":6.0,"key":"Ancient Potion"},{"floor":20.0,"key":"Dexterity Potion"},{"floor":25.0,"key":"SkillPotion"}],"is_trial":false,"path_per_floor":["M","M","M","M","M","E","R","E","T","R","$","E","M","E","R","B",null,"M","?","?","$","$","R","$","E","T","?","?","E","?","?","R","B"],"character_chosen":"DOCTOR_CLASS","items_purchased":["PreservedInsect","ats:Industrial Water Cannon"],"campfire_rested":0,"item_purchase_floors":[11,21],"current_hp_per_floor":[57,37,37,36,36,26,26,48,48,48,48,21,18,13,13,69,72,72,50,50,50,50,50,50,42,42,50,50,32,32,36,50,0,0],"gold":209,"neow_bonus":"","is_daily":false,"chose_seed":false,"campfire_upgraded":5,"win_rate":0.0,"timestamp":1610673031,"path_taken":["M","?","M","M","?","E","R","E","T","R","?","E","M","E","R","BOSS","M","?","?","?","$","R","$","E","T","?","?","E","?","?","R","BOSS"],"items_purchased_type":["Relic","Relic"],"build_version":"2020-12-22","purchased_purges":1,"victory":false,"max_hp_per_floor":[72,72,72,72,72,72,72,72,72,72,72,72,72,72,72,72,72,72,50,50,50,50,50,50,50,50,50,50,50,50,50,50,50,50],"card_choices":[{"not_picked":["Bloodbath","OldLady"],"picked":"CrumblingArmor","floor":1.0},{"not_picked":["ats:Shell Defense","ats:Cat Scratch"],"picked":"ats:Hammer On","floor":1.0},{"not_picked":["Variant","Freischutz"],"picked":"Mercenary","floor":2.0},{"not_picked":["ats:Curse Doll","ats:Shell Defense"],"picked":"ats:Red Shift","floor":2.0},{"not_picked":["LaLuna","ShyLook","WhitesApple"],"picked":"Singing Bowl","floor":3.0},{"not_picked":["ats:Childhood Dance","ats:Charging Defense"],"picked":"ats:LN2 Cannon","floor":3.0},{"not_picked":["DespairKnight","ShyLook","OSAHOGD"],"picked":"Singing Bowl","floor":4.0},{"not_picked":["MHz","OSAHOGD"],"picked":"NothingThere","floor":4.0},{"not_picked":["ats:Ignite","ats:Powerful Strike"],"picked":"ats:Healing Strengthening","floor":4.0},{"not_picked":["MHz","CherryBlossoms","SpiderBud"],"picked":"Singing Bowl","floor":5.0},{"not_picked":["OldLady","VoidDream"],"picked":"OSAHOGD","floor":5.0},{"not_picked":["ats:Curse Doll","ats:Powerful Strike"],"picked":"ats:Red Shift","floor":5.0},{"not_picked":["SpiderBud","FieryBird","Wellcheers"],"picked":"Singing Bowl","floor":6.0},{"not_picked":["ats:Explosion Area Strengthen","ats:Apocalypse"],"picked":"ats:Wolf Pack","floor":6.0},{"not_picked":["LittlePrince","WallGazer","Wellcheers"],"picked":"Singing Bowl","floor":8.0},{"not_picked":["CherryBlossoms","OldLady"],"picked":"FieryBird","floor":8.0},{"not_picked":["ats:Poison Spread","ats:Song Of Battle"],"picked":"ats:Overload","floor":8.0},{"not_picked":["BlackSwan","SpiderBud","Scorched"],"picked":"Singing Bowl","floor":12.0},{"not_picked":["ats:Flexible Camouflage","ats:Shell Defense"],"picked":"ats:Consecutive Shot Auto","floor":12.0},{"not_picked":["QueenBee","WhitesApple","HappyTeddy"],"picked":"Singing Bowl","floor":13.0},{"not_picked":["ats:Consecutive Shot Auto","ats:Directed Diagnosis"],"picked":"ats:Fractured Body","floor":13.0},{"not_picked":["SpiderBud","WallGazer"],"picked":"PunishingBird","floor":14.0},{"not_picked":["ats:Directed Diagnosis","ats:Cat Scratch"],"picked":"ats:Explosion Area Strengthen","floor":14.0},{"not_picked":["Murderer","Scorched"],"picked":"LongBird","floor":16.0},{"not_picked":["ats:Disruption Kick","ats:Rat Pack"],"picked":"ats:Calcification","floor":16.0},{"not_picked":["Murderer","LittleHelper","CherryBlossoms"],"picked":"Singing Bowl","floor":20.0},{"not_picked":["ats:Charging Defense","ats:Consecutive Shot Auto"],"picked":"ats:Closed Bolt Burst Fire+1","floor":20.0},{"not_picked":["Scorched","SnowQueen"],"picked":"QueenOfHatred","floor":25.0},{"not_picked":["ats:Curse Doll","ats:Leaping Hammer"],"picked":"ats:Chain Hook","floor":25.0},{"not_picked":["NakedNest","Woodsman","Scarecrow"],"picked":"Singing Bowl","floor":29.0},{"not_picked":["ats:Assault Order","ats:Ignite"],"picked":"ats:Closed Bolt Burst Fire","floor":29.0}],"player_experience":309227,"relics_obtained":[{"floor":1.0,"key":"LetterFromLob"},{"floor":6.0,"key":"ats:Originium"},{"floor":6.0,"key":"Toy Ornithopter"},{"floor":8.0,"key":"ats:Originium"},{"floor":8.0,"key":"Whetstone"},{"floor":9.0,"key":"Anchor"},{"floor":12.0,"key":"ats:Originium"},{"floor":12.0,"key":"ats:Lavender"},{"floor":14.0,"key":"Juzu Bracelet"},{"floor":20.0,"key":"Red Mask"},{"floor":25.0,"key":"Calipers"},{"floor":26.0,"key":"Oddly Smooth Stone"},{"floor":27.0,"key":"StoneCalendar"},{"floor":27.0,"key":"Eternal Feather"},{"floor":28.0,"key":"Smiling Mask"},{"floor":29.0,"key":"Bottled Flame"}],"event_choices":[{"damage_healed":0.0,"max_hp_gain":0.0,"max_hp_loss":22.0,"gold_gain":0.0,"event_name":"Vampires","player_choice":"Became a vampire","floor":19.0,"gold_loss":0.0,"damage_taken":0.0,"cards_obtained":["Bite","Bite","Bite","Bite","Bite"]},{"damage_healed":0.0,"max_hp_gain":0.0,"max_hp_loss":0.0,"gold_gain":0.0,"event_name":"Masked Bandits","player_choice":"Fought Bandits","floor":20.0,"gold_loss":0.0,"damage_taken":0.0},{"damage_healed":0.0,"max_hp_gain":0.0,"max_hp_loss":0.0,"gold_gain":0.0,"event_name":"Colosseum","player_choice":"Fight","floor":27.0,"gold_loss":0.0,"damage_taken":0.0},{"damage_healed":0.0,"max_hp_gain":0.0,"max_hp_loss":0.0,"gold_gain":0.0,"event_name":"Colosseum","player_choice":"Fought Nobs","floor":27.0,"gold_loss":0.0,"damage_taken":0.0},{"damage_healed":0.0,"max_hp_gain":0.0,"max_hp_loss":0.0,"gold_gain":0.0,"event_name":"Wheel of Change","player_choice":"Relic","floor":28.0,"gold_loss":0.0,"damage_taken":0.0},{"damage_healed":0.0,"max_hp_gain":0.0,"max_hp_loss":0.0,"gold_gain":0.0,"cards_transformed":["ats:Defend","ats:Defend"],"event_name":"Drug Dealer","player_choice":"Became Test Subject","floor":30.0,"gold_loss":0.0,"damage_taken":0.0,"cards_obtained":["ats:Childhood Dance","ats:Spore Proliferation"]}],"is_beta":false,"boss_relics":[{"not_picked":["ats:Sanity Plus","Astrolabe"],"picked":"ats:Tactical Delivery"}],"items_purged_floors":[11],"is_endless":false,"potions_floor_spawned":[3,4,6,20,25,29],"killed_by":"Automaton","ascension_level":1}}