{"host":"rq107ve574byxhfs","time":1610728177,"event":{"mods":["AchievementEnabler","BaseMod","Colored Map","Minty Spire (QoL Compilation)","StSLib","SuperFastMode","everything is the same but u backflip on backflip"],"gold_per_floor":[119,44,58,74,224,224,224,242,242,256,288,301,315,171,171,245,245,260,260,260,279,154,154,179,179,179,179,193,275,103,114,114,186,186,196,210,256,106,122,122,156,156,232,232,263,263,263,88,88,88],"floor_reached":51,"language":"KOR","playtime":1472,"items_purged":["Defend_P","Doubt","Strike_P","Defend_P","Strike_P"],"score":1576,"play_id":"7ff1ff31-080f-4d1d-8594-70fe90e2c228","local_time":"20210116012937","is_ascension_mode":true,"campfire_choices":[{"data":"Eruption","floor":6.0,"key":"SMITH"},{"data":"Adaptation","floor":15.0,"key":"SMITH"},{"floor":23.0,"key":"REST"},{"floor":25.0,"key":"REST"},{"data":"Adaptation","floor":32.0,"key":"SMITH"},{"floor":40.0,"key":"DIG"},{"floor":42.0,"key":"DIG"},{"floor":44.0,"key":"DIG"},{"floor":49.0,"key":"RECALL"}],"circlet_count":0,"master_deck":["AscendersBane","Strike_P","Defend_P","Defend_P","Eruption+1","Vigilance","Adaptation+1","BowlingBash","Study","Adaptation+1","MentalFortress","InnerPeace","Clumsy"],"relics":["PureWater","Du-Vu Doll","Singing Bowl","CaptainsWheel","SacredBark","Blood Vial","Toy Ornithopter","Sundial","HornCleat","Bag of Preparation","Cursed Key","Shovel","Vajra","Nunchaku","Kunai","InkBottle","White Beast Statue"],"acts_visited":[],"potions_floor_usage":[],"damage_taken":[{"damage":0.0,"enemies":"Cultist","floor":1.0,"turns":3.0},{"damage":0.0,"enemies":"Jaw Worm","floor":3.0,"turns":4.0},{"damage":9.0,"enemies":"2 Louse","floor":4.0,"turns":2.0},{"damage":15.0,"enemies":"Lots of Slimes","floor":8.0,"turns":3.0},{"damage":11.0,"enemies":"Exordium Thugs","floor":10.0,"turns":4.0},{"damage":16.0,"enemies":"3 Sentries","floor":11.0,"turns":6.0},{"damage":0.0,"enemies":"Large Slime","floor":12.0,"turns":5.0},{"damage":0.0,"enemies":"2 Fungi Beasts","floor":13.0,"turns":2.0},{"damage":14.0,"enemies":"The Guardian","floor":16.0,"turns":11.0},{"damage":24.0,"enemies":"3 Byrds","floor":18.0,"turns":4.0},{"damage":6.0,"enemies":"Shell Parasite","floor":21.0,"turns":5.0},{"damage":30.0,"enemies":"Book of Stabbing","floor":24.0,"turns":5.0},{"damage":0.0,"enemies":"Snecko","floor":28.0,"turns":4.0},{"damage":9.0,"enemies":"Centurion and Healer","floor":31.0,"turns":3.0},{"damage":6.0,"enemies":"Automaton","floor":33.0,"turns":5.0},{"damage":18.0,"enemies":"3 Shapes","floor":35.0,"turns":4.0},{"damage":12.0,"enemies":"3 Darklings","floor":36.0,"turns":3.0},{"damage":31.0,"enemies":"2 Orb Walkers","floor":37.0,"turns":4.0},{"damage":7.0,"enemies":"Writhing Mass","floor":39.0,"turns":4.0},{"damage":0.0,"enemies":"Reptomancer","floor":41.0,"turns":2.0},{"damage":13.0,"enemies":"Nemesis","floor":45.0,"turns":7.0},{"damage":0.0,"enemies":"Awakened One","floor":50.0,"turns":2.0}],"seed_played":"-6163220320395832635","potions_obtained":[{"floor":1.0,"key":"StancePotion"},{"floor":11.0,"key":"Fire Potion"},{"floor":12.0,"key":"LiquidMemories"},{"floor":16.0,"key":"BottledMiracle"},{"floor":18.0,"key":"SpeedPotion"},{"floor":21.0,"key":"ColorlessPotion"},{"floor":24.0,"key":"Dexterity Potion"},{"floor":35.0,"key":"Weak Potion"},{"floor":37.0,"key":"AttackPotion"}],"is_trial":false,"path_per_floor":["M","$","M","M","?","R","?","M","T","M","E","M","M","$","R","B",null,"M","?","?","M","$","R","E","R","T","T","M","T","$","M","R","B",null,"M","M","?","$","M","R","E","R","T","R","E","?","?","$","R","B",null],"character_chosen":"WATCHER","items_purchased":["MentalFortress","Bag of Preparation"],"campfire_rested":2,"item_purchase_floors":[14,30],"current_hp_per_floor":[61,61,61,52,52,52,52,37,37,28,12,14,16,16,16,4,54,32,12,12,8,8,31,1,24,24,24,28,28,28,23,23,21,69,55,47,25,25,22,22,31,31,31,31,22,80,80,80,80,80],"gold":88,"neow_bonus":"ONE_RARE_RELIC","is_daily":false,"chose_seed":false,"campfire_upgraded":3,"win_rate":0.0,"timestamp":1610728177,"path_taken":["M","$","M","?","?","R","?","M","T","M","E","M","?","?","R","BOSS","M","?","?","M","$","R","E","R","T","?","M","?","$","M","R","BOSS","M","M","?","$","M","R","E","R","T","R","E","?","?","$","R","BOSS"],"items_purchased_type":["Card","Relic"],"build_version":"2020-12-22","purchased_purges":5,"victory":true,"max_hp_per_floor":[62,62,62,62,62,62,62,62,62,64,64,66,68,68,68,70,70,72,77,77,79,79,79,79,79,79,79,81,81,81,83,83,85,85,87,89,91,91,93,93,95,95,95,95,97,80,80,80,80,80],"card_choices":[{"not_picked":["DeceiveReality","ThirdEye"],"picked":"Adaptation","floor":1.0},{"not_picked":["Crescendo","Evaluate","ThirdEye"],"picked":"SKIP","floor":3.0},{"not_picked":["Worship","Protect"],"picked":"BowlingBash","floor":4.0},{"not_picked":["Wireheading","WaveOfTheHand","Crescendo"],"picked":"SKIP","floor":8.0},{"not_picked":["CarveReality","EmptyBody","Worship"],"picked":"Singing Bowl","floor":10.0},{"not_picked":["CrushJoints","Swivel"],"picked":"Adaptation","floor":11.0},{"not_picked":["WheelKick","Perseverance","Protect"],"picked":"Singing Bowl","floor":12.0},{"not_picked":["Worship","Prostrate","FollowUp"],"picked":"Singing Bowl","floor":13.0},{"not_picked":["ConjureBlade","Vault","Devotion"],"picked":"Singing Bowl","floor":16.0},{"not_picked":["WaveOfTheHand","ThirdEye","Halt"],"picked":"Singing Bowl","floor":18.0},{"not_picked":["Wireheading","Halt","FlyingSleeves+1"],"picked":"Singing Bowl","floor":21.0},{"not_picked":["ForeignInfluence","WheelKick"],"picked":"InnerPeace","floor":24.0},{"not_picked":["TalkToTheHand","Crescendo","Adaptation"],"picked":"Singing Bowl","floor":28.0},{"not_picked":["ClearTheMind","EmptyBody+1","FearNoEvil"],"picked":"Singing Bowl","floor":31.0},{"not_picked":["Wish","Brilliance","MasterReality"],"picked":"Singing Bowl","floor":33.0},{"not_picked":["Collect+1","WindmillStrike+1","JustLucky"],"picked":"Singing Bowl","floor":35.0},{"not_picked":["DeceiveReality","EmptyBody","Adaptation"],"picked":"Singing Bowl","floor":36.0},{"not_picked":["JustLucky","EmptyBody+1","Consecrate"],"picked":"Singing Bowl","floor":37.0},{"not_picked":["Blasphemy","ClearTheMind","WreathOfFlame"],"picked":"Singing Bowl","floor":39.0},{"not_picked":["SandsOfTime","Prostrate","FlurryOfBlows"],"picked":"Singing Bowl","floor":41.0},{"not_picked":["TalkToTheHand","Pray+1","Prostrate"],"picked":"Singing Bowl","floor":45.0}],"player_experience":1322702,"relics_obtained":[{"floor":9.0,"key":"Singing Bowl"},{"floor":11.0,"key":"CaptainsWheel"},{"floor":24.0,"key":"Blood Vial"},{"floor":26.0,"key":"Toy Ornithopter"},{"floor":27.0,"key":"Sundial"},{"floor":29.0,"key":"HornCleat"},{"floor":37.0,"key":"Shovel"},{"floor":40.0,"key":"Vajra"},{"floor":41.0,"key":"Nunchaku"},{"floor":42.0,"key":"Kunai"},{"floor":44.0,"key":"InkBottle"},{"floor":45.0,"key":"White Beast Statue"}],"event_choices":[{"damage_healed":0.0,"max_hp_gain":0.0,"max_hp_loss":0.0,"gold_gain":150.0,"event_name":"Liars Game","player_choice":"AGREE","floor":5.0,"gold_loss":0.0,"damage_taken":0.0,"cards_obtained":["Doubt"]},{"damage_healed":0.0,"max_hp_gain":0.0,"max_hp_loss":0.0,"gold_gain":0.0,"cards_transformed":["Strike_P"],"event_name":"Transmorgrifier","player_choice":"Transformed","floor":7.0,"gold_loss":0.0,"damage_taken":0.0,"cards_obtained":["Study"]},{"damage_healed":0.0,"max_hp_gain":5.0,"max_hp_loss":0.0,"gold_gain":0.0,"event_name":"Forgotten Altar","player_choice":"Shed Blood","floor":19.0,"gold_loss":0.0,"damage_taken":25.0},{"damage_healed":0.0,"max_hp_gain":0.0,"max_hp_loss":0.0,"gold_gain":0.0,"event_name":"Cursed Tome","player_choice":"Ignored","floor":20.0,"gold_loss":0.0,"damage_taken":0.0},{"damage_healed":0.0,"max_hp_gain":0.0,"max_hp_loss":0.0,"gold_gain":0.0,"event_name":"Mysterious Sphere","player_choice":"Fight","floor":37.0,"gold_loss":0.0,"damage_taken":0.0},{"damage_healed":80.0,"max_hp_gain":0.0,"max_hp_loss":17.0,"gold_gain":0.0,"event_name":"The Moai Head","player_choice":"Heal","floor":46.0,"gold_loss":0.0,"damage_taken":0.0},{"damage_healed":0.0,"max_hp_gain":0.0,"max_hp_loss":0.0,"gold_gain":0.0,"event_name":"Tomb of Lord Red Mask","player_choice":"Ignored","floor":47.0,"gold_loss":0.0,"damage_taken":0.0}],"is_beta":false,"boss_relics":[{"not_picked":["HolyWater","Coffee Dripper"],"picked":"SacredBark"},{"not_picked":["Calling Bell","Velvet Choker"],"picked":"Cursed Key"}],"items_purged_floors":[2,14,22,38,48],"is_endless":false,"potions_floor_spawned":[1,11,12,16,18,21,24,35,37],"ascension_level":17}}