{"host":"ecaj4hn004xnnrw9","time":1610708724,"event":{"mods":["AchievementEnabler","BaseMod","Better Third Choice","Hermit","Hubris","Infinite Spire","Jorbs\u0027s Wanderer Trilogy","Minty Spire (QoL Compilation)","Quick Restart","Shop Mod","StSLib","The Construct","The Jungle","The Runesmith"],"gold_per_floor":[163,181,39,39,49,49,49,49,120,132,145,156,169,201,201,299,299,318,331,331,331,349,349,349],"floor_reached":23,"language":"ENG","playtime":649,"items_purged":["Strike_P","Strike_P"],"score":257,"play_id":"274f3e5c-08d9-440b-96dd-c6d284747654","local_time":"20210115110524","is_ascension_mode":true,"campfire_choices":[{"data":"Eruption","floor":6,"key":"SMITH"},{"data":"FlurryOfBlows","floor":8,"key":"SMITH"},{"data":"FlurryOfBlows","floor":15,"key":"SMITH"}],"circlet_count":0,"master_deck":["Strike_P+1","Strike_P+1","Defend_P","Defend_P","Defend_P","Defend_P","Eruption+1","Vigilance+1","FlurryOfBlows+1","FollowUp","WheelKick","MentalFortress+1","Tantrum","FlurryOfBlows+1","Wireheading","JustLucky","BowlingBash","Wish","EmptyBody","Halt+1","infinitespire:Collect","infinitespire:Menacing","hubris:Fate"],"relics":["Tiny House"],"acts_visited":["Exordium","TheCity"],"potions_floor_usage":[10,16,19,22],"damage_taken":[{"damage":0,"enemies":"Cultist","floor":1,"turns":3},{"damage":0,"enemies":"2 Louse","floor":2,"turns":2},{"damage":1,"enemies":"Jaw Worm","floor":5,"turns":3},{"damage":0,"enemies":"Exordium Thugs","floor":10,"turns":3},{"damage":0,"enemies":"2 Fungi Beasts","floor":11,"turns":2},{"damage":7,"enemies":"Blue Slaver","floor":12,"turns":3},{"damage":0,"enemies":"3 Louse","floor":13,"turns":2},{"damage":18,"enemies":"3 Sentries","floor":14,"turns":4},{"damage":0,"enemies":"Slime Boss","floor":16,"turns":3},{"damage":32,"enemies":"2 Thieves","floor":18,"turns":3},{"damage":2,"enemies":"Shell Parasite","floor":19,"turns":4},{"damage":14,"enemies":"Shelled Parasite and Fungi","floor":22,"turns":3},{"damage":11,"enemies":"Gremlin Leader","floor":23,"turns":4}],"seed_played":"8252952457302202491","potions_obtained":[{"floor":0,"key":"BlessingOfTheForge"},{"floor":1,"key":"AttackPotion"},{"floor":11,"key":"BottledMiracle"},{"floor":12,"key":"Strength Potion"},{"floor":16,"key":"BlessingOfTheForge"},{"floor":19,"key":"Regen Potion"}],"is_trial":false,"path_per_floor":["M","M","$","?","M","R","?","R","T","M","M","M","M","E","R","B",null,"M","M","AVR","?","M","E"],"character_chosen":"WATCHER","items_purchased":["MentalFortress"],"campfire_rested":0,"item_purchase_floors":[3],"current_hp_per_floor":[77,77,77,62,61,61,61,61,61,61,61,54,54,36,36,36,77,45,43,43,43,38,27,27],"gold":349,"neow_bonus":"BOSS_RELIC","is_daily":false,"chose_seed":false,"campfire_upgraded":3,"win_rate":0.0,"timestamp":1610708724,"path_taken":["M","M","?","?","M","R","?","R","T","M","M","M","M","E","R","BOSS","M","M","AVR","?","M","E"],"items_purchased_type":["Card"],"build_version":"2020-12-22","purchased_purges":2,"victory":false,"max_hp_per_floor":[77,77,77,77,77,77,77,77,77,77,77,77,77,77,77,77,77,77,77,77,77,77,77,77],"card_choices":[{"not_picked":["Collect","SashWhip"],"picked":"FlurryOfBlows","floor":0},{"not_picked":["PathToVictory","EmptyBody"],"picked":"FollowUp","floor":1},{"not_picked":["ThirdEye","ForeignInfluence"],"picked":"WheelKick","floor":2},{"not_picked":["ClearTheMind","ThirdEye"],"picked":"Tantrum","floor":5},{"not_picked":["Halt","Devotion"],"picked":"FlurryOfBlows","floor":10},{"not_picked":["Prostrate","Worship"],"picked":"Wireheading","floor":11},{"not_picked":["FollowUp","Prostrate"],"picked":"JustLucky","floor":12},{"not_picked":["EmptyFist","Collect","WindmillStrike"],"picked":"SKIP","floor":13},{"not_picked":["Evaluate","FollowUp"],"picked":"BowlingBash","floor":14},{"not_picked":["Establishment","MasterReality"],"picked":"Wish","floor":16},{"not_picked":["BowlingBash","SashWhip"],"picked":"EmptyBody","floor":18},{"not_picked":["Prostrate","EmptyFist+1"],"picked":"Halt+1","floor":19},{"not_picked":["Collect","BattleHymn","WindmillStrike"],"picked":"SKIP","floor":22}],"player_experience":348968,"relics_obtained":[],"event_choices":[{"damage_healed":77,"gold_gain":0,"player_choice":"Upgrade","damage_taken":15,"max_hp_gain":0,"max_hp_loss":77,"event_name":"betterThird:BetterShining","floor":4,"gold_loss":0,"cards_upgraded":["Strike_P","Strike_P"]},{"damage_healed":0,"gold_gain":0,"player_choice":"Forge","damage_taken":0,"max_hp_gain":0,"max_hp_loss":0,"event_name":"Accursed Blacksmith","floor":7,"gold_loss":0,"cards_upgraded":["MentalFortress"]},{"damage_healed":0,"gold_gain":0,"player_choice":"Bought 0 Potions","damage_taken":0,"max_hp_gain":0,"max_hp_loss":0,"event_name":"The Woman in Blue","floor":21,"gold_loss":0}],"is_beta":false,"boss_relics":[{"not_picked":["hubris:GrandSneckoEye","hubris:BlackHole","SlaversCollar"]}],"items_purged_floors":[3,20],"is_endless":false,"potions_floor_spawned":[1,11,12,16,19],"killed_by":"Gremlin Leader","ascension_level":1}}