{"host":"22s5scuj7mu87reg","time":1610751054,"event":{"mods":["BaseMod","Better Third Choice","Colored Powertips","Dota2Spire","Downfall","Duelist Mod","GungeonMod","Halation","Hubris","Infinite Spire","Koishi","KomeijiMod","Minty Spire (QoL Compilation)","Quick Restart","Replay The Spire","StSLib","SuperFastMode","The Jungle","The Mystic","The Necromancer","Wandering Minibosses"],"gold_per_floor":[115,36,36,0,24,58,74,84,84,97,129,66,86,105,105,105,105],"floor_reached":16,"language":"POL","playtime":608,"items_purged":["Strike_B"],"score":158,"play_id":"06007b1d-e45e-49e7-90ef-dd94cc1f725d","local_time":"20210115235054","is_ascension_mode":true,"campfire_choices":[{"floor":15,"key":"REST"}],"circlet_count":0,"master_deck":["Strike_B","Strike_B","Strike_B","Defend_B","Defend_B","Defend_B","Defend_B","Zap","Dualcast","Panic Button","Defragment","Enlightenment","Skim","Coolheaded","Chill","Barrage","Coolheaded"],"relics":["Cracked Core","NeowsBlessing","Dota2Spire:ArcaneBoots","PreservedInsect","Snack Pack","MawBank"],"acts_visited":["Exordium"],"potions_floor_usage":[14,16,16],"damage_taken":[{"damage":0,"enemies":"Jaw Worm","floor":1,"turns":1},{"damage":0,"enemies":"Lagavulin","floor":6,"turns":2},{"damage":0,"enemies":"2 Louse","floor":7,"turns":1},{"damage":4,"enemies":"Cultist","floor":8,"turns":4},{"damage":2,"enemies":"3 Louse","floor":10,"turns":4},{"damage":25,"enemies":"Gremlin Nob","floor":11,"turns":4},{"damage":3,"enemies":"2 Fungi Beasts","floor":13,"turns":5},{"damage":8,"enemies":"Lots of Slimes","floor":14,"turns":4},{"damage":67,"enemies":"Fading Forest","floor":16,"turns":10}],"seed_played":"7742387807241851130","potions_obtained":[{"floor":6,"key":"Energy Potion"},{"floor":7,"key":"Ancient Potion"},{"floor":8,"key":"FearPotion"}],"is_trial":false,"path_per_floor":["M","$","?","?","T","E","M","M","T","M","E","$","M","M","R","B"],"character_chosen":"DEFECT","items_purchased":["Defragment"],"campfire_rested":1,"item_purchase_floors":[2],"current_hp_per_floor":[75,75,56,62,62,62,62,58,58,58,35,35,32,24,48,0,0],"gold":105,"neow_bonus":"THREE_ENEMY_KILL","is_daily":false,"chose_seed":false,"campfire_upgraded":0,"win_rate":0.0,"timestamp":1610751054,"path_taken":["M","$","?","?","?","E","M","M","T","M","E","?","M","M","R","BOSS"],"items_purchased_type":["Card"],"build_version":"2020-12-13","purchased_purges":1,"victory":false,"max_hp_per_floor":[75,75,75,81,81,81,81,81,81,81,81,81,81,81,81,81,81],"card_choices":[{"not_picked":["Doom and Gloom","Ball Lightning"],"picked":"Panic Button","floor":1},{"not_picked":["infinitespire:Punishment","infinitespire:FinalStrike"],"picked":"infinitespire:SealOfDarkness+","floor":3},{"not_picked":["BasicCrystalCard","Gash","Streamline"],"picked":"SKIP","floor":6},{"not_picked":["Auto Shields","Panic Button"],"picked":"Skim","floor":7},{"not_picked":["ReplayTheSpireMod:GoodbyeWorld","Conserve Battery"],"picked":"Coolheaded","floor":8},{"not_picked":["Conserve Battery","Go for the Eyes","ReplayGash"],"picked":"SKIP","floor":10},{"not_picked":["Sweeping Beam","Steam"],"picked":"Chill","floor":11},{"not_picked":["Steam","Skim"],"picked":"Barrage","floor":13},{"not_picked":["Rebound","Cold Snap"],"picked":"Coolheaded","floor":14}],"player_experience":145922,"relics_obtained":[{"floor":5,"key":"Dota2Spire:ArcaneBoots"},{"floor":6,"key":"PreservedInsect"},{"floor":9,"key":"Snack Pack"},{"floor":11,"key":"MawBank"}],"event_choices":[{"damage_healed":0,"gold_gain":0,"player_choice":"RENOUNCE","damage_taken":36,"max_hp_gain":0,"max_hp_loss":0,"event_name":"betterThird:BetterSerpent","floor":4,"gold_loss":36,"cards_obtained":["Enlightenment"]}],"is_beta":false,"boss_relics":[],"items_purged_floors":[12],"is_endless":false,"potions_floor_spawned":[6,7,8],"killed_by":"Fading Forest","ascension_level":3}}