{"host":"r6wilvrr1tovskr2","time":1610677319,"event":{"mods":["2.2 Compatiblity","AchievementEnabler","Aspiration","BaseMod","Beaked The Cultist","Bestiary","Better Altar","Better Match","Better Note","Better Sensory Stone","Better Skull","Better Third Choice","Colored Powertips","Conspire","Curses Come First","Downfall","Energized Spire","GifTheSpireLib","Halation","Hermit","Highlight Path","Hubris","Infinite Spire","Marked Mod","Minty Spire (QoL Compilation)","Quick Restart","Replay The Spire","Shop Mod","Spicy Shops","Spikes Relics","StSLib","Stuff the Spire","The Blue Laboratory","The Cursed","The Disciple","The Gatherer","The Hierophant","The Necromancer","The Runesmith","vexMod"],"gold_per_floor":[99,99,549,18,18,18,18,18,36,71,71,82,95,95,105,200,200,50,61,71,56,56,41,68,84,84,84,103,117,117,117,117],"floor_reached":30,"language":"ENG","playtime":2251,"items_purged":["Slimebound:Icky","Slimebound:Icky"],"score":253,"play_id":"7bd07a18-8d1d-466f-b071-9d5ff191a7ff","local_time":"20210114202159","is_ascension_mode":false,"campfire_choices":[{"floor":1.0,"key":"RECALL"},{"data":"hexamod:UnleashSpirits","floor":8.0,"key":"SMITH"},{"floor":11.0,"key":"REST"},{"data":"hexamod:TurnItUp","floor":18.0,"key":"SMITH"}],"circlet_count":0,"master_deck":["hexamod:Strike","hexamod:Strike","hexamod:Strike","hexamod:Strike","hexamod:Defend","hexamod:Defend+1","hexamod:Defend","hexamod:Defend","hexamod:Sear","hexamod:Float","hexamod:ShieldOfDarkness","Slimebound:Icky","hexamod:ThermalTransfer","hexamod:Hexaguard+1","hexamod:NightmareGuise","hexamod:UnleashSpirits+1","hexamod:PhantomFireball+1","Regret","hexamod:Haunt","hexamod:SwordOfDarkness","hexamod:TurnItUp+1","hexamod:SoulSteal","hexamod:BurningTouch"],"relics":["hexamod:SpiritBrand","downfall:HeartsMalice","conspire:DeflatedDodgeball","conspire:RoyalGoblet","downfall:HeartBlessingGreen","downfall:HeartBlessingBlue","Ancient Tea Set"],"acts_visited":["Exordium","TheCity"],"potions_floor_usage":[30],"damage_taken":[{"damage":0.0,"enemies":"Small Slimes","floor":2.0,"turns":1.0},{"damage":0.0,"enemies":"downfall:FleeingMerchant","floor":4.0,"turns":1.0},{"damage":0.0,"enemies":"Jaw Worm","floor":6.0,"turns":1.0},{"damage":3.0,"enemies":"Cultist","floor":9.0,"turns":3.0},{"damage":34.0,"enemies":"Gremlin Nob","floor":10.0,"turns":7.0},{"damage":3.0,"enemies":"Large Slime","floor":12.0,"turns":4.0},{"damage":2.0,"enemies":"Blue Slaver","floor":13.0,"turns":3.0},{"damage":0.0,"enemies":"2 Fungi Beasts","floor":15.0,"turns":2.0},{"damage":44.0,"enemies":"downfall:Watcher","floor":16.0,"turns":23.0},{"damage":16.0,"enemies":"3 Byrds","floor":19.0,"turns":9.0},{"damage":36.0,"enemies":"3 Cultists","floor":20.0,"turns":9.0},{"damage":1.0,"enemies":"downfall:FleeingMerchant","floor":21.0,"turns":4.0},{"damage":0,"enemies":"downfall:FleeingMerchant","floor":23,"turns":4},{"damage":8,"enemies":"Snake Plant","floor":25,"turns":5},{"damage":2,"enemies":"conspire:HollyBat","floor":28,"turns":9},{"damage":20,"enemies":"Centurion and Healer","floor":29,"turns":5},{"damage":5,"enemies":"Nightmare","floor":30,"turns":3}],"seed_played":"119648692961444484","potions_obtained":[{"floor":9.0,"key":"Explosive Potion"},{"floor":12.0,"key":"BlessingOfTheForge"},{"floor":15.0,"key":"BlessingOfTheForge"},{"floor":16.0,"key":"blueLaboratory:PhilterOfMotion"},{"floor":29,"key":"blueLaboratory:CorrosionFlask"}],"is_trial":false,"path_per_floor":["R","M","?","$","?","M","T","R","M","E","R","M","M","?","M","B",null,"R","M","M","$","?","$","T","M","PTL","PTL","M","M","NM"],"character_chosen":"THE_SPIRIT","items_purchased":["hexamod:Hexaguard","hexamod:NightmareGuise","hexamod:UnleashSpirits","hexamod:PhantomFireball"],"campfire_rested":1,"item_purchase_floors":[4,4,4,4],"current_hp_per_floor":[70,70,70,70,70,70,70,70,67,33,54,51,49,54,54,10,75,85,69,33,32,32,32,32,24,24,24,22,2,0,0,0],"gold":117,"neow_bonus":"THREE_ENEMY_KILL","is_daily":false,"chose_seed":false,"campfire_upgraded":2,"win_rate":0.0,"timestamp":1610677319,"path_taken":["R","M","?","$","?","M","T","R","?","E","R","M","M","?","M","BOSS","R","M","M","$","?","?","T","M","PTL","PTL","M","M","NM"],"items_purchased_type":["Card","Card","Card","Card"],"build_version":"2020-12-22","purchased_purges":2,"victory":false,"max_hp_per_floor":[70,70,70,70,70,70,70,70,70,70,70,70,70,75,75,75,75,85,85,85,85,85,85,85,85,85,85,85,85,85,85,85],"card_choices":[{"not_picked":["hexamod:BurningTouch","hexamod:SecondSeal"],"picked":"hexamod:ShieldOfDarkness","floor":2.0},{"not_picked":["hexamod:GhostShield","hexamod:Hexaguard"],"picked":"hexamod:ThermalTransfer","floor":4.0},{"not_picked":["hexamod:NightmareGuise","hexamod:RadiantFlame"],"picked":"hexamod:Haunt","floor":6.0},{"not_picked":["hexamod:SkipABeat","hexamod:Haunt","hexamod:ShieldOfDarkness"],"picked":"SKIP","floor":9.0},{"not_picked":["hexamod:GhostLash","hexamod:HexaLevel"],"picked":"hexamod:SwordOfDarkness","floor":10.0},{"not_picked":["hexamod:GhostOfSpirePresent","hexamod:RecurringNightmare","hexamod:SpectersWail"],"picked":"SKIP","floor":12.0},{"not_picked":["hexamod:InspiringFlames","hexamod:SkipABeat","hexamod:Hexaguard"],"picked":"SKIP","floor":13.0},{"not_picked":["hexamod:HeatCrush","hexamod:DynamicBlow","hexamod:GhostOfSpireFuture"],"picked":"SKIP","floor":15.0},{"not_picked":["hexamod:SixthSeal","hexamod:ParanormalForm"],"picked":"hexamod:TurnItUp","floor":16.0},{"not_picked":["hexamod:Incineration","hexamod:SpectersWail+1"],"picked":"hexamod:SoulSteal","floor":19.0},{"not_picked":["hexamod:RainOfEmbers+1","hexamod:FourthSeal"],"picked":"hexamod:BurningTouch","floor":20.0},{"not_picked":["hexamod:FourthSeal","hexamod:Rewind+1","hexamod:GhostOfSpireFuture"],"picked":"SKIP","floor":21.0},{"not_picked":["hexamod:SixthSeal","hexamod:FastForward","hexamod:ThirdSeal"],"picked":"SKIP","floor":23},{"not_picked":["hexamod:BurningTouch","hexamod:Again","hexamod:FastForward"],"picked":"SKIP","floor":25},{"not_picked":["hexamod:BurningTouch","hexamod:Again","hexamod:FastForward"],"picked":"SKIP","floor":25},{"not_picked":["hexamod:FifthSeal","hexamod:BacktrackSmack","hexamod:SwordOfDarkness"],"picked":"SKIP","floor":28},{"not_picked":["hexamod:ShieldOfDarkness","hexamod:BurningTouch","hexamod:CatchUp"],"picked":"SKIP","floor":29}],"player_experience":1275130,"relics_obtained":[{"floor":10.0,"key":"conspire:DeflatedDodgeball"},{"floor":24,"key":"Ancient Tea Set"}],"event_choices":[{"damage_healed":0.0,"max_hp_gain":5.0,"max_hp_loss":0.0,"gold_gain":0.0,"event_name":"Big Fish","player_choice":"Donut","floor":14.0,"gold_loss":0.0,"damage_taken":0.0},{"damage_healed":0.0,"max_hp_gain":0.0,"max_hp_loss":0.0,"gold_gain":0.0,"event_name":"betterNote:BetterNote","player_choice":"Ignored","floor":22.0,"gold_loss":0.0,"damage_taken":0.0,"cards_obtained":["Guardian:RevengeProtocol"]}],"is_beta":false,"boss_relics":[{"not_picked":["StuffTheSpire:RunicConfusion","conspire:RunicOctahedron"],"picked":"conspire:RoyalGoblet"}],"items_purged_floors":[4,4],"is_endless":false,"potions_floor_spawned":[9,12,15,16,19,29],"killed_by":"Nightmare","ascension_level":0}}