{"host":"guwca93h2ke9l2g3","time":1610704423,"event":{"mods":["100% Spire Juice","2.2 Compatiblity","Act Like it!","Arknights The Spire","Aspiration","BaseMod","Better Skull","ChefMod","Colored Powertips","Conspire","Dark Map","Downfall","Fox Events","GungeonMod","Halation","Hallownest","HololiveMod","Hubris","Infinite Spire","Lobotomy","LobotomyExtend","Marked Mod","Minty Spire (QoL Compilation)","Permanent Neow","Potionbrewer","Prisma Mod","Quick Restart","Relic Sorter","Relic Stats","Replay The Spire","Robot Space Explorer","Shade Mod","Spicy Shops","StSLib","The Alterego","The Animator","The Bug Knight","The Cursed","The Marked","The Mystic","The Necromancer","The Poker Player","TheVacant","TheWitcher","Waifu the Spire","WarShipGirlsR/????R mod","Yakumo Yukari mod","Yuri Mod","vexMod"],"gold_per_floor":[149,4,16,16,31,58,58,84,109,144,157,168,53,128,128,232,232,243,262,74,84,100,114,114,113,139,139,139,172,172,198,198,315,315,346,383,427,468,468,468],"floor_reached":39,"language":"ENG","playtime":3268,"items_purged":["hubris:Strike_Merchant","hubris:Gluttony","DemoMod:Strike_Huntress"],"score":791,"play_id":"8f4fd081-d2fe-46cd-8ee0-92bc6e1a2e33","local_time":"20210115035343","is_ascension_mode":true,"campfire_choices":[{"data":"DemoMod:RustySidearm","floor":7.0,"key":"SMITH"},{"data":"1","floor":15.0,"key":"LIFT"},{"floor":24,"key":"RECALL"},{"data":"2","floor":28,"key":"LIFT"},{"data":"3","floor":30,"key":"LIFT"},{"floor":32,"key":"REST"}],"circlet_count":0,"master_deck":["DemoMod:Defend_Huntress","DemoMod:Defend_Huntress","DemoMod:Defend_Huntress","DemoMod:Defend_Huntress","DemoMod:Roll","DemoMod:ManualReload","DemoMod:RustySidearm+1","DemoMod:CrossBow","DemoMod:Evolver+","DemoMod:AC15","Pot Of Greed","Pot Of Greed","DemoMod:LifeOrb","DemoMod:Desperate","Bite","Bite","Bite","Bite","Bite","infinitespire:TheBestDefense","Pot Of Greed","DemoMod:HuntsMan+1","DemoMod:AbyssalTentacle+1","DemoMod:HighKaliber"],"relics":["DemoMod:Dog","hubris:Reverence","Thread and Needle","LetterFromLob","halation:PromiseList","DemoMod:WhiteGuonStone","Grinning Jar","Replay:Baseball","Girya","DemoMod:GnawedKey","aspiration:DefectSkillbook","Membership Card","ReplayTheSpireMod:CursedCoin","Juzu Bracelet","SnafuTest:BearRelic","infinitespire:CursedDice","infinitespire:EvilPickle","Ring of Chaos"],"acts_visited":["Exordium","TheCity","TheBeyond"],"potions_floor_usage":[16,21,29,29,29,33,33],"damage_taken":[{"damage":0.0,"enemies":"2 Louse","floor":1.0,"turns":4.0},{"damage":0.0,"enemies":"Cultist","floor":3.0,"turns":3.0},{"damage":0.0,"enemies":"Small Slimes","floor":5.0,"turns":3.0},{"damage":25.0,"enemies":"3 Sentries","floor":6.0,"turns":12.0},{"damage":6.0,"enemies":"Gremlin Nob","floor":8.0,"turns":4.0},{"damage":7.0,"enemies":"3 Sentries","floor":10.0,"turns":6.0},{"damage":0.0,"enemies":"2 Fungi Beasts","floor":11.0,"turns":3.0},{"damage":0.0,"enemies":"3 Louse","floor":12.0,"turns":6.0},{"damage":11,"enemies":"Fading Forest","floor":16,"turns":11},{"damage":0,"enemies":"Chosen","floor":18,"turns":3},{"damage":19,"enemies":"2 Thieves","floor":19,"turns":5},{"damage":24,"enemies":"Cultist and Chosen","floor":21,"turns":8},{"damage":7,"enemies":"Shelled Parasite and Fungi","floor":22,"turns":3},{"damage":0,"enemies":"Snecko","floor":23,"turns":3},{"damage":2,"enemies":"Nightmare","floor":29,"turns":7},{"damage":14,"enemies":"Slavers","floor":31,"turns":2},{"damage":31,"enemies":"Pondfish","floor":33,"turns":6},{"damage":0,"enemies":"Orb Walker","floor":35,"turns":1},{"damage":14,"enemies":"3 Shapes","floor":36,"turns":5},{"damage":0,"enemies":"Transient","floor":37,"turns":5},{"damage":0,"enemies":"Spire Growth","floor":38,"turns":2},{"damage":17,"enemies":"infinitespire:Three Voidlings","floor":39,"turns":3},{"damage":35,"enemies":"Nightmare_Alpha","floor":39,"turns":7}],"seed_played":"-3015881609451346508","potions_obtained":[{"floor":5.0,"key":"Ancient Potion"},{"floor":8.0,"key":"Block Potion"},{"floor":11.0,"key":"potionbrewer:AcidPotion"},{"floor":16,"key":"potionbrewer:CleansingPotion"},{"floor":19,"key":"AttackPotion"},{"floor":23,"key":"DemoMod:LeadSkinPotion"},{"floor":29,"key":"Strength Potion"},{"floor":31,"key":"SteroidPotion"},{"floor":38,"key":"Elixir"}],"is_trial":false,"path_per_floor":["M","$","M","?","M","E","R","E","T","E","M","M","$","?","R","B",null,"M","M","$","M","M","M","R","$","T","?","R","NM","R","E","R","B",null,"M","M","M","M","?"],"character_chosen":"HUNTRESS","items_purchased":["halation:PromiseList","DemoMod:GnawedKey","Membership Card","ReplayTheSpireMod:CursedCoin","Juzu Bracelet"],"campfire_rested":1,"item_purchase_floors":[2,13,20,25,25],"current_hp_per_floor":[70,70,70,70,70,45,45,39,39,32,32,32,32,25,25,30,60,60,41,41,17,10,10,10,10,10,10,10,24,24,12,26,11,40,40,32,44,46,0,0],"gold":468,"neow_bonus":"ONE_RARE_RELIC","is_daily":false,"chose_seed":false,"campfire_upgraded":1,"win_rate":0.0,"timestamp":1610704423,"path_taken":["M","$","M","?","M","E","R","E","T","E","M","?","$","?","R","BOSS","M","?","$","M","M","M","R","$","T","?","R","NM","R","E","R","BOSS","M","M","M","M","?"],"items_purchased_type":["Relic","Relic","Relic","Relic","Relic"],"build_version":"2020-12-22","purchased_purges":3,"victory":false,"max_hp_per_floor":[70,70,70,70,70,70,70,70,70,70,70,70,70,70,70,70,70,70,70,70,70,70,70,70,70,70,49,49,49,49,49,49,49,49,49,49,49,49,49,49],"relic_stats":{"counters":[23,111],"Juzu Bracelet":0,"obtain_stats":[{"SnafuTest:BearRelic":29,"Girya":10,"DemoMod:Dog":0,"ReplayTheSpireMod:CursedCoin":25,"infinitespire:CursedDice":31,"Thread and Needle":0,"DemoMod:GlassGuonStoneRelic":5,"Ring of Chaos":34,"Juzu Bracelet":25,"DemoMod:WhiteGuonStone":6,"infinitespire:EvilPickle":33,"Replay:Baseball":9,"aspiration:DefectSkillbook":17,"LetterFromLob":1,"halation:PromiseList":2,"DemoMod:GnawedKey":13,"Membership Card":20,"Grinning Jar":8,"hubris:Reverence":4},{"SnafuTest:BearRelic":15,"Girya":6,"DemoMod:Dog":0,"ReplayTheSpireMod:CursedCoin":14,"infinitespire:CursedDice":16,"Thread and Needle":0,"DemoMod:GlassGuonStoneRelic":3,"Ring of Chaos":17,"Juzu Bracelet":14,"DemoMod:WhiteGuonStone":4,"infinitespire:EvilPickle":17,"Replay:Baseball":5,"aspiration:DefectSkillbook":9,"LetterFromLob":1,"halation:PromiseList":1,"DemoMod:GnawedKey":8,"Membership Card":11,"Grinning Jar":5,"hubris:Reverence":2},{"SnafuTest:BearRelic":80,"Girya":32,"DemoMod:Dog":0,"ReplayTheSpireMod:CursedCoin":73,"infinitespire:CursedDice":82,"Thread and Needle":0,"DemoMod:GlassGuonStoneRelic":10,"Ring of Chaos":88,"Juzu Bracelet":73,"DemoMod:WhiteGuonStone":22,"infinitespire:EvilPickle":88,"Replay:Baseball":26,"aspiration:DefectSkillbook":52,"LetterFromLob":4,"halation:PromiseList":4,"DemoMod:GnawedKey":41,"Membership Card":59,"Grinning Jar":26,"hubris:Reverence":7}]},"card_choices":[{"not_picked":["DemoMod:ZorGun","DemoMod:Replace"],"picked":"DemoMod:Evolver","floor":1.0},{"not_picked":["DemoMod:ZorGun","DemoMod:GunstockTap"],"picked":"DemoMod:AC15","floor":3.0},{"not_picked":["DemoMod:Ejector","DemoMod:DoubleSwitch","DemoMod:ProbeStrike"],"picked":"SKIP","floor":5.0},{"not_picked":["DemoMod:DoubleSwitch","DemoMod:ChanceBullets","DemoMod:HuntsMan"],"picked":"SKIP","floor":6.0},{"not_picked":["DemoMod:AC15","DemoMod:Camera"],"picked":"DemoMod:LifeOrb","floor":8.0},{"not_picked":["DemoMod:Replace","DemoMod:Evolver","DemoMod:BattleInHaste"],"picked":"SKIP","floor":10.0},{"not_picked":["DemoMod:AWP","DemoMod:BattleInHaste","DemoMod:TeaPot"],"picked":"SKIP","floor":11.0},{"not_picked":["DemoMod:Elimentaler","DemoMod:Unity","DemoMod:SAA"],"picked":"SKIP","floor":12.0},{"not_picked":["DemoMod:FightSabre","DemoMod:GunslingerForm"],"picked":"DemoMod:Desperate","floor":16},{"not_picked":["Consume","Beam Cell","DemoMod:Polaris","DemoMod:CursedBullets"],"picked":"SKIP","floor":18},{"not_picked":["DemoMod:MachoBrace","Barrage+1","DemoMod:GunstockTap","DemoMod:ProbeStrike"],"picked":"SKIP","floor":19},{"not_picked":["DemoMod:SniperShot","Panic Button","Steam+1","ReplayTheSpireMod:Dual Polarity+1"],"picked":"SKIP","floor":21},{"not_picked":["Hologram+1","DemoMod:ConditionalReflex","Steam","DemoMod:FastSwitch"],"picked":"SKIP","floor":22},{"not_picked":["ReplayTheSpireMod:System Scan+1","Compile Driver+1","DemoMod:Ejector","Chaos"],"picked":"SKIP","floor":23},{"not_picked":["hubris:Fate","Replay:Fractal Strike"],"picked":"infinitespire:TheBestDefense","floor":29},{"not_picked":["DemoMod:Replace","Barrage","DemoMod:PotionOfGunFriendShip","Fusion+1"],"picked":"SKIP","floor":29},{"not_picked":["Auto Shields+1","DemoMod:DirectionalPad+1","Coolheaded+1"],"picked":"DemoMod:HuntsMan+1","floor":31},{"not_picked":["DemoMod:HuntsMan","DemoMod:Replace","DemoMod:DoubleSwitch+1","Storm"],"picked":"SKIP","floor":35},{"not_picked":["Crystallizer","DemoMod:Replace+1","hubris:PowerSurge+1","Thunder Strike"],"picked":"SKIP","floor":36},{"not_picked":["ReplayTheSpireMod:Fabricate Wheel","DemoMod:GunstockTap+1","DemoMod:ConditionalReflex+1"],"picked":"DemoMod:AbyssalTentacle+1","floor":37},{"not_picked":["Cold Snap","Go for the Eyes","DemoMod:BoxingGlove+1"],"picked":"DemoMod:HighKaliber","floor":38}],"player_experience":319811,"relics_obtained":[{"floor":1.0,"key":"LetterFromLob"},{"floor":4.0,"key":"hubris:Reverence"},{"floor":6.0,"key":"DemoMod:WhiteGuonStone"},{"floor":8.0,"key":"Grinning Jar"},{"floor":9.0,"key":"Replay:Baseball"},{"floor":10.0,"key":"Girya"},{"floor":29,"key":"SnafuTest:BearRelic"},{"floor":31,"key":"infinitespire:CursedDice"}],"event_choices":[{"damage_healed":0.0,"max_hp_gain":0.0,"max_hp_loss":0.0,"gold_gain":0.0,"event_name":"Wheel of Change","player_choice":"Relic","floor":4.0,"gold_loss":0.0,"damage_taken":0.0},{"damage_healed":0.0,"max_hp_gain":0.0,"max_hp_loss":0.0,"gold_gain":75.0,"event_name":"FaceTrader","player_choice":"Touch","floor":14.0,"gold_loss":0.0,"damage_taken":7.0},{"damage_healed":0,"gold_gain":0,"player_choice":"Became a vampire","damage_taken":0,"max_hp_gain":0,"max_hp_loss":21,"event_name":"Vampires","floor":27,"gold_loss":0,"cards_obtained":["Bite","Bite","Bite","Bite","Bite"]}],"is_beta":false,"boss_relics":[{"not_picked":["halation:ForbiddenBikini","hubris:TerracottaHorce"],"picked":"aspiration:DefectSkillbook"},{"not_picked":["ReplayTheSpireMod:SealedPack","vexMod:EndlessSickness"],"picked":"Ring of Chaos"}],"items_purged_floors":[20,25,25],"is_endless":true,"potions_floor_spawned":[5,8,11,16,19,23,29,31,38,39],"killed_by":"Nightmare_Alpha","ascension_level":5}}