{"host":"fqepcc6wiujntn7y","time":1610711028,"event":{"mods":["AchievementEnabler","BaseMod","Minty Spire (QoL Compilation)","Quick Restart","Replay The Spire","StSLib","The Hayseed","The Jungle","The Necromancer"],"gold_per_floor":[150,195,252,300,183,222,255,336,391,391,391,433,433,53,53,368,368,404,443,473,17,17,47,47,47],"floor_reached":24,"language":"ENG","playtime":1702,"items_purged":[],"score":302,"play_id":"2febac92-5d64-494a-bb85-36c760c0b9d4","local_time":"20210115114348","daily_mods":["Hoarder","Heirloom","Midas"],"is_ascension_mode":false,"campfire_choices":[{"floor":10,"key":"REST"},{"floor":13,"key":"REST"},{"floor":15,"key":"REST"}],"circlet_count":0,"master_deck":["Strike_B","Strike_B","Strike_B","Strike_B","Defend_B","Defend_B","Defend_B","Defend_B","Zap","Dualcast","Redo","Redo","Redo","Ball Lightning","Ball Lightning","Ball Lightning","ReplayTheSpireMod:GoodbyeWorld","ReplayTheSpireMod:GoodbyeWorld","ReplayTheSpireMod:GoodbyeWorld","Ball Lightning","Ball Lightning","Ball Lightning","Heatsinks","Heatsinks","Heatsinks","Buffer","Buffer","Buffer","Decay","Decay","Decay","Rainbow","Rainbow","Rainbow","Hello World","Hello World","Hello World","Amplify","Amplify","Amplify","Hello World","Hello World","Hello World","Machine Learning","Machine Learning","Machine Learning","Crystallizer","Crystallizer","Crystallizer","BootSequence","BootSequence","BootSequence"],"relics":["Cracked Core","Pondfish Scales","Prayer Wheel","Ancient Tea Set","Bag of Marbles","Juzu Bracelet","Replay:Grab Bag","Sozu","Fusion Hammer","Black Star","Ice Cream","Lantern"],"acts_visited":["Exordium","TheCity"],"potions_floor_usage":[],"damage_taken":[{"damage":0,"enemies":"Small Slimes","floor":1,"turns":2},{"damage":0,"enemies":"Cultist","floor":2,"turns":3},{"damage":2,"enemies":"Jaw Worm","floor":3,"turns":3},{"damage":14,"enemies":"Lots of Slimes","floor":4,"turns":4},{"damage":0,"enemies":"Exordium Wildlife","floor":6,"turns":2},{"damage":6,"enemies":"3 Louse","floor":7,"turns":3},{"damage":24,"enemies":"Lagavulin","floor":8,"turns":6},{"damage":2,"enemies":"Large Slime","floor":12,"turns":4},{"damage":20,"enemies":"The Guardian","floor":16,"turns":10},{"damage":30,"enemies":"3 Byrds","floor":18,"turns":5},{"damage":10,"enemies":"Chosen","floor":19,"turns":4},{"damage":6,"enemies":"Snecko","floor":20,"turns":5},{"damage":17,"enemies":"Chosen and Byrds","floor":23,"turns":6},{"damage":15,"enemies":"Slavers","floor":24,"turns":2}],"seed_played":"-5109356375639675446","potions_obtained":[{"floor":4,"key":"EssenceOfDarkness"},{"floor":6,"key":"Weak Potion"},{"floor":8,"key":"Venom Potion"}],"is_trial":true,"path_per_floor":["M","M","M","M","$","M","M","E","T","R","?","M","R","$","R","B",null,"M","M","M","$","?","M","E"],"character_chosen":"DEFECT","items_purchased":["ReplayTheSpireMod:GoodbyeWorld","Ball Lightning","Hello World","Bag of Marbles","Juzu Bracelet","Ice Cream","Lantern"],"campfire_rested":3,"item_purchase_floors":[5,5,14,14,14,21,21],"current_hp_per_floor":[75,75,73,59,59,59,53,29,29,51,51,49,71,71,75,55,75,45,35,29,29,29,12,0,0],"gold":47,"neow_bonus":"","is_daily":false,"chose_seed":false,"campfire_upgraded":0,"win_rate":0.0,"timestamp":1610711028,"path_taken":["M","M","M","M","$","M","M","E","T","R","?","M","R","$","R","BOSS","M","M","M","$","?","M","E"],"items_purchased_type":["Card","Card","Card","Relic","Relic","Relic","Relic"],"build_version":"2020-12-22","purchased_purges":0,"victory":false,"max_hp_per_floor":[75,75,75,75,75,75,75,75,75,75,75,75,75,75,75,75,75,75,75,75,75,75,75,75,75],"card_choices":[{"not_picked":["Beam Cell","Rebound","Cold Snap"],"picked":"SKIP","floor":1},{"not_picked":["Gash","Seek"],"picked":"Redo","floor":2},{"not_picked":["Leap","Compile Driver","Coolheaded"],"picked":"SKIP","floor":3},{"not_picked":["Darkness","Barrage"],"picked":"Ball Lightning","floor":4},{"not_picked":["Leap","Sweeping Beam"],"picked":"Heatsinks","floor":6},{"not_picked":["Auto Shields","Sweeping Beam","Go for the Eyes"],"picked":"SKIP","floor":7},{"not_picked":["ReplayTheSpireMod:Reroute Power","Chill"],"picked":"Buffer","floor":8},{"not_picked":["ReplayTheSpireMod:Repulse","Steam"],"picked":"Rainbow","floor":12},{"not_picked":["Panic Button","Streamline","Sweeping Beam"],"picked":"SKIP","floor":12},{"not_picked":["Seek","Hyperbeam"],"picked":"Amplify","floor":16},{"not_picked":["Glacier","Redo"],"picked":"Hello World","floor":18},{"not_picked":["Hologram","Redo","Stack"],"picked":"SKIP","floor":18},{"not_picked":["Ball Lightning","Stack+1"],"picked":"Machine Learning","floor":19},{"not_picked":["Cold Snap","Compile Driver","Barrage+1"],"picked":"SKIP","floor":19},{"not_picked":["ReplayTheSpireMod:Repulse","Turbo"],"picked":"Crystallizer","floor":20},{"not_picked":["Ball Lightning","Stack","Chill"],"picked":"SKIP","floor":20},{"not_picked":["Streamline","Conserve Battery"],"picked":"BootSequence","floor":23},{"not_picked":["Auto Shields","Stack","Compile Driver"],"picked":"SKIP","floor":23}],"player_experience":35659,"relics_obtained":[{"floor":8,"key":"Prayer Wheel"},{"floor":9,"key":"Ancient Tea Set"}],"event_choices":[{"damage_healed":0,"gold_gain":0,"player_choice":"Cursed","damage_taken":0,"max_hp_gain":0,"max_hp_loss":0,"event_name":"Wheel of Change","floor":11,"gold_loss":0,"cards_obtained":["Decay"]}],"is_beta":false,"boss_relics":[{"not_picked":["Replay:Ancient Bell","Coffee Dripper"],"picked":"Replay:Grab Bag"},{"not_picked":["Ectoplasm","Runic Dome"],"picked":"Sozu"},{"not_picked":["ReplayTheSpireMod:DimensionalGlitch","Replay:Bronze Core"],"picked":"Fusion Hammer"},{"not_picked":["Inserter","Snecko Eye"],"picked":"Black Star"}],"items_purged_floors":[],"is_endless":false,"potions_floor_spawned":[4,6,8,12,19,23],"killed_by":"Slavers","ascension_level":0}}