{"host":"94qggqh0xz0sp6ai","time":1610691561,"event":{"mods":["Abigail Mod","Act Like it!","BaseMod","CapriCore","Downfall","Friendly Minions","Gensokyo","Hermit","Jorbs\u0027s Wanderer Trilogy","Koishi","Marisa（霧雨　魔理沙）","Minty Spire (QoL Compilation)","Permanent Neow","Reimu（博??梦）","StSLib","The Alterego","The Construct","The Cursed","The Hierophant","The Immortal","The Marked","The Servant 0.9.4","TheBandit","Waifu the Spire"],"gold_per_floor":[112,52,52,65,36,36,70,70,94,104,104,104,114,135,135,209,209,220,204,43,318,1,1,18,43,43,43,55,88,59,76,76,153,153,168,183,201,186,197,228,228,260,284,284,284,315,107,86,86,86],"floor_reached":51,"language":"ENG","playtime":2487,"items_purged":["Regret","Strike_Lin:ReiMu"],"score":1434,"play_id":"5edb136f-5b70-45eb-b445-30ab4a213e62","local_time":"20210115001921","is_ascension_mode":true,"campfire_choices":[{"floor":6,"key":"REST"},{"data":"AirStrike:ReiMu","floor":8,"key":"SMITH"},{"data":"MikOfLucky:ReiMu","floor":12,"key":"SMITH"},{"data":"FineLineFantasy:ReiMu","floor":15,"key":"SMITH"},{"data":"InherentArray:ReiMu","floor":23,"key":"SMITH"},{"floor":27,"key":"REST"},{"data":"KamiRite:ReiMu","floor":32,"key":"SMITH"},{"data":"DependentForm:ReiMu","floor":41,"key":"SMITH"},{"data":"Madness","floor":45,"key":"SMITH"},{"data":"Madness","floor":49,"key":"SMITH"}],"circlet_count":0,"master_deck":["AscendersBane","Strike_Lin:ReiMu","Strike_Lin:ReiMu","Strike_Lin:ReiMu","Defend_Lin:ReiMu","Defend_Lin:ReiMu","Defend_Lin:ReiMu","Defend_Lin:ReiMu","NB:ReiMu+1","Stagnation:ReiMu","LovePray:ReiMu+1","SpreadBorder2:ReiMu","Gathering:ReiMu","SubAcupoint:ReiMu","AirStrike:ReiMu+1","MikOfLucky:ReiMu+1","FineLineFantasy:ReiMu+1","AlertArray:ReiMu","Amulet:ReiMu","LearningPray:ReiMu","Conquer:ReiMu","YinYangSange:ReiMu","KamiRite:ReiMu+1","WonderfulDomain:ReiMu","InherentArray:ReiMu+1","expansioncontent:DonusPower","WonderfulDomain:ReiMu","FantasyMoon:ReiMu","AirStrike:ReiMu+1","Revelation:ReiMu","UniversalSpiritual:ReiMu+1","DependentForm:ReiMu+1","WonderfulDomain:ReiMu","Mountainwind:ReiMu+1","YinYang:ReiMu","PassingAway:ReiMu","Amulet:ReiMu","BlastKick2:ReiMu","SpreadBorder2:ReiMu+1","DoubleButterfly:ReiMu+1","BlastKick2:ReiMu","RainPray2:ReiMu","FantasyMoon:ReiMu","Madness+1","Madness+1","RainPray2:ReiMu"],"relics":["ShineYinYang:ReiMu","PaintedHorse:ReiMu","Eternal Feather","Smiling Mask","Odd Mushroom","RuthlessExorcism:ReiMu","Vajra","Mummified Hand","Prayer Wheel","Red Mask","RedLine:ReiMu","Du-Vu Doll","Anchor","Unceasing Top","Blood Vial","Bag of Marbles","HandDrill"],"acts_visited":["Exordium","TheCity","TheBeyond"],"potions_floor_usage":[19,24,25,29,33,50,50],"damage_taken":[{"damage":8,"enemies":"Small Slimes","floor":1,"turns":5},{"damage":1,"enemies":"2 Louse","floor":4,"turns":5},{"damage":14,"enemies":"Lagavulin","floor":7,"turns":13},{"damage":0,"enemies":"Jaw Worm","floor":10,"turns":4},{"damage":5,"enemies":"Exordium Thugs","floor":13,"turns":5},{"damage":3,"enemies":"The Mushroom Lair","floor":14,"turns":4},{"damage":15,"enemies":"The Guardian","floor":16,"turns":10},{"damage":23,"enemies":"Chosen","floor":18,"turns":6},{"damage":15,"enemies":"2 Thieves","floor":19,"turns":4},{"damage":1,"enemies":"Cultist and Chosen","floor":24,"turns":6},{"damage":42,"enemies":"Slavers","floor":25,"turns":8},{"damage":3,"enemies":"Snake Plant","floor":28,"turns":6},{"damage":12,"enemies":"Masked Bandits","floor":29,"turns":4},{"damage":4,"enemies":"Chosen and Byrds","floor":30,"turns":5},{"damage":0,"enemies":"Centurion and Healer","floor":31,"turns":6},{"damage":6,"enemies":"Collector","floor":33,"turns":8},{"damage":7,"enemies":"3 Shapes","floor":35,"turns":3},{"damage":7,"enemies":"Orb Walker","floor":36,"turns":4},{"damage":5,"enemies":"Transient","floor":37,"turns":5},{"damage":7,"enemies":"Mind Bloom Boss Battle","floor":38,"turns":6},{"damage":9,"enemies":"Sphere and 2 Shapes","floor":39,"turns":3},{"damage":0,"enemies":"Giant Head","floor":40,"turns":8},{"damage":1,"enemies":"Reptomancer","floor":42,"turns":5},{"damage":0,"enemies":"Nemesis","floor":46,"turns":5},{"damage":0,"enemies":"4 Shapes","floor":48,"turns":3},{"damage":3,"enemies":"Donu and Deca","floor":50,"turns":5}],"seed_played":"8304746108639796414","potions_obtained":[{"floor":4,"key":"Weak Potion"},{"floor":13,"key":"SteroidPotion"},{"floor":14,"key":"Regen Potion"},{"floor":19,"key":"AttackPotion"},{"floor":28,"key":"PinkPotion:ReiMu"},{"floor":29,"key":"Swift Potion"},{"floor":31,"key":"MagicPotion:ReiMu"},{"floor":35,"key":"Explosive Potion"},{"floor":39,"key":"Strength Potion"}],"is_trial":false,"path_per_floor":["M","?","?","M","$","R","E","R","T","M","?","R","M","?","R","B",null,"M","M","$","?","$","R","M","E","T","R","M","?","M","M","R","B",null,"M","M","M","?","M","E","R","E","T","?","R","E","$","M","R","B",null],"character_chosen":"REIMU","items_purchased":["SubAcupoint:ReiMu","RuthlessExorcism:ReiMu","Vajra","expansioncontent:DonusPower","HandDrill"],"campfire_rested":2,"item_purchase_floors":[5,20,22,22,47],"current_hp_per_floor":[46,46,28,27,27,45,31,40,40,40,40,52,47,44,56,41,55,32,31,31,31,31,46,45,3,3,36,33,21,17,17,38,32,53,46,39,34,27,18,18,42,41,41,30,57,59,59,60,60,57],"gold":86,"neow_bonus":"THREE_CARDS","is_daily":false,"chose_seed":false,"campfire_upgraded":8,"win_rate":0.0,"timestamp":1610691561,"path_taken":["M","?","?","M","$","R","E","R","T","M","?","R","M","?","R","BOSS","M","M","$","?","?","R","M","E","T","R","M","?","M","?","R","BOSS","M","M","M","?","M","E","R","E","T","?","R","E","$","M","R","BOSS"],"items_purchased_type":["Card","Relic","Relic","Card","Relic"],"build_version":"2020-12-22","purchased_purges":2,"victory":true,"max_hp_per_floor":[60,60,60,60,60,60,60,60,60,60,60,60,60,60,60,60,60,60,60,60,60,60,60,60,60,60,60,60,60,60,60,60,60,60,60,60,60,60,60,60,60,60,60,60,60,60,60,60,60,60],"card_choices":[{"not_picked":["PassingAway:ReiMu","EmergencyTakeOff:ReiMu"],"picked":"LovePray:ReiMu","floor":0},{"not_picked":["CareerPray:ReiMu","FantasyBorder:ReiMu"],"picked":"SpreadBorder2:ReiMu","floor":1},{"not_picked":["CareerPray:ReiMu","AlertArray:ReiMu"],"picked":"Gathering:ReiMu","floor":4},{"not_picked":["CollectionFlower2:ReiMu","RainPray2:ReiMu"],"picked":"AirStrike:ReiMu","floor":7},{"not_picked":["RainPray2:ReiMu","WonderfulDomain:ReiMu"],"picked":"MikOfLucky:ReiMu","floor":10},{"not_picked":["SubcavityInstant:ReiMu","EmergencyTakeOff:ReiMu","Conquer:ReiMu"],"picked":"SKIP","floor":13},{"not_picked":["Dreaming2:ReiMu","Amulet:ReiMu"],"picked":"YinYangSange:ReiMu","floor":14},{"not_picked":["Shading:ReiMu","HakureiPhantom:ReiMu"],"picked":"KamiRite:ReiMu","floor":16},{"not_picked":["FantasyBorder:ReiMu","LearningPray:ReiMu+1"],"picked":"WonderfulDomain:ReiMu","floor":18},{"not_picked":["RainPray2:ReiMu","LovePray:ReiMu"],"picked":"InherentArray:ReiMu","floor":19},{"not_picked":["SpreadBorder2:ReiMu","Meditation:ReiMu"],"picked":"WonderfulDomain:ReiMu","floor":24},{"not_picked":["SpiritualOutbreak2:ReiMu","Revelation:ReiMu"],"picked":"FantasyMoon:ReiMu","floor":25},{"not_picked":["AlertArray:ReiMu+1","Intuition:ReiMu+1"],"picked":"AirStrike:ReiMu+1","floor":28},{"not_picked":["ForcedLanding:ReiMu","TakeOff:ReiMu"],"picked":"Revelation:ReiMu","floor":28},{"not_picked":["WonderfulDomain:ReiMu","YinYangSign:ReiMu"],"picked":"UniversalSpiritual:ReiMu+1","floor":29},{"not_picked":["LearningPray:ReiMu","Conquer:ReiMu"],"picked":"DependentForm:ReiMu","floor":30},{"not_picked":["AlertArray:ReiMu","YinYangSange:ReiMu+1"],"picked":"WonderfulDomain:ReiMu","floor":30},{"not_picked":["SpreadBorder2:ReiMu","SubAcupoint:ReiMu"],"picked":"Mountainwind:ReiMu+1","floor":31},{"not_picked":["Free:ReiMu","WonderfulDomain:ReiMu","ShadowOfCrow2:ReiMu"],"picked":"SKIP","floor":31},{"not_picked":["OctopathSalyBorderN:ReiMu","Free:ReiMu"],"picked":"YinYang:ReiMu","floor":33},{"not_picked":["ShadowOfCrow2:ReiMu","Enchanting:ReiMu"],"picked":"PassingAway:ReiMu","floor":35},{"not_picked":["Enchanting:ReiMu","CareerPray:ReiMu"],"picked":"Amulet:ReiMu","floor":35},{"not_picked":["EmergencyTakeOff:ReiMu+1","SpringWay:ReiMu"],"picked":"BlastKick2:ReiMu","floor":36},{"not_picked":["Mountainwind:ReiMu+1","ShadowOfCrow2:ReiMu","SpringWay:ReiMu+1"],"picked":"SKIP","floor":36},{"not_picked":["TightArray:ReiMu","EmergencyTakeOff:ReiMu"],"picked":"SpreadBorder2:ReiMu+1","floor":37},{"not_picked":["CareerPray:ReiMu+1","Mountainwind:ReiMu","Meditation:ReiMu+1"],"picked":"SKIP","floor":37},{"not_picked":["Amulet:ReiMu","Revelation:ReiMu"],"picked":"DoubleButterfly:ReiMu+1","floor":39},{"not_picked":["Enchanting:ReiMu","SafetyPray:ReiMu"],"picked":"BlastKick2:ReiMu","floor":39},{"not_picked":["Dreaming2:ReiMu+1","YinYangSign:ReiMu"],"picked":"RainPray2:ReiMu","floor":40},{"not_picked":["Intuition:ReiMu","Dreaming2:ReiMu"],"picked":"FantasyMoon:ReiMu","floor":42},{"not_picked":["OrbThrow:ReiMu","EmergencyTakeOff:ReiMu"],"picked":"RainPray2:ReiMu","floor":46},{"not_picked":["DoubleButterfly:ReiMu","InherentArray:ReiMu","SpringWay:ReiMu"],"picked":"SKIP","floor":48},{"not_picked":["TightArray:ReiMu","Meditation:ReiMu","Enchanting:ReiMu+1"],"picked":"SKIP","floor":48}],"player_experience":1378925,"relics_obtained":[{"floor":7,"key":"Eternal Feather"},{"floor":9,"key":"Smiling Mask"},{"floor":14,"key":"Odd Mushroom"},{"floor":25,"key":"Mummified Hand"},{"floor":26,"key":"Prayer Wheel"},{"floor":29,"key":"Red Mask"},{"floor":38,"key":"Du-Vu Doll"},{"floor":40,"key":"Anchor"},{"floor":42,"key":"Unceasing Top"},{"floor":43,"key":"Blood Vial"},{"floor":46,"key":"Bag of Marbles"}],"event_choices":[{"damage_healed":0,"gold_gain":0,"player_choice":"Donate","damage_taken":0,"relics_obtained":["PaintedHorse:ReiMu"],"max_hp_gain":0,"max_hp_loss":0,"event_name":"yidonshenshe","floor":2,"gold_loss":60},{"damage_healed":0,"gold_gain":0,"player_choice":"Entered Light","damage_taken":18,"max_hp_gain":0,"max_hp_loss":0,"event_name":"Shining Light","floor":3,"gold_loss":0,"cards_upgraded":["LovePray:ReiMu","NB:ReiMu"]},{"damage_healed":0,"gold_gain":0,"player_choice":"Fought Mushrooms","damage_taken":0,"max_hp_gain":0,"max_hp_loss":0,"event_name":"Mushrooms","floor":14,"gold_loss":0},{"damage_healed":0,"gold_gain":275,"player_choice":"Desecrate","damage_taken":0,"max_hp_gain":0,"max_hp_loss":0,"event_name":"Golden Shrine","floor":21,"gold_loss":0,"cards_obtained":["Regret"]},{"damage_healed":0,"gold_gain":0,"player_choice":"Fought Bandits","damage_taken":0,"max_hp_gain":0,"max_hp_loss":0,"event_name":"Masked Bandits","floor":29,"gold_loss":0},{"damage_healed":0,"gold_gain":0,"player_choice":"Fight","damage_taken":0,"max_hp_gain":0,"max_hp_loss":0,"event_name":"MindBloom","floor":38,"gold_loss":0},{"damage_healed":0,"gold_gain":0,"player_choice":"Embrace Madness","damage_taken":11,"max_hp_gain":0,"max_hp_loss":0,"event_name":"Winding Halls","floor":44,"gold_loss":0,"cards_obtained":["Madness","Madness"]}],"is_beta":false,"boss_relics":[{"not_picked":["Fusion Hammer","Sozu"],"picked":"ShineYinYang:ReiMu"},{"not_picked":["Tiny House","Philosopher\u0027s Stone"],"picked":"RedLine:ReiMu"}],"items_purged_floors":[22,47],"is_endless":false,"potions_floor_spawned":[4,13,14,18,19,28,29,31,35,36,39,48],"ascension_level":16}}