{"host":"8i4doyxqctgl5qb0","time":1610682816,"event":{"mods":["AchievementEnabler","BaseMod","Block Reminder","Colored Powertips","Downfall","Minty Spire (QoL Compilation)","Permanent Neow","Potion Indicator Mod","Rare Cards Sparkle","StSLib","SuperFastMode","The Jungle"],"gold_per_floor":[118,118,132,97,97,97,112,212,212,235,279,38,38,61,61,172,181,209,218,218,239,27,27,55,78,78,78,78],"floor_reached":27,"language":"ZHS","playtime":596,"items_purged":[],"score":433,"play_id":"9681801b-c7a7-4462-abe4-c30921950026","local_time":"20210115115336","is_ascension_mode":true,"campfire_choices":[{"data":"Loop","floor":6.0,"key":"SMITH"},{"floor":13.0,"key":"REST"},{"data":"Defragment","floor":15.0,"key":"SMITH"},{"data":"Creative AI","floor":23.0,"key":"SMITH"}],"circlet_count":0,"master_deck":["AscendersBane","Strike_B","Strike_B","Strike_B","Defend_B","Defend_B","Defend_B","Defend_B+1","Zap","Dualcast","Loop+1","FTL","Chaos","Conserve Battery","Heatsinks","Defragment+1","Force Field+1","Seek","Leap","Creative AI+1","CurseOfTheBell","Conserve Battery","Shame","Melter","Defragment","Double Energy+1","Stack"],"relics":["Cracked Core","Vajra","Matryoshka","CeramicFish","FossilizedHelix","Mango","Calling Bell","War Paint","Ornamental Fan","Torii","Blue Candle","Runic Capacitor","Strawberry","Mummified Hand"],"acts_visited":["Exordium","TheCity"],"potions_floor_usage":[27],"damage_taken":[{"damage":7.0,"enemies":"Jaw Worm","floor":1.0,"turns":3.0},{"damage":7.0,"enemies":"2 Louse","floor":3.0,"turns":3.0},{"damage":6.0,"enemies":"Small Slimes","floor":7.0,"turns":2.0},{"damage":35.0,"enemies":"Gremlin Gang","floor":10.0,"turns":4.0},{"damage":13.0,"enemies":"Lagavulin","floor":11.0,"turns":5.0},{"damage":0.0,"enemies":"Large Slime","floor":14.0,"turns":5.0},{"damage":0.0,"enemies":"Slime Boss","floor":16.0,"turns":7.0},{"damage":11.0,"enemies":"Spheric Guardian","floor":18.0,"turns":5.0},{"damage":7.0,"enemies":"Chosen","floor":21.0,"turns":7.0},{"damage":72.0,"enemies":"3 Cultists","floor":24.0,"turns":6.0},{"damage":24.0,"enemies":"Snake Plant","floor":25.0,"turns":6.0},{"damage":11,"enemies":"Shelled Parasite and Fungi","floor":27,"turns":2}],"seed_played":"8389887599547782214","potions_obtained":[{"floor":1.0,"key":"FairyPotion"},{"floor":11.0,"key":"hexamod:EctoCoolerPotion"},{"floor":20.0,"key":"PowerPotion"},{"floor":25.0,"key":"AttackPotion"}],"is_trial":false,"path_per_floor":["M","?","M","?","T","R","M","?","T","M","E","$","R","M","R","B",null,"M","?","?","M","$","R","M","M","T","M"],"character_chosen":"DEFECT","items_purchased":["Defragment","Force Field","Seek","Runic Capacitor","Defragment"],"campfire_rested":1,"item_purchase_floors":[12,12,12,22,22],"current_hp_per_floor":[61,54,47,65,65,65,59,59,59,24,25,25,51,51,51,51,80,69,69,69,62,62,62,26,2,9,0,0],"gold":78,"neow_bonus":"RANDOM_COMMON_RELIC","is_daily":false,"chose_seed":false,"campfire_upgraded":3,"win_rate":0.0,"timestamp":1610682816,"path_taken":["M","?","M","?","?","R","M","?","T","?","E","$","R","M","R","BOSS","M","?","?","?","$","R","M","M","T","M"],"items_purchased_type":["Card","Card","Card","Relic","Card"],"build_version":"2020-12-22","purchased_purges":0,"victory":false,"max_hp_per_floor":[75,75,75,75,75,75,75,75,75,75,89,89,89,89,89,89,89,89,89,89,89,89,89,89,89,96,96,96],"card_choices":[{"not_picked":["Sweeping Beam","Steam"],"picked":"Loop","floor":1.0},{"not_picked":["Streamline","Go for the Eyes"],"picked":"FTL","floor":3.0},{"not_picked":["Cold Snap","Hologram"],"picked":"Chaos","floor":7.0},{"not_picked":["Barrage","Beam Cell"],"picked":"Conserve Battery","floor":10.0},{"not_picked":["Compile Driver","Chaos"],"picked":"Heatsinks","floor":11.0},{"not_picked":["Fusion","Beam Cell"],"picked":"Leap","floor":14.0},{"not_picked":["Machine Learning","Fission"],"picked":"Creative AI","floor":16.0},{"not_picked":["Rebound","Leap"],"picked":"Conserve Battery","floor":18.0},{"not_picked":["Barrage","Streamline"],"picked":"Melter","floor":21.0},{"not_picked":["Steam Power+1","Redo"],"picked":"Double Energy+1","floor":24.0},{"not_picked":["Coolheaded","Darkness"],"picked":"Stack","floor":25.0}],"player_experience":190081,"relics_obtained":[{"floor":5.0,"key":"Matryoshka"},{"floor":9.0,"key":"CeramicFish"},{"floor":9.0,"key":"FossilizedHelix"},{"floor":11.0,"key":"Mango"},{"floor":17.0,"key":"War Paint"},{"floor":17.0,"key":"Ornamental Fan"},{"floor":17.0,"key":"Torii"},{"floor":26.0,"key":"Strawberry"},{"floor":26.0,"key":"Mummified Hand"}],"event_choices":[{"cards_removed":["Strike_B"],"damage_healed":0.0,"max_hp_gain":0.0,"max_hp_loss":0.0,"gold_gain":0.0,"event_name":"Golden Wing","player_choice":"Card Removal","floor":2.0,"gold_loss":0.0,"damage_taken":7.0},{"damage_healed":18.0,"max_hp_gain":0.0,"max_hp_loss":0.0,"gold_gain":0.0,"event_name":"The Cleric","player_choice":"Healed","floor":4.0,"gold_loss":35.0,"damage_taken":0.0},{"damage_healed":0.0,"max_hp_gain":0.0,"max_hp_loss":0.0,"gold_gain":100.0,"event_name":"Golden Shrine","player_choice":"Pray","floor":8.0,"gold_loss":0.0,"damage_taken":0.0},{"damage_healed":0.0,"max_hp_gain":0.0,"max_hp_loss":0.0,"gold_gain":0.0,"event_name":"Addict","player_choice":"Stole Relic","floor":19.0,"gold_loss":0.0,"damage_taken":0.0,"relics_obtained":["Blue Candle"],"cards_obtained":["Shame"]},{"damage_healed":0.0,"max_hp_gain":0.0,"max_hp_loss":0.0,"gold_gain":0.0,"event_name":"Lab","player_choice":"Got Potions","floor":20.0,"gold_loss":0.0,"damage_taken":0.0}],"is_beta":false,"boss_relics":[{"not_picked":["Philosopher\u0027s Stone","Cursed Key"],"picked":"Calling Bell"}],"items_purged_floors":[],"is_endless":false,"potions_floor_spawned":[1,11,16,18,25],"killed_by":"Shelled Parasite and Fungi","ascension_level":11}}