{"host":"1sqx9dmsrxu9kvq7","time":1610738402,"event":{"mods":["2.2 Compatiblity","Arknights The Spire","BaseMod","Colored Powertips","Custom Start","Dio Mod","Friendly Minions","Hermit","Highlight Path","HololiveMod","Jorbs\u0027s Wanderer Trilogy","Koishi","MarisaÅiñ∂âJÅ@ñÇóùçπÅj","Minty Spire (QoL Compilation)","Quick Restart","Rare Cards Sparkle","Relic Stats","Shade Mod","Shop Mod","Spicy Shops","StSLib","Td1madao Mod","The Blue Laboratory","The Construct","The Cursed","The Disciple","The Hierophant","The Necromancer","The Runesmith","The Servant 0.9.4","Waifu the Spire","WarShipGirlsR/??è≠èóR mod"],"gold_per_floor":[119,129,139,158,173,202,202,202,202],"floor_reached":8,"language":"ENG","playtime":521,"items_purged":[],"score":60,"play_id":"49aa296e-f95a-4812-8565-ea3c5c35c473","local_time":"20210115132002","is_ascension_mode":false,"campfire_choices":[{"floor":7,"key":"RECALL"}],"circlet_count":0,"master_deck":["ats:Strike C","ats:Strike G","ats:Strike S","ats:Strike V","ats:Armor Crushing Shot","ats:Defend","ats:Defend","ats:Defend","ats:Defend","ats:Emotion Absorption","ats:Apocalypse","ats:Poison Spread","ats:Beaten Up","ats:Neurotoxin","ats:Explosion Area Strengthen","ats:Assault Order"],"relics":["ats:Sanity","NeowsBlessing","ats:Originium","Anchor"],"acts_visited":["Exordium"],"potions_floor_usage":[],"damage_taken":[{"damage":0,"enemies":"Cultist","floor":1,"turns":1},{"damage":0,"enemies":"Small Slimes","floor":2,"turns":1},{"damage":0,"enemies":"2 Louse","floor":3,"turns":2},{"damage":5,"enemies":"Large Slime","floor":4,"turns":6},{"damage":29,"enemies":"Exordium Thugs","floor":5,"turns":5},{"damage":34,"enemies":"Lagavulin","floor":6,"turns":6},{"damage":22,"enemies":"3 Sentries","floor":8,"turns":2}],"seed_played":"1336254616747563178","potions_obtained":[{"floor":1,"key":"Strength Potion"},{"floor":4,"key":"Ancient Potion"}],"is_trial":false,"path_per_floor":["M","M","M","M","M","E","R","E"],"character_chosen":"DOCTOR_CLASS","items_purchased":[],"campfire_rested":0,"item_purchase_floors":[],"current_hp_per_floor":[72,72,72,71,42,12,12,0,0],"gold":202,"neow_bonus":"THREE_ENEMY_KILL","is_daily":false,"chose_seed":false,"campfire_upgraded":0,"win_rate":0.0,"timestamp":1610738402,"path_taken":["M","M","?","M","M","E","R","E"],"items_purchased_type":[],"build_version":"2020-12-22","purchased_purges":0,"victory":false,"max_hp_per_floor":[72,72,72,72,72,72,72,72,72],"relic_stats":{"counters":[7,23],"obtain_stats":[{"Anchor":6,"NeowsBlessing":0,"ats:Originium":6,"ats:Sanity":0},{"Anchor":6,"NeowsBlessing":0,"ats:Originium":6,"ats:Sanity":0},{"Anchor":21,"NeowsBlessing":0,"ats:Originium":21,"ats:Sanity":0}]},"card_choices":[{"not_picked":["ats:Support Order","ats:Consecutive Shot Auto"],"picked":"ats:Apocalypse","floor":1},{"not_picked":["ats:Ignite","ats:Consecutive Shot Auto"],"picked":"ats:Poison Spread","floor":2},{"not_picked":["ats:Revitalization","ats:Consecutive Shot Auto"],"picked":"ats:Beaten Up","floor":3},{"not_picked":["ats:Rapid Magazine","ats:Directed Diagnosis"],"picked":"ats:Neurotoxin","floor":4},{"not_picked":["ats:Sword Rain","ats:Collapsing Strike"],"picked":"ats:Explosion Area Strengthen","floor":5},{"not_picked":["ats:Childhood Dance","ats:Ambush"],"picked":"ats:Assault Order","floor":6}],"player_experience":243032,"relics_obtained":[{"floor":6,"key":"ats:Originium"},{"floor":6,"key":"Anchor"}],"event_choices":[],"is_beta":false,"boss_relics":[],"items_purged_floors":[],"is_endless":false,"potions_floor_spawned":[1,4],"killed_by":"3 Sentries","ascension_level":0}}