{"host":"2qv44oxt58ptq59r","time":1610743704,"event":{"mods":["AchievementEnabler","BaseMod","Colored Powertips","Highlight Path","Minty Spire (QoL Compilation)","Permanent Neow","StSLib"],"gold_per_floor":[111,61,80,93,93,93,106,106,132,192,192,204,237,248,248,351,351,363,363,373,373,373,373,390,424,494,9,9,36,36,54,54,157,157,175,27,37,49,49,49,59,59,113,113,27,44,44,44,44,44,44],"floor_reached":50,"language":"ENG","playtime":6311,"items_purged":[],"score":530,"play_id":"6144eb8a-0e38-45e4-bfd3-fe9da4fb70ae","local_time":"20210115204824","is_ascension_mode":true,"campfire_choices":[{"data":"Blood for Blood","floor":6.0,"key":"SMITH"},{"data":"Bash","floor":8.0,"key":"SMITH"},{"data":"Intimidate","floor":11.0,"key":"SMITH"},{"floor":15.0,"key":"REST"},{"data":"Metallicize","floor":23.0,"key":"SMITH"},{"floor":30.0,"key":"RECALL"},{"floor":32.0,"key":"REST"},{"data":"Madness","floor":40.0,"key":"SMITH"},{"floor":44.0,"key":"REST"},{"data":"Madness","floor":47,"key":"SMITH"},{"data":"Dark Shackles","floor":49,"key":"SMITH"}],"circlet_count":0,"master_deck":["Bash+1","Twin Strike","Blood for Blood+1","Carnage","Intimidate+1","Rage","Impervious","Uppercut","Metallicize+1","Uppercut+1","Shockwave+1","Dropkick+1","Bludgeon+1","Body Slam+1","Reaper+1","Anger+1","Bludgeon+1","Intimidate","Whirlwind+1","Feel No Pain","Disarm","Havoc","Clash+1","Flame Barrier+1","Searing Blow+1","Pommel Strike+1","Madness+1","Madness+1","Feel No Pain+1","Dark Shackles+1","Shockwave+1"],"relics":["Burning Blood","Potion Belt","Boot","Kunai","SlaversCollar","MutagenicStrength","Molten Egg 2","Bottled Tornado","Pantograph","Sling","PreservedInsect","Gambling Chip","Pandora\u0027s Box","MealTicket"],"acts_visited":["Exordium","TheCity","TheBeyond"],"potions_floor_usage":[50,50],"damage_taken":[{"damage":5.0,"enemies":"Small Slimes","floor":1.0,"turns":5.0},{"damage":1.0,"enemies":"Jaw Worm","floor":3.0,"turns":3.0},{"damage":6.0,"enemies":"2 Louse","floor":4.0,"turns":3.0},{"damage":4.0,"enemies":"Large Slime","floor":7.0,"turns":5.0},{"damage":10.0,"enemies":"Lagavulin Event","floor":10.0,"turns":3.0},{"damage":12.0,"enemies":"Exordium Wildlife","floor":12.0,"turns":5.0},{"damage":29.0,"enemies":"3 Sentries","floor":13.0,"turns":8.0},{"damage":5.0,"enemies":"Lots of Slimes","floor":14.0,"turns":4.0},{"damage":58.0,"enemies":"Hexaghost","floor":16.0,"turns":13.0},{"damage":20.0,"enemies":"Spheric Guardian","floor":18.0,"turns":5.0},{"damage":7.0,"enemies":"3 Byrds","floor":20.0,"turns":6.0},{"damage":15.0,"enemies":"Cultist and Chosen","floor":24.0,"turns":8.0},{"damage":16.0,"enemies":"Slavers","floor":25.0,"turns":6.0},{"damage":0.0,"enemies":"Gremlin Leader","floor":29.0,"turns":5.0},{"damage":14.0,"enemies":"Shelled Parasite and Fungi","floor":31.0,"turns":3.0},{"damage":39.0,"enemies":"Automaton","floor":33.0,"turns":9.0},{"damage":25.0,"enemies":"3 Darklings","floor":35.0,"turns":6.0},{"damage":12.0,"enemies":"Orb Walker","floor":37.0,"turns":4.0},{"damage":19.0,"enemies":"4 Shapes","floor":38.0,"turns":7.0},{"damage":43.0,"enemies":"Transient","floor":41.0,"turns":5.0},{"damage":20,"enemies":"Sphere and 2 Shapes","floor":46,"turns":5},{"damage":94,"enemies":"Donu and Deca","floor":50,"turns":9}],"seed_played":"-4232381258301559732","potions_obtained":[{"floor":0.0,"key":"HeartOfIron"},{"floor":0.0,"key":"Swift Potion"},{"floor":0.0,"key":"DistilledChaos"},{"floor":3.0,"key":"BloodPotion"},{"floor":7.0,"key":"FearPotion"},{"floor":12.0,"key":"LiquidBronze"},{"floor":20.0,"key":"ElixirPotion"},{"floor":24.0,"key":"Block Potion"},{"floor":29.0,"key":"Energy Potion"},{"floor":35.0,"key":"Explosive Potion"},{"floor":41.0,"key":"Dexterity Potion"}],"is_trial":false,"path_per_floor":["M","?","M","M","$","R","M","R","T","?","R","M","E","M","R","B",null,"M","?","M","?","?","R","M","E","T","$","?","E","R","M","R","B",null,"M","$","M","M","?","R","M","?","T","R","$","M","R","$","R","B"],"character_chosen":"IRONCLAD","items_purchased":["Sling","PreservedInsect","Block Potion","Explosive Potion","DistilledChaos","MealTicket","Dark Shackles"],"campfire_rested":3,"item_purchase_floors":[27,27,27,27,27,36,45],"current_hp_per_floor":[80,80,80,80,80,80,80,80,80,76,76,70,47,48,72,20,80,66,66,65,65,65,65,56,46,46,46,46,52,52,44,68,47,80,68,68,62,64,54,54,33,33,33,57,72,58,58,73,73,0,0],"gold":44,"neow_bonus":"THREE_SMALL_POTIONS","is_daily":false,"chose_seed":false,"campfire_upgraded":7,"win_rate":0.0,"timestamp":1610743704,"path_taken":["M","?","M","M","$","R","M","R","T","?","R","M","E","M","R","BOSS","M","?","M","?","?","R","M","E","T","$","?","E","R","M","R","BOSS","M","$","M","M","?","R","M","?","T","R","$","M","R","$","R","BOSS"],"items_purchased_type":["Relic","Relic","Potion","Potion","Potion","Relic","Card"],"build_version":"2020-12-22","purchased_purges":0,"victory":false,"max_hp_per_floor":[80,80,80,80,80,80,80,80,80,80,80,80,80,80,80,80,80,80,80,80,80,80,80,80,80,80,80,80,80,80,80,80,80,80,80,80,80,80,80,80,80,80,80,80,80,80,80,80,80,80,80],"card_choices":[{"not_picked":["Perfected Strike","Headbutt"],"picked":"Twin Strike","floor":1.0},{"not_picked":["True Grit","Sword Boomerang"],"picked":"Blood for Blood","floor":3.0},{"not_picked":["Sever Soul","Shrug It Off"],"picked":"Carnage","floor":4.0},{"not_picked":["Carnage","Thunderclap","Dropkick"],"picked":"SKIP","floor":7.0},{"not_picked":["True Grit","Iron Wave"],"picked":"Intimidate","floor":10.0},{"not_picked":["Sentinel","Twin Strike","Bloodletting"],"picked":"SKIP","floor":12.0},{"not_picked":["Warcry","Flame Barrier"],"picked":"Rage","floor":13.0},{"not_picked":["Cleave","Thunderclap"],"picked":"Impervious","floor":14.0},{"not_picked":["Armaments","Rampage+1"],"picked":"Uppercut","floor":18.0},{"not_picked":["Clothesline","Anger"],"picked":"Metallicize","floor":20.0},{"not_picked":["Blood for Blood+1","Sentinel+1"],"picked":"Shockwave+1","floor":24.0},{"not_picked":["Corruption","Sword Boomerang+1"],"picked":"Dropkick+1","floor":25.0},{"not_picked":["Sword Boomerang+1","Intimidate"],"picked":"Bludgeon+1","floor":29.0},{"not_picked":["Evolve","Armaments"],"picked":"Body Slam+1","floor":31.0},{"not_picked":["Offering","Berserk"],"picked":"Reaper+1","floor":33.0},{"not_picked":["Cleave+1","Iron Wave+1"],"picked":"Flame Barrier+1","floor":35.0},{"not_picked":["Sword Boomerang+1","Bloodletting"],"picked":"Searing Blow+1","floor":37.0},{"not_picked":["Carnage+1","Feel No Pain"],"picked":"Pommel Strike+1","floor":38.0},{"not_picked":["Clothesline+1","Armaments"],"picked":"Feel No Pain+1","floor":41.0},{"not_picked":["Evolve","Flex"],"picked":"Shockwave+1","floor":46}],"player_experience":5360639,"relics_obtained":[{"floor":9.0,"key":"Potion Belt"},{"floor":10.0,"key":"Boot"},{"floor":13.0,"key":"Kunai"},{"floor":25.0,"key":"Bottled Tornado"},{"floor":26.0,"key":"Pantograph"},{"floor":29.0,"key":"Gambling Chip"}],"event_choices":[{"cards_removed":["Strike_R"],"damage_healed":0.0,"max_hp_gain":0.0,"max_hp_loss":0.0,"gold_gain":0.0,"event_name":"The Cleric","player_choice":"Card Removal","floor":2.0,"gold_loss":50.0,"damage_taken":0.0},{"damage_healed":0.0,"max_hp_gain":0.0,"max_hp_loss":0.0,"gold_gain":30.0,"event_name":"Dead Adventurer","player_choice":"Searched \u00272\u0027 times","floor":10.0,"gold_loss":0.0,"damage_taken":0.0},{"damage_healed":0.0,"max_hp_gain":0.0,"max_hp_loss":0.0,"gold_gain":0.0,"event_name":"Drug Dealer","player_choice":"Inject Mutagens","floor":19.0,"gold_loss":0.0,"damage_taken":0.0,"relics_obtained":["MutagenicStrength"]},{"damage_healed":0.0,"max_hp_gain":0.0,"max_hp_loss":0.0,"gold_gain":0.0,"event_name":"The Mausoleum","player_choice":"Opened","floor":21.0,"gold_loss":0.0,"damage_taken":0.0,"relics_obtained":["Molten Egg 2"]},{"damage_healed":0.0,"max_hp_gain":0.0,"max_hp_loss":0.0,"gold_gain":0.0,"event_name":"The Library","player_choice":"Read","floor":22.0,"gold_loss":0.0,"damage_taken":0.0,"cards_obtained":["Uppercut"]},{"damage_healed":0.0,"max_hp_gain":0.0,"max_hp_loss":0.0,"gold_gain":0.0,"event_name":"Cursed Tome","player_choice":"Ignored","floor":28.0,"gold_loss":0.0,"damage_taken":0.0},{"damage_healed":0.0,"max_hp_gain":0.0,"max_hp_loss":0.0,"gold_gain":0.0,"event_name":"Winding Halls","player_choice":"Embrace Madness","floor":39.0,"gold_loss":0.0,"damage_taken":10.0,"cards_obtained":["Madness","Madness"]},{"damage_healed":0.0,"max_hp_gain":0.0,"max_hp_loss":0.0,"gold_gain":0.0,"event_name":"Mysterious Sphere","player_choice":"Ignored","floor":42.0,"gold_loss":0.0,"damage_taken":0.0}],"is_beta":false,"boss_relics":[{"not_picked":["Fusion Hammer","Black Blood"],"picked":"SlaversCollar"},{"not_picked":["Sozu","Cursed Key"],"picked":"Pandora\u0027s Box"}],"items_purged_floors":[],"is_endless":false,"potions_floor_spawned":[3,7,12,20,24,29,35,41],"killed_by":"Donu and Deca","ascension_level":1}}