{"host":"3rixevx6n8b56xaj","time":1610723382,"event":{"mods":["2.2 Compatiblity","AchievementEnabler","Arknights The Spire","BaseMod","Colored Map","DeckTracker","Friendly Minions","Minty Spire (QoL Compilation)","Poor People Problems","StSLib","SuperFastMode"],"gold_per_floor":[115,40,40,40,40,78,78,98,122,122,135,153,153,179,179,303,303,326,344,344,65,105,165,165,215,215,255,255,36,76,76,76,222,222,263,263,66,66,137,181,241,241,267,308,348,397,397,496,496,526,526,526,1,34,34],"floor_reached":56,"language":"KOR","playtime":2095,"items_purged":["Defend_P","Defend_P","Strike_P","Writhe","LessonLearned"],"score":1452,"play_id":"140e376a-05e6-49ff-9c81-d8074dab1d76","local_time":"20210116000942","is_ascension_mode":false,"campfire_choices":[{"data":"Eruption","floor":7.0,"key":"SMITH"},{"data":"EmptyFist","floor":13.0,"key":"SMITH"},{"data":"Vigilance","floor":15.0,"key":"SMITH"},{"data":"1","floor":24,"key":"LIFT"},{"data":"2","floor":32,"key":"LIFT"},{"data":"3","floor":42,"key":"LIFT"},{"floor":47,"key":"RECALL"},{"floor":49,"key":"REST"},{"floor":52,"key":"REST"}],"circlet_count":0,"master_deck":["Strike_P+1","Defend_P+1","Defend_P+1","Eruption+1","Vigilance+1","FearNoEvil+1","FollowUp+1","EmptyFist+1","InnerPeace+1","Wish+1","Halt+1","EmptyBody+1","MentalFortress+1","CutThroughFate+1","Vault+1","Flash of Steel+1","TalkToTheHand+1","Omniscience+1","FlurryOfBlows+1","Wallop+1","Adaptation+1","Pray+1","ClearTheMind"],"relics":["PureWater","NeowsBlessing","Golden Idol","TungstenRod","Shuriken","Bronze Scales","Fusion Hammer","Oddly Smooth Stone","Girya","Du-Vu Doll","Regal Pillow","VioletLotus","Whetstone","Art of War","Letter Opener","Turnip","Strawberry"],"acts_visited":["Exordium","TheCity","TheBeyond","TheEnding"],"potions_floor_usage":[27,33,41,48,55,55,55,55],"damage_taken":[{"damage":0.0,"enemies":"Small Slimes","floor":1.0,"turns":2.0},{"damage":0.0,"enemies":"Lagavulin","floor":6.0,"turns":1.0},{"damage":0.0,"enemies":"Jaw Worm","floor":8.0,"turns":1.0},{"damage":0.0,"enemies":"2 Louse","floor":11.0,"turns":2.0},{"damage":7.0,"enemies":"Red Slaver","floor":12.0,"turns":2.0},{"damage":17.0,"enemies":"Slime Boss","floor":16.0,"turns":7.0},{"damage":0.0,"enemies":"3 Byrds","floor":18.0,"turns":2.0},{"damage":5.0,"enemies":"Shell Parasite","floor":19.0,"turns":3.0},{"damage":13.0,"enemies":"Snecko","floor":22.0,"turns":7.0},{"damage":20.0,"enemies":"Slavers","floor":23.0,"turns":6.0},{"damage":13,"enemies":"Centurion and Healer","floor":25,"turns":6},{"damage":0,"enemies":"3 Cultists","floor":27,"turns":4},{"damage":6,"enemies":"Snake Plant","floor":30,"turns":3},{"damage":13,"enemies":"Collector","floor":33,"turns":11},{"damage":10,"enemies":"Orb Walker","floor":35,"turns":4},{"damage":0,"enemies":"3 Shapes","floor":39,"turns":5},{"damage":0,"enemies":"Transient","floor":40,"turns":6},{"damage":11,"enemies":"Reptomancer","floor":41,"turns":7},{"damage":26,"enemies":"Sphere and 2 Shapes","floor":44,"turns":3},{"damage":0,"enemies":"3 Darklings","floor":45,"turns":6},{"damage":0,"enemies":"4 Shapes","floor":46,"turns":4},{"damage":24,"enemies":"Nemesis","floor":48,"turns":9},{"damage":0,"enemies":"Awakened One","floor":50,"turns":8},{"damage":0,"enemies":"Shield and Spear","floor":54,"turns":5},{"damage":76,"enemies":"The Heart","floor":55,"turns":7}],"seed_played":"5355468384035486470","potions_obtained":[{"floor":1.0,"key":"Fruit Juice"},{"floor":11.0,"key":"Ambrosia"},{"floor":12.0,"key":"Energy Potion"},{"floor":16.0,"key":"SkillPotion"},{"floor":25,"key":"EntropicBrew"},{"floor":30,"key":"Weak Potion"},{"floor":33,"key":"FearPotion"},{"floor":41,"key":"FearPotion"},{"floor":45,"key":"PowerPotion"},{"floor":48,"key":"Swift Potion"}],"is_trial":false,"path_per_floor":["M","$","?","?","?","E","R","M","T","?","M","M","R","T","R","B",null,"M","M","?","$","M","E","R","M","T","M","?","$","M","?","R","B",null,"M","?","$","?","M","M","E","R","T","M","M","M","R","E","R","B",null,"R","$","E","B",null],"character_chosen":"WATCHER","items_purchased":["Oddly Smooth Stone","EmptyBody","Flash of Steel","FlurryOfBlows","Turnip","ClearTheMind"],"campfire_rested":2,"item_purchase_floors":[21,21,29,37,53,53],"current_hp_per_floor":[72,72,72,77,58,58,58,58,58,58,58,51,51,51,51,39,82,82,77,77,77,64,44,44,31,31,31,82,82,76,76,76,63,82,72,72,72,72,72,72,61,61,61,35,35,35,35,11,50,50,82,82,82,89,13],"gold":34,"neow_bonus":"THREE_ENEMY_KILL","is_daily":false,"chose_seed":false,"campfire_upgraded":3,"win_rate":0.0,"timestamp":1610723382,"path_taken":["M","$","?","?","?","E","R","M","T","?","M","?","R","?","R","BOSS","M","M","?","$","M","E","R","M","T","M","?","$","?","?","R","BOSS","M","?","$","?","M","M","E","R","T","M","?","?","R","E","R","BOSS","R","$","E","BOSS"],"items_purchased_type":["Relic","Card","Card","Card","Relic","Card"],"build_version":"2020-12-22","purchased_purges":5,"victory":true,"max_hp_per_floor":[72,72,72,77,77,77,77,77,77,77,77,77,77,77,77,82,82,82,82,82,82,82,82,82,82,82,82,82,82,82,82,82,82,82,82,82,82,82,82,82,82,82,82,82,82,82,82,82,82,82,82,82,82,89,89],"card_choices":[{"not_picked":["DeceiveReality","ForeignInfluence","FlyingSleeves"],"picked":"SKIP","floor":1.0},{"not_picked":["CrushJoints","Fasting2"],"picked":"FearNoEvil","floor":6.0},{"not_picked":["BattleHymn","Conclude","ReachHeaven"],"picked":"SKIP","floor":8.0},{"not_picked":["Wireheading","SashWhip"],"picked":"FollowUp","floor":11.0},{"not_picked":["ClearTheMind","JustLucky"],"picked":"EmptyFist","floor":12.0},{"not_picked":["DeusExMachina","Alpha"],"picked":"LessonLearned","floor":16.0},{"not_picked":["DeceiveReality","BowlingBash"],"picked":"InnerPeace+1","floor":18.0},{"not_picked":["PathToVictory","JustLucky"],"picked":"Wish","floor":19.0},{"not_picked":["ClearTheMind","EmptyBody","FollowUp+1"],"picked":"SKIP","floor":22.0},{"not_picked":["Study","SpiritShield"],"picked":"MentalFortress","floor":23.0},{"not_picked":["Protect+1","ClearTheMind"],"picked":"CutThroughFate+1","floor":25},{"not_picked":["BowlingBash","EmptyBody"],"picked":"Vault","floor":27},{"not_picked":["ClearTheMind","BattleHymn"],"picked":"TalkToTheHand","floor":30},{"not_picked":["Judgement","ConjureBlade"],"picked":"Omniscience","floor":33},{"not_picked":["Prostrate","EmptyFist","SashWhip+1"],"picked":"SKIP","floor":35},{"not_picked":["BowlingBash+1","Perseverance+1"],"picked":"Wallop+1","floor":39},{"not_picked":["SashWhip","ClearTheMind","JustLucky"],"picked":"SKIP","floor":40},{"not_picked":["SandsOfTime+1","Vault","SashWhip+1"],"picked":"SKIP","floor":41},{"not_picked":["EmptyBody+1","Sanctity","FollowUp+1"],"picked":"SKIP","floor":44},{"not_picked":["FlurryOfBlows+1","FollowUp+1"],"picked":"Adaptation+1","floor":45},{"not_picked":["FlurryOfBlows","Conclude","Protect"],"picked":"SKIP","floor":46},{"not_picked":["Adaptation","ThirdEye+1"],"picked":"Pray+1","floor":48},{"not_picked":["ReachHeaven+1","WindmillStrike","Alpha"],"picked":"SKIP","floor":54}],"player_experience":615288,"relics_obtained":[{"floor":6.0,"key":"TungstenRod"},{"floor":10.0,"key":"Shuriken"},{"floor":14.0,"key":"Bronze Scales"},{"floor":23.0,"key":"Girya"},{"floor":26,"key":"Du-Vu Doll"},{"floor":41,"key":"Whetstone"},{"floor":43,"key":"Art of War"},{"floor":48,"key":"Letter Opener"},{"floor":54,"key":"Strawberry"}],"event_choices":[{"damage_healed":0.0,"max_hp_gain":0.0,"max_hp_loss":0.0,"gold_gain":0.0,"event_name":"The Cleric","player_choice":"Leave","floor":3.0,"gold_loss":0.0,"damage_taken":0.0},{"damage_healed":0.0,"max_hp_gain":5.0,"max_hp_loss":0.0,"gold_gain":0.0,"event_name":"Big Fish","player_choice":"Donut","floor":4.0,"gold_loss":0.0,"damage_taken":0.0},{"damage_healed":0.0,"max_hp_gain":0.0,"max_hp_loss":0.0,"gold_gain":0.0,"event_name":"Golden Idol","player_choice":"Take Damage","floor":5.0,"gold_loss":0.0,"damage_taken":19.0,"relics_obtained":["Golden Idol"]},{"damage_healed":0.0,"max_hp_gain":0.0,"max_hp_loss":0.0,"gold_gain":0.0,"event_name":"Wheel of Change","player_choice":"Relic","floor":10.0,"gold_loss":0.0,"damage_taken":0.0},{"damage_healed":0.0,"max_hp_gain":0.0,"max_hp_loss":0.0,"gold_gain":0.0,"cards_transformed":["Strike_P","Strike_P"],"event_name":"Drug Dealer","player_choice":"Became Test Subject","floor":20.0,"gold_loss":0.0,"damage_taken":0.0,"cards_obtained":["Halt","LikeWater"]},{"cards_removed":["LikeWater"],"damage_healed":51,"gold_gain":0,"player_choice":"Offered Uncommon","damage_taken":0,"max_hp_gain":0,"max_hp_loss":0,"event_name":"Bonfire Elementals","floor":28,"gold_loss":0},{"damage_healed":0,"gold_gain":0,"player_choice":"Opened","damage_taken":0,"relics_obtained":["Regal Pillow"],"max_hp_gain":0,"max_hp_loss":0,"event_name":"The Mausoleum","floor":31,"gold_loss":0,"cards_obtained":["Writhe"]},{"damage_healed":0,"gold_gain":0,"player_choice":"Ignored","damage_taken":0,"max_hp_gain":0,"max_hp_loss":0,"event_name":"Tomb of Lord Red Mask","floor":36,"gold_loss":0},{"damage_healed":0,"gold_gain":0,"player_choice":"Ignored","damage_taken":0,"max_hp_gain":0,"max_hp_loss":0,"event_name":"NoteForYourself","floor":38,"gold_loss":0}],"is_beta":false,"boss_relics":[{"not_picked":["Cursed Key","HolyWater"],"picked":"Fusion Hammer"},{"not_picked":["Coffee Dripper","Philosopher\u0027s Stone"],"picked":"VioletLotus"}],"items_purged_floors":[2,21,29,37,53],"is_endless":false,"potions_floor_spawned":[1,11,12,16,19,25,30,33,39,41,45,46,48],"ascension_level":0}}