{"host":"e4wnmsyty9uvvtwf","time":1610724604,"event":{"mods":["Act Like it!","BaseMod","Colored Map","Colored Powertips","Gensokyo","Koishi","Minty Spire (QoL Compilation)","Rare Cards Sparkle","StSLib"],"gold_per_floor":[118,218,237,237,252,252,285,285,285,285,146,159,183,217,217,717,717],"floor_reached":16,"language":"ZHS","playtime":534,"items_purged":[],"score":159,"play_id":"b01b926f-3b00-48ad-988c-280ed0f4afa4","local_time":"20210115233004","is_ascension_mode":true,"campfire_choices":[{"data":"Koishi:Provoke","floor":6,"key":"SMITH"},{"data":"Koishi:HeartAttack","floor":8,"key":"SMITH"},{"data":"Koishi:StingingMind","floor":15,"key":"SMITH"}],"circlet_count":0,"master_deck":["Koishi:BasicStrike","Koishi:BasicStrike","Koishi:BasicStrike","Koishi:BasicStrike","Koishi:BasicDefend","Koishi:BasicDefend","Koishi:BasicDefend","Koishi:BasicDefend","Koishi:Provoke+1","Koishi:HauntingSlash+1","Koishi:TremblingHands","Koishi:StingingMind+1","Koishi:HeartAttack+1","Clumsy","Gensokyo:DepletedGenerator","Gensokyo:Shovel","Koishi:Untouchable"],"relics":["Koishi:ImaginaryFriend","Unceasing Top","Pear","Gensokyo:NagashiBinaDoll","CeramicFish","Bag of Preparation"],"acts_visited":["Exordium"],"potions_floor_usage":[1,14,14],"damage_taken":[{"damage":0,"enemies":"Gensokyo:3_Fairies","floor":1,"turns":5},{"damage":3,"enemies":"Gensokyo:Gryphon","floor":3,"turns":4},{"damage":9,"enemies":"Gensokyo:2_Kodama","floor":5,"turns":3},{"damage":19,"enemies":"Gensokyo:Mamizou","floor":7,"turns":10},{"damage":0,"enemies":"Gensokyo:LivingMonolith","floor":12,"turns":3},{"damage":68,"enemies":"Gensokyo:Cirno","floor":14,"turns":11},{"damage":17,"enemies":"Gensokyo:Kokoro","floor":16,"turns":5}],"seed_played":"-9174000813979961596","potions_obtained":[{"floor":1,"key":"Fruit Juice"},{"floor":3,"key":"DistilledChaos"},{"floor":12,"key":"Swift Potion"},{"floor":14,"key":"AttackPotion"}],"is_trial":false,"path_per_floor":["M","?","M","?","M","R","E","R","T","?","COS","M","T","E","R","B"],"character_chosen":"KOISHI","items_purchased":[],"campfire_rested":0,"item_purchase_floors":[],"current_hp_per_floor":[66,66,64,64,61,61,60,60,70,70,70,74,74,16,16,0,0],"gold":717,"neow_bonus":"TEN_PERCENT_HP_BONUS","is_daily":false,"chose_seed":false,"campfire_upgraded":3,"win_rate":0.0,"timestamp":1610724604,"path_taken":["M","?","M","?","M","R","E","R","T","?","COS","M","?","E","R","BOSS"],"items_purchased_type":[],"build_version":"2020-12-22","purchased_purges":0,"victory":false,"max_hp_per_floor":[71,71,71,71,71,71,71,71,81,81,81,81,81,81,81,81,81],"card_choices":[{"not_picked":["Koishi:HeartfeltFancy","Koishi:DreadfulBlow"],"picked":"Koishi:TremblingHands","floor":1},{"not_picked":["Koishi:SubterraneanRose","Koishi:Bloodlust"],"picked":"Koishi:StingingMind","floor":3},{"not_picked":["Koishi:StingingMind","Koishi:Vanish","Koishi:UnansweredLove"],"picked":"SKIP","floor":5},{"not_picked":["Koishi:Jaunt","Koishi:HeartfeltFancy"],"picked":"Koishi:HeartAttack","floor":7},{"not_picked":["Koishi:ReleaseOfTheId","Koishi:Jaunt","Koishi:PhantomStrike"],"picked":"SKIP","floor":12},{"not_picked":["Koishi:EmbryosDream","Koishi:FormlessExistence"],"picked":"Koishi:Untouchable","floor":14}],"player_experience":535707,"relics_obtained":[{"floor":7,"key":"Unceasing Top"},{"floor":9,"key":"Pear"},{"floor":13,"key":"CeramicFish"},{"floor":14,"key":"Bag of Preparation"}],"event_choices":[],"is_beta":false,"boss_relics":[],"items_purged_floors":[],"is_endless":false,"potions_floor_spawned":[1,3,12,14],"killed_by":"Gensokyo:Kokoro","ascension_level":6}}