{"host":"oeotdbd679q6m6vu","time":1610693577,"event":{"mods":["Act Like it!","BaseMod","Colored Map","Decade(Õı–°√˜)","Downfall","Friendly Minions","Gensokyo","GifTheSpireLib","Highlight Path","Marisa£®ÏF”Í°°ƒß¿Ì…≥£©","Minty Spire (QoL Compilation)","Rare Cards Sparkle","Reimu£®≤©¿ˆ¡È√Œ£©","StSLib","The Animator","Youmu£®ªÍ∆«—˝√Œ£©"],"gold_per_floor":[99,113,113,213,225,225,225,225],"floor_reached":6,"language":"ZHS","playtime":993,"items_purged":[],"score":59,"play_id":"5f40c39a-0dab-4a09-a694-d64e590ba9bd","local_time":"20210115015257","is_ascension_mode":false,"campfire_choices":[{"data":"Guardian:TwinSlam","floor":1,"key":"SMITH"}],"circlet_count":0,"master_deck":["Guardian:Strike_Guardian","Guardian:Strike_Guardian","Guardian:Strike_Guardian","Guardian:Strike_Guardian","Guardian:Defend_Guardian","Guardian:Defend_Guardian","Guardian:Defend_Guardian","Guardian:Defend_Guardian","Guardian:CurlUp","Guardian:TwinSlam+1","Guardian:Gem_Fragmented","Guardian:Gem_Red","Guardian:Gem_Lightblue","Guardian:Gem_Purple","Guardian:Gem_Lightblue","Guardian:Gem_Lightblue","Guardian:Gem_Orange","Guardian:Gem_Red","Guardian:Gem_Blue","Guardian:Gem_Red","Guardian:Gem_Crimson","Guardian:Gem_Cyan","Guardian:Gem_Red","Guardian:Gem_Cyan","Guardian:Gem_Red","Guardian:WalkerClaw"],"relics":["Guardian:ModeShifter","Guardian:PickAxe"],"acts_visited":["Exordium"],"potions_floor_usage":[3],"damage_taken":[{"damage":4,"enemies":"Jaw Worm","floor":2,"turns":4},{"damage":12,"enemies":"Jaw Worm","floor":3,"turns":3},{"damage":4,"enemies":"Small Slimes","floor":5,"turns":5},{"damage":4,"enemies":"3 Sentries","floor":6,"turns":1}],"seed_played":"-2531574577478799215","potions_obtained":[{"floor":2,"key":"champ:CounterPotion"}],"is_trial":false,"path_per_floor":["R","M","?","?","M","E"],"character_chosen":"GUARDIAN","items_purchased":[],"campfire_rested":0,"item_purchase_floors":[],"current_hp_per_floor":[88,84,6,6,2,0,0,0],"gold":225,"neow_bonus":"TEN_PERCENT_HP_BONUS","is_daily":false,"chose_seed":false,"campfire_upgraded":1,"win_rate":0.0,"timestamp":1610693577,"path_taken":["R","M","?","?","M","E"],"items_purchased_type":[],"build_version":"2020-12-22","purchased_purges":0,"victory":false,"max_hp_per_floor":[88,88,88,88,88,88,88,88],"card_choices":[{"not_picked":["Guardian:CrystalBeam","Guardian:Planning"],"picked":"Guardian:Gem_Fragmented","floor":2},{"not_picked":["Guardian:FloatingOrbs","Guardian:SentryBeam"],"picked":"Guardian:WalkerClaw","floor":5}],"player_experience":309457,"relics_obtained":[],"event_choices":[],"is_beta":false,"boss_relics":[],"items_purged_floors":[],"is_endless":false,"potions_floor_spawned":[2],"killed_by":"3 Sentries","ascension_level":0}}