{"host":"mbj2cbgnaexp1bjw","time":1610692459,"event":{"mods":["BaseMod","BetterRewards","DNKmod","Dota2Spire","Friendly Minions","Grow up Mod","Highlight Path","Minty Spire (QoL Compilation)","Remove Card Discount Mod","Spicy Shops","StSLib","The Cursed"],"gold_per_floor":[1017,1031,1106,1121,1121,1155,1155,1189,1243,1260,1273,1283,1311,1322,1322,1426,1426,1436,678,678,678,678,706,722,749,825,825,868,882,945,1105,1105,1240,1240,1257,548,590,73,73,73,103,161,233,0,0,28,104,136,136,166],"floor_reached":51,"language":"ZHS","playtime":4166,"items_purged":["Regret","TheCursedMod:Strike_TheCursed","TheCursedMod:Strike_TheCursed","TheCursedMod:Strike_TheCursed","TheCursedMod:Strike_TheCursed","TheCursedMod:Defend_TheCursed","TheCursedMod:Defend_TheCursed","TheCursedMod:Defend_TheCursed","TheCursedMod:Defend_TheCursed","Parasite","TheCursedMod:CursedMace","TheCursedMod:WearCloak"],"score":1526,"play_id":"7aa9a6c4-b32d-40b5-9ac1-2d4e42806335","local_time":"20210115143419","is_ascension_mode":true,"campfire_choices":[{"floor":15.0,"key":"RECALL"},{"data":"TheCursedMod:ManaCirculation","floor":32,"key":"SMITH"},{"data":"Enlightenment","floor":40,"key":"SMITH"},{"data":"TheCursedMod:VoidForm","floor":49,"key":"SMITH"}],"circlet_count":0,"master_deck":["TheCursedMod:CursedWand","TheCursedMod:CleanUpWorkshop+1","TheCursedMod:Dregs","TheCursedMod:Wield","TheCursedMod:CursedBlade","TheCursedMod:WearCloak+1","TheCursedMod:ManaCirculation+1","TheCursedMod:Obscuration","TheCursedMod:SmokeScreen+1","TheCursedMod:RapidMovement","TheCursedMod:VoidForm+1","CurseOfTheBell","TheCursedMod:ManaCirculation","Shame","TheCursedMod:LuckyCharm+1","TheCursedMod:CursedSpellbook","TheCursedMod:SoulCrush","Apotheosis","TheCursedMod:RapidMovement","Enlightenment+1","Decay","TheCursedMod:SpitefulPray","Writhe","TheCursedMod:AshesToAshes+1","TheCursedMod:ManaBullet+1","TheCursedMod:CursedSpellbook+1"],"relics":["TheCursedMod:BlackMagic101","NeowsBlessing","Dota2Spire:LinkenSphere","Dota2Spire:PowerTreads","Dota2Spire:DrumOfEndurance","Lantern","Dota2Spire:ShadowBlade","Calling Bell","Toy Ornithopter","Darkstone Periapt","Unceasing Top","Juzu Bracelet","Lee\u0027s Waffle","Bottled Lightning","Frozen Eye","Dota2Spire:EchoSabre","War Paint","Potion Belt","Dota2Spire:HandOfMidas","InkBottle","CultistMask","Mercury Hourglass","Thread and Needle","Sundial","Dota2Spire:RefresherOrb","Bottled Tornado","Ancient Tea Set","TheAbacus","Ornamental Fan","WingedGreaves","Girya","Meat on the Bone","Mummified Hand","Red Mask","Dota2Spire:AssaultCuirass","Lizard Tail","FossilizedHelix"],"acts_visited":["Exordium","TheCity","TheBeyond"],"potions_floor_usage":[31,31],"damage_taken":[{"damage":0.0,"enemies":"Small Slimes","floor":1.0,"turns":1.0},{"damage":0.0,"enemies":"Cultist","floor":2.0,"turns":1.0},{"damage":0.0,"enemies":"Jaw Worm","floor":4.0,"turns":1.0},{"damage":7.0,"enemies":"Gremlin Nob","floor":6.0,"turns":3.0},{"damage":8.0,"enemies":"3 Sentries","floor":8.0,"turns":4.0},{"damage":0.0,"enemies":"Looter","floor":10.0,"turns":2.0},{"damage":0.0,"enemies":"2 Fungi Beasts","floor":11.0,"turns":2.0},{"damage":0.0,"enemies":"Gremlin Gang","floor":12.0,"turns":2.0},{"damage":25.0,"enemies":"Lagavulin","floor":13.0,"turns":6.0},{"damage":6.0,"enemies":"Large Slime","floor":14.0,"turns":4.0},{"damage":50.0,"enemies":"Hexaghost","floor":16.0,"turns":8.0},{"damage":6.0,"enemies":"Spheric Guardian","floor":18.0,"turns":4.0},{"damage":40,"enemies":"Gremlin Leader","floor":23,"turns":5},{"damage":5,"enemies":"Chosen","floor":24,"turns":4},{"damage":6,"enemies":"Book of Stabbing","floor":25,"turns":6},{"damage":1,"enemies":"Snecko","floor":28,"turns":4},{"damage":9,"enemies":"Shelled Parasite and Fungi","floor":29,"turns":3},{"damage":26,"enemies":"Slavers","floor":30,"turns":6},{"damage":0,"enemies":"Colosseum Slavers","floor":31,"turns":7},{"damage":11,"enemies":"Colosseum Nobs","floor":31,"turns":5},{"damage":0,"enemies":"Automaton","floor":33,"turns":7},{"damage":35,"enemies":"3 Darklings","floor":35,"turns":3},{"damage":1,"enemies":"3 Shapes","floor":37,"turns":2},{"damage":0,"enemies":"Giant Head","floor":41,"turns":3},{"damage":60,"enemies":"Reptomancer","floor":42,"turns":5},{"damage":0,"enemies":"Giant Head","floor":46,"turns":3},{"damage":0,"enemies":"2 Orb Walkers","floor":47,"turns":3},{"damage":0,"enemies":"Reptomancer","floor":48,"turns":3},{"damage":0,"enemies":"Donu and Deca","floor":50,"turns":2}],"seed_played":"1359933788254615924","potions_obtained":[{"floor":2.0,"key":"DistilledChaos"},{"floor":6.0,"key":"SpeedPotion"},{"floor":12.0,"key":"FairyPotion"},{"floor":13.0,"key":"LiquidBronze"},{"floor":16.0,"key":"Strength Potion"},{"floor":18.0,"key":"Dexterity Potion"},{"floor":23,"key":"CultistPotion"},{"floor":30,"key":"Dota2Spire:HealingSalve"},{"floor":33,"key":"Ancient Potion"},{"floor":37,"key":"Weak Potion"}],"is_trial":false,"path_per_floor":["M","M","?","M","?","E","?","E","T","M","M","M","E","M","R","B",null,"M","$","?","?","?","E","M","E","T","?","M","M","E","?","R","B",null,"M","$","M","$","?","R","E","E","T","?","?","E","?","E","R","B",null],"character_chosen":"THE_CURSED","items_purchased":["Juzu Bracelet","TheCursedMod:ManaCirculation","Lee\u0027s Waffle","Bottled Lightning","Frozen Eye","Apotheosis","TheCursedMod:RapidMovement","Bottled Tornado","Enlightenment","Ancient Tea Set","TheAbacus","Ornamental Fan","WingedGreaves","TheCursedMod:SpitefulPray"],"campfire_rested":0,"item_purchase_floors":[19,19,19,19,19,36,36,36,36,36,36,38,38,38],"current_hp_per_floor":[120,130,129,139,149,152,162,164,174,184,194,204,189,193,203,163,253,257,310,320,336,346,316,321,325,335,345,354,355,339,366,376,386,449,424,440,449,459,528,538,548,498,508,518,528,538,548,558,568,578],"gold":166,"neow_bonus":"THREE_ENEMY_KILL","is_daily":false,"chose_seed":false,"campfire_upgraded":3,"win_rate":0.0,"timestamp":1610692459,"path_taken":["M","M","?","M","?","E","?","E","T","?","M","M","E","M","R","BOSS","M","$","?","?","?","E","M","E","T","?","M","M","E","?","R","BOSS","M","$","M","$","?","R","E","E","T","?","?","E","?","E","R","BOSS"],"items_purchased_type":["Relic","Card","Relic","Relic","Relic","Card","Card","Relic","Card","Relic","Relic","Relic","Relic","Card"],"build_version":"2020-12-22","purchased_purges":12,"victory":true,"max_hp_per_floor":[120,130,140,150,160,170,180,190,200,210,220,230,240,250,260,270,280,290,310,320,336,346,356,366,376,386,396,406,416,426,436,446,456,466,476,492,502,512,528,538,548,558,568,578,588,598,608,618,628,638],"card_choices":[{"not_picked":["TheCursedMod:Obscuration","TheCursedMod:CursedSpellbook"],"picked":"TheCursedMod:Wield","floor":1.0},{"not_picked":["TheCursedMod:Torture","TheCursedMod:HellsGateOpen"],"picked":"TheCursedMod:CursedMace","floor":2.0},{"not_picked":["TheCursedMod:CursedMace","TheCursedMod:Torture"],"picked":"TheCursedMod:CursedBlade","floor":4.0},{"not_picked":["TheCursedMod:CursedShiv","TheCursedMod:Stretching"],"picked":"TheCursedMod:WearCloak","floor":6.0},{"not_picked":["TheCursedMod:ReleasedStrength","TheCursedMod:Stigma"],"picked":"TheCursedMod:ManaCirculation","floor":8.0},{"not_picked":["TheCursedMod:TacticalStrike","TheCursedMod:EmpowerCircles"],"picked":"TheCursedMod:Obscuration","floor":10.0},{"not_picked":["TheCursedMod:Stretching","TheCursedMod:SpitefulStrike"],"picked":"TheCursedMod:SmokeScreen","floor":11.0},{"not_picked":["TheCursedMod:SpitefulStrike","TheCursedMod:Mangle","TheCursedMod:RavingStaff"],"picked":"SKIP","floor":12.0},{"not_picked":["TheCursedMod:CursedAmulet","TheCursedMod:SoulCrush"],"picked":"TheCursedMod:RapidMovement","floor":13.0},{"not_picked":["TheCursedMod:StingEye","TheCursedMod:AshesToAshes","TheCursedMod:Stigma"],"picked":"SKIP","floor":14.0},{"not_picked":["TheCursedMod:ManaCirculation","TheCursedMod:NeowsMight"],"picked":"TheCursedMod:VoidForm","floor":16.0},{"not_picked":["TheCursedMod:Stigma","TheCursedMod:Torture","TheCursedMod:ManaBullet"],"picked":"SKIP","floor":18.0},{"not_picked":["TheCursedMod:ShockAndAwe","TheCursedMod:StingEye"],"picked":"TheCursedMod:LuckyCharm+1","floor":23},{"not_picked":["TheCursedMod:CursedShiv","TheCursedMod:Wield","TheCursedMod:HellsGateOpen+1"],"picked":"SKIP","floor":24},{"not_picked":["TheCursedMod:TacticalStrike+1","TheCursedMod:SurpriseAttack"],"picked":"TheCursedMod:CursedSpellbook","floor":25},{"not_picked":["TheCursedMod:CircleOfFlame","TheCursedMod:FleshFromBone"],"picked":"TheCursedMod:WearCloak","floor":28},{"not_picked":["TheCursedMod:Hemoplague","TheCursedMod:CircleOfAbyss","TheCursedMod:FleshFromBone+1"],"picked":"SKIP","floor":29},{"not_picked":["TheCursedMod:WearCloak","TheCursedMod:CursedBlade+1"],"picked":"TheCursedMod:SoulCrush","floor":30},{"not_picked":["TheCursedMod:ReleasedStrength","TheCursedMod:CircleOfBlood","TheCursedMod:CursedBlade"],"picked":"SKIP","floor":35},{"not_picked":["TheCursedMod:SoulCrush","TheCursedMod:VitalStrike","TheCursedMod:Torture"],"picked":"SKIP","floor":37},{"not_picked":["TheCursedMod:SurpriseAttack","TheCursedMod:CircleOfFocus"],"picked":"TheCursedMod:AshesToAshes+1","floor":41},{"not_picked":["TheCursedMod:LuckyCharm","TheCursedMod:CursedShiv"],"picked":"TheCursedMod:ManaBullet+1","floor":42},{"not_picked":["TheCursedMod:CursedBlade+1","TheCursedMod:FleshFromBone+1"],"picked":"TheCursedMod:CursedSpellbook+1","floor":46},{"not_picked":["TheCursedMod:SmokeScreen+1","TheCursedMod:DoubleShield+1","TheCursedMod:Stretching"],"picked":"SKIP","floor":48}],"player_experience":89268,"relics_obtained":[{"floor":6.0,"key":"Dota2Spire:PowerTreads"},{"floor":8.0,"key":"Dota2Spire:DrumOfEndurance"},{"floor":9.0,"key":"Lantern"},{"floor":13.0,"key":"Dota2Spire:ShadowBlade"},{"floor":17.0,"key":"Toy Ornithopter"},{"floor":17.0,"key":"Darkstone Periapt"},{"floor":17.0,"key":"Unceasing Top"},{"floor":23,"key":"Potion Belt"},{"floor":25,"key":"Dota2Spire:HandOfMidas"},{"floor":26,"key":"InkBottle"},{"floor":30,"key":"Mercury Hourglass"},{"floor":31,"key":"Thread and Needle"},{"floor":31,"key":"Sundial"},{"floor":41,"key":"Girya"},{"floor":42,"key":"Meat on the Bone"},{"floor":43,"key":"Mummified Hand"},{"floor":46,"key":"Dota2Spire:AssaultCuirass"},{"floor":47,"key":"Lizard Tail"},{"floor":48,"key":"FossilizedHelix"}],"event_choices":[{"damage_healed":0.0,"max_hp_gain":0.0,"max_hp_loss":0.0,"gold_gain":75.0,"event_name":"World of Goop","player_choice":"Gather Gold","floor":3.0,"gold_loss":0.0,"damage_taken":11.0},{"damage_healed":0.0,"max_hp_gain":0.0,"max_hp_loss":0.0,"gold_gain":0.0,"event_name":"Big Fish","player_choice":"Box","floor":5.0,"gold_loss":0.0,"damage_taken":0.0,"relics_obtained":["Dota2Spire:LinkenSphere"],"cards_obtained":["Regret"]},{"damage_healed":0.0,"max_hp_gain":0.0,"max_hp_loss":0.0,"gold_gain":0.0,"event_name":"Upgrade Shrine","player_choice":"Upgraded","floor":7.0,"gold_loss":0.0,"damage_taken":0.0,"cards_upgraded":["TheCursedMod:CleanUpWorkshop"]},{"damage_healed":0.0,"max_hp_gain":0.0,"max_hp_loss":0.0,"gold_gain":0.0,"event_name":"Ghosts","player_choice":"Ignored","floor":20.0,"gold_loss":0.0,"damage_taken":0.0},{"damage_healed":0,"gold_gain":0,"player_choice":"Stole Relic","damage_taken":0,"relics_obtained":["Dota2Spire:EchoSabre"],"max_hp_gain":0,"max_hp_loss":0,"event_name":"Addict","floor":21,"gold_loss":0,"cards_obtained":["Shame"]},{"damage_healed":0,"gold_gain":0,"player_choice":"Opened","damage_taken":0,"relics_obtained":["War Paint"],"max_hp_gain":0,"max_hp_loss":0,"event_name":"The Mausoleum","floor":22,"gold_loss":0},{"damage_healed":0,"gold_gain":0,"player_choice":"Trade","damage_taken":0,"relics_obtained":["CultistMask"],"max_hp_gain":0,"max_hp_loss":0,"event_name":"FaceTrader","floor":27,"gold_loss":0},{"damage_healed":0,"gold_gain":0,"player_choice":"Fight","damage_taken":0,"max_hp_gain":0,"max_hp_loss":0,"event_name":"Colosseum","floor":31,"gold_loss":0},{"damage_healed":0,"gold_gain":0,"player_choice":"Fought Nobs","damage_taken":0,"max_hp_gain":0,"max_hp_loss":0,"event_name":"Colosseum","floor":31,"gold_loss":0},{"damage_healed":128,"gold_gain":0,"player_choice":"Writhe","damage_taken":0,"max_hp_gain":0,"max_hp_loss":0,"event_name":"Winding Halls","floor":39,"gold_loss":0,"cards_obtained":["Writhe"]},{"damage_healed":0,"gold_gain":0,"player_choice":"Paid","damage_taken":0,"relics_obtained":["Red Mask"],"max_hp_gain":0,"max_hp_loss":0,"event_name":"Tomb of Lord Red Mask","floor":44,"gold_loss":233},{"damage_healed":0,"gold_gain":0,"player_choice":"Memory 1","damage_taken":0,"max_hp_gain":0,"max_hp_loss":0,"event_name":"SensoryStone","floor":45,"gold_loss":0},{"damage_healed":0,"gold_gain":0,"player_choice":"Fight","damage_taken":0,"max_hp_gain":0,"max_hp_loss":0,"event_name":"Mysterious Sphere","floor":47,"gold_loss":0}],"is_beta":false,"boss_relics":[{"not_picked":["Snecko Eye","Sozu"],"picked":"Calling Bell"},{"not_picked":["Fusion Hammer","TheCursedMod:BlackMagicAdvanced"],"picked":"Dota2Spire:RefresherOrb"}],"items_purged_floors":[19,19,19,19,19,19,19,19,19,19,19,36],"is_endless":false,"potions_floor_spawned":[2,6,12,13,16,18,23,30,31,33,37,47,48],"ascension_level":5}}