{"host":"j4g6ia6asvpyu2b0","time":1610725450,"event":{"mods":["BaseMod","Colored Map","Minty Spire (QoL Compilation)","Permanent Neow","Quick Restart","Relic Stats","StSLib","Unceasing Turn Reminder"],"gold_per_floor":[111,126,76,87,87,118,118,145,168,179,207,207,222,38,38,38,38],"floor_reached":16,"language":"ENG","playtime":344,"items_purged":[],"score":192,"play_id":"a70f7203-c0af-4733-a331-501f84695c81","local_time":"20210115084410","is_ascension_mode":true,"campfire_choices":[{"data":"Finisher","floor":7,"key":"SMITH"},{"floor":12,"key":"REST"},{"data":"Footwork","floor":15,"key":"SMITH"}],"circlet_count":0,"master_deck":["AscendersBane","Strike_G","Strike_G","Strike_G","Strike_G","Defend_G","Defend_G","Defend_G","Defend_G","Defend_G","Survivor","Neutralize","Dagger Throw","Choke","Finisher+1","Storm of Steel","Reflex","Footwork+1","Sucker Punch","All Out Attack","Dash","Quick Slash","Footwork"],"relics":["Runic Dome","The Specimen","Gremlin Horn","Prayer Wheel","Ancient Tea Set","Centennial Puzzle","Happy Flower"],"acts_visited":["Exordium"],"potions_floor_usage":[4,11],"damage_taken":[{"damage":2,"enemies":"Jaw Worm","floor":1,"turns":4},{"damage":0,"enemies":"Small Slimes","floor":2,"turns":3},{"damage":0,"enemies":"Cultist","floor":4,"turns":2},{"damage":16,"enemies":"Lagavulin","floor":6,"turns":8},{"damage":30,"enemies":"Gremlin Nob","floor":8,"turns":4},{"damage":1,"enemies":"2 Fungi Beasts","floor":10,"turns":3},{"damage":17,"enemies":"3 Sentries","floor":11,"turns":8},{"damage":8,"enemies":"Blue Slaver","floor":13,"turns":2},{"damage":38,"enemies":"Slime Boss","floor":16,"turns":3}],"seed_played":"8827909497441461009","potions_obtained":[{"floor":4,"key":"Fruit Juice"},{"floor":8,"key":"Weak Potion"},{"floor":10,"key":"Energy Potion"},{"floor":11,"key":"Poison Potion"}],"is_trial":false,"path_per_floor":["M","M","?","M","T","E","R","E","T","M","E","R","M","$","R","B"],"character_chosen":"THE_SILENT","items_purchased":["Footwork","Happy Flower"],"campfire_rested":1,"item_purchase_floors":[14,14],"current_hp_per_floor":[61,61,61,66,66,50,50,20,20,19,2,24,16,16,16,0,0],"gold":38,"neow_bonus":"BOSS_RELIC","is_daily":false,"chose_seed":false,"campfire_upgraded":2,"win_rate":0.0,"timestamp":1610725450,"path_taken":["M","M","?","M","?","E","R","E","T","M","E","R","M","$","R","BOSS"],"items_purchased_type":["Card","Relic"],"build_version":"2020-12-22","purchased_purges":0,"victory":false,"max_hp_per_floor":[70,70,70,75,75,75,75,75,75,75,75,75,75,75,75,75,75],"relic_stats":{"Centennial Puzzle":[3],"Gremlin Horn":[3,3],"Happy Flower":[1],"counters":[9,37],"Prayer Wheel":2,"obtain_stats":[{"Runic Dome":0,"Centennial Puzzle":11,"The Specimen":5,"Gremlin Horn":6,"Happy Flower":14,"Prayer Wheel":8,"Ancient Tea Set":9,"Ring of the Snake":0},{"Runic Dome":0,"Centennial Puzzle":7,"The Specimen":3,"Gremlin Horn":4,"Happy Flower":8,"Prayer Wheel":5,"Ancient Tea Set":5,"Ring of the Snake":0},{"Runic Dome":0,"Centennial Puzzle":32,"The Specimen":9,"Gremlin Horn":17,"Happy Flower":34,"Prayer Wheel":21,"Ancient Tea Set":21,"Ring of the Snake":0}]},"card_choices":[{"not_picked":["Dodge and Roll","Reflex"],"picked":"Dagger Throw","floor":1},{"not_picked":["Backstab","Leg Sweep"],"picked":"Choke","floor":2},{"not_picked":["Quick Slash","Catalyst"],"picked":"Finisher","floor":4},{"not_picked":["Prepared","Riddle With Holes"],"picked":"Storm of Steel","floor":6},{"not_picked":["Dagger Throw","Dodge and Roll"],"picked":"Reflex","floor":8},{"not_picked":["Escape Plan","Flying Knee"],"picked":"Footwork","floor":10},{"not_picked":["All Out Attack","Deflect"],"picked":"Sucker Punch","floor":10},{"not_picked":["Slice","Dagger Throw"],"picked":"All Out Attack","floor":11},{"not_picked":["Deadly Poison","Finisher"],"picked":"Dash","floor":13},{"not_picked":["Bane","Backflip"],"picked":"Quick Slash","floor":13}],"player_experience":856934,"relics_obtained":[{"floor":5,"key":"The Specimen"},{"floor":6,"key":"Gremlin Horn"},{"floor":8,"key":"Prayer Wheel"},{"floor":9,"key":"Ancient Tea Set"},{"floor":11,"key":"Centennial Puzzle"}],"event_choices":[{"cards_removed":["Strike_G"],"damage_healed":0,"gold_gain":0,"player_choice":"Card Removal","damage_taken":0,"max_hp_gain":0,"max_hp_loss":0,"event_name":"The Cleric","floor":3,"gold_loss":50}],"is_beta":false,"boss_relics":[],"items_purged_floors":[],"is_endless":false,"potions_floor_spawned":[4,8,10,11],"killed_by":"Slime Boss","ascension_level":12}}