{"host":"s9dep4x43c14s74h","time":1610746385,"event":{"mods":["BaseMod","Downfall","Gremlin Mod","Hermit","HololiveMod","Jorbs\u0027s Wanderer Trilogy","Lobotomy","Marisa????????","Minty Spire (QoL Compilation)","Replay The Spire","StSLib","The Animator","The Bug Knight","The Construct","The Cursed","The Necromancer","The Runesmith","The Servant 0.9.4"],"gold_per_floor":[99,114,126,126,126,126,150,166,91,108,108,136,74,74,74,74],"floor_reached":14,"language":"RUS","playtime":1284,"items_purged":[],"score":113,"play_id":"27521e33-1170-45e2-aa29-098cf9bf7460","local_time":"20210116003305","is_ascension_mode":false,"campfire_choices":[{"data":"champ:Taunt","floor":1.0,"key":"SMITH"},{"data":"champ:SkillfulDodge","floor":9,"key":"SMITH"}],"circlet_count":0,"master_deck":["champ:Strike","champ:Strike","champ:Strike","champ:Strike","champ:Defend","champ:Defend","champ:Defend","champ:Defend","champ:Execute","champ:Taunt+1","champ:IronFortress+1","champ:CalledShot","champ:SkillfulDodge+1","champ:ViciousMockery","champ:DefensiveShout","Pain","champ:BerserkerStyle","champ:CrookedStrike","champ:BringItOn"],"relics":["champ:ChampionCrown","downfall:HeartBlessingBlue","WarpedTongs","Juzu Bracelet"],"acts_visited":["Exordium"],"potions_floor_usage":[8,12,12,14],"damage_taken":[{"damage":5.0,"enemies":"Small Slimes","floor":2.0,"turns":3.0},{"damage":5,"enemies":"2 Louse","floor":3,"turns":4},{"damage":0,"enemies":"Cultist","floor":6,"turns":1},{"damage":26,"enemies":"Exordium Thugs","floor":8,"turns":8},{"damage":22,"enemies":"3 Louse","floor":10,"turns":7},{"damage":62,"enemies":"Gremlin Nob","floor":12,"turns":6},{"damage":22,"enemies":"downfall:FleeingMerchant","floor":13,"turns":4},{"damage":25,"enemies":"3 Sentries","floor":14,"turns":6}],"seed_played":"-7964543565714081778","potions_obtained":[{"floor":2.0,"key":"Elixir"},{"floor":3,"key":"Block Potion"},{"floor":8,"key":"LiquidBronze"},{"floor":12,"key":"SkillPotion"}],"is_trial":false,"path_per_floor":["R","M","M","?","?","M","T","M","R","M","?","E","$","E"],"character_chosen":"THE_CHAMP","items_purchased":["champ:BringItOn"],"campfire_rested":0,"item_purchase_floors":[13],"current_hp_per_floor":[99,99,99,99,99,99,99,88,98,87,87,33,23,0,0,0],"gold":74,"neow_bonus":"TEN_PERCENT_HP_BONUS","is_daily":false,"chose_seed":false,"campfire_upgraded":2,"win_rate":0.0,"timestamp":1610746385,"path_taken":["R","M","M","?","?","M","T","?","R","M","?","E","$","E"],"items_purchased_type":["Card"],"build_version":"2020-12-22","purchased_purges":0,"victory":false,"max_hp_per_floor":[99,99,99,99,99,99,99,99,109,109,109,109,109,109,109,109],"card_choices":[{"not_picked":["champ:DefensiveShout","champ:RisingSlash"],"picked":"champ:IronFortress","floor":2.0},{"not_picked":["champ:Lariat","champ:Haymaker"],"picked":"champ:CalledShot","floor":3},{"not_picked":["champ:CrookedStrike","champ:FlashCut"],"picked":"champ:SkillfulDodge","floor":6},{"not_picked":["champ:GutPunch","champ:Riposte"],"picked":"champ:ViciousMockery","floor":8},{"not_picked":["champ:Haymaker","champ:BladeFlurry"],"picked":"champ:DefensiveShout","floor":10},{"not_picked":["champ:Shatter","champ:FightOn"],"picked":"champ:BerserkerStyle","floor":12},{"not_picked":["champ:TornadoPunch","champ:PreciseThrust"],"picked":"champ:CrookedStrike","floor":13}],"player_experience":877857,"relics_obtained":[{"floor":12,"key":"Juzu Bracelet"}],"event_choices":[{"damage_healed":0,"gold_gain":0,"player_choice":"Upgraded","damage_taken":0,"max_hp_gain":0,"max_hp_loss":0,"event_name":"Upgrade Shrine","floor":5,"gold_loss":0,"cards_upgraded":["champ:IronFortress"]},{"damage_healed":0,"gold_gain":0,"player_choice":"Rummage","damage_taken":0,"relics_obtained":["WarpedTongs"],"max_hp_gain":0,"max_hp_loss":0,"event_name":"Accursed Blacksmith","floor":11,"gold_loss":0,"cards_obtained":["Pain"]}],"is_beta":false,"boss_relics":[],"items_purged_floors":[],"is_endless":false,"potions_floor_spawned":[2,3,8,12],"killed_by":"3 Sentries","ascension_level":0}}