{"host":"8qkhzo0jjkmvsb7l","time":1610718055,"event":{"mods":["BaseMod","Conspire","Downfall","Marisa????????","Minty Spire (QoL Compilation)","Replay The Spire","StSLib"],"gold_per_floor":[110,121,132,64,64,90,90,125,125,300,300,300,315,119,119,247,247,266,279,179,179,54,54,67,88,88,88,88,88,88,102,102,225,225,239,266,286,15,29,29,92,112,112,146,146,146,146,166,166,166,166],"floor_reached":50,"language":"RUS","playtime":2302,"items_purged":["Doubt","Parasite","Strike_MRS","Doubt"],"score":478,"play_id":"d1561543-6a51-43d1-94e3-361faabd71b6","local_time":"20210115164055","is_ascension_mode":false,"campfire_choices":[{"data":"MasterSpark","floor":7,"key":"SMITH"},{"floor":15,"key":"REST"},{"floor":23,"key":"REST"},{"data":"expansioncontent:StudyTheSpire","floor":27,"key":"SMITH"},{"data":"PowerUp","floor":32,"key":"SMITH"},{"floor":40,"key":"REST"},{"floor":45,"key":"REST"},{"data":"MillisecondPulsars","floor":49,"key":"SMITH"}],"circlet_count":0,"master_deck":["Defend_MRS","Defend_MRS","Defend_MRS","Defend_MRS","MasterSpark+1","UpSweep","SprinkleStarSeal","DoubleSpark","SporeBomb","ChargeUpSpray","IllusionStar","PowerUp+1","expansioncontent:StudyTheSpire+1","UltimateShortwave","IllusionStar","PulseMagic+1","MillisecondPulsars+1","ReplayTheSpireMod:Faulty Equipment","EnergyRecoil+1","AsteroidBelt"],"relics":["MiniHakkero","NeowsBlessing","conspire:BottledYoYo","Calipers","conspire:GiftBox","Golden Idol","ReplayTheSpireMod:ShopPack","Busted Crown","conspire:InfiniteJournal","Kintsugi","Bag of Marbles","Counterbalance","Mummified Hand","Vajra"],"acts_visited":["Exordium","TheCity","TheBeyond"],"potions_floor_usage":[6,8,19,24,25,33,33,39,39,39,42,44,48,50],"damage_taken":[{"damage":0,"enemies":"Cultist","floor":1,"turns":1},{"damage":0,"enemies":"Jaw Worm","floor":2,"turns":1},{"damage":0,"enemies":"2 Louse","floor":3,"turns":1},{"damage":11,"enemies":"Lagavulin","floor":6,"turns":6},{"damage":17,"enemies":"3 Sentries","floor":8,"turns":6},{"damage":0,"enemies":"Large Slime","floor":13,"turns":3},{"damage":19,"enemies":"The Guardian","floor":16,"turns":7},{"damage":10,"enemies":"Shell Parasite","floor":18,"turns":4},{"damage":2,"enemies":"2 Thieves","floor":19,"turns":3},{"damage":15,"enemies":"Chosen and Byrds","floor":24,"turns":4},{"damage":11,"enemies":"conspire:HollyBat","floor":25,"turns":7},{"damage":12,"enemies":"Centurion and Healer","floor":31,"turns":4},{"damage":69,"enemies":"Champ","floor":33,"turns":11},{"damage":49,"enemies":"3 Shapes","floor":35,"turns":4},{"damage":19,"enemies":"Orb Walker","floor":37,"turns":4},{"damage":0,"enemies":"Maw","floor":39,"turns":6},{"damage":18,"enemies":"Mind Bloom Boss Battle","floor":41,"turns":5},{"damage":6,"enemies":"Sphere and 2 Shapes","floor":42,"turns":5},{"damage":4,"enemies":"R_Hoarder","floor":44,"turns":7},{"damage":12,"enemies":"Writhing Mass","floor":48,"turns":4},{"damage":92,"enemies":"Time Eater","floor":50,"turns":9}],"seed_played":"7537997148359640004","potions_obtained":[{"floor":1,"key":"AttackPotion"},{"floor":2,"key":"AttackPotion"},{"floor":13,"key":"Block Potion"},{"floor":16,"key":"sneckomod:MuddlingPotion"},{"floor":18,"key":"Death Potion"},{"floor":24,"key":"Toxic Potion"},{"floor":31,"key":"Dexterity Potion"},{"floor":37,"key":"Dexterity Potion"},{"floor":42,"key":"Slimebound:ThreeZeroPotion"}],"is_trial":false,"path_per_floor":["M","M","M","$","?","E","R","E","T","?","?","?","M","$","R","B",null,"M","M","$","?","$","R","M","M","T","R","$","$","?","M","R","B",null,"M","T","M","$","M","R","?","M","T","E","R","?","?","M","R","B"],"character_chosen":"MARISA","items_purchased":["ChargeUpSpray","ReplayTheSpireMod:ShopPack","ColorlessPotion","GamblersBrew"],"campfire_rested":4,"item_purchase_floors":[4,14,38,38],"current_hp_per_floor":[75,75,75,75,75,64,64,47,47,47,29,47,47,47,69,50,75,65,63,63,63,63,72,57,46,46,46,46,46,82,70,70,1,82,33,33,14,14,14,38,20,14,14,10,34,34,72,60,60,0,0],"gold":166,"neow_bonus":"THREE_ENEMY_KILL","is_daily":false,"chose_seed":false,"campfire_upgraded":4,"win_rate":0.0,"timestamp":1610718055,"path_taken":["M","M","?","$","?","E","R","E","T","?","?","?","M","$","R","BOSS","M","M","$","?","$","R","?","M","T","R","?","$","?","M","R","BOSS","M","?","M","$","M","R","?","M","T","E","R","?","?","M","R","BOSS"],"items_purchased_type":["Card","Relic","Potion","Potion"],"build_version":"2020-12-22","purchased_purges":4,"victory":false,"max_hp_per_floor":[75,75,75,75,75,75,75,75,75,75,75,75,75,75,75,75,75,75,75,72,72,72,72,72,72,72,72,72,72,82,82,82,82,82,82,82,82,82,82,82,82,82,82,82,82,82,72,72,72,72,72],"card_choices":[{"not_picked":["Orbital","AlicesGift"],"picked":"SprinkleStarSeal","floor":1},{"not_picked":["SprinkleStarSeal","IllusionStar"],"picked":"DoubleSpark","floor":2},{"not_picked":["ShootingEcho","6A"],"picked":"SporeBomb","floor":3},{"not_picked":["ManaConvection","GasGiant","IllusionStar"],"picked":"SKIP","floor":6},{"not_picked":["ManaConvection","GasGiant"],"picked":"IllusionStar","floor":6},{"not_picked":["AsteroidBelt","FinalSpark"],"picked":"PowerUp","floor":8},{"not_picked":["BinaryStars","AbsoluteMagnitude"],"picked":"BigCrunch","floor":9},{"not_picked":["OneTimeOff","ShootingEcho","LuminesStrike"],"picked":"SKIP","floor":13},{"not_picked":["Magnetism","expansioncontent:QuickStudy"],"picked":"expansioncontent:StudyTheSpire","floor":14},{"not_picked":["expansioncontent:DecasProtection","expansioncontent:BronzeBeam"],"picked":"expansioncontent:YouAreMine","floor":14},{"not_picked":["SatelliteIllusion","MillisecondPulsars"],"picked":"UltimateShortwave","floor":16},{"not_picked":[],"picked":"SuperPerseids","floor":18},{"not_picked":["GravityBeat"],"picked":"SKIP","floor":19},{"not_picked":[],"picked":"IllusionStar","floor":24},{"not_picked":[],"picked":"PulseMagic+1","floor":25},{"not_picked":["WitchLeyline"],"picked":"SKIP","floor":31},{"not_picked":[],"picked":"MillisecondPulsars","floor":33},{"not_picked":["UnstableBomb+1"],"picked":"SKIP","floor":35},{"not_picked":["StarBarrage"],"picked":"SKIP","floor":37},{"not_picked":["NonDirectionalLaser"],"picked":"SKIP","floor":39},{"not_picked":[],"picked":"EnergyRecoil+1","floor":41},{"not_picked":[],"picked":"AsteroidBelt","floor":42},{"not_picked":["GravityBeat"],"picked":"SKIP","floor":44},{"not_picked":["DoubleSpark+1"],"picked":"SKIP","floor":48}],"player_experience":237992,"relics_obtained":[{"floor":6,"key":"conspire:BottledYoYo"},{"floor":8,"key":"Calipers"},{"floor":9,"key":"conspire:GiftBox"},{"floor":26,"key":"conspire:InfiniteJournal"},{"floor":36,"key":"Bag of Marbles"},{"floor":41,"key":"Counterbalance"},{"floor":43,"key":"Mummified Hand"},{"floor":44,"key":"Vajra"}],"event_choices":[{"damage_healed":0,"gold_gain":175,"player_choice":"AGREE","damage_taken":0,"max_hp_gain":0,"max_hp_loss":0,"event_name":"Liars Game","floor":10,"gold_loss":0,"cards_obtained":["Doubt"]},{"damage_healed":0,"gold_gain":0,"player_choice":"Take Damage","damage_taken":18,"relics_obtained":["Golden Idol"],"max_hp_gain":0,"max_hp_loss":0,"event_name":"Golden Idol","floor":11,"gold_loss":0},{"damage_healed":18,"gold_gain":0,"player_choice":"Healed and dodged fight","damage_taken":0,"max_hp_gain":0,"max_hp_loss":0,"event_name":"Mushrooms_MRS","floor":12,"gold_loss":0,"cards_obtained":["Parasite"]},{"damage_healed":0,"gold_gain":0,"player_choice":"Bought 0 Potions","damage_taken":0,"max_hp_gain":0,"max_hp_loss":0,"event_name":"The Woman in Blue","floor":21,"gold_loss":0},{"cards_removed":["BigCrunch"],"damage_healed":26,"gold_gain":0,"player_choice":"Offered Rare","damage_taken":0,"max_hp_gain":10,"max_hp_loss":0,"event_name":"Bonfire Elementals","floor":30,"gold_loss":0},{"damage_healed":0,"gold_gain":0,"player_choice":"Fight","damage_taken":0,"max_hp_gain":0,"max_hp_loss":0,"event_name":"MindBloom","floor":41,"gold_loss":0},{"damage_healed":0,"gold_gain":0,"player_choice":"Leave","damage_taken":0,"max_hp_gain":0,"max_hp_loss":0,"event_name":"conspire:Investor","floor":46,"gold_loss":0},{"damage_healed":72,"gold_gain":0,"player_choice":"Heal","damage_taken":0,"max_hp_gain":0,"max_hp_loss":10,"event_name":"The Moai Head","floor":47,"gold_loss":0}],"is_beta":false,"boss_relics":[{"not_picked":["ChewingGum","Tiny House"],"picked":"Busted Crown"},{"not_picked":["Runic Dome","RampagingMagicTools"],"picked":"Kintsugi"}],"items_purged_floors":[14,20,22,38],"is_endless":false,"potions_floor_spawned":[1,2,13,16,18,24,31,37,39,42],"killed_by":"Time Eater","ascension_level":0}}