{"host":"mfnyjbfkyfsz33u9","time":1610709516,"event":{"mods":["2.2 Compatiblity","BaseMod","Colored Powertips","Downfall","Marisa£¨Ùöéë¡¡Øª×âÞÞ£©","Minty Spire (QoL Compilation)","Rare Cards Sparkle","Replay The Spire","StSLib","SuperFastMode","The Cursed"],"gold_per_floor":[118,118,131,131,131,131,145,165,165,190,190,208,238,300,300,404,404,421,432,432,445,459,484,484,484,484,509,15,29,63,77,77,178,178,195,195,245,257,37,67,67,95,95,95,114,141,168,186,186,186,186,186,51,83,83],"floor_reached":56,"language":"ENG","playtime":2174,"items_purged":["Normality"],"score":1699,"play_id":"427b845b-6006-4eba-831c-219b213cad7b","local_time":"20210115201836","is_ascension_mode":true,"campfire_choices":[{"data":"Armaments","floor":6,"key":"SMITH"},{"data":"Iron Wave","floor":11,"key":"SMITH"},{"data":"Searing Blow","floor":15,"key":"SMITH"},{"floor":25,"key":"REST"},{"data":"Offering","floor":32,"key":"SMITH"},{"data":"Searing Blow+2","floor":41,"key":"SMITH"},{"data":"Searing Blow+3","floor":44,"key":"SMITH"},{"floor":49,"key":"RECALL"},{"data":"Barricade","floor":52,"key":"SMITH"}],"circlet_count":0,"master_deck":["Strike_R","Strike_R","Strike_R","Strike_R+1","Defend_R","Defend_R+1","Defend_R","Bash","Defend_R+1","Guardian:TwinSlam","Iron Wave+1","Replay:Undeath\u0027s Touch","Armaments+1","Corruption+1","Juggernaut","Combust","Searing Blow+4","Rupture","Offering+1","Life Link+1","Intimidate+1","ReplayTheSpireMod:Corrosion Curse+1","hexamod:Haunted","Eclipse","Replay:Bootleg Shield Generator","Feel No Pain","Barricade+1","Bloodletting","Dark Embrace+1","Hallucinations","Metallicize","Body Slam+1","Entrench","Replay:SS_hec_1","Shrug It Off"],"relics":["Burning Blood","Magic Flower","Thread and Needle","WingedGreaves","War Paint","ReplayTheSpireMod:TigerMarble","Cursed Key","Iron Hammer","Gremlin Food","CaptainsWheel","Bird Faced Urn","Toolbox","Matryoshka","Paper Frog","Runic Cube","Charon\u0027s Ashes","Replay:Rubber Ducky","Smiling Mask","Darkstone Periapt","Pantograph","Pear","Question Card","Lizard Tail"],"acts_visited":["Exordium","TheCity","TheBeyond","TheEnding"],"potions_floor_usage":[18,27,33,55,55,55],"damage_taken":[{"damage":14,"enemies":"Jaw Worm","floor":1,"turns":3},{"damage":1,"enemies":"Cultist","floor":3,"turns":3},{"damage":0,"enemies":"Small Slimes","floor":7,"turns":3},{"damage":10,"enemies":"2 Fungi Beasts","floor":8,"turns":4},{"damage":9,"enemies":"Replay:BlueRogue","floor":10,"turns":4},{"damage":0,"enemies":"Looter","floor":12,"turns":3},{"damage":14,"enemies":"Lagavulin","floor":13,"turns":6},{"damage":9,"enemies":"3 Sentries","floor":14,"turns":7},{"damage":30,"enemies":"Fading Forest","floor":16,"turns":11},{"damage":9,"enemies":"Shell Parasite","floor":18,"turns":4},{"damage":23,"enemies":"2 Thieves","floor":19,"turns":3},{"damage":20,"enemies":"Snake Plant","floor":21,"turns":4},{"damage":7,"enemies":"Snecko","floor":22,"turns":4},{"damage":19,"enemies":"Gremlin Leader","floor":23,"turns":5},{"damage":34,"enemies":"Slavers","floor":27,"turns":5},{"damage":7,"enemies":"Centurion and Healer","floor":29,"turns":3},{"damage":33,"enemies":"Replay:Snechameleon","floor":30,"turns":6},{"damage":19,"enemies":"3 Cultists","floor":31,"turns":7},{"damage":44,"enemies":"Pondfish","floor":33,"turns":8},{"damage":37,"enemies":"3 Darklings","floor":35,"turns":5},{"damage":3,"enemies":"Mind Bloom Boss Battle","floor":37,"turns":7},{"damage":6,"enemies":"Orb Walker","floor":38,"turns":2},{"damage":14,"enemies":"Giant Head","floor":40,"turns":6},{"damage":15,"enemies":"R_Hoarder","floor":42,"turns":8},{"damage":17,"enemies":"Maw","floor":45,"turns":6},{"damage":48,"enemies":"Reptomancer","floor":46,"turns":3},{"damage":9,"enemies":"R_Hoarder","floor":47,"turns":7},{"damage":9,"enemies":"Sphere and 2 Shapes","floor":48,"turns":2},{"damage":30,"enemies":"Replay:Hell Engine","floor":50,"turns":3},{"damage":32,"enemies":"Shield and Spear","floor":54,"turns":3},{"damage":19,"enemies":"The Heart","floor":55,"turns":7}],"seed_played":"8427494104771212169","potions_obtained":[{"floor":8,"key":"Elixir"},{"floor":10,"key":"Adrenaline Potion"},{"floor":16,"key":"Weak Potion"},{"floor":21,"key":"BlessingOfTheForge"},{"floor":29,"key":"Death Potion"},{"floor":31,"key":"CultistPotion"},{"floor":40,"key":"Ancient Potion"},{"floor":45,"key":"Reflective Coating"}],"is_trial":false,"path_per_floor":["M","?","M","?","?","R","M","M","T","E","R","M","E","?","R","B",null,"M","M","?","M","M","E","T","R","T","E","$","M","E","M","R","B",null,"M","?","?","M","$","E","R","E","T","R","M","E","E","M","R","B",null,"R","$","E","B",null],"character_chosen":"IRONCLAD","items_purchased":["Replay:Bootleg Shield Generator","Toolbox","Matryoshka","Replay:Rubber Ducky","Replay:SS_hec_1","Shrug It Off"],"campfire_rested":1,"item_purchase_floors":[28,28,28,39,53,53],"current_hp_per_floor":[75,75,80,80,80,80,80,79,79,79,79,80,75,75,75,72,80,80,66,66,55,57,47,47,71,71,46,46,60,54,62,62,45,80,61,61,80,80,80,80,80,80,86,86,86,67,96,99,99,99,99,99,99,88,99],"gold":83,"neow_bonus":"ONE_RARE_RELIC","is_daily":false,"chose_seed":false,"campfire_upgraded":7,"win_rate":0.0,"timestamp":1610709516,"path_taken":["M","?","?","?","?","R","M","M","T","E","R","M","E","?","R","BOSS","M","M","?","?","?","E","?","R","T","E","$","M","E","M","R","BOSS","M","?","?","M","?","E","R","E","T","R","?","E","E","?","R","BOSS","R","$","E","BOSS"],"items_purchased_type":["Card","Relic","Relic","Relic","Card","Card"],"build_version":"2020-12-22","purchased_purges":1,"victory":true,"max_hp_per_floor":[80,80,80,80,80,80,80,80,80,80,80,80,80,80,80,80,80,80,80,80,80,80,80,80,80,80,80,80,80,80,80,80,80,80,80,80,80,80,80,80,80,80,86,86,86,96,96,99,99,99,99,99,99,99,99],"card_choices":[{"not_picked":["Warcry","Run Through"],"picked":"Iron Wave","floor":1},{"not_picked":["Wild Strike","Pommel Strike"],"picked":"Replay:Undeath\u0027s Touch","floor":3},{"not_picked":["Thunderclap","ReplayTheSpireMod:Strike From Hell"],"picked":"Juggernaut","floor":7},{"not_picked":["Heavy Blade","Armaments"],"picked":"Combust","floor":8},{"not_picked":["Anger","Iron Wave","Abandon"],"picked":"SKIP","floor":10},{"not_picked":["Inflame","Sword Boomerang"],"picked":"Searing Blow","floor":12},{"not_picked":["Feel No Pain","ReplayTheSpireMod:Stacked"],"picked":"Rupture","floor":13},{"not_picked":["Barricade","Replay:Many Hands"],"picked":"Offering","floor":16},{"not_picked":["True Grit","Cleave"],"picked":"Life Link+1","floor":18},{"not_picked":["Seeing Red","True Grit+1"],"picked":"Massacre","floor":19},{"not_picked":["Cleave","Clothesline"],"picked":"Intimidate+1","floor":21},{"not_picked":["Heavy Blade+1","Wild Strike"],"picked":"ReplayTheSpireMod:Corrosion Curse+1","floor":22},{"not_picked":["Replay:Undeath\u0027s Touch+1","Warcry","Spot Weakness+1"],"picked":"SKIP","floor":23},{"not_picked":["Feed","Headbutt+1"],"picked":"Eclipse","floor":27},{"not_picked":["Headbutt+1","Intimidate+1","Perfected Strike+1"],"picked":"SKIP","floor":29},{"not_picked":["Eclipse","Clash+1"],"picked":"Feel No Pain","floor":30},{"not_picked":["Anger+1","Havoc","Rupture"],"picked":"SKIP","floor":31},{"not_picked":["Hemogenesis","Feed"],"picked":"Barricade","floor":33},{"not_picked":["ReplayTheSpireMod:LeadingStrike","Replay:Undeath\u0027s Touch","Wild Strike+1"],"picked":"SKIP","floor":35},{"not_picked":["Cleave","Run Through+1"],"picked":"Bloodletting","floor":37},{"not_picked":["ReplayTheSpireMod:Muscle Training","Run Through"],"picked":"Dark Embrace+1","floor":38},{"not_picked":["Fire Breathing","Dropkick","Armaments+1"],"picked":"SKIP","floor":40},{"not_picked":["True Grit+1","Perfected Strike+1","Clash+1"],"picked":"SKIP","floor":42},{"not_picked":["Disarm","ReplayTheSpireMod:Strike From Hell+1"],"picked":"Metallicize","floor":45},{"not_picked":["ReplayTheSpireMod:Strike From Hell+1","Twin Strike","Pommel Strike+1"],"picked":"SKIP","floor":46},{"not_picked":["Clothesline+1","Eclipse"],"picked":"Body Slam+1","floor":47},{"not_picked":["Twin Strike","Headbutt+1","Entrench","Cleave"],"picked":"SKIP","floor":48},{"not_picked":["Twin Strike","Headbutt+1","Cleave"],"picked":"Entrench","floor":48},{"not_picked":["Reckless Charge+1","Demonic Infusion","Armaments+1","Heavy Blade"],"picked":"SKIP","floor":54},{"not_picked":["Reckless Charge+1","Demonic Infusion","Armaments+1","Heavy Blade"],"picked":"SKIP","floor":54}],"player_experience":48203,"relics_obtained":[{"floor":9,"key":"Thread and Needle"},{"floor":10,"key":"WingedGreaves"},{"floor":13,"key":"War Paint"},{"floor":23,"key":"Iron Hammer"},{"floor":24,"key":"Gremlin Food"},{"floor":26,"key":"CaptainsWheel"},{"floor":27,"key":"Bird Faced Urn"},{"floor":30,"key":"Paper Frog"},{"floor":37,"key":"Charon\u0027s Ashes"},{"floor":40,"key":"Smiling Mask"},{"floor":42,"key":"Darkstone Periapt"},{"floor":43,"key":"Pantograph"},{"floor":46,"key":"Pear"},{"floor":47,"key":"Question Card"},{"floor":54,"key":"Lizard Tail"}],"event_choices":[{"damage_healed":0,"gold_gain":0,"player_choice":"Bought 0 Potions","damage_taken":0,"max_hp_gain":0,"max_hp_loss":0,"event_name":"The Woman in Blue","floor":2,"gold_loss":0},{"damage_healed":0,"gold_gain":0,"cards_transformed":["Strike_R"],"player_choice":"Change","damage_taken":0,"max_hp_gain":0,"max_hp_loss":0,"event_name":"Living Wall","floor":4,"gold_loss":0,"cards_obtained":["Armaments"]},{"damage_healed":0,"gold_gain":0,"player_choice":"Searched \u00273\u0027 times","damage_taken":0,"relics_obtained":["ReplayTheSpireMod:TigerMarble"],"max_hp_gain":0,"max_hp_loss":0,"event_name":"Dead Adventurer","floor":14,"gold_loss":0},{"damage_healed":0,"gold_gain":0,"player_choice":"Upgraded","damage_taken":0,"max_hp_gain":0,"max_hp_loss":0,"event_name":"Upgrade Shrine","floor":20,"gold_loss":0,"cards_upgraded":["Searing Blow"]},{"cards_removed":["Massacre"],"damage_healed":0,"gold_gain":0,"player_choice":"Removed Attack","damage_taken":0,"max_hp_gain":0,"max_hp_loss":0,"event_name":"Falling","floor":36,"gold_loss":0},{"damage_healed":0,"gold_gain":0,"player_choice":"Fight","damage_taken":0,"max_hp_gain":0,"max_hp_loss":0,"event_name":"MindBloom","floor":37,"gold_loss":0}],"is_beta":false,"boss_relics":[{"not_picked":["Tiny House","Pandora\u0027s Box"],"picked":"Cursed Key"},{"not_picked":["Calling Bell","Electric Blood"],"picked":"Runic Cube"}],"items_purged_floors":[39],"is_endless":false,"potions_floor_spawned":[8,10,16,21,29,30,31,40,45,47,48],"ascension_level":2}}