{"host":"4ag909k4xupnj24b","time":1610711312,"event":{"mods":["BaseMod","Minty Spire (QoL Compilation)","StSLib"],"gold_per_floor":[112,19,37,0,16,16,26,53,53,53,0,0,13,27,27,100,100,117,135,185,185,185],"floor_reached":21,"language":"ENG","playtime":1491,"items_purged":[],"score":404,"play_id":"93710850-a326-4ecf-ab65-87071a90b46b","local_time":"20210115034832","is_ascension_mode":true,"campfire_choices":[{"data":"Defragment","floor":6,"key":"SMITH"},{"floor":10,"key":"REST"},{"floor":12,"key":"REST"},{"data":"Consume","floor":15,"key":"SMITH"}],"circlet_count":0,"master_deck":["AscendersBane","Strike_B","Strike_B","Strike_B","Strike_B","Defend_B","Defend_B","Defend_B","Defend_B","Zap","Dualcast","Loop","Defragment+1","Rip and Tear","Sweeping Beam","Ball Lightning","Buffer","Doom and Gloom","Consume+1","Core Surge","Glacier","Cold Snap"],"relics":["Velvet Choker","Oddly Smooth Stone","InkBottle","Peace Pipe","Sozu"],"acts_visited":["Exordium","TheCity"],"potions_floor_usage":[8,14,21],"damage_taken":[{"damage":0,"enemies":"2 Louse","floor":1,"turns":3},{"damage":14,"enemies":"Small Slimes","floor":3,"turns":4},{"damage":1,"enemies":"Cultist","floor":5,"turns":3},{"damage":7,"enemies":"Looter","floor":7,"turns":4},{"damage":41,"enemies":"Gremlin Nob","floor":8,"turns":5},{"damage":0,"enemies":"2 Fungi Beasts","floor":13,"turns":3},{"damage":8,"enemies":"Exordium Thugs","floor":14,"turns":2},{"damage":0,"enemies":"Slime Boss","floor":16,"turns":7},{"damage":0,"enemies":"Chosen","floor":18,"turns":4},{"damage":33,"enemies":"2 Thieves","floor":19,"turns":4},{"damage":46,"enemies":"Masked Bandits","floor":21,"turns":3}],"seed_played":"-7629748988333945926","potions_obtained":[{"floor":1,"key":"GamblersBrew"},{"floor":3,"key":"ColorlessPotion"},{"floor":8,"key":"GamblersBrew"},{"floor":13,"key":"Weak Potion"}],"is_trial":false,"path_per_floor":["M","$","M","?","M","R","M","E","T","R","?","R","M","M","R","B",null,"M","M","?","?"],"character_chosen":"DEFECT","items_purchased":["Defragment","Explosive Potion"],"campfire_rested":2,"item_purchase_floors":[2,2],"current_hp_per_floor":[64,64,50,50,49,49,42,1,1,22,22,43,43,35,35,35,62,62,29,29,0,0],"gold":185,"neow_bonus":"BOSS_RELIC","is_daily":false,"chose_seed":false,"campfire_upgraded":2,"win_rate":0.0,"timestamp":1610711312,"path_taken":["M","$","M","?","M","R","M","E","T","R","?","R","?","M","R","BOSS","M","M","?","?"],"items_purchased_type":["Card","Potion"],"build_version":"2020-12-22","purchased_purges":0,"victory":false,"max_hp_per_floor":[71,71,71,71,71,71,71,71,71,71,71,71,71,71,71,71,71,71,71,71,71,71],"card_choices":[{"not_picked":["Turbo","Beam Cell"],"picked":"Loop","floor":1},{"not_picked":["Go for the Eyes","Gash"],"picked":"Rip and Tear","floor":3},{"not_picked":["Gash","Conserve Battery"],"picked":"Sweeping Beam","floor":5},{"not_picked":["Fusion","Rip and Tear"],"picked":"Ball Lightning","floor":7},{"not_picked":["Beam Cell","Force Field"],"picked":"Buffer","floor":8},{"not_picked":["Stack","Turbo"],"picked":"Doom and Gloom","floor":13},{"not_picked":["Recycle","Skim"],"picked":"Consume","floor":14},{"not_picked":["Amplify","Thunder Strike"],"picked":"Core Surge","floor":16},{"not_picked":["Static Discharge","Stack"],"picked":"Glacier","floor":18},{"not_picked":["Steam","Compile Driver"],"picked":"Cold Snap","floor":19}],"player_experience":834169,"relics_obtained":[{"floor":8,"key":"Oddly Smooth Stone"},{"floor":9,"key":"InkBottle"}],"event_choices":[{"damage_healed":0,"gold_gain":0,"player_choice":"Left Gold","damage_taken":0,"max_hp_gain":0,"max_hp_loss":0,"event_name":"World of Goop","floor":4,"gold_loss":37},{"damage_healed":0,"gold_gain":0,"player_choice":"Paid Gold","damage_taken":0,"relics_obtained":["Peace Pipe"],"max_hp_gain":0,"max_hp_loss":0,"event_name":"WeMeetAgain","floor":11,"gold_loss":53},{"damage_healed":0,"gold_gain":50,"player_choice":"Stole From Cult","damage_taken":0,"max_hp_gain":0,"max_hp_loss":0,"event_name":"Nest","floor":20,"gold_loss":0},{"damage_healed":0,"gold_gain":0,"player_choice":"Fought Bandits","damage_taken":0,"max_hp_gain":0,"max_hp_loss":0,"event_name":"Masked Bandits","floor":21,"gold_loss":0}],"is_beta":false,"boss_relics":[{"not_picked":["SacredBark","Tiny House"],"picked":"Sozu"}],"items_purged_floors":[],"is_endless":false,"potions_floor_spawned":[1,3,8,13,19],"killed_by":"Masked Bandits","ascension_level":15}}