{"host":"7tvb1em0d2fx72q7","time":1610746883,"event":{"mods":["BaseMod","Challenge The Spire","Minty Spire (QoL Compilation)","StSLib","everything is the same but u backflip on backflip"],"gold_per_floor":[318,243,3,19,37,37,70,88,88,102,130,45,58,22,22,96,96,113,113,113,131,151,151,151],"floor_reached":23,"language":"ENG","playtime":1668,"items_purged":["Strike_P"],"score":468,"play_id":"b4134057-1b8f-4fed-ac83-ddc679f48cd4","local_time":"20210115164123","is_ascension_mode":true,"campfire_choices":[{"data":"Eruption","floor":6,"key":"SMITH"},{"floor":15,"key":"REST"}],"circlet_count":0,"master_deck":["AscendersBane","Strike_P","Strike_P","Defend_P","Defend_P","Defend_P","Defend_P","Eruption+1","Vigilance","ReachHeaven","Wallop","FearNoEvil","CutThroughFate","Conclude","Fasting2","SpiritShield","MentalFortress","InnerPeace","MentalFortress","Indignation","Omniscience","Meditate","FlurryOfBlows"],"relics":["PureWater","Old Coin","Bird Faced Urn","Bottled Tornado","InkBottle","Cursed Key"],"acts_visited":["Exordium","TheCity"],"potions_floor_usage":[7,10,11,16,16,18,22,23],"damage_taken":[{"damage":7,"enemies":"Jaw Worm","floor":1,"turns":8},{"damage":3,"enemies":"2 Louse","floor":4,"turns":2},{"damage":0,"enemies":"Small Slimes","floor":5,"turns":1},{"damage":10,"enemies":"3 Sentries","floor":7,"turns":4},{"damage":12,"enemies":"Exordium Thugs","floor":8,"turns":5},{"damage":10,"enemies":"Exordium Wildlife","floor":10,"turns":3},{"damage":16,"enemies":"Lagavulin","floor":11,"turns":5},{"damage":5,"enemies":"Blue Slaver","floor":13,"turns":5},{"damage":0,"enemies":"Slime Boss","floor":16,"turns":6},{"damage":5,"enemies":"Shell Parasite","floor":18,"turns":5},{"damage":27,"enemies":"Spheric Guardian","floor":21,"turns":10},{"damage":8,"enemies":"Centurion and Healer","floor":22,"turns":5},{"damage":62,"enemies":"Book of Stabbing","floor":23,"turns":5}],"seed_played":"-2085114826937890366","potions_obtained":[{"floor":5,"key":"ColorlessPotion"},{"floor":8,"key":"Ambrosia"},{"floor":10,"key":"Fire Potion"},{"floor":11,"key":"EntropicBrew"},{"floor":16,"key":"StancePotion"},{"floor":18,"key":"SkillPotion"}],"is_trial":false,"path_per_floor":["M","?","$","M","M","R","E","M","T","M","E","$","M","?","R","B",null,"M","?","?","M","M","E"],"character_chosen":"WATCHER","items_purchased":["Wallop","FearNoEvil","MentalFortress"],"campfire_rested":1,"item_purchase_floors":[3,3,12],"current_hp_per_floor":[54,54,54,51,51,51,41,29,29,19,5,5,2,2,22,28,58,57,57,57,38,36,0,0],"gold":151,"neow_bonus":"ONE_RARE_RELIC","is_daily":false,"chose_seed":false,"campfire_upgraded":1,"win_rate":0.0,"timestamp":1610746883,"path_taken":["M","?","$","M","M","R","E","M","T","M","E","$","M","?","R","BOSS","M","?","?","M","M","E"],"items_purchased_type":["Card","Card","Card"],"build_version":"2020-12-22","purchased_purges":1,"victory":false,"max_hp_per_floor":[68,68,68,68,68,68,68,68,68,68,68,68,68,68,68,68,68,68,68,68,68,68,68,68],"card_choices":[{"not_picked":["BowlingBash","Sanctity"],"picked":"ReachHeaven","floor":1},{"not_picked":["SashWhip","Vengeance"],"picked":"CutThroughFate","floor":4},{"not_picked":["SashWhip","ClearTheMind"],"picked":"Conclude","floor":5},{"not_picked":["Evaluate","Halt"],"picked":"Fasting2","floor":7},{"not_picked":["DeceiveReality","ThirdEye"],"picked":"SpiritShield","floor":8},{"not_picked":["SashWhip","EmptyBody"],"picked":"MentalFortress","floor":10},{"not_picked":["FlyingSleeves","PathToVictory"],"picked":"InnerPeace","floor":11},{"not_picked":["SashWhip","Perseverance"],"picked":"Indignation","floor":13},{"not_picked":["Alpha","Establishment"],"picked":"Omniscience","floor":16},{"not_picked":["Consecrate","JustLucky"],"picked":"Meditate","floor":18},{"not_picked":["PathToVictory","Protect","FearNoEvil"],"picked":"SKIP","floor":21},{"not_picked":["CutThroughFate","Evaluate"],"picked":"FlurryOfBlows","floor":22}],"player_experience":1928281,"relics_obtained":[{"floor":7,"key":"Bird Faced Urn"},{"floor":9,"key":"Bottled Tornado"},{"floor":11,"key":"InkBottle"}],"event_choices":[{"cards_removed":["Strike_P"],"damage_healed":0,"gold_gain":0,"player_choice":"Card Removal","damage_taken":0,"max_hp_gain":0,"max_hp_loss":0,"event_name":"The Cleric","floor":2,"gold_loss":75},{"damage_healed":0,"gold_gain":0,"player_choice":"Left Gold","damage_taken":0,"max_hp_gain":0,"max_hp_loss":0,"event_name":"World of Goop","floor":14,"gold_loss":36},{"damage_healed":0,"gold_gain":0,"player_choice":"Ignored","damage_taken":0,"max_hp_gain":0,"max_hp_loss":0,"event_name":"The Mausoleum","floor":19,"gold_loss":0},{"damage_healed":0,"gold_gain":0,"player_choice":"Ignored","damage_taken":0,"max_hp_gain":0,"max_hp_loss":0,"event_name":"Vampires","floor":20,"gold_loss":0}],"is_beta":false,"boss_relics":[{"not_picked":["Runic Pyramid","Busted Crown"],"picked":"Cursed Key"}],"items_purged_floors":[3],"is_endless":false,"potions_floor_spawned":[5,8,10,11,16,18,21],"killed_by":"Book of Stabbing","ascension_level":17}}