{"host":"alk2ftu785mujiir","time":1610670241,"event":{"mods":["BaseMod","Colored Map","Downfall","Minty Spire (QoL Compilation)","StSLib"],"gold_per_floor":[111,125,125,125,50,69,112,136,136,154,169,169,207,226,226,355,355,378,293,218,218,118,162,37,37,118,151,165,165,201,201,201,332,332,356,379,398,731,731,764,764,463,463,463,482,482,499,0,0,0],"floor_reached":51,"language":"ENG","playtime":1999,"items_purged":["Strike_R","Strike_R","Strike_R","Strike_R"],"score":793,"play_id":"ae6dba79-faf1-4f8c-a56b-1a23e8ef8b90","local_time":"20210114192401","is_ascension_mode":false,"campfire_choices":[{"data":"Metallicize","floor":12.0,"key":"SMITH"},{"data":"Inflame","floor":15.0,"key":"SMITH"},{"floor":25.0,"key":"REST"},{"data":"Metallicize","floor":29.0,"key":"SMITH"},{"floor":32.0,"key":"REST"},{"floor":41.0,"key":"REST"},{"floor":44.0,"key":"REST"},{"data":"Demon Form","floor":46.0,"key":"SMITH"},{"data":"Defend_R","floor":49.0,"key":"SMITH"}],"circlet_count":0,"master_deck":["Defend_R+1","Defend_R","Bash","Clash","Clash","Inflame+1","Metallicize+1","Sword Boomerang","Feed","Intimidate","Metallicize+1","Demon Form+1","Metallicize+1","Reaper","Iron Wave","Sword Boomerang"],"relics":["Burning Blood","Pocketwatch","Toy Ornithopter","Shuriken","Nunchaku","Runic Pyramid","Strawberry","Lizard Tail","Meat on the Bone","Sundial","Bag of Marbles","Empty Cage","Bottled Tornado","Brimstone","Orichalcum","Red Mask"],"acts_visited":["Exordium","TheCity","TheBeyond"],"potions_floor_usage":[50,50],"damage_taken":[{"damage":8.0,"enemies":"Cultist","floor":1.0,"turns":5.0},{"damage":5.0,"enemies":"Small Slimes","floor":2.0,"turns":3.0},{"damage":1.0,"enemies":"Jaw Worm","floor":6.0,"turns":3.0},{"damage":28.0,"enemies":"Gremlin Nob","floor":7.0,"turns":4.0},{"damage":7.0,"enemies":"Blue Slaver","floor":8.0,"turns":2.0},{"damage":0.0,"enemies":"Looter","floor":10.0,"turns":2.0},{"damage":0.0,"enemies":"2 Fungi Beasts","floor":11.0,"turns":3.0},{"damage":4.0,"enemies":"3 Sentries","floor":13.0,"turns":9.0},{"damage":16.0,"enemies":"Gremlin Gang","floor":14.0,"turns":5.0},{"damage":16.0,"enemies":"Hexaghost","floor":16.0,"turns":9.0},{"damage":1.0,"enemies":"3 Byrds","floor":18.0,"turns":6.0},{"damage":58.0,"enemies":"Book of Stabbing","floor":23.0,"turns":7.0},{"damage":37.0,"enemies":"Slavers","floor":27.0,"turns":7.0},{"damage":2.0,"enemies":"Spheric Guardian","floor":28.0,"turns":3.0},{"damage":37.0,"enemies":"Gremlin Leader","floor":30.0,"turns":8.0},{"damage":58.0,"enemies":"Collector","floor":33.0,"turns":10.0},{"damage":29.0,"enemies":"Orb Walker","floor":35.0,"turns":5.0},{"damage":30.0,"enemies":"3 Shapes","floor":36.0,"turns":6.0},{"damage":35.0,"enemies":"Transient","floor":37.0,"turns":5.0},{"damage":36.0,"enemies":"Giant Head","floor":40.0,"turns":7.0},{"damage":36.0,"enemies":"3 Darklings","floor":45.0,"turns":4.0},{"damage":0.0,"enemies":"Maw","floor":47.0,"turns":6.0},{"damage":35,"enemies":"Time Eater","floor":50,"turns":6}],"seed_played":"-372245531502903287","potions_obtained":[{"floor":0.0,"key":"SteroidPotion"},{"floor":0.0,"key":"SpeedPotion"},{"floor":0.0,"key":"Guardian:BlockOnCardUsePotion"},{"floor":2.0,"key":"PowerPotion"},{"floor":11.0,"key":"Fire Potion"},{"floor":14.0,"key":"Explosive Potion"},{"floor":27.0,"key":"DuplicationPotion"},{"floor":30.0,"key":"DuplicationPotion"},{"floor":33.0,"key":"Guardian:BlockOnCardUsePotion"},{"floor":35.0,"key":"FearPotion"},{"floor":37.0,"key":"PowerPotion"}],"is_trial":false,"path_per_floor":["M","M","?","T","$","M","E","M","T","M","M","R","E","M","R","B",null,"M","?","?","?","$","E","$","R","T","E","M","R","E","?","R","B",null,"M","M","M","?","?","E","R","$","T","R","M","R","M","?","R","B",null],"character_chosen":"IRONCLAD","items_purchased":["Brimstone"],"campfire_rested":4,"item_purchase_floors":[42],"current_hp_per_floor":[78,79,59,59,59,64,42,41,41,47,53,53,55,50,50,45,80,83,90,90,90,90,46,46,73,73,57,64,64,45,45,74,47,102,82,61,44,44,44,26,58,58,58,90,108,108,108,108,108,83],"gold":0,"neow_bonus":"THREE_SMALL_POTIONS","is_daily":false,"chose_seed":false,"campfire_upgraded":5,"win_rate":0.0,"timestamp":1610670241,"path_taken":["M","?","?","?","$","M","E","M","T","M","M","R","E","M","R","BOSS","M","?","?","?","$","E","?","R","T","E","M","R","E","?","R","BOSS","M","?","M","?","?","E","R","$","T","R","?","R","M","?","R","BOSS"],"items_purchased_type":["Relic"],"build_version":"2020-12-22","purchased_purges":4,"victory":true,"max_hp_per_floor":[80,80,80,80,80,80,80,80,80,80,80,80,80,80,80,80,80,83,90,90,90,90,93,93,93,93,96,99,99,99,99,99,102,102,105,108,108,108,108,108,108,108,108,108,108,108,108,108,108,108],"card_choices":[{"not_picked":["Havoc","Flex"],"picked":"Clash","floor":1.0},{"not_picked":["Twin Strike","Flex","True Grit"],"picked":"SKIP","floor":2.0},{"not_picked":["Dropkick","Wild Strike","Twin Strike"],"picked":"SKIP","floor":6.0},{"not_picked":["Blood for Blood","Warcry"],"picked":"Clash","floor":7.0},{"not_picked":["Twin Strike","Headbutt","Pommel Strike"],"picked":"SKIP","floor":8.0},{"not_picked":["Perfected Strike","Sever Soul"],"picked":"Inflame","floor":10.0},{"not_picked":["Body Slam","Inflame"],"picked":"Metallicize","floor":11.0},{"not_picked":["Shrug It Off","Bludgeon"],"picked":"Sword Boomerang","floor":13.0},{"not_picked":["Pommel Strike","Shrug It Off","True Grit"],"picked":"SKIP","floor":14.0},{"not_picked":["Exhume","Reaper"],"picked":"Feed","floor":16.0},{"not_picked":["Iron Wave","Armaments"],"picked":"Intimidate","floor":18.0},{"not_picked":["Perfected Strike","Sever Soul"],"picked":"Metallicize","floor":23.0},{"not_picked":["Combust","Intimidate","Bludgeon"],"picked":"SKIP","floor":27.0},{"not_picked":["Havoc+1","Evolve","Pommel Strike"],"picked":"SKIP","floor":28.0},{"not_picked":["Seeing Red","Impervious","Infernal Blade"],"picked":"SKIP","floor":30.0},{"not_picked":["Barricade","Immolate"],"picked":"Demon Form","floor":33.0},{"not_picked":["Reckless Charge+1","Dropkick+1","Entrench"],"picked":"SKIP","floor":35.0},{"not_picked":["Anger+1","True Grit+1","Cleave+1"],"picked":"SKIP","floor":36.0},{"not_picked":["Flame Barrier","Clash"],"picked":"Metallicize+1","floor":37.0},{"not_picked":["Dark Embrace","Juggernaut"],"picked":"Reaper","floor":40.0},{"not_picked":["Intimidate","Body Slam+1"],"picked":"Iron Wave","floor":45.0},{"not_picked":["Headbutt","Combust+1"],"picked":"Sword Boomerang","floor":47.0}],"player_experience":1759496,"relics_obtained":[{"floor":4.0,"key":"Pocketwatch"},{"floor":7.0,"key":"Toy Ornithopter"},{"floor":9.0,"key":"Shuriken"},{"floor":13.0,"key":"Nunchaku"},{"floor":23.0,"key":"Lizard Tail"},{"floor":26.0,"key":"Meat on the Bone"},{"floor":27.0,"key":"Sundial"},{"floor":30.0,"key":"Bag of Marbles"},{"floor":40.0,"key":"Bottled Tornado"},{"floor":43.0,"key":"Orichalcum"}],"event_choices":[{"damage_healed":0.0,"max_hp_gain":0.0,"max_hp_loss":0.0,"gold_gain":0.0,"event_name":"Golden Idol","player_choice":"Take Damage","floor":3.0,"gold_loss":0.0,"damage_taken":20.0,"relics_obtained":["Golden Idol"]},{"damage_healed":0.0,"max_hp_gain":0.0,"max_hp_loss":0.0,"gold_gain":0.0,"event_name":"Addict","player_choice":"Obtained Relic","floor":19.0,"gold_loss":85.0,"damage_taken":0.0,"relics_obtained":["Strawberry"]},{"cards_removed":["Defend_R"],"damage_healed":0.0,"max_hp_gain":0.0,"max_hp_loss":0.0,"gold_gain":0.0,"event_name":"Beggar","player_choice":"Gave Gold","floor":20.0,"gold_loss":75.0,"damage_taken":0.0},{"damage_healed":0.0,"max_hp_gain":0.0,"max_hp_loss":0.0,"gold_gain":0.0,"event_name":"Ghosts","player_choice":"Ignored","floor":21.0,"gold_loss":0.0,"damage_taken":0.0},{"damage_healed":0.0,"max_hp_gain":0.0,"max_hp_loss":0.0,"gold_gain":0.0,"event_name":"FaceTrader","player_choice":"Leave","floor":31.0,"gold_loss":0.0,"damage_taken":0.0},{"damage_healed":0.0,"max_hp_gain":0.0,"max_hp_loss":0.0,"gold_gain":333.0,"event_name":"The Moai Head","player_choice":"Gave Idol","floor":38.0,"relics_lost":["Golden Idol"],"gold_loss":0.0,"damage_taken":0.0},{"damage_healed":0.0,"max_hp_gain":0.0,"max_hp_loss":0.0,"gold_gain":0.0,"event_name":"SensoryStone","player_choice":"Memory 1","floor":39.0,"gold_loss":0.0,"damage_taken":0.0},{"damage_healed":0.0,"max_hp_gain":0.0,"max_hp_loss":0.0,"gold_gain":0.0,"event_name":"Tomb of Lord Red Mask","player_choice":"Paid","floor":48.0,"gold_loss":499.0,"damage_taken":0.0,"relics_obtained":["Red Mask"]}],"is_beta":false,"boss_relics":[{"not_picked":["Astrolabe","Black Blood"],"picked":"Runic Pyramid"},{"not_picked":["Coffee Dripper","Black Star"],"picked":"Empty Cage"}],"items_purged_floors":[5,22,24,42],"is_endless":false,"potions_floor_spawned":[2,11,14,27,30,33,35,37,40,45],"ascension_level":0}}