{"host":"Squid","time":1610732477,"event":{"mods":["BaseMod","Minty Spire (QoL Compilation)","StSLib"],"gold_per_floor":[109,5,5,22,22,22,55,55,79,79,98,123,135,147,147,223,223,240,240,71,87,52,87,87,113,113,113,123,135,160,175,175,175,175],"floor_reached":33,"language":"ENG","playtime":1572,"items_purged":[],"score":545,"play_id":"479ef51c-12c7-439e-ac9b-cc04a1c0fd51","local_time":"20210115124117","is_ascension_mode":true,"campfire_choices":[{"data":"Endless Agony","floor":6.0,"key":"SMITH"},{"data":"Footwork","floor":8.0,"key":"SMITH"},{"data":"Dagger Spray","floor":10.0,"key":"SMITH"},{"floor":15,"key":"REST"},{"data":"Footwork","floor":24,"key":"SMITH"},{"data":"Adrenaline","floor":27,"key":"SMITH"},{"floor":32,"key":"REST"}],"circlet_count":0,"master_deck":["AscendersBane","Strike_G","Strike_G","Strike_G","Strike_G","Strike_G","Defend_G","Defend_G","Defend_G","Defend_G","Defend_G","Survivor","Neutralize","Footwork+1","Endless Agony+1","Blur","Dagger Spray+1","Dagger Spray","Predator","Cloak And Dagger","Adrenaline+1","After Image","Backflip+1","PiercingWail","Footwork+1","Acrobatics","Terror","Crippling Poison","Bane"],"relics":["Ring of the Snake","FaceOfCleric","Akabeko","Omamori","MealTicket","SlaversCollar","Strange Spoon","Tough Bandages","Sundial","Ancient Tea Set","Anchor"],"acts_visited":["Exordium","TheCity"],"potions_floor_usage":[12,16,23,23,28,30],"damage_taken":[{"damage":6.0,"enemies":"Jaw Worm","floor":1.0,"turns":7.0},{"damage":3.0,"enemies":"Cultist","floor":4.0,"turns":4.0},{"damage":22.0,"enemies":"3 Sentries","floor":7.0,"turns":11.0},{"damage":0.0,"enemies":"2 Louse","floor":11.0,"turns":1.0},{"damage":12,"enemies":"Gremlin Nob","floor":12,"turns":3},{"damage":16,"enemies":"Lots of Slimes","floor":13,"turns":4},{"damage":0,"enemies":"Blue Slaver","floor":14,"turns":2},{"damage":11,"enemies":"The Guardian","floor":16,"turns":16},{"damage":10,"enemies":"Spheric Guardian","floor":18,"turns":4},{"damage":1,"enemies":"Shell Parasite","floor":21,"turns":8},{"damage":10,"enemies":"Slavers","floor":23,"turns":8},{"damage":22,"enemies":"Gremlin Leader","floor":25,"turns":11},{"damage":5,"enemies":"Chosen and Byrds","floor":28,"turns":7},{"damage":5,"enemies":"Cultist and Chosen","floor":29,"turns":6},{"damage":8,"enemies":"Book of Stabbing","floor":30,"turns":7},{"damage":16,"enemies":"Shelled Parasite and Fungi","floor":31,"turns":9},{"damage":58,"enemies":"Champ","floor":33,"turns":18}],"seed_played":"-6452789209101740874","potions_obtained":[{"floor":1.0,"key":"Poison Potion"},{"floor":13,"key":"Poison Potion"},{"floor":14,"key":"PowerPotion"},{"floor":18,"key":"Block Potion"},{"floor":25,"key":"SkillPotion"},{"floor":28,"key":"DuplicationPotion"}],"is_trial":false,"path_per_floor":["M","$","?","M","$","R","E","R","T","R","M","E","M","M","R","B",null,"M","?","$","M","$","E","R","E","T","R","M","M","E","M","R","B"],"character_chosen":"THE_SILENT","items_purchased":["Endless Agony","Blur","Strange Spoon","PiercingWail","Footwork"],"campfire_rested":2,"item_purchase_floors":[2,2,20,20,22],"current_hp_per_floor":[64,64,64,62,62,62,41,41,41,41,42,31,16,17,41,31,71,62,46,61,61,76,67,67,46,46,46,42,38,31,16,45,0,0],"gold":175,"neow_bonus":"TEN_PERCENT_HP_BONUS","is_daily":false,"chose_seed":false,"campfire_upgraded":5,"win_rate":0.0,"timestamp":1610732477,"path_taken":["M","$","?","M","?","R","E","R","T","R","?","E","M","M","R","BOSS","M","?","?","M","$","E","R","E","T","R","M","M","E","M","R","BOSS"],"items_purchased_type":["Card","Card","Relic","Card","Card"],"build_version":"2020-12-18","purchased_purges":0,"victory":false,"max_hp_per_floor":[77,77,77,78,78,78,79,79,79,79,80,81,82,83,83,84,84,85,90,90,91,91,92,92,93,93,93,94,95,96,97,97,97,97],"card_choices":[{"not_picked":["Flying Knee","Reflex"],"picked":"Footwork","floor":1.0},{"not_picked":["Cloak And Dagger","Slice"],"picked":"Dagger Spray","floor":4.0},{"not_picked":["Sucker Punch","Cloak And Dagger"],"picked":"Dagger Spray","floor":7.0},{"not_picked":["Finisher","Poisoned Stab"],"picked":"Predator","floor":11.0},{"not_picked":["Doppelganger","Dagger Spray"],"picked":"Cloak And Dagger","floor":12},{"not_picked":["Heel Hook","Dagger Spray","Outmaneuver"],"picked":"SKIP","floor":13},{"not_picked":["Flying Knee","Sucker Punch"],"picked":"Adrenaline","floor":14},{"not_picked":["Tools of the Trade","Venomology"],"picked":"After Image","floor":16},{"not_picked":["Dagger Throw","Blade Dance"],"picked":"Backflip+1","floor":18},{"not_picked":["Backflip","Dagger Throw","Setup"],"picked":"SKIP","floor":21},{"not_picked":["Underhanded Strike","Sucker Punch","Catalyst"],"picked":"SKIP","floor":23},{"not_picked":["Outmaneuver","Venomology"],"picked":"Acrobatics","floor":25},{"not_picked":["Outmaneuver","Accuracy"],"picked":"Terror","floor":28},{"not_picked":["Dodge and Roll","Finisher"],"picked":"Crippling Poison","floor":29},{"not_picked":["Backflip","Backstab","Cloak And Dagger"],"picked":"SKIP","floor":30},{"not_picked":["Dagger Spray","Backstab"],"picked":"Bane","floor":31}],"player_experience":843656,"relics_obtained":[{"floor":7.0,"key":"Akabeko"},{"floor":9.0,"key":"Omamori"},{"floor":12,"key":"MealTicket"},{"floor":23,"key":"Tough Bandages"},{"floor":25,"key":"Sundial"},{"floor":26,"key":"Ancient Tea Set"},{"floor":30,"key":"Anchor"}],"event_choices":[{"damage_healed":0.0,"max_hp_gain":0.0,"max_hp_loss":0.0,"gold_gain":0.0,"event_name":"FaceTrader","player_choice":"Trade","floor":3.0,"gold_loss":0.0,"damage_taken":0.0,"relics_obtained":["FaceOfCleric"]},{"damage_healed":0,"gold_gain":0,"player_choice":"Shed Blood","damage_taken":21,"max_hp_gain":5,"max_hp_loss":0,"event_name":"Forgotten Altar","floor":19,"gold_loss":0}],"is_beta":true,"boss_relics":[{"not_picked":["Ring of the Serpent","Snecko Eye"],"picked":"SlaversCollar"}],"items_purged_floors":[],"is_endless":false,"potions_floor_spawned":[1,13,14,18,25,28],"killed_by":"Champ","ascension_level":13}}