{"host":"7xbu8gt067z192g2","time":1610689903,"event":{"mods":["BaseMod","Better Note","Colored Map","Colored Powertips","Googly Eyes","Highlight Path","Minty Spire (QoL Compilation)","Rare Cards Sparkle","Replay The Spire","StSLib","The Bladedancer","The Cursed","The Hierophant","The Valiant","The Wild Card"],"gold_per_floor":[116,116,169,179,198,198,210,60,108,126,126,126,144,158,158,254,254,273,83,83,99,115,115,147,22,22,35,35,67,67,67,67,164,164,183,163,13,63,63,63,63,63],"floor_reached":41,"language":"ENG","playtime":1808,"items_purged":["Grand Finale","Doubt","CommonCold","Spreading Infection"],"score":513,"play_id":"010a34c3-1aaf-42a6-a278-177c33bf6712","local_time":"20210115005143","is_ascension_mode":true,"campfire_choices":[{"data":"Poison Darts","floor":6.0,"key":"SMITH"},{"floor":15.0,"key":"REST"},{"floor":23.0,"key":"REST"},{"data":"ReplayTheSpireMod:Necrosis","floor":30.0,"key":"SMITH"},{"data":"Noxious Fumes","floor":32.0,"key":"SMITH"},{"data":"Poisoned Stab","floor":40,"key":"SMITH"}],"circlet_count":0,"master_deck":["Strike_G","Strike_G","Defend_G","Defend_G","Survivor","Neutralize","Poison Darts+1","Bane","Deadly Poison","Noxious Fumes+1","Poisoned Stab+1","ReplayTheSpireMod:Necrosis+1","PiercingWail","Backflip","Deadly Poison","Dagger Throw+1","Ghostly","Ghostly","Ghostly","Ghostly","Ghostly","CurseOfTheBell","Poisoned Stab+1"],"relics":["Ring of the Snake","Snake Skull","Bottled Tornado","Replay:Grab Bag","Philosopher\u0027s Stone","Busted Crown","Kintsugi","Chameleon Ring","Gambling Chip","Frozen Egg 2","Onion Ring","Calling Bell","Oddly Smooth Stone","Mirror","Counterbalance","Mango"],"acts_visited":["Exordium","TheCity","TheBeyond"],"potions_floor_usage":[38,41],"damage_taken":[{"damage":0.0,"enemies":"2 Louse","floor":1.0,"turns":3.0},{"damage":0.0,"enemies":"Small Slimes","floor":4.0,"turns":2.0},{"damage":4.0,"enemies":"Jaw Worm","floor":5.0,"turns":2.0},{"damage":8.0,"enemies":"3 Louse","floor":7.0,"turns":2.0},{"damage":2.0,"enemies":"Looter","floor":10.0,"turns":2.0},{"damage":16.0,"enemies":"Exordium Thugs","floor":13.0,"turns":5.0},{"damage":4.0,"enemies":"Exordium Wildlife","floor":14.0,"turns":4.0},{"damage":27.0,"enemies":"The Guardian","floor":16.0,"turns":8.0},{"damage":27.0,"enemies":"2 Thieves","floor":18.0,"turns":4.0},{"damage":9.0,"enemies":"3 Byrds","floor":21.0,"turns":3.0},{"damage":2.0,"enemies":"Snecko","floor":22.0,"turns":4.0},{"damage":0.0,"enemies":"Gremlin Leader","floor":24.0,"turns":5.0},{"damage":7.0,"enemies":"Cultist and Chosen","floor":27.0,"turns":6.0},{"damage":7.0,"enemies":"Book of Stabbing","floor":29.0,"turns":6.0},{"damage":25,"enemies":"Automaton","floor":33,"turns":7},{"damage":5,"enemies":"Orb Walker","floor":35,"turns":4},{"damage":18,"enemies":"Mind Bloom Boss Battle","floor":38,"turns":6},{"damage":35,"enemies":"Giant Head","floor":41,"turns":6}],"seed_played":"-5552181024204485921","potions_obtained":[{"floor":3.0,"key":"ColorlessPotion"},{"floor":4.0,"key":"Adrenaline Potion"},{"floor":5.0,"key":"Energy Potion"},{"floor":13.0,"key":"SkillPotion"},{"floor":16.0,"key":"Reflective Coating"},{"floor":18.0,"key":"Adrenaline Potion"},{"floor":21.0,"key":"Explosive Potion"},{"floor":33,"key":"FearPotion"},{"floor":35,"key":"SteroidPotion"},{"floor":36,"key":"Energy Potion"}],"is_trial":false,"path_per_floor":["M","?","?","M","M","R","M","$","T","M","?","T","M","M","R","B",null,"M","$","?","M","M","R","E","$","T","M","?","E","R","?","R","B",null,"M","?","$","?","?","R","E"],"character_chosen":"THE_SILENT","items_purchased":["Noxious Fumes","Backflip","Deadly Poison"],"campfire_rested":2,"item_purchase_floors":[8,19,19],"current_hp_per_floor":[70,70,42,42,38,38,30,30,30,28,28,28,12,8,29,2,70,43,43,30,21,19,41,41,41,41,34,34,27,27,27,27,2,37,32,32,32,28,28,28,0,0],"gold":63,"neow_bonus":"ONE_RANDOM_RARE_CARD","is_daily":false,"chose_seed":false,"campfire_upgraded":4,"win_rate":0.0,"timestamp":1610689903,"path_taken":["M","?","?","M","M","R","M","$","T","M","?","?","M","?","R","BOSS","M","$","?","M","M","R","E","$","T","M","?","E","R","?","R","BOSS","M","?","$","?","?","R","E"],"items_purchased_type":["Card","Card","Card"],"build_version":"2020-12-22","purchased_purges":4,"victory":false,"max_hp_per_floor":[70,70,70,70,70,70,70,70,70,70,70,70,70,70,70,70,70,70,70,75,75,75,75,75,75,75,75,37,37,37,37,37,37,37,37,37,37,51,51,51,51,51],"card_choices":[{"not_picked":["Predator","Deadly Poison"],"picked":"Bane","floor":1.0},{"not_picked":["Deflect","Hidden Blade"],"picked":"Cloak And Dagger","floor":3.0},{"not_picked":["Hidden Blade","Backflip"],"picked":"Deadly Poison","floor":4.0},{"not_picked":["Reflex","Acrobatics"],"picked":"Grand Finale","floor":5.0},{"not_picked":["Quick Slash","Deflect","Sneak Up"],"picked":"SKIP","floor":7.0},{"not_picked":["Backflip","Slice"],"picked":"Poisoned Stab","floor":10.0},{"not_picked":["Deflect","Backflip","Underhanded Strike"],"picked":"SKIP","floor":13.0},{"not_picked":["Dagger Spray","Skewer","Tactician"],"picked":"SKIP","floor":14.0},{"not_picked":["Poison Darts","Grand Finale"],"picked":"ReplayTheSpireMod:Necrosis","floor":16.0},{"not_picked":[],"picked":"PiercingWail","floor":18.0},{"not_picked":["ReplayTheSpireMod:The Works+1"],"picked":"SKIP","floor":21.0},{"not_picked":["Hidden Blade"],"picked":"SKIP","floor":22.0},{"not_picked":["Cloak And Dagger"],"picked":"SKIP","floor":24.0},{"not_picked":[],"picked":"Dagger Throw+1","floor":27.0},{"not_picked":["Backflip"],"picked":"SKIP","floor":29.0},{"not_picked":["Underhanded Strike+1"],"picked":"SKIP","floor":35},{"not_picked":[],"picked":"Poisoned Stab+1","floor":38}],"player_experience":188242,"relics_obtained":[{"floor":3.0,"key":"Snake Skull"},{"floor":12.0,"key":"Bottled Tornado"},{"floor":24.0,"key":"Chameleon Ring"},{"floor":26.0,"key":"Gambling Chip"},{"floor":29.0,"key":"Frozen Egg 2"},{"floor":34,"key":"Oddly Smooth Stone"},{"floor":34,"key":"Mirror"},{"floor":34,"key":"Counterbalance"},{"floor":38,"key":"Mango"}],"event_choices":[{"damage_healed":0.0,"max_hp_gain":0.0,"max_hp_loss":0.0,"gold_gain":0.0,"event_name":"Liars Game","player_choice":"Ignored","floor":2.0,"gold_loss":0.0,"damage_taken":0.0},{"damage_healed":0.0,"max_hp_gain":5.0,"max_hp_loss":0.0,"gold_gain":0.0,"event_name":"Forgotten Altar","player_choice":"Shed Blood","floor":20.0,"gold_loss":0.0,"damage_taken":18.0},{"damage_healed":0.0,"max_hp_gain":0.0,"max_hp_loss":38.0,"gold_gain":0.0,"event_name":"Ghosts","player_choice":"Became a Ghost","floor":28.0,"gold_loss":0.0,"damage_taken":0.0,"cards_obtained":["Ghostly","Ghostly","Ghostly","Ghostly","Ghostly"]},{"damage_healed":0,"gold_gain":0,"player_choice":"Bought 1 Potion","damage_taken":0,"max_hp_gain":0,"max_hp_loss":0,"event_name":"The Woman in Blue","floor":36,"gold_loss":0},{"damage_healed":0,"gold_gain":0,"player_choice":"Fight","damage_taken":0,"max_hp_gain":0,"max_hp_loss":0,"event_name":"MindBloom","floor":38,"gold_loss":0},{"cards_removed":["Defend_G"],"damage_healed":0,"gold_gain":0,"player_choice":"Removed Skill","damage_taken":0,"max_hp_gain":0,"max_hp_loss":0,"event_name":"Falling","floor":39,"gold_loss":0}],"is_beta":false,"boss_relics":[{"not_picked":["Coffee Dripper","Sozu"],"picked":"Replay:Grab Bag"},{"not_picked":["ChewingGum","Ectoplasm"],"picked":"Philosopher\u0027s Stone"},{"not_picked":["Abe\u0027s Treasure","Runic Dome"],"picked":"Busted Crown"},{"not_picked":["Empty Cage","SacredBark"],"picked":"Kintsugi"},{"not_picked":["Tiny House","WristBlade"],"picked":"Calling Bell"}],"items_purged_floors":[8,19,25,37],"is_endless":false,"potions_floor_spawned":[4,5,13,16,18,21,33,35],"killed_by":"Giant Head","ascension_level":2}}