{"host":"3qkmyeoym75lj4wn","time":1610740274,"event":{"mods":["2.2 Compatiblity","BaseMod","Block Reminder","Colored Powertips","Highlight Path","Minty Spire (QoL Compilation)","Permanent Neow","Potion Indicator Mod","Rare Cards Sparkle","Relic Stats","StSLib","Unceasing Turn Reminder"],"gold_per_floor":[116,116,116,116,116,145,159,169,169,194,206,222,233,245,245,316,316,328,40,40,40,0,34,34,60,86,103,116,116,151,171,171,249,249,263,280,294,38,55,55,55,71,71,87,119,119,130,130,130,130,130,130,130,20,46,46,46],"floor_reached":56,"language":"ENG","playtime":2737,"items_purged":["Sunder"],"score":2552,"play_id":"6a0d02bd-9ff9-4bc0-95ac-3900a6181f4d","local_time":"20210115195114","daily_mods":["Draft"],"is_ascension_mode":true,"campfire_choices":[{"data":"Defragment","floor":15,"key":"SMITH"},{"data":"Fission","floor":24,"key":"SMITH"},{"data":"Consume","floor":29,"key":"SMITH"},{"floor":32,"key":"RECALL"},{"floor":40,"key":"REST"},{"floor":49,"key":"REST"},{"floor":53,"key":"REST"}],"circlet_count":0,"master_deck":["AscendersBane","Consume+1","Go for the Eyes","Cold Snap","Go for the Eyes","Chill","Capacitor","Capacitor","Leap","Leap","Chill","Darkness","Ball Lightning","Conserve Battery","Ball Lightning","Defragment+1","Capacitor+1","Blizzard","Hologram","Fission+1","Defragment+1","Glacier","Buffer+1","Electrodynamics+1","Consume","Perseverance","Bandage Up","Chill"],"relics":["FrozenCore","Anchor","Smiling Mask","Frozen Egg 2","Strawberry","Happy Flower","Incense Burner","PreservedInsect","CaptainsWheel","Fusion Hammer","PrismaticShard","Symbiotic Virus","Bag of Marbles","Art of War"],"acts_visited":["Exordium","TheCity","TheBeyond","TheEnding"],"potions_floor_usage":[10,27,47,55,55,55,56,56],"damage_taken":[{"damage":10,"enemies":"Small Slimes","floor":1,"turns":3},{"damage":0,"enemies":"Lagavulin","floor":6,"turns":7},{"damage":0,"enemies":"Cultist","floor":7,"turns":3},{"damage":0,"enemies":"2 Louse","floor":8,"turns":2},{"damage":2,"enemies":"3 Sentries","floor":10,"turns":7},{"damage":0,"enemies":"Gremlin Gang","floor":11,"turns":5},{"damage":4,"enemies":"3 Louse","floor":12,"turns":4},{"damage":13,"enemies":"Blue Slaver","floor":13,"turns":4},{"damage":0,"enemies":"2 Fungi Beasts","floor":14,"turns":3},{"damage":6,"enemies":"Hexaghost","floor":16,"turns":8},{"damage":0,"enemies":"Chosen","floor":18,"turns":9},{"damage":6,"enemies":"2 Thieves","floor":22,"turns":5},{"damage":0,"enemies":"Gremlin Leader","floor":23,"turns":8},{"damage":0,"enemies":"Book of Stabbing","floor":25,"turns":6},{"damage":0,"enemies":"Shelled Parasite and Fungi","floor":27,"turns":4},{"damage":0,"enemies":"3 Cultists","floor":28,"turns":5},{"damage":0,"enemies":"Slavers","floor":30,"turns":5},{"damage":0,"enemies":"Centurion and Healer","floor":31,"turns":5},{"damage":0,"enemies":"Champ","floor":33,"turns":12},{"damage":0,"enemies":"Orb Walker","floor":35,"turns":4},{"damage":11,"enemies":"3 Darklings","floor":36,"turns":4},{"damage":0,"enemies":"Sphere and 2 Shapes","floor":37,"turns":4},{"damage":0,"enemies":"Spire Growth","floor":39,"turns":7},{"damage":0,"enemies":"3 Darklings","floor":42,"turns":5},{"damage":2,"enemies":"Jaw Worm Horde","floor":44,"turns":5},{"damage":0,"enemies":"Giant Head","floor":45,"turns":8},{"damage":0,"enemies":"Transient","floor":47,"turns":6},{"damage":0,"enemies":"Awakened One","floor":50,"turns":13},{"damage":0,"enemies":"Time Eater","floor":51,"turns":12},{"damage":45,"enemies":"Shield and Spear","floor":55,"turns":8},{"damage":47,"enemies":"The Heart","floor":56,"turns":9}],"seed_played":"2772958881330564445","potions_obtained":[{"floor":1,"key":"ColorlessPotion"},{"floor":8,"key":"FairyPotion"},{"floor":10,"key":"Fire Potion"},{"floor":23,"key":"DuplicationPotion"},{"floor":27,"key":"BlessingOfTheForge"},{"floor":30,"key":"PowerPotion"},{"floor":55,"key":"Swift Potion"}],"is_trial":true,"path_per_floor":["M","?","$","T","?","E","M","M","T","E","M","M","M","M","R","B",null,"M","$","?","?","M","E","R","E","T","M","M","R","E","M","R","B",null,"M","M","M","$","M","R","?","M","T","M","E","?","M","?","R","B","B",null,"R","$","E","B"],"character_chosen":"DEFECT","items_purchased":["Defragment+1","Happy Flower","PrismaticShard","Consume","EntropicBrew"],"campfire_rested":3,"item_purchase_floors":[19,19,38,38,54],"current_hp_per_floor":[54,54,54,54,44,44,44,44,44,49,49,45,32,32,32,26,65,65,65,65,65,59,59,59,59,59,59,59,59,59,59,59,59,73,73,62,62,62,62,78,74,74,74,72,72,72,72,72,74,74,74,74,74,74,33,0,0],"gold":46,"neow_bonus":"","is_daily":false,"chose_seed":false,"campfire_upgraded":3,"win_rate":0.0,"timestamp":1610740274,"path_taken":["M","?","$","?","?","E","M","M","T","E","M","M","?","M","R","BOSS","M","$","?","?","M","E","R","E","T","M","M","R","E","M","R","BOSS","M","M","M","$","M","R","?","M","T","M","E","?","?","?","R","BOSS","BOSS","R","$","E","BOSS"],"items_purchased_type":["Card","Relic","Relic","Card","Potion"],"build_version":"2020-12-22","purchased_purges":1,"victory":false,"max_hp_per_floor":[71,71,71,71,71,71,71,71,71,78,78,78,78,78,78,78,78,78,78,78,78,78,78,78,78,78,78,78,78,78,78,78,78,78,78,78,78,78,78,78,74,74,74,74,74,74,74,74,74,74,74,74,74,74,74,74,74],"relic_stats":{"Happy Flower":[45],"counters":[31,190],"PreservedInsect":248,"Art of War":[4],"Smiling Mask":25,"obtain_stats":[{"Happy Flower":19,"PreservedInsect":25,"Incense Burner":23,"Frozen Egg 2":9,"Smiling Mask":6,"PrismaticShard":38,"FrozenCore":17,"Anchor":4,"CaptainsWheel":30,"Strawberry":10,"Fusion Hammer":34,"Bag of Marbles":45,"Art of War":55,"Cracked Core":0,"Symbiotic Virus":43},{"Happy Flower":11,"PreservedInsect":14,"Incense Burner":13,"Frozen Egg 2":4,"Smiling Mask":2,"PrismaticShard":22,"FrozenCore":10,"Anchor":1,"CaptainsWheel":17,"Strawberry":5,"Fusion Hammer":19,"Bag of Marbles":26,"Art of War":30,"Cracked Core":0,"Symbiotic Virus":24},{"Happy Flower":55,"PreservedInsect":74,"Incense Burner":68,"Frozen Egg 2":15,"Smiling Mask":10,"PrismaticShard":117,"FrozenCore":46,"Anchor":3,"CaptainsWheel":88,"Strawberry":22,"Fusion Hammer":105,"Bag of Marbles":142,"Art of War":181,"Cracked Core":0,"Symbiotic Virus":129}],"FrozenCore":[60]},"card_choices":[{"not_picked":["Genetic Algorithm","Streamline"],"picked":"Consume","floor":0},{"not_picked":["Compile Driver","White Noise"],"picked":"Go for the Eyes","floor":0},{"not_picked":["Self Repair","Redo"],"picked":"Cold Snap","floor":0},{"not_picked":["Static Discharge","Beam Cell"],"picked":"Sunder","floor":0},{"not_picked":["Gash","Streamline"],"picked":"Go for the Eyes","floor":0},{"not_picked":["Auto Shields","Chaos"],"picked":"Chill","floor":0},{"not_picked":["Steam","Hologram"],"picked":"Capacitor","floor":0},{"not_picked":["Conserve Battery","Chaos"],"picked":"Capacitor","floor":0},{"not_picked":["Rebound","Beam Cell"],"picked":"Compile Driver","floor":0},{"not_picked":["Stack","Go for the Eyes"],"picked":"Leap","floor":0},{"not_picked":["Go for the Eyes","Sweeping Beam"],"picked":"Leap","floor":0},{"not_picked":["Beam Cell","Compile Driver"],"picked":"Chill","floor":0},{"not_picked":["Double Energy","Force Field"],"picked":"Darkness","floor":0},{"not_picked":["Go for the Eyes","Beam Cell"],"picked":"Ball Lightning","floor":0},{"not_picked":["Undo","Auto Shields"],"picked":"Conserve Battery","floor":0},{"not_picked":["Rebound","Hello World","Turbo"],"picked":"SKIP","floor":1},{"not_picked":["Compile Driver","Meteor Strike"],"picked":"Ball Lightning","floor":6},{"not_picked":["Turbo","Genetic Algorithm"],"picked":"Defragment","floor":7},{"not_picked":["Ball Lightning","Static Discharge","Rebound"],"picked":"SKIP","floor":8},{"not_picked":["Ball Lightning","Double Energy"],"picked":"Capacitor+1","floor":10},{"not_picked":["Leap","Compile Driver"],"picked":"Blizzard","floor":11},{"not_picked":["Ball Lightning","Aggregate"],"picked":"Hologram","floor":12},{"not_picked":["Cold Snap","Redo","Leap"],"picked":"SKIP","floor":13},{"not_picked":["Compile Driver","Redo","Doom and Gloom"],"picked":"SKIP","floor":14},{"not_picked":["Machine Learning+1","Creative AI+1"],"picked":"Fission","floor":16},{"not_picked":["Coolheaded","Beam Cell","Conserve Battery"],"picked":"SKIP","floor":18},{"not_picked":["Leap","Steam","Gash"],"picked":"SKIP","floor":22},{"not_picked":["Reprogram","Hello World+1","White Noise"],"picked":"SKIP","floor":23},{"not_picked":["Double Energy","Turbo","Compile Driver+1"],"picked":"SKIP","floor":25},{"not_picked":["Stack","FTL"],"picked":"Glacier","floor":27},{"not_picked":["Compile Driver","Rebound","Gash+1"],"picked":"SKIP","floor":28},{"not_picked":["Gash","Sweeping Beam"],"picked":"Buffer+1","floor":30},{"not_picked":["Leap","Cold Snap+1","Reprogram+1"],"picked":"SKIP","floor":31},{"not_picked":["Fission","Hyperbeam"],"picked":"Electrodynamics+1","floor":33},{"not_picked":["Blizzard+1","Redo","Sweeping Beam"],"picked":"SKIP","floor":35},{"not_picked":["Sweeping Beam","Sunder+1","Rebound+1"],"picked":"SKIP","floor":36},{"not_picked":["Ball Lightning","Streamline","Self Repair+1"],"picked":"SKIP","floor":37},{"not_picked":["Hologram","Go for the Eyes","Scrawl"],"picked":"SKIP","floor":39},{"not_picked":["Swift Strike","Heatsinks+1","Vengeance"],"picked":"SKIP","floor":42},{"not_picked":["Turbo","Quick Slash","Stack"],"picked":"SKIP","floor":44},{"not_picked":["ClearTheMind","Sever Soul+1"],"picked":"Perseverance","floor":45},{"not_picked":["Underhanded Strike","Terror+1","CrushJoints+1"],"picked":"SKIP","floor":47},{"not_picked":["Mind Blast","Panacea"],"picked":"Bandage Up","floor":48},{"not_picked":["JustLucky","Combust+1"],"picked":"Chill","floor":55}],"player_experience":1682184,"relics_obtained":[{"floor":4,"key":"Anchor"},{"floor":6,"key":"Smiling Mask"},{"floor":9,"key":"Frozen Egg 2"},{"floor":10,"key":"Strawberry"},{"floor":23,"key":"Incense Burner"},{"floor":25,"key":"PreservedInsect"},{"floor":30,"key":"CaptainsWheel"},{"floor":43,"key":"Symbiotic Virus"},{"floor":45,"key":"Bag of Marbles"},{"floor":55,"key":"Art of War"}],"event_choices":[{"cards_removed":["Compile Driver"],"damage_healed":0,"gold_gain":0,"player_choice":"Purged","damage_taken":0,"max_hp_gain":0,"max_hp_loss":0,"event_name":"Purifier","floor":2,"gold_loss":0},{"damage_healed":0,"gold_gain":0,"player_choice":"Damaged","damage_taken":10,"max_hp_gain":0,"max_hp_loss":0,"event_name":"Wheel of Change","floor":5,"gold_loss":0},{"damage_healed":0,"gold_gain":0,"player_choice":"Ignored","damage_taken":0,"max_hp_gain":0,"max_hp_loss":0,"event_name":"Ghosts","floor":20,"gold_loss":0},{"damage_healed":0,"gold_gain":0,"player_choice":"Ignored","damage_taken":0,"max_hp_gain":0,"max_hp_loss":0,"event_name":"Vampires","floor":21,"gold_loss":0},{"damage_healed":0,"gold_gain":0,"player_choice":"Max HP","damage_taken":0,"max_hp_gain":0,"max_hp_loss":4,"event_name":"Winding Halls","floor":41,"gold_loss":0},{"damage_healed":0,"gold_gain":0,"player_choice":"Ignored","damage_taken":0,"max_hp_gain":0,"max_hp_loss":0,"event_name":"Purifier","floor":46,"gold_loss":0},{"damage_healed":0,"gold_gain":0,"player_choice":"Memory 1","damage_taken":0,"max_hp_gain":0,"max_hp_loss":0,"event_name":"SensoryStone","floor":48,"gold_loss":0}],"is_beta":false,"boss_relics":[{"not_picked":["SacredBark","Cursed Key"],"picked":"FrozenCore"},{"not_picked":["Empty Cage","Coffee Dripper"],"picked":"Fusion Hammer"}],"items_purged_floors":[19],"is_endless":false,"potions_floor_spawned":[1,8,10,23,27,30,31,37,42,45,55],"killed_by":"The Heart","ascension_level":20}}