{"host":"gndxudri6ebovps6","time":1610688397,"event":{"mods":["AchievementEnabler","Act Like it!","Aspiration","BaseMod","Better Altar","Better Match","Better Note","Better Sensory Stone","Better Skull","Better Vampires","BetterRewards","Block Reminder","Conspire","GifTheSpireLib","Hubris","Infinite Spire","Marked Mod","Minty Spire (QoL Compilation)","Pale of the Ancients","Quick Restart","Replay The Spire","Shop Mod","Spicy Shops","Spikes Relics","StSLib","Stuff the Spire","The Bug Knight","The Cursed","The Disciple","The Judge","The Necromancer","everything is the same but u backflip on backflip","vexMod"],"gold_per_floor":[115,190,190,205,225,251,264,279,279,289,305,480,480,493,493,589,589,604,604,619,619,619,619,638,657,703,703,228,256,275,300,300,400,400,423,423,450,468,468],"floor_reached":38,"language":"ENG","playtime":1326,"items_purged":[],"score":525,"play_id":"f50c537e-1d74-4ef6-9cb6-40f376b77c2d","local_time":"20210115032637","is_ascension_mode":true,"campfire_choices":[{"data":"Death_March_Dance","floor":13.0,"key":"SMITH"},{"data":"Death_Knell","floor":15.0,"key":"SMITH"},{"data":"Blood_Is_Power","floor":23.0,"key":"SMITH"},{"data":"Spectral_Armor","floor":27.0,"key":"SMITH"},{"floor":32.0,"key":"REST"}],"circlet_count":0,"master_deck":["Strike_W","Strike_W","Strike_W","Strike_W","Defend_W","Defend_W","Defend_W","Defend_W","Negative_Energy_Arrows","Bone_Wall","Consume_Illness","Negative_Energy_Javelin","Spectral_Armor+1","Life_Drain","Negative_Energy_Javelin","Death_Knell+1","Blood_Is_Power+1","Death_March_Dance+1","Doubt","Consume_Illness","Detonate_Bones+1","Bone_Prison+1","Writhe","Death_Knell+1","Bone_Armory+1","Negative_Energy_Sphere+1","Sharp Hide+1","Uncharnel+1","Chill_Blood+1","Necrotic_Claws+1","Blood_Magic+1","CurseOfTheBell","Bone_Spikes+1","Slay_Living"],"relics":["Vampire_Amulet","Happy Flower","hubris:Icosahedron","Golden Egg","StuffTheSpire:Gunfinga","hubris:Backtick","Membership Card","infinitespire:EmpoweringShard","hubris:Towel","aspiration:RitualStick","Bag of Marbles","Oddly Smooth Stone","RollingBoulder","HandDrill","hubris:TenFootPole","Toxic Egg 2","Matryoshka","infinitespire:Golems Mask","Calling Bell","Replay:Bandana","conspire:BottledYoYo","infinitespire:Magic Flask"],"acts_visited":["Exordium","TheCity","TheBeyond"],"potions_floor_usage":[35,37],"damage_taken":[{"damage":0.0,"enemies":"Jaw Worm","floor":1.0,"turns":5.0},{"damage":2.0,"enemies":"Small Slimes","floor":4.0,"turns":3.0},{"damage":0.0,"enemies":"2 Louse","floor":5.0,"turns":3.0},{"damage":6.0,"enemies":"Gremlin Nob","floor":6.0,"turns":4.0},{"damage":8.0,"enemies":"Looter","floor":7.0,"turns":4.0},{"damage":0.0,"enemies":"Large Slime","floor":8.0,"turns":4.0},{"damage":1.0,"enemies":"Exordium Wildlife","floor":10.0,"turns":3.0},{"damage":0.0,"enemies":"Lots of Slimes","floor":11.0,"turns":3.0},{"damage":7.0,"enemies":"Looter","floor":14.0,"turns":2.0},{"damage":8.0,"enemies":"Slime Boss","floor":16.0,"turns":7.0},{"damage":8.0,"enemies":"Chosen","floor":18.0,"turns":5.0},{"damage":10.0,"enemies":"Shell Parasite","floor":20.0,"turns":5.0},{"damage":19.0,"enemies":"Shelled Parasite and Fungi","floor":24.0,"turns":5.0},{"damage":15.0,"enemies":"Cultist and Chosen","floor":25.0,"turns":6.0},{"damage":16.0,"enemies":"Book of Stabbing","floor":29.0,"turns":4.0},{"damage":17.0,"enemies":"Centurion and Healer","floor":30.0,"turns":5.0},{"damage":21.0,"enemies":"HollowMod:Nosk","floor":31.0,"turns":6.0},{"damage":55,"enemies":"Collector","floor":33,"turns":8},{"damage":11,"enemies":"Orb Walker","floor":35,"turns":4},{"damage":10,"enemies":"3 Shapes","floor":37,"turns":4},{"damage":61,"enemies":"conspire:MimicChest","floor":38,"turns":5}],"seed_played":"5125973859259685162","potions_obtained":[{"floor":5.0,"key":"AttackPotion"},{"floor":7.0,"key":"Explosive Potion"},{"floor":10.0,"key":"PowerPotion"},{"floor":11.0,"key":"Dexterity Potion"},{"floor":16.0,"key":"Fire Potion"},{"floor":18.0,"key":"Block Potion"},{"floor":20.0,"key":"DuplicationPotion"},{"floor":29.0,"key":"Energy Potion"},{"floor":33,"key":"LiquidMemories"},{"floor":35,"key":"AttackPotion"}],"is_trial":false,"path_per_floor":["M","?","?","M","M","E","M","M","T","M","M","?","R","M","R","B",null,"M","?","M","?","?","R","M","M","T","R","$","E","M","E","R","B",null,"M","?","M","?"],"character_chosen":"NECROMANCER","items_purchased":["Oddly Smooth Stone","RollingBoulder","HandDrill","hubris:TenFootPole","Toxic Egg 2","Sharp Hide+1"],"campfire_rested":1,"item_purchase_floors":[28,28,28,28,28,28],"current_hp_per_floor":[75,64,64,66,70,66,66,75,75,75,75,75,75,70,70,75,75,71,71,69,69,54,54,48,46,46,46,46,38,34,24,46,9,59,50,50,52,0,0],"gold":468,"neow_bonus":"RANDOM_COMMON_RELIC","is_daily":false,"chose_seed":false,"campfire_upgraded":4,"win_rate":0.0,"timestamp":1610688397,"path_taken":["M","?","?","M","?","E","M","M","T","M","M","?","R","M","R","BOSS","M","?","M","?","?","R","M","M","T","R","$","E","M","E","R","BOSS","M","?","?","?"],"items_purchased_type":["Relic","Relic","Relic","Relic","Relic","Card"],"build_version":"2020-12-22","purchased_purges":0,"victory":false,"max_hp_per_floor":[75,75,75,75,75,75,75,75,75,75,75,75,75,75,75,75,75,75,75,75,75,75,75,75,75,75,75,75,75,75,75,75,75,75,75,75,75,75,75],"card_choices":[{"not_picked":["Blood_Whip","Negative_Energy_Sphere"],"picked":"Consume_Illness","floor":1.0},{"not_picked":["Life_Drain","Life_Tap"],"picked":"Negative_Energy_Javelin","floor":4.0},{"not_picked":["Death_Coil","Negative_Energy_Sphere"],"picked":"Spectral_Armor","floor":5.0},{"not_picked":["Detonate_Bones","Death_Coil"],"picked":"Life_Drain","floor":6.0},{"not_picked":["Finger_Of_Death","Whirlwind_of_Bones"],"picked":"Negative_Energy_Javelin","floor":7.0},{"not_picked":["Blood_for_Blood","Exploit"],"picked":"Death_Knell","floor":8.0},{"not_picked":["Death_March_Dance","Scare"],"picked":"Blood_Is_Power","floor":10.0},{"not_picked":["Necromantic_Selection","Bones_to_Steel"],"picked":"Death_March_Dance","floor":11.0},{"not_picked":["Finger_Of_Death","Flesh_Made_Foul"],"picked":"Consume_Illness","floor":14.0},{"not_picked":["Reap_The_Weak","Negative_Energy_Bomb"],"picked":"Detonate_Bones","floor":16.0},{"not_picked":["Death_Knell+1","Necromantic_Selection"],"picked":"Bone_Prison","floor":18.0},{"not_picked":["Blood_for_Blood+1","Bone_Armor"],"picked":"Death_Knell+1","floor":20.0},{"not_picked":["Scare","Pandemic"],"picked":"Bone_Armory+1","floor":24.0},{"not_picked":["Life_Tap","Blood_Wake"],"picked":"Negative_Energy_Sphere+1","floor":25.0},{"not_picked":["Negative_Energy_Bomb","Blood_Curse"],"picked":"Uncharnel+1","floor":29.0},{"not_picked":["Violent_Necrosis+1","Negative_Energy_Javelin"],"picked":"Chill_Blood+1","floor":30.0},{"not_picked":["Epidemic+1","Whirlwind_of_Bones"],"picked":"Necrotic_Claws+1","floor":31.0},{"not_picked":["Detonate_Bones","Reap_The_Weak"],"picked":"Blood_Magic","floor":33},{"not_picked":["Summon_Lich","Death_Coil"],"picked":"Bone_Spikes+1","floor":35},{"not_picked":["Necromantic_Selection+1","Scare+1"],"picked":"Slay_Living","floor":37}],"player_experience":508674,"relics_obtained":[{"floor":6.0,"key":"Golden Egg"},{"floor":9.0,"key":"StuffTheSpire:Gunfinga"},{"floor":26.0,"key":"Bag of Marbles"},{"floor":29.0,"key":"Matryoshka"},{"floor":31.0,"key":"infinitespire:Golems Mask"},{"floor":34,"key":"Replay:Bandana"},{"floor":34,"key":"conspire:BottledYoYo"},{"floor":34,"key":"infinitespire:Magic Flask"}],"event_choices":[{"damage_healed":0.0,"max_hp_gain":0.0,"max_hp_loss":0.0,"gold_gain":75.0,"event_name":"World of Goop","player_choice":"Gather Gold","floor":2.0,"gold_loss":0.0,"damage_taken":11.0},{"damage_healed":0.0,"max_hp_gain":0.0,"max_hp_loss":0.0,"gold_gain":175.0,"event_name":"Liars Game","player_choice":"AGREE","floor":12.0,"gold_loss":0.0,"damage_taken":0.0,"cards_obtained":["Doubt"]},{"damage_healed":0.0,"max_hp_gain":0.0,"max_hp_loss":0.0,"gold_gain":0.0,"event_name":"The Mausoleum","player_choice":"Opened","floor":19.0,"gold_loss":0.0,"damage_taken":0.0,"relics_obtained":["infinitespire:EmpoweringShard"],"cards_obtained":["Writhe"]},{"damage_healed":0,"gold_gain":0,"player_choice":"Forge","damage_taken":0,"max_hp_gain":0,"max_hp_loss":0,"event_name":"Accursed Blacksmith","floor":36,"gold_loss":0,"cards_upgraded":["Bone_Prison"]}],"is_beta":false,"boss_relics":[{"not_picked":["Painkiller Herb","Sozu"],"picked":"hubris:Backtick"},{"not_picked":["StuffTheSpire:Kangaroo","Snecko Eye"],"picked":"Calling Bell"}],"items_purged_floors":[],"is_endless":false,"potions_floor_spawned":[5,7,10,11,16,18,20,29,33,35],"killed_by":"conspire:MimicChest","ascension_level":5}}