{"host":"xt3o4iokwksypl90","time":1610745059,"event":{"mods":["AchievementEnabler","BaseMod","Googly Eyes","Highlight Path","Minty Spire (QoL Compilation)","Permanent Neow"],"gold_per_floor":[110,285,285,285,301,301,329,346,346,362,362,362,374,390,390,486,486,496,150,162,162,162],"floor_reached":21,"language":"ENG","playtime":1582,"items_purged":["Doubt"],"score":268,"play_id":"d7aa03e3-c159-4ab0-bea1-f47a57812a81","local_time":"20210115221059","is_ascension_mode":true,"campfire_choices":[{"data":"White Noise","floor":6,"key":"SMITH"},{"data":"Chill","floor":12,"key":"SMITH"},{"data":"Zap","floor":15,"key":"SMITH"}],"circlet_count":0,"master_deck":["Strike_B","Strike_B","Strike_B","Strike_B","Defend_B","Defend_B+1","Defend_B","Defend_B","Zap+1","Dualcast+1","White Noise+1","Turbo","Chill+1","Heatsinks","Undo","Force Field","Multi-Cast","BootSequence","Defragment","Beam Cell"],"relics":["Cracked Core","NeowsBlessing","Emotion Chip","Unceasing Top","Darkstone Periapt","Sozu","Dream Catcher"],"acts_visited":["Exordium","TheCity"],"potions_floor_usage":[14,16,16],"damage_taken":[{"damage":0,"enemies":"2 Louse","floor":1,"turns":1},{"damage":0,"enemies":"Small Slimes","floor":5,"turns":1},{"damage":0,"enemies":"3 Sentries","floor":7,"turns":1},{"damage":0,"enemies":"Cultist","floor":8,"turns":3},{"damage":4,"enemies":"Lots of Slimes","floor":10,"turns":7},{"damage":4,"enemies":"Gremlin Gang","floor":13,"turns":9},{"damage":10,"enemies":"Large Slime","floor":14,"turns":8},{"damage":24,"enemies":"Slime Boss","floor":16,"turns":13},{"damage":20,"enemies":"Shell Parasite","floor":18,"turns":10},{"damage":15,"enemies":"3 Byrds","floor":20,"turns":7},{"damage":40,"enemies":"Cultist and Chosen","floor":21,"turns":6}],"seed_played":"1465909138782442468","potions_obtained":[{"floor":5,"key":"Fire Potion"},{"floor":7,"key":"DuplicationPotion"},{"floor":13,"key":"Block Potion"},{"floor":14,"key":"Fruit Juice"}],"is_trial":false,"path_per_floor":["M","?","?","?","M","R","E","M","T","M","?","R","M","M","R","B",null,"M","$","M","M"],"character_chosen":"DEFECT","items_purchased":["Defragment","Beam Cell","Dream Catcher"],"campfire_rested":0,"item_purchase_floors":[19,19,19],"current_hp_per_floor":[68,68,53,41,41,41,41,41,41,37,42,42,38,33,33,9,66,46,46,31,0,0],"gold":162,"neow_bonus":"THREE_ENEMY_KILL","is_daily":false,"chose_seed":false,"campfire_upgraded":3,"win_rate":0.0,"timestamp":1610745059,"path_taken":["M","?","?","?","M","R","E","M","T","M","?","R","M","M","R","BOSS","M","$","M","M"],"items_purchased_type":["Card","Card","Relic"],"build_version":"2020-12-22","purchased_purges":1,"victory":false,"max_hp_per_floor":[75,75,75,75,75,75,75,75,75,75,80,80,80,85,85,85,85,85,85,85,85,85],"card_choices":[{"not_picked":["Steam","Ball Lightning"],"picked":"White Noise","floor":1},{"not_picked":["Beam Cell","Barrage"],"picked":"Turbo","floor":5},{"not_picked":["Defragment","Beam Cell"],"picked":"Chill","floor":7},{"not_picked":["Undo","Lockon"],"picked":"Heatsinks","floor":8},{"not_picked":["Consume","Ball Lightning"],"picked":"Undo","floor":10},{"not_picked":["Turbo","Leap"],"picked":"Force Field","floor":13},{"not_picked":["Sweeping Beam","Sunder","Auto Shields"],"picked":"SKIP","floor":14},{"not_picked":["Amplify","Rainbow"],"picked":"Multi-Cast","floor":16},{"not_picked":["FTL+1","Skim"],"picked":"BootSequence","floor":18},{"not_picked":["Steam","Hologram","Compile Driver"],"picked":"SKIP","floor":20}],"player_experience":330073,"relics_obtained":[{"floor":7,"key":"Unceasing Top"},{"floor":9,"key":"Darkstone Periapt"}],"event_choices":[{"damage_healed":0,"gold_gain":175,"player_choice":"AGREE","damage_taken":0,"max_hp_gain":0,"max_hp_loss":0,"event_name":"Liars Game","floor":2,"gold_loss":0,"cards_obtained":["Doubt"]},{"damage_healed":0,"gold_gain":0,"player_choice":"Entered Light","damage_taken":15,"max_hp_gain":0,"max_hp_loss":0,"event_name":"Shining Light","floor":3,"gold_loss":0,"cards_upgraded":["Dualcast","Defend_B"]},{"damage_healed":0,"gold_gain":0,"player_choice":"Success","damage_taken":12,"relics_obtained":["Emotion Chip"],"max_hp_gain":0,"max_hp_loss":0,"event_name":"Scrap Ooze","floor":4,"gold_loss":0},{"damage_healed":0,"gold_gain":0,"player_choice":"Donut","damage_taken":0,"max_hp_gain":5,"max_hp_loss":0,"event_name":"Big Fish","floor":11,"gold_loss":0}],"is_beta":false,"boss_relics":[{"not_picked":["Cursed Key","Runic Pyramid"],"picked":"Sozu"}],"items_purged_floors":[19],"is_endless":false,"potions_floor_spawned":[5,7,13,14,18,20],"killed_by":"Cultist and Chosen","ascension_level":6}}