{"host":"jl3raagrljzztomj","time":1610719267,"event":{"mods":["Aspiration","BaseMod","BetterRewards","Colored Map","Colored Powertips","Custom Start","Hermit","Highlight Path","Minty Spire (QoL Compilation)","Permanent Neow","StSLib","SuperFastMode","The Runesmith"],"gold_per_floor":[119,119,8,18,18,47,65,65,89,103,138,138,138,185,185,288,288,305,305,318,593,610,642,642,322,346,346,356,356,389,404,404,506,506,517,517,517,530,540,572,572,622,691,0,0,0],"floor_reached":45,"language":"ENG","playtime":1673,"items_purged":["Strike_B","Regret"],"score":564,"play_id":"379eab53-e00e-4a49-9497-2ccfda130724","local_time":"20210115080107","is_ascension_mode":false,"campfire_choices":[{"data":"Fusion","floor":8,"key":"SMITH"},{"floor":12,"key":"REST"},{"data":"Zap","floor":15,"key":"SMITH"},{"floor":24,"key":"REST"},{"data":"Multi-Cast","floor":27,"key":"SMITH"},{"data":"Electrodynamics","floor":32,"key":"SMITH"},{"floor":41,"key":"REST"}],"circlet_count":0,"master_deck":["Strike_B","Strike_B","Strike_B","Defend_B+1","Defend_B","Defend_B","Defend_B","Zap+1","Dualcast+1","Tempest","Capacitor","Fusion+1","Conserve Battery","Turbo","Meteor Strike","Multi-Cast+1","Conserve Battery","Conserve Battery","Electrodynamics+1","Capacitor","Glacier+1","Barrage+1","Seek","Capacitor+1","Conserve Battery","Pain"],"relics":["Cracked Core","War Paint","Meat on the Bone","Bottled Lightning","Bronze Scales","aspiration:EnhancedActuators","Art of War","aspiration:BursterCore","Happy Flower","Lee\u0027s Waffle","Bag of Marbles","Smiling Mask","Cursed Key","Emotion Chip","Turnip","Pear","Red Mask"],"acts_visited":["Exordium","TheCity","TheBeyond"],"potions_floor_usage":[11,11,23,33,33,40,45],"damage_taken":[{"damage":0,"enemies":"2 Louse","floor":1,"turns":2},{"damage":1,"enemies":"Cultist","floor":4,"turns":3},{"damage":21,"enemies":"Lagavulin","floor":6,"turns":7},{"damage":1,"enemies":"Jaw Worm","floor":7,"turns":3},{"damage":2,"enemies":"Blue Slaver","floor":10,"turns":3},{"damage":4,"enemies":"Gremlin Nob","floor":11,"turns":4},{"damage":7,"enemies":"Slime Boss","floor":16,"turns":7},{"damage":6,"enemies":"3 Byrds","floor":18,"turns":3},{"damage":22,"enemies":"2 Thieves","floor":20,"turns":3},{"damage":1,"enemies":"Centurion and Healer","floor":22,"turns":5},{"damage":39,"enemies":"Slavers","floor":23,"turns":4},{"damage":13,"enemies":"Snecko","floor":28,"turns":5},{"damage":12,"enemies":"Book of Stabbing","floor":30,"turns":5},{"damage":0,"enemies":"Chosen and Byrds","floor":31,"turns":4},{"damage":53,"enemies":"Champ","floor":33,"turns":9},{"damage":4,"enemies":"3 Shapes","floor":35,"turns":4},{"damage":15,"enemies":"Orb Walker","floor":38,"turns":3},{"damage":0,"enemies":"Maw","floor":39,"turns":7},{"damage":33,"enemies":"Reptomancer","floor":40,"turns":4},{"damage":6,"enemies":"Mind Bloom Boss Battle","floor":42,"turns":7},{"damage":98,"enemies":"Nemesis","floor":45,"turns":7}],"seed_played":"-6054141132169040865","potions_obtained":[{"floor":1,"key":"ColorlessPotion"},{"floor":4,"key":"Fire Potion"},{"floor":6,"key":"SneckoOil"},{"floor":22,"key":"Swift Potion"},{"floor":28,"key":"ColorlessPotion"},{"floor":30,"key":"Block Potion"},{"floor":31,"key":"Fire Potion"},{"floor":38,"key":"Strength Potion"},{"floor":42,"key":"SpeedPotion"}],"is_trial":false,"path_per_floor":["M","?","$","M","?","E","M","R","T","M","E","R","$","T","R","B",null,"M","?","M","?","M","E","R","$","T","R","M","?","E","M","R","B",null,"M","?","?","M","M","E","R","?","T","?","E"],"character_chosen":"DEFECT","items_purchased":["Capacitor","Capacitor","Lee\u0027s Waffle"],"campfire_rested":3,"item_purchase_floors":[3,25,25],"current_hp_per_floor":[75,75,75,74,62,41,40,40,40,38,46,68,68,68,68,61,75,69,69,47,47,46,19,41,82,82,82,69,69,57,57,57,16,82,78,82,82,67,67,46,70,64,74,74,0,0],"gold":0,"neow_bonus":"RANDOM_COMMON_RELIC","is_daily":false,"chose_seed":false,"campfire_upgraded":4,"win_rate":0.0,"timestamp":1610719267,"path_taken":["M","?","$","?","?","E","M","R","T","M","E","R","$","?","R","BOSS","M","?","M","?","?","E","R","$","T","R","M","?","E","?","R","BOSS","M","?","?","M","?","E","R","?","T","?","E"],"items_purchased_type":["Card","Card","Relic"],"build_version":"2020-12-22","purchased_purges":2,"victory":false,"max_hp_per_floor":[75,75,75,75,75,75,75,75,75,75,75,75,75,75,75,75,75,75,75,75,75,75,75,75,82,82,82,82,82,82,82,82,82,82,82,82,82,82,82,82,82,82,92,92,92,92],"card_choices":[{"not_picked":["Beam Cell","Auto Shields"],"picked":"Tempest","floor":1},{"not_picked":["Auto Shields","Sweeping Beam"],"picked":"Fusion","floor":4},{"not_picked":["Coolheaded","Seek"],"picked":"Conserve Battery","floor":6},{"not_picked":["Sweeping Beam","FTL"],"picked":"Turbo","floor":7},{"not_picked":["Go for the Eyes","Cold Snap"],"picked":"Meteor Strike","floor":10},{"not_picked":["Hello World","All For One","Leap"],"picked":"SKIP","floor":11},{"not_picked":["Biased Cognition","Core Surge"],"picked":"Multi-Cast","floor":16},{"not_picked":["Stack","Go for the Eyes+1","Beam Cell"],"picked":"SKIP","floor":18},{"not_picked":["Beam Cell","Coolheaded"],"picked":"Conserve Battery","floor":20},{"not_picked":["Reprogram","Creative AI"],"picked":"Conserve Battery","floor":22},{"not_picked":["Streamline","Steam"],"picked":"Electrodynamics","floor":23},{"not_picked":["Redo","Compile Driver"],"picked":"Glacier+1","floor":28},{"not_picked":["Steam Power","Darkness"],"picked":"Barrage+1","floor":30},{"not_picked":["Loop","Cold Snap","White Noise"],"picked":"SKIP","floor":31},{"not_picked":["Hyperbeam","Creative AI"],"picked":"Seek","floor":33},{"not_picked":["Rebound","Stack+1","Darkness+1"],"picked":"SKIP","floor":35},{"not_picked":["Sweeping Beam+1","Coolheaded","BootSequence"],"picked":"SKIP","floor":38},{"not_picked":["Sweeping Beam","Chaos"],"picked":"Capacitor+1","floor":39},{"not_picked":["Creative AI","Stack"],"picked":"Conserve Battery","floor":40}],"player_experience":944252,"relics_obtained":[{"floor":6,"key":"Bottled Lightning"},{"floor":9,"key":"Bronze Scales"},{"floor":11,"key":"aspiration:EnhancedActuators"},{"floor":14,"key":"Art of War"},{"floor":23,"key":"Happy Flower"},{"floor":26,"key":"Bag of Marbles"},{"floor":30,"key":"Smiling Mask"},{"floor":40,"key":"Emotion Chip"},{"floor":42,"key":"Turnip"},{"floor":43,"key":"Pear"}],"event_choices":[{"damage_healed":0,"gold_gain":0,"player_choice":"Ignored","damage_taken":0,"max_hp_gain":0,"max_hp_loss":0,"event_name":"NoteForYourself","floor":2,"gold_loss":0},{"damage_healed":0,"gold_gain":0,"player_choice":"Success","damage_taken":12,"relics_obtained":["Meat on the Bone"],"max_hp_gain":0,"max_hp_loss":0,"event_name":"Scrap Ooze","floor":5,"gold_loss":0},{"damage_healed":0,"gold_gain":0,"player_choice":"Ignored","damage_taken":0,"max_hp_gain":0,"max_hp_loss":0,"event_name":"Ghosts","floor":19,"gold_loss":0},{"damage_healed":0,"gold_gain":275,"player_choice":"Desecrate","damage_taken":0,"max_hp_gain":0,"max_hp_loss":0,"event_name":"Golden Shrine","floor":21,"gold_loss":0,"cards_obtained":["Regret"]},{"damage_healed":0,"gold_gain":0,"player_choice":"Cursed","damage_taken":0,"max_hp_gain":0,"max_hp_loss":0,"event_name":"Wheel of Change","floor":29,"gold_loss":0,"cards_obtained":["Decay"]},{"cards_removed":["Decay"],"damage_healed":0,"gold_gain":0,"player_choice":"Purged","damage_taken":0,"max_hp_gain":0,"max_hp_loss":0,"event_name":"Purifier","floor":37,"gold_loss":0},{"damage_healed":0,"gold_gain":0,"player_choice":"Fight","damage_taken":0,"max_hp_gain":0,"max_hp_loss":0,"event_name":"MindBloom","floor":42,"gold_loss":0},{"damage_healed":0,"gold_gain":0,"player_choice":"Paid","damage_taken":0,"relics_obtained":["Red Mask"],"max_hp_gain":0,"max_hp_loss":0,"event_name":"Tomb of Lord Red Mask","floor":44,"gold_loss":691}],"is_beta":false,"boss_relics":[{"not_picked":["Empty Cage","Astrolabe"],"picked":"aspiration:BursterCore"},{"not_picked":["SlaversCollar","Snecko Eye"],"picked":"Cursed Key"}],"items_purged_floors":[3,25],"is_endless":false,"potions_floor_spawned":[1,4,6,22,28,30,31,38,42],"killed_by":"Nemesis","ascension_level":0}}