{"host":"dr5t8qsew5rvjx1s","time":1610715240,"event":{"mods":["Act Like it!","BaseMod","Colored Powertips","Minty Spire (QoL Compilation)","Pale of the Ancients","Replay The Spire","StSLib","The Alterego"],"gold_per_floor":[114,114,114,130,141,141,152,152,152,171,171,205,175,157,157,254,254,267,277,290,290,306,306,333,46,126,136,136,165,165,182,182,279,329,340,44,55,73,73,73,98,98,98,98,114,114,127,127,127,127,127,127,127],"floor_reached":52,"language":"ENG","playtime":5788,"items_purged":[],"score":573,"play_id":"c5b8cf75-b796-4b7a-932a-a938200f2612","local_time":"20210115135400","is_ascension_mode":false,"campfire_choices":[{"data":"alterego_mod:BrynhildrsRune","floor":6.0,"key":"SMITH"},{"data":"alterego_mod:Mirror","floor":8.0,"key":"SMITH"},{"data":"alterego_mod:Schoolgirl","floor":11.0,"key":"SMITH"},{"floor":15.0,"key":"REST"},{"floor":23.0,"key":"RECALL"},{"floor":28.0,"key":"REST"},{"floor":30.0,"key":"DIG"},{"data":"alterego_mod:Venus","floor":32.0,"key":"SMITH"},{"floor":40.0,"key":"REST"},{"floor":42.0,"key":"REST"},{"floor":46.0,"key":"REST"},{"floor":49.0,"key":"DIG"}],"circlet_count":0,"master_deck":["alterego_mod:Strike","alterego_mod:Strike","alterego_mod:Strike","alterego_mod:Strike","alterego_mod:Defend","alterego_mod:Defend","alterego_mod:Defend","alterego_mod:Defend","alterego_mod:Impale","alterego_mod:BigMeatyClaws","alterego_mod:BrynhildrsRune+1","alterego_mod:Cooking","alterego_mod:Schoolgirl+1","alterego_mod:MagicResistance","alterego_mod:Mirror+1","alterego_mod:Cooking","alterego_mod:Support","alterego_mod:Mirror","alterego_mod:Venus+1","alterego_mod:MaintainEyeContact","alterego_mod:ChallengeComplete+1","Shame","alterego_mod:MaintainEyeContact+1","alterego_mod:BustOut","alterego_mod:Pet","alterego_mod:Vow","alterego_mod:Cushion+1","alterego_mod:Clones+1","alterego_mod:Jiggle+1","Parasite","alterego_mod:SakuraFive","alterego_mod:SakuraFive"],"relics":["alterego_mod:MasochisticConstitution","Darkstone Periapt","Iron Hammer","Tiny Chest","Velvet Choker","Gremlin Horn","Shovel","Kunai","Red Mask","Replay:Mystery Machine","Tiny House","Lizard Tail","ReplayTheSpireMod:TigerMarble","Replay:Towering Pillar of Hats","Sundial","Toy Ornithopter","paleoftheancients:Timepiece","paleoftheancients:KeyRelic","Mercury Hourglass","Spirit Poop"],"acts_visited":["Exordium","TheCity","TheBeyond","TheBeyond"],"potions_floor_usage":[],"damage_taken":[{"damage":13.0,"enemies":"Jaw Worm","floor":1.0,"turns":12.0},{"damage":4.0,"enemies":"Cultist","floor":4.0,"turns":6.0},{"damage":0.0,"enemies":"2 Louse","floor":5.0,"turns":4.0},{"damage":38.0,"enemies":"Lots of Slimes","floor":7.0,"turns":8.0},{"damage":9.0,"enemies":"3 Louse","floor":10.0,"turns":3.0},{"damage":60.0,"enemies":"3 Sentries","floor":12.0,"turns":22.0},{"damage":6.0,"enemies":"Looter","floor":13.0,"turns":4.0},{"damage":2.0,"enemies":"Exordium Thugs","floor":14.0,"turns":4.0},{"damage":75.0,"enemies":"Fading Forest","floor":16.0,"turns":12.0},{"damage":17.0,"enemies":"Shell Parasite","floor":18.0,"turns":6.0},{"damage":2.0,"enemies":"3 Byrds","floor":19.0,"turns":5.0},{"damage":56.0,"enemies":"3 Cultists","floor":20.0,"turns":7.0},{"damage":22.0,"enemies":"Centurion and Healer","floor":22.0,"turns":8.0},{"damage":21.0,"enemies":"Snecko","floor":27.0,"turns":8.0},{"damage":6.0,"enemies":"Masked Bandits","floor":29.0,"turns":6.0},{"damage":6.0,"enemies":"Sentry and Sphere","floor":31.0,"turns":10.0},{"damage":34.0,"enemies":"Automaton","floor":33.0,"turns":16.0},{"damage":38.0,"enemies":"3 Darklings","floor":35.0,"turns":10.0},{"damage":35.0,"enemies":"Orb Walker","floor":37.0,"turns":7.0},{"damage":73.0,"enemies":"Sphere and 2 Shapes","floor":38.0,"turns":12.0},{"damage":132.0,"enemies":"Giant Head","floor":41.0,"turns":19.0},{"damage":0.0,"enemies":"Writhing Mass","floor":45.0,"turns":10.0},{"damage":35.0,"enemies":"4 Shapes","floor":47.0,"turns":11.0},{"damage":75.0,"enemies":"Replay:Hell Engine","floor":50.0,"turns":9.0},{"damage":144,"enemies":"Replay:Hell Engine","floor":51,"turns":4},{"damage":103,"enemies":"Replay:Hell Engine","floor":52,"turns":17}],"seed_played":"2998526688483397813","potions_obtained":[{"floor":1.0,"key":"LiquidMemories"},{"floor":7.0,"key":"Dexterity Potion"},{"floor":14.0,"key":"SkillPotion"},{"floor":18.0,"key":"ColorlessPotion"},{"floor":19.0,"key":"PowerPotion"},{"floor":29.0,"key":"ColorlessPotion"},{"floor":31.0,"key":"ColorlessPotion"},{"floor":34.0,"key":"BlessingOfTheForge"},{"floor":39.0,"key":"EntropicBrew"},{"floor":39.0,"key":"Swift Potion"},{"floor":41.0,"key":"EntropicBrew"}],"is_trial":false,"path_per_floor":["M","?","?","M","M","R","M","R","T","M","R","E","M","M","R","B",null,"M","M","M","?","M","R","T","$","T","M","R","?","R","M","R","B",null,"M","$","M","M","?","R","E","R","T","T","M","R","M","?","R","B","M","M"],"character_chosen":"The_Alterego","items_purchased":["Shovel","Lizard Tail"],"campfire_rested":5,"item_purchase_floors":[25,36],"current_hp_per_floor":[72,65,70,77,84,84,82,82,82,86,86,51,52,57,83,25,90,84,92,62,68,69,69,69,69,69,59,89,102,102,103,103,89,109,96,96,75,31,31,64,9,42,42,42,54,89,82,82,82,121,94,0,0],"gold":127,"neow_bonus":"TEN_PERCENT_HP_BONUS","is_daily":false,"chose_seed":false,"campfire_upgraded":4,"win_rate":0.0,"timestamp":1610715240,"path_taken":["M","?","?","M","M","R","M","R","T","M","R","E","?","M","R","BOSS","M","M","?","?","M","R","?","$","T","?","R","?","R","M","R","BOSS","M","$","M","M","?","R","E","R","T","?","M","R","M","?","R","BOSS","M","M"],"items_purchased_type":["Relic","Relic"],"build_version":"2020-12-22","purchased_purges":0,"victory":false,"max_hp_per_floor":[78,78,83,84,84,84,85,85,85,86,86,87,88,89,89,90,90,91,92,93,99,100,100,100,100,100,101,101,102,102,103,103,104,109,110,110,111,112,112,112,113,113,113,113,119,119,120,120,120,121,122,122,122],"card_choices":[{"not_picked":["alterego_mod:PresenceConcealment","alterego_mod:Bounce"],"picked":"alterego_mod:Cooking","floor":1.0},{"not_picked":["alterego_mod:DeftHands","alterego_mod:GoddessCore"],"picked":"alterego_mod:Schoolgirl","floor":4.0},{"not_picked":["alterego_mod:BustOut","alterego_mod:SakuraLabyrinth"],"picked":"alterego_mod:MagicResistance","floor":5.0},{"not_picked":["alterego_mod:Rake","alterego_mod:Punishment"],"picked":"alterego_mod:Mirror","floor":7.0},{"not_picked":["alterego_mod:Maid","alterego_mod:Bloomers"],"picked":"alterego_mod:Cooking","floor":10.0},{"not_picked":["alterego_mod:Clap","alterego_mod:ClassAdvantage"],"picked":"alterego_mod:Support","floor":12.0},{"not_picked":["alterego_mod:Bloomers","alterego_mod:Clap"],"picked":"alterego_mod:Mirror","floor":13.0},{"not_picked":["alterego_mod:Punishment","alterego_mod:RocketPunch","alterego_mod:Support"],"picked":"SKIP","floor":14.0},{"not_picked":["alterego_mod:Lift","alterego_mod:SideboobHour"],"picked":"alterego_mod:Venus","floor":16.0},{"not_picked":["alterego_mod:BeGentle","alterego_mod:PerceptionDisorder","alterego_mod:Birthday"],"picked":"SKIP","floor":18.0},{"not_picked":["alterego_mod:GachaTicket","alterego_mod:Maid+1"],"picked":"alterego_mod:MaintainEyeContact","floor":19.0},{"not_picked":["alterego_mod:Cooking","alterego_mod:Undulate"],"picked":"alterego_mod:ChallengeComplete+1","floor":20.0},{"not_picked":["alterego_mod:SuperDuperMasochism+1","alterego_mod:Cycle+1"],"picked":"alterego_mod:MaintainEyeContact","floor":22.0},{"not_picked":["alterego_mod:Cooking","alterego_mod:GoddessCore"],"picked":"alterego_mod:BustOut","floor":27.0},{"not_picked":["alterego_mod:Jiggle","alterego_mod:Punishment"],"picked":"alterego_mod:Pet","floor":31.0},{"not_picked":["alterego_mod:Palingenesis","alterego_mod:Lift"],"picked":"alterego_mod:Vow","floor":33.0},{"not_picked":["alterego_mod:Swimsuit","alterego_mod:Stockings"],"picked":"alterego_mod:Cushion+1","floor":34.0},{"not_picked":["alterego_mod:BreastValley+1","alterego_mod:MagicResistance+1","alterego_mod:Skirt"],"picked":"SKIP","floor":35.0},{"not_picked":["alterego_mod:MagicResistance+1","alterego_mod:PresenceConcealment"],"picked":"alterego_mod:Clones+1","floor":37.0},{"not_picked":["alterego_mod:Complex+1","alterego_mod:DiscoLights"],"picked":"alterego_mod:Jiggle+1","floor":38.0},{"not_picked":["alterego_mod:DiscoLights","alterego_mod:BiFurious+1","alterego_mod:1TonWallop+1"],"picked":"SKIP","floor":41.0},{"not_picked":["alterego_mod:RidiculouslyBig+1","alterego_mod:Maid+1"],"picked":"alterego_mod:SakuraFive","floor":45.0},{"not_picked":["alterego_mod:Bounce+1","alterego_mod:DustData+1"],"picked":"alterego_mod:SakuraFive","floor":47.0}],"player_experience":584131,"relics_obtained":[{"floor":9.0,"key":"Iron Hammer"},{"floor":12.0,"key":"Tiny Chest"},{"floor":26.0,"key":"Kunai"},{"floor":29.0,"key":"Red Mask"},{"floor":30.0,"key":"Replay:Mystery Machine"},{"floor":41.0,"key":"ReplayTheSpireMod:TigerMarble"},{"floor":43.0,"key":"Replay:Towering Pillar of Hats"},{"floor":44.0,"key":"Sundial"},{"floor":49.0,"key":"Toy Ornithopter"}],"event_choices":[{"damage_healed":0.0,"max_hp_gain":0.0,"max_hp_loss":0.0,"gold_gain":0.0,"event_name":"Scrap Ooze","player_choice":"Success","floor":2.0,"gold_loss":0.0,"damage_taken":7.0,"relics_obtained":["Darkstone Periapt"]},{"damage_healed":0.0,"max_hp_gain":5.0,"max_hp_loss":0.0,"gold_gain":0.0,"event_name":"Big Fish","player_choice":"Donut","floor":3.0,"gold_loss":0.0,"damage_taken":0.0},{"damage_healed":0.0,"max_hp_gain":0.0,"max_hp_loss":0.0,"gold_gain":0.0,"event_name":"Addict","player_choice":"Stole Relic","floor":21.0,"gold_loss":0.0,"damage_taken":0.0,"relics_obtained":["Gremlin Horn"],"cards_obtained":["Shame"]},{"damage_healed":0.0,"max_hp_gain":0.0,"max_hp_loss":0.0,"gold_gain":0.0,"event_name":"Masked Bandits","player_choice":"Fought Bandits","floor":29.0,"gold_loss":0.0,"damage_taken":0.0},{"damage_healed":0.0,"max_hp_gain":0.0,"max_hp_loss":0.0,"gold_gain":0.0,"event_name":"Lab","player_choice":"Got Potions","floor":39.0,"gold_loss":0.0,"damage_taken":0.0}],"is_beta":false,"boss_relics":[{"not_picked":["Runic Pyramid","Fusion Hammer"],"picked":"Velvet Choker"},{"not_picked":["Honey Jar","Kintsugi"],"picked":"Tiny House"}],"items_purged_floors":[],"is_endless":false,"potions_floor_spawned":[1,7,14,18,19,29,31,41],"killed_by":"Replay:Hell Engine","ascension_level":0}}