{"host":"0qlrtuw7bw78ucw4","time":1610718124,"event":{"mods":["BaseMod","Downfall","Minty Spire (QoL Compilation)","StSLib"],"gold_per_floor":[0,0,16,46,31,50,97,97,97,110,131,172,172,203,231,338,338,338,366,387,387,132,205,252,217,217,237,237,255,255,403,503,503,503,503],"floor_reached":33,"language":"ENG","playtime":4274,"items_purged":["hexamod:Defend","hexamod:Defend"],"score":330,"play_id":"047960d9-1ccd-453a-b95b-c387f857ca2b","local_time":"20210116004204","is_ascension_mode":true,"campfire_choices":[{"data":"hexamod:Float","floor":1,"key":"SMITH"},{"data":"hexamod:RainOfEmbers","floor":9,"key":"SMITH"},{"data":"hexamod:GhostShield","floor":13,"key":"SMITH"},{"data":"hexamod:GhostflameInferno","floor":18,"key":"SMITH"},{"data":"hexamod:TimeWarp","floor":26,"key":"SMITH"},{"data":"hexamod:SearingWound","floor":28,"key":"SMITH"},{"data":"hexamod:SuperheatedStrike","floor":30,"key":"SMITH"}],"circlet_count":0,"master_deck":["hexamod:Sear","hexamod:Float+1","hexamod:FirstSeal","hexamod:FastForward","hexamod:RainOfEmbers+1","hexamod:SecondSeal","hexamod:ThermalTransfer","hexamod:GhostShield+1","hexamod:ThirdSeal","hexamod:SuperheatedStrike+1","hexamod:RecurringNightmare","hexamod:TimeWarp+1","hexamod:GhostflameInferno+1","hexamod:SpectersWail+1","hexamod:GhostOfSpireFuture","hexamod:NightmareGuise+1","hexamod:GhostShield","hexamod:FastForward","hexamod:EmpoweredFlame","hexamod:ParanormalForm","hexamod:RadiantFlame","hexamod:SearingWound+1","hexamod:ShieldOfDarkness+1","hexamod:ParanormalForm","hexamod:FirstSeal"],"relics":["hexamod:SpiritBrand","hexamod:BolsterEngine","Happy Flower","Vajra","hexamod:CandleOfCauterizing","Philosopher\u0027s Stone","downfall:KnowingSkull","Bottled Flame","Matryoshka","Ancient Tea Set","Blood Vial","MutagenicStrength"],"acts_visited":["Exordium","TheCity"],"potions_floor_usage":[14,29,31,33,33],"damage_taken":[{"damage":0,"enemies":"Cultist","floor":3,"turns":3},{"damage":0,"enemies":"downfall:FleeingMerchant","floor":5,"turns":4},{"damage":0,"enemies":"Small Slimes","floor":6,"turns":3},{"damage":0,"enemies":"2 Louse","floor":10,"turns":3},{"damage":0,"enemies":"Large Slime","floor":11,"turns":3},{"damage":29,"enemies":"3 Sentries","floor":12,"turns":8},{"damage":3,"enemies":"Gremlin Nob","floor":14,"turns":3},{"damage":7,"enemies":"Exordium Thugs","floor":15,"turns":4},{"damage":19,"enemies":"downfall:Silent","floor":16,"turns":6},{"damage":3,"enemies":"Chosen","floor":19,"turns":3},{"damage":24,"enemies":"3 Byrds","floor":20,"turns":4},{"damage":6,"enemies":"downfall:FleeingMerchant","floor":22,"turns":4},{"damage":24,"enemies":"Slavers","floor":23,"turns":4},{"damage":6,"enemies":"downfall:FleeingMerchant","floor":25,"turns":4},{"damage":8,"enemies":"Snake Plant","floor":27,"turns":3},{"damage":2,"enemies":"3 Cultists","floor":29,"turns":4},{"damage":16,"enemies":"downfall:Augmenter","floor":31,"turns":5},{"damage":6,"enemies":"Snecko","floor":32,"turns":3},{"damage":29,"enemies":"downfall:Ironclad","floor":33,"turns":5}],"seed_played":"-8756079073445529585","potions_obtained":[{"floor":6,"key":"EssenceOfSteel"},{"floor":12,"key":"SteroidPotion"},{"floor":14,"key":"hexamod:EctoCoolerPotion"},{"floor":23,"key":"SkillPotion"},{"floor":29,"key":"Strength Potion"},{"floor":31,"key":"BlessingOfTheForge"}],"is_trial":false,"path_per_floor":["R","?","M","?","$","M","T","?","R","M","M","E","R","E","M","B",null,"R","M","M","?","$","E","T","$","R","M","R","M","R","?","M","B"],"character_chosen":"THE_SPIRIT","items_purchased":["Bottled Flame"],"campfire_rested":0,"item_purchase_floors":[22],"current_hp_per_floor":[70,70,70,70,70,70,70,70,70,70,70,48,48,52,52,40,70,70,70,53,46,47,30,30,33,33,27,27,38,38,24,27,0,0,0],"gold":503,"neow_bonus":"REMOVE_TWO","is_daily":false,"chose_seed":false,"campfire_upgraded":7,"win_rate":0.0,"timestamp":1610718124,"path_taken":["R","?","M","?","$","M","T","?","R","M","M","E","R","E","M","BOSS","R","M","M","?","$","E","T","?","R","M","R","?","R","?","M","BOSS"],"items_purchased_type":["Relic"],"build_version":"2020-12-22","purchased_purges":2,"victory":false,"max_hp_per_floor":[70,70,70,70,70,70,70,70,70,70,70,70,70,70,70,70,70,70,70,70,70,70,70,70,70,70,70,70,70,70,70,70,70,70,70],"card_choices":[{"not_picked":["hexamod:NightmareStrike","hexamod:NightmareGuise"],"picked":"hexamod:FirstSeal","floor":3},{"not_picked":["hexamod:InspiringFlames","hexamod:GhostLash"],"picked":"hexamod:FastForward","floor":5},{"not_picked":["hexamod:BacktrackSmack","hexamod:NecessarySacrifice"],"picked":"hexamod:RainOfEmbers","floor":6},{"not_picked":["hexamod:SpectralAdrenaline","hexamod:RetreatToShadows"],"picked":"hexamod:SecondSeal","floor":10},{"not_picked":["hexamod:RainOfEmbers","hexamod:GhostflameBarrier"],"picked":"hexamod:ThermalTransfer","floor":11},{"not_picked":["hexamod:InspiringFlames","hexamod:GhostOfSpirePast"],"picked":"hexamod:GhostShield","floor":12},{"not_picked":["hexamod:PowerFromBeyond","hexamod:SwordOfDarkness"],"picked":"hexamod:ThirdSeal","floor":14},{"not_picked":["hexamod:Hexaguard","hexamod:GhostflameBarrier"],"picked":"hexamod:SuperheatedStrike","floor":15},{"not_picked":["hexamod:Firestarter","hexamod:RainOfEmbers"],"picked":"hexamod:RecurringNightmare","floor":15},{"not_picked":["hexamod:EmpoweringStance","hexamod:UnleashSpirits"],"picked":"hexamod:TimeWarp","floor":16},{"not_picked":["hexamod:Toasty","hexamod:UnleashSpirits"],"picked":"hexamod:GhostflameInferno","floor":16},{"not_picked":["hexamod:FirstSeal","hexamod:ThermalTransfer"],"picked":"hexamod:SpectersWail+1","floor":19},{"not_picked":["hexamod:ShieldOfDarkness","hexamod:NightmareGuise"],"picked":"hexamod:GhostOfSpireFuture","floor":19},{"not_picked":["hexamod:SpectersWail","hexamod:Hexaguard"],"picked":"hexamod:NightmareGuise+1","floor":20},{"not_picked":["hexamod:ThirdSeal","hexamod:BurningTouch","hexamod:SecondSeal"],"picked":"SKIP","floor":20},{"not_picked":["hexamod:Hexaguard","hexamod:ThirdSeal"],"picked":"hexamod:GhostShield","floor":22},{"not_picked":["hexamod:StepThrough","hexamod:SecondSeal"],"picked":"hexamod:FastForward","floor":22},{"not_picked":["hexamod:SpectralAdrenaline","hexamod:FastForward+1"],"picked":"hexamod:EmpoweredFlame","floor":23},{"not_picked":["hexamod:SpectersWail","hexamod:SwordOfDarkness"],"picked":"hexamod:ParanormalForm","floor":23},{"not_picked":["hexamod:NightmareStrike","hexamod:Incineration"],"picked":"hexamod:RadiantFlame","floor":25},{"not_picked":["hexamod:RadiantFlame+1","hexamod:TurnItUp"],"picked":"hexamod:SearingWound","floor":25},{"not_picked":["hexamod:GhostShield+1","hexamod:HeatShield"],"picked":"hexamod:ShieldOfDarkness+1","floor":27},{"not_picked":["hexamod:NightmareGuise","hexamod:ShieldOfDarkness","hexamod:GhostShield+1"],"picked":"SKIP","floor":27},{"not_picked":["hexamod:HauntingEcho","hexamod:ChargedBarrage","hexamod:Incineration"],"picked":"SKIP","floor":29},{"not_picked":["hexamod:RecurringNightmare","hexamod:NightmareStrike","hexamod:PhantomCloak"],"picked":"SKIP","floor":29},{"not_picked":["hexamod:ShieldOfDarkness","hexamod:RetreatToShadows","hexamod:GhostOfSpirePresent"],"picked":"SKIP","floor":32},{"not_picked":["hexamod:SuperheatedStrike","hexamod:SpectralSpark","hexamod:Hexaguard+1"],"picked":"SKIP","floor":32}],"player_experience":831400,"relics_obtained":[{"floor":7,"key":"Happy Flower"},{"floor":12,"key":"Vajra"},{"floor":14,"key":"hexamod:CandleOfCauterizing"},{"floor":23,"key":"Matryoshka"},{"floor":24,"key":"Ancient Tea Set"},{"floor":24,"key":"Blood Vial"},{"floor":31,"key":"MutagenicStrength"}],"event_choices":[{"cards_removed":["hexamod:Strike"],"damage_healed":0,"gold_gain":0,"player_choice":"Card Removal","damage_taken":0,"max_hp_gain":0,"max_hp_loss":0,"event_name":"The Cleric","floor":2,"gold_loss":0}],"is_beta":false,"boss_relics":[{"not_picked":["Astrolabe","Pandora\u0027s Box"],"picked":"Philosopher\u0027s Stone"}],"items_purged_floors":[22,25],"is_endless":false,"potions_floor_spawned":[6,12,14,23,27,29,31],"killed_by":"downfall:Ironclad","ascension_level":4}}