{"host":"uflv0e3ja7hvnij7","time":1610714131,"event":{"mods":["BaseMod","Better Altar","Better Match","Better Note","Better Sensory Stone","Better Skull","Better Third Choice","Marisa????????","Minty Spire (QoL Compilation)","Permanent Neow","Replay The Spire","Shop Mod","StSLib"],"gold_per_floor":[114,114,60,135,155,183,203,203,203,215,215,231,231,251,251,353,353,367,378,288,299,177,177,194,225,225,225,225,237,84,95,95,195,195,206,206,217,0,15,15,33,67,67,84,84,113,124,170,170,170],"floor_reached":51,"language":"ENG","playtime":2719,"items_purged":["Defend_P"],"score":1213,"play_id":"489dae40-0f82-4d6d-9b65-64c659d41ef6","local_time":"20210115073531","is_ascension_mode":true,"campfire_choices":[{"data":"Eruption","floor":8,"key":"SMITH"},{"floor":13,"key":"REST"},{"data":"Replay:Hum","floor":32,"key":"SMITH"},{"data":"Eruption","floor":40,"key":"SMITH"},{"floor":45,"key":"REST"},{"floor":49,"key":"REST"}],"circlet_count":0,"master_deck":["Strike_P","Defend_P","Eruption+1","Vigilance+1","Dramatic Entrance+1","FearNoEvil","SandsOfTime+1","FlurryOfBlows","FlurryOfBlows","ClearTheMind+1","MentalFortress","FlurryOfBlows+1","Scrawl+1","FlurryOfBlows+1","Adaptation","Replay:Hum+1","EmptyMind","CarveReality","Vault","AscendersBane","Eruption+1","WindmillStrike","MentalFortress+1","Perseverance"],"relics":["HolyWater","Ring of Fury","ReplayTheSpireMod:Ring of Addiction","Chameleon Ring","Potion Belt","Replay:Bottled Eggs","Nunchaku","ReplayTheSpireMod:DimensionalGlitch","Replay:PocketPolymizer","Sundial","GremlinMask","Guide Book","Red Mask","Simple Rune","Gremlin Food","Blue Doll","Replay:Purple Gloves"],"acts_visited":["Exordium","TheCity","TheBeyond"],"potions_floor_usage":[7,10,12,16,19,21,24,25,25,29,31,33,33,35,41,42,47,48,50],"damage_taken":[{"damage":2,"enemies":"Jaw Worm","floor":1,"turns":2},{"damage":0,"enemies":"2 Louse","floor":5,"turns":2},{"damage":0,"enemies":"Lagavulin","floor":6,"turns":4},{"damage":0,"enemies":"Small Slimes","floor":7,"turns":2},{"damage":0,"enemies":"Blue Slaver","floor":10,"turns":3},{"damage":7,"enemies":"Looter","floor":12,"turns":2},{"damage":0,"enemies":"Large Slime","floor":14,"turns":2},{"damage":0,"enemies":"Slime Boss","floor":16,"turns":3},{"damage":0,"enemies":"2 Thieves","floor":18,"turns":1},{"damage":0,"enemies":"Chosen","floor":19,"turns":2},{"damage":0,"enemies":"3 Cultists","floor":21,"turns":1},{"damage":1,"enemies":"Chosen and Byrds","floor":24,"turns":2},{"damage":1,"enemies":"Slavers","floor":25,"turns":3},{"damage":1,"enemies":"Snake Plant","floor":29,"turns":2},{"damage":0,"enemies":"3 Cultists","floor":31,"turns":2},{"damage":12,"enemies":"Champ","floor":33,"turns":3},{"damage":10,"enemies":"3 Darklings","floor":35,"turns":4},{"damage":0,"enemies":"Orb Walker","floor":37,"turns":2},{"damage":0,"enemies":"3 Darklings","floor":39,"turns":2},{"damage":15,"enemies":"Transient","floor":41,"turns":6},{"damage":0,"enemies":"R_Hoarder","floor":42,"turns":4},{"damage":6,"enemies":"4 Shapes","floor":44,"turns":2},{"damage":0,"enemies":"Reptomancer","floor":46,"turns":3},{"damage":10,"enemies":"3 Darklings","floor":47,"turns":2},{"damage":20,"enemies":"2 Orb Walkers","floor":48,"turns":3},{"damage":20,"enemies":"Donu and Deca","floor":50,"turns":3}],"seed_played":"8944787755163260919","potions_obtained":[{"floor":2,"key":"Block Potion"},{"floor":2,"key":"SkillPotion"},{"floor":2,"key":"GamblersBrew"},{"floor":5,"key":"SkillPotion"},{"floor":6,"key":"ColorlessPotion"},{"floor":15,"key":"PowerPotion"},{"floor":15,"key":"Languid Potion"},{"floor":16,"key":"Strength Potion"},{"floor":21,"key":"Adrenaline Potion"},{"floor":23,"key":"GamblersBrew"},{"floor":23,"key":"Block Potion"},{"floor":28,"key":"SteroidPotion"},{"floor":28,"key":"Weak Potion"},{"floor":29,"key":"DuplicationPotion"},{"floor":31,"key":"Block Potion"},{"floor":33,"key":"FairyPotion"},{"floor":35,"key":"Strength Potion"},{"floor":37,"key":"SteroidPotion"},{"floor":42,"key":"Swift Potion"},{"floor":44,"key":"GamblersBrew"},{"floor":48,"key":"StancePotion"}],"is_trial":false,"path_per_floor":["M","?","$","?","M","E","M","R","T","M","?","M","R","M","R","B",null,"M","M","?","M","$","R","M","E","T","?","R","M","$","M","R","B",null,"M","?","M","?","M","R","M","E","T","M","R","E","M","?","R","B",null],"character_chosen":"WATCHER","items_purchased":["SandsOfTime+1","FlurryOfBlows","Guide Book"],"campfire_rested":3,"item_purchase_floors":[3,22,30],"current_hp_per_floor":[63,63,63,52,52,52,52,52,52,52,38,31,52,52,52,52,64,64,64,64,64,64,64,63,62,62,62,62,61,61,61,61,49,62,52,52,52,52,52,52,37,37,37,31,50,50,40,20,38,18],"gold":170,"neow_bonus":"RANDOM_COLORLESS","is_daily":false,"chose_seed":false,"campfire_upgraded":3,"win_rate":0.0,"timestamp":1610714131,"path_taken":["M","?","$","?","M","E","M","R","T","M","?","M","R","M","R","BOSS","M","M","?","M","$","R","M","E","T","?","R","M","$","M","R","BOSS","M","?","M","?","M","R","M","E","T","M","R","E","M","?","R","BOSS"],"items_purchased_type":["Card","Card","Relic"],"build_version":"2020-12-22","purchased_purges":1,"victory":true,"max_hp_per_floor":[72,72,72,72,72,70,70,70,70,70,70,70,70,70,70,68,68,68,68,68,68,68,68,68,68,68,68,68,66,66,66,66,66,66,66,66,66,66,64,64,64,64,64,64,64,62,62,62,62,62],"card_choices":[{"not_picked":["Forethought","Impatience"],"picked":"Dramatic Entrance","floor":0},{"not_picked":["JustLucky","Halt"],"picked":"FearNoEvil","floor":1},{"not_picked":["Protect","EmptyBody","ThirdEye"],"picked":"SKIP","floor":5},{"not_picked":["Replay:Vibes","Study"],"picked":"FlurryOfBlows","floor":6},{"not_picked":["Prostrate","Replay:BluntJabs"],"picked":"FlurryOfBlows","floor":7},{"not_picked":["Worship","Evaluate"],"picked":"ClearTheMind","floor":10},{"not_picked":["CrushJoints","ForeignInfluence"],"picked":"MentalFortress","floor":12},{"not_picked":["Establishment","ThirdEye"],"picked":"FlurryOfBlows","floor":14},{"not_picked":["Omniscience","Replay:LoomingThreat"],"picked":"Scrawl","floor":16},{"not_picked":["Protect","Consecrate+1","CrushJoints"],"picked":"SKIP","floor":18},{"not_picked":["PathToVictory","Evaluate","CrushJoints"],"picked":"SKIP","floor":19},{"not_picked":["PathToVictory","Nirvana+1","JustLucky"],"picked":"SKIP","floor":21},{"not_picked":["EmptyBody+1","BowlingBash"],"picked":"Adaptation","floor":24},{"not_picked":["BattleHymn","Halt","CutThroughFate"],"picked":"SKIP","floor":25},{"not_picked":["SashWhip+1","DevaForm"],"picked":"EmptyMind","floor":29},{"not_picked":["Replay:BluntJabs","Wallop","DeceiveReality"],"picked":"SKIP","floor":31},{"not_picked":["Wish","ConjureBlade"],"picked":"Vault","floor":33},{"not_picked":["Replay:Vibes+1","Replay:Cycle","LikeWater"],"picked":"SKIP","floor":35},{"not_picked":["Replay:AtTheReady+1","CarveReality","Halt+1"],"picked":"SKIP","floor":37},{"not_picked":["Prostrate+1","PathToVictory","ClearTheMind"],"picked":"SKIP","floor":39},{"not_picked":["Replay:Anticipation+1","Replay:AtTheReady+1","Halt"],"picked":"SKIP","floor":41},{"not_picked":["Establishment","Protect+1","Prostrate"],"picked":"SKIP","floor":42},{"not_picked":["JustLucky+1","Wireheading","Replay:Anticipation+1"],"picked":"SKIP","floor":44},{"not_picked":["Replay:Vibes","Replay:ManipulateFuture+1","Study"],"picked":"SKIP","floor":46},{"not_picked":["EmptyFist+1","Omniscience"],"picked":"MentalFortress+1","floor":47}],"player_experience":577927,"relics_obtained":[{"floor":2,"key":"Ring of Fury"},{"floor":2,"key":"ReplayTheSpireMod:Ring of Addiction"},{"floor":2,"key":"Chameleon Ring"},{"floor":2,"key":"Potion Belt"},{"floor":6,"key":"Replay:Bottled Eggs"},{"floor":9,"key":"Nunchaku"},{"floor":25,"key":"Replay:PocketPolymizer"},{"floor":26,"key":"Sundial"},{"floor":42,"key":"Simple Rune"},{"floor":43,"key":"Gremlin Food"},{"floor":46,"key":"Blue Doll"},{"floor":48,"key":"Replay:Purple Gloves"}],"event_choices":[{"damage_healed":0,"gold_gain":75,"player_choice":"Gold","damage_taken":11,"max_hp_gain":0,"max_hp_loss":0,"event_name":"betterThird:BetterGoop","floor":4,"gold_loss":0},{"damage_healed":52,"gold_gain":0,"player_choice":"Upgrade","damage_taken":14,"max_hp_gain":0,"max_hp_loss":70,"event_name":"betterThird:BetterShining","floor":11,"gold_loss":0,"cards_upgraded":["Strike_P","ClearTheMind"]},{"cards_removed":["Strike_P"],"damage_healed":0,"gold_gain":0,"player_choice":"Upgrade and Remove","damage_taken":0,"max_hp_gain":0,"max_hp_loss":0,"event_name":"Designer","floor":20,"gold_loss":90,"cards_upgraded":["Vigilance"]},{"damage_healed":0,"gold_gain":0,"player_choice":"Trade","damage_taken":0,"relics_obtained":["GremlinMask"],"max_hp_gain":0,"max_hp_loss":0,"event_name":"FaceTrader","floor":27,"gold_loss":0},{"damage_healed":0,"gold_gain":3,"player_choice":"3","damage_taken":0,"max_hp_gain":0,"max_hp_loss":0,"event_name":"betterStone:BetterStone","floor":36,"gold_loss":0,"cards_obtained":["Eruption"]},{"damage_healed":0,"gold_gain":0,"player_choice":"Paid","damage_taken":0,"relics_obtained":["Red Mask"],"max_hp_gain":0,"max_hp_loss":0,"event_name":"Tomb of Lord Red Mask","floor":38,"gold_loss":217},{"damage_healed":0,"gold_gain":0,"player_choice":"Fight","damage_taken":0,"max_hp_gain":0,"max_hp_loss":0,"event_name":"Mysterious Sphere","floor":48,"gold_loss":0}],"is_beta":false,"boss_relics":[{"not_picked":["Philosopher\u0027s Stone","Astrolabe"],"picked":"ReplayTheSpireMod:DimensionalGlitch"},{"not_picked":["Pandora\u0027s Box","Sozu"],"picked":"HolyWater"}],"items_purged_floors":[22],"is_endless":false,"potions_floor_spawned":[5,6,16,21,29,31,33,35,37,42,44,48],"ascension_level":8}}